None,ticker,dimension,calendardate,datekey,reportperiod,lastupdated,accoci,assets,assetsavg,assetsc,assetsnc,assetturnover,bvps,capex,cashneq,cashnequsd,cor,consolinc,currentratio,de,debt,debtc,debtnc,debtusd,deferredrev,depamor,deposits,divyield,dps,ebit,ebitda,ebitdamargin,ebitdausd,ebitusd,ebt,eps,epsdil,epsusd,equity,equityavg,equityusd,ev,evebit,evebitda,fcf,fcfps,fxusd,gp,grossmargin,intangibles,intexp,invcap,invcapavg,inventory,investments,investmentsc,investmentsnc,liabilities,liabilitiesc,liabilitiesnc,marketcap,ncf,ncfbus,ncfcommon,ncfdebt,ncfdiv,ncff,ncfi,ncfinv,ncfo,ncfx,netinc,netinccmn,netinccmnusd,netincdis,netincnci,netmargin,opex,opinc,payables,payoutratio,pb,pe,pe1,ppnenet,prefdivis,price,ps,ps1,receivables,retearn,revenue,revenueusd,rnd,roa,roe,roic,ros,sbcomp,sgna,sharefactor,sharesbas,shareswa,shareswadil,sps,tangibles,taxassets,taxexp,taxliabilities,tbvps,workingcapital
0,HSH,MRY,2014-12-31,2014-06-28,2014-06-28,2021-08-25,-149000000.0,2708000000.0,2538000000.0,1083000000.0,1625000000.0,1.61,5.194,-153000000.0,236000000.0,236000000.0,2920000000.0,213000000.0,1.339,3.251,944000000.0,105000000.0,839000000.0,944000000.0,0.0,155000000.0,0.0,0.011,0.7,316000000.0,471000000.0,0.115,471000000.0,316000000.0,268000000.0,1.73,1.72,1.73,637000000.0,574250000.0,637000000.0,8327197824.0,26.0,17.68,98000000.0,0.799,1.0,1165000000.0,0.285,692000000.0,48000000.0,1915000000.0,1972000000.0,330000000.0,87000000.0,87000000.0,0.0,2071000000.0,809000000.0,1262000000.0,7604197824.0,-164000000.0,-199000000.0,7000000.0,-20000000.0,-80000000.0,-80000000.0,-335000000.0,-33000000.0,251000000.0,0.0,213000000.0,213000000.0,213000000.0,0.0,0.0,0.052,859000000.0,306000000.0,365000000.0,0.405,11.938,35.7,35.838,839000000.0,0.0,62.0,1.861,1.861,232000000.0,607000000.0,4085000000.0,4085000000.0,0.0,0.084,0.371,0.16,0.077,0.0,845000000.0,1.0,122648352.0,122648352.0,,33.307,2016000000.0,188000000.0,55000000.0,0.0,16.437,274000000.0
1,HSH,MRY,2013-12-31,2013-06-29,2013-06-29,2021-08-25,-141000000.0,2434000000.0,2459750000.0,1106000000.0,1328000000.0,1.594,3.933,-140000000.0,400000000.0,400000000.0,2758000000.0,252000000.0,1.648,4.029,951000000.0,19000000.0,932000000.0,951000000.0,0.0,166000000.0,0.0,0.015,0.5,372000000.0,538000000.0,0.137,538000000.0,372000000.0,324000000.0,2.05,2.04,2.05,484000000.0,396000000.0,484000000.0,4604264532.0,12.0,8.558,113000000.0,0.918,1.0,1162000000.0,0.296,469000000.0,48000000.0,1845000000.0,1881750000.0,313000000.0,0.0,0.0,0.0,1950000000.0,671000000.0,1279000000.0,4071264532.0,165000000.0,99000000.0,47000000.0,-46000000.0,-46000000.0,-45000000.0,-41000000.0,0.0,253000000.0,-2000000.0,252000000.0,252000000.0,252000000.0,0.0,0.0,0.064,865000000.0,297000000.0,295000000.0,0.244,8.412,16.156,16.137,818000000.0,0.0,33.08,1.039,1.039,219000000.0,477000000.0,3920000000.0,3920000000.0,0.0,0.102,0.636,0.198,0.095,0.0,855000000.0,1.0,123073293.0,123073293.0,,31.851,1965000000.0,109000000.0,72000000.0,0.0,15.966,435000000.0
2,HSH,MRY,2012-12-31,2012-06-30,2012-06-30,2021-08-25,-144000000.0,2450000000.0,6865500000.0,1002000000.0,1448000000.0,0.577,1.98,-502000000.0,235000000.0,235000000.0,2857000000.0,848000000.0,1.203,9.426,944000000.0,5000000.0,939000000.0,944000000.0,0.0,312000000.0,0.0,0.032,0.92,907000000.0,1219000000.0,0.308,1219000000.0,907000000.0,830000000.0,7.13,7.13,7.13,235000000.0,1497750000.0,235000000.0,2911767631.0,3.0,2.389,-253000000.0,-2.132,1.0,1101000000.0,0.278,480000000.0,77000000.0,1846000000.0,3487500000.0,288000000.0,0.0,0.0,0.0,2215000000.0,833000000.0,1382000000.0,3440767631.0,-1831000000.0,-50000000.0,84000000.0,-1164000000.0,-271000000.0,-1346000000.0,-521000000.0,31000000.0,249000000.0,-213000000.0,845000000.0,845000000.0,845000000.0,0.0,3000000.0,0.213,1025000000.0,76000000.0,359000000.0,0.129,14.642,4.072,4.066,847000000.0,0.0,28.99,0.869,0.869,248000000.0,295000000.0,3958000000.0,3958000000.0,0.0,0.123,0.564,0.26,0.229,0.0,930000000.0,1.0,118688087.0,118688087.0,,33.348,1970000000.0,202000000.0,-15000000.0,0.0,16.598,169000000.0
3,HSH,MRY,2011-12-31,2011-07-02,2011-07-02,2021-08-25,-265000000.0,9482000000.0,9497500000.0,4485000000.0,4997000000.0,0.409,15.929,-355000000.0,74000000.0,74000000.0,2721000000.0,1272000000.0,1.091,4.071,2109000000.0,199000000.0,1910000000.0,2109000000.0,0.0,386000000.0,0.0,0.019,1.84,1382000000.0,1768000000.0,0.455,1768000000.0,1382000000.0,1290000000.0,10.16,10.11,10.16,1864000000.0,1733500000.0,1864000000.0,12171145930.0,9.0,6.884,92000000.0,0.786,1.0,1163000000.0,0.299,506000000.0,92000000.0,6900000000.0,5956000000.0,287000000.0,0.0,0.0,0.0,7589000000.0,4111000000.0,3478000000.0,11304145930.0,1111000000.0,2403000000.0,-1261000000.0,-205000000.0,-285000000.0,-1751000000.0,2129000000.0,81000000.0,447000000.0,286000000.0,1263000000.0,1263000000.0,1263000000.0,0.0,9000000.0,0.325,936000000.0,227000000.0,455000000.0,0.181,6.064,8.95,9.508,858000000.0,0.0,96.6,2.91,2.91,295000000.0,2161000000.0,3884000000.0,3884000000.0,0.0,0.133,0.729,0.232,0.356,0.0,883000000.0,1.0,117020144.0,117020144.0,,33.191,8976000000.0,163000000.0,27000000.0,452000000.0,76.705,374000000.0
4,HSH,MRY,2010-12-31,2010-07-03,2010-07-03,2021-08-25,-912000000.0,8836000000.0,9478500000.0,3780000000.0,5056000000.0,0.419,11.244,-385000000.0,955000000.0,955000000.0,2733000000.0,539000000.0,1.463,4.923,2676000000.0,49000000.0,2627000000.0,2676000000.0,0.0,461000000.0,0.0,0.031,2.2,574000000.0,1035000000.0,0.261,1035000000.0,574000000.0,454000000.0,3.77,3.75,3.77,1487000000.0,2130250000.0,1487000000.0,11086164894.0,19.0,10.711,567000000.0,4.287,1.0,1239000000.0,0.312,960000000.0,120000000.0,7013000000.0,6829250000.0,695000000.0,0.0,0.0,0.0,7321000000.0,2584000000.0,4737000000.0,9251164894.0,-4000000.0,359000000.0,-487000000.0,-6000000.0,-308000000.0,-801000000.0,-52000000.0,-26000000.0,952000000.0,-103000000.0,518000000.0,518000000.0,518000000.0,0.0,21000000.0,0.13,1060000000.0,179000000.0,896000000.0,0.584,6.221,17.859,18.554,1598000000.0,0.0,69.95,2.329,2.329,1035000000.0,2472000000.0,3972000000.0,3972000000.0,0.0,0.055,0.243,0.084,0.145,0.0,1027000000.0,1.0,132253966.0,132253966.0,,30.033,7876000000.0,466000000.0,-64000000.0,500000000.0,59.552,1196000000.0
5,HSH,MRY,2009-12-31,2009-06-27,2009-06-27,2021-08-25,-605000000.0,9419000000.0,9569500000.0,3830000000.0,5589000000.0,0.874,14.634,-379000000.0,951000000.0,951000000.0,5614000000.0,380000000.0,1.346,3.61,2804000000.0,66000000.0,2738000000.0,2804000000.0,0.0,497000000.0,0.0,0.046,2.2,639000000.0,1136000000.0,0.136,1136000000.0,639000000.0,478000000.0,2.6,2.6,2.6,2036000000.0,2303750000.0,2036000000.0,8958139558.0,14.0,7.886,521000000.0,3.745,1.0,2752000000.0,0.329,1882000000.0,161000000.0,6544000000.0,5813500000.0,766000000.0,0.0,0.0,0.0,7349000000.0,2846000000.0,4503000000.0,6664139558.0,-325000000.0,231000000.0,-102000000.0,-363000000.0,-302000000.0,-767000000.0,-286000000.0,-138000000.0,900000000.0,-172000000.0,364000000.0,364000000.0,364000000.0,0.0,16000000.0,0.044,2334000000.0,418000000.0,1004000000.0,0.846,3.273,18.308,18.423,2200000000.0,0.0,47.9,0.797,0.797,1272000000.0,2721000000.0,8366000000.0,8366000000.0,0.0,0.038,0.158,0.11,0.076,0.0,2072000000.0,1.0,139126087.0,139126087.0,,60.133,7537000000.0,511000000.0,114000000.0,128000000.0,54.174,984000000.0
6,HSH,MRY,2008-12-31,2008-06-28,2008-06-28,2021-08-25,149000000.0,10830000000.0,11575500000.0,4467000000.0,6363000000.0,0.946,19.765,-515000000.0,1284000000.0,1284000000.0,7008000000.0,-64000000.0,1.176,2.872,3188000000.0,848000000.0,2340000000.0,3188000000.0,0.0,525000000.0,0.0,0.034,2.1,226000000.0,751000000.0,0.069,751000000.0,226000000.0,41000000.0,-0.55,-0.55,-0.55,2792000000.0,3031250000.0,2792000000.0,10709820478.0,47.0,14.261,91000000.0,0.644,1.0,3941000000.0,0.36,3244000000.0,185000000.0,5691000000.0,6054500000.0,1220000000.0,0.0,0.0,0.0,8019000000.0,3799000000.0,4220000000.0,8602820478.0,-1236000000.0,223000000.0,-310000000.0,-1205000000.0,-296000000.0,-1811000000.0,-196000000.0,96000000.0,606000000.0,165000000.0,-79000000.0,-79000000.0,-79000000.0,0.0,15000000.0,-0.007,3992000000.0,-51000000.0,1258000000.0,-3.818,3.081,-108.896,-110.727,2519000000.0,0.0,60.9,0.786,0.786,1491000000.0,2760000000.0,10949000000.0,10949000000.0,0.0,-0.007,-0.026,0.037,0.021,0.0,3232000000.0,1.0,141261420.0,141261420.0,,77.509,7586000000.0,406000000.0,120000000.0,180000000.0,53.702,668000000.0
7,HSH,MRY,2007-12-31,2007-06-30,2007-06-30,2021-08-25,-754000000.0,11755000000.0,11662000000.0,5208000000.0,6547000000.0,1.028,17.214,-631000000.0,2517000000.0,2517000000.0,7370000000.0,504000000.0,1.187,3.643,4220000000.0,1450000000.0,2770000000.0,4220000000.0,0.0,539000000.0,0.0,0.029,2.5,754000000.0,1293000000.0,0.108,1293000000.0,754000000.0,493000000.0,3.4,3.4,3.4,2529000000.0,2594750000.0,2529000000.0,14811711940.0,20.0,11.455,-139000000.0,-0.946,1.0,4613000000.0,0.385,3700000000.0,261000000.0,5370000000.0,5319500000.0,1040000000.0,0.0,0.0,0.0,9212000000.0,4388000000.0,4824000000.0,12781711940.0,275000000.0,536000000.0,-648000000.0,759000000.0,-374000000.0,-913000000.0,568000000.0,663000000.0,492000000.0,128000000.0,504000000.0,504000000.0,504000000.0,-64000000.0,0.0,0.042,4051000000.0,562000000.0,1127000000.0,0.735,5.054,25.361,25.588,2393000000.0,0.0,87.0,1.067,1.067,1277000000.0,3413000000.0,11983000000.0,11983000000.0,0.0,0.043,0.194,0.142,0.063,0.0,3905000000.0,1.0,146916229.0,146916229.0,,81.563,8055000000.0,170000000.0,-11000000.0,277000000.0,54.827,820000000.0
8,HSH,MRY,2006-12-31,2006-07-01,2006-07-01,2021-08-25,-1339000000.0,14660000000.0,14993500000.0,6857000000.0,7803000000.0,0.745,15.695,-625000000.0,2231000000.0,2231000000.0,6857000000.0,555000000.0,1.078,5.118,5948000000.0,2142000000.0,3806000000.0,5948000000.0,0.0,701000000.0,0.0,0.037,2.95,1015000000.0,1716000000.0,0.154,1716000000.0,1015000000.0,713000000.0,3.6,3.6,3.6,2386000000.0,2433250000.0,2386000000.0,16125371271.0,16.0,9.397,640000000.0,4.21,1.0,4318000000.0,0.386,3823000000.0,302000000.0,8193000000.0,8250750000.0,919000000.0,0.0,0.0,0.0,12211000000.0,6361000000.0,5850000000.0,12177371271.0,1675000000.0,990000000.0,-534000000.0,1098000000.0,-605000000.0,-41000000.0,365000000.0,0.0,1265000000.0,86000000.0,555000000.0,555000000.0,555000000.0,-524000000.0,0.0,0.05,3902000000.0,416000000.0,1022000000.0,0.819,5.104,21.941,22.25,2319000000.0,0.0,80.1,1.09,1.09,1216000000.0,3855000000.0,11175000000.0,11175000000.0,0.0,0.037,0.228,0.123,0.091,0.0,3737000000.0,1.0,152027107.0,152027107.0,,73.507,10837000000.0,0.0,158000000.0,436000000.0,71.283,496000000.0
9,HSH,MRY,2005-12-31,2005-07-02,2005-07-02,2021-08-25,-1561000000.0,14300000000.0,14782750000.0,5943000000.0,8357000000.0,0.768,16.963,-538000000.0,533000000.0,533000000.0,6795000000.0,719000000.0,1.186,4.331,4731000000.0,619000000.0,4112000000.0,4731000000.0,0.0,751000000.0,0.0,0.04,3.95,1135000000.0,1886000000.0,0.166,1886000000.0,1135000000.0,850000000.0,4.55,4.5,4.55,2671000000.0,3201000000.0,2671000000.0,19675349835.0,17.0,10.432,811000000.0,5.151,1.0,4551000000.0,0.401,4413000000.0,285000000.0,9072000000.0,9034250000.0,2151000000.0,0.0,0.0,0.0,11568000000.0,5013000000.0,6555000000.0,15470349835.0,-105000000.0,305000000.0,-235000000.0,-516000000.0,-464000000.0,-1215000000.0,-232000000.0,0.0,1349000000.0,-7000000.0,719000000.0,719000000.0,719000000.0,-104000000.0,0.0,0.063,3605000000.0,946000000.0,1115000000.0,0.868,5.792,21.516,21.593,2836000000.0,0.0,98.25,1.364,1.364,1677000000.0,4361000000.0,11346000000.0,11346000000.0,0.0,0.049,0.225,0.126,0.1,0.0,3679000000.0,1.0,157459031.0,157459031.0,,72.057,9887000000.0,53000000.0,131000000.0,229000000.0,62.791,930000000.0
10,HSH,MRY,2004-12-31,2004-07-03,2004-07-03,2021-08-25,-1394000000.0,14879000000.0,14747250000.0,5736000000.0,9143000000.0,1.078,18.416,-530000000.0,655000000.0,655000000.0,9684000000.0,1272000000.0,1.06,4.086,5325000000.0,1154000000.0,4171000000.0,5325000000.0,0.0,734000000.0,0.0,0.032,3.75,1786000000.0,2520000000.0,0.159,2520000000.0,1786000000.0,1516000000.0,8.05,7.95,8.05,2911000000.0,2419000000.0,2911000000.0,23373078517.0,13.0,9.275,1512000000.0,9.566,1.0,6208000000.0,0.391,5331000000.0,270000000.0,8808000000.0,8956000000.0,2728000000.0,0.0,0.0,0.0,11894000000.0,5410000000.0,6484000000.0,18312078517.0,-338000000.0,346000000.0,-211000000.0,-1306000000.0,-714000000.0,-2231000000.0,-184000000.0,0.0,2042000000.0,35000000.0,1272000000.0,1272000000.0,1272000000.0,-221000000.0,0.0,0.08,4723000000.0,1485000000.0,1293000000.0,0.466,6.291,14.396,14.391,3236000000.0,0.0,115.85,1.152,1.152,1848000000.0,4437000000.0,15892000000.0,15892000000.0,0.0,0.086,0.526,0.199,0.112,0.0,4811000000.0,1.0,158067143.0,158067143.0,,100.54,9548000000.0,281000000.0,244000000.0,366000000.0,60.405,326000000.0
11,HSH,MRY,2003-12-31,2003-06-28,2003-06-28,2021-08-25,-1734000000.0,15496000000.0,14295500000.0,5912000000.0,9584000000.0,1.251,11.111,-746000000.0,1004000000.0,1004000000.0,10931000000.0,1221000000.0,1.144,7.767,6301000000.0,1144000000.0,5157000000.0,6301000000.0,0.0,661000000.0,0.0,0.033,3.075,1744000000.0,2405000000.0,0.134,2405000000.0,1744000000.0,1468000000.0,7.75,7.5,7.75,1727000000.0,1993000000.0,1727000000.0,19679533829.0,11.0,8.183,1078000000.0,6.936,1.0,6957000000.0,0.389,5389000000.0,276000000.0,10235000000.0,8728000000.0,2652000000.0,0.0,0.0,0.0,13413000000.0,5169000000.0,8244000000.0,14330533829.0,680000000.0,71000000.0,-207000000.0,419000000.0,-497000000.0,-535000000.0,-674000000.0,0.0,1824000000.0,65000000.0,1221000000.0,1221000000.0,1221000000.0,-34000000.0,0.0,0.068,5323000000.0,1634000000.0,1314000000.0,0.397,8.298,11.737,11.897,3312000000.0,0.0,92.2,0.801,0.801,1787000000.0,3787000000.0,17888000000.0,17888000000.0,0.0,0.085,0.613,0.2,0.097,0.0,5334000000.0,1.0,155428783.0,155428783.0,,115.088,10107000000.0,453000000.0,247000000.0,133000000.0,65.027,743000000.0
12,HSH,MRY,2002-12-31,2002-06-29,2002-06-29,2021-08-25,-1470000000.0,13694000000.0,13714750000.0,4923000000.0,8771000000.0,1.285,7.075,-669000000.0,298000000.0,298000000.0,10822000000.0,1010000000.0,0.912,10.768,5559000000.0,1202000000.0,4357000000.0,5559000000.0,0.0,582000000.0,0.0,0.029,2.975,1489000000.0,2071000000.0,0.117,2071000000.0,1489000000.0,1185000000.0,6.35,6.15,6.35,1110000000.0,1296000000.0,1110000000.0,21579972218.0,14.0,10.42,1066000000.0,6.794,1.0,6806000000.0,0.386,5420000000.0,304000000.0,8135000000.0,8355500000.0,2509000000.0,0.0,0.0,0.0,11952000000.0,5400000000.0,6552000000.0,16191972218.0,-250000000.0,-1794000000.0,-29000000.0,983000000.0,-484000000.0,470000000.0,-2475000000.0,0.0,1735000000.0,20000000.0,1010000000.0,1010000000.0,1010000000.0,0.0,0.0,0.057,5413000000.0,1393000000.0,1359000000.0,0.469,14.587,16.032,16.252,3155000000.0,0.0,103.2,0.919,0.919,1768000000.0,3168000000.0,17628000000.0,17628000000.0,0.0,0.074,0.779,0.178,0.084,0.0,5236000000.0,1.0,156898956.0,156898956.0,,112.353,8274000000.0,4000000.0,175000000.0,224000000.0,52.735,-477000000.0
13,HSH,MRY,2001-12-31,2001-06-30,2001-06-30,2021-08-25,-1521000000.0,10167000000.0,11101500000.0,5083000000.0,5084000000.0,1.498,3.001,-532000000.0,548000000.0,548000000.0,10443000000.0,2266000000.0,1.025,18.199,3221000000.0,581000000.0,2640000000.0,3221000000.0,0.0,599000000.0,0.0,0.03,2.85,2784000000.0,3383000000.0,0.203,3383000000.0,2784000000.0,2514000000.0,13.75,13.25,13.75,497000000.0,1155750000.0,497000000.0,18773296748.0,7.0,5.549,964000000.0,5.822,1.0,6189000000.0,0.372,2674000000.0,270000000.0,5208000000.0,6130250000.0,2582000000.0,0.0,0.0,0.0,9045000000.0,4958000000.0,4087000000.0,15681296748.0,234000000.0,1584000000.0,-539000000.0,-1281000000.0,-486000000.0,-2306000000.0,1065000000.0,0.0,1496000000.0,-21000000.0,2266000000.0,2266000000.0,2266000000.0,-663000000.0,0.0,0.136,4158000000.0,2031000000.0,1505000000.0,0.207,31.552,6.92,6.887,2146000000.0,0.0,94.7,0.943,0.943,1538000000.0,2635000000.0,16632000000.0,16632000000.0,0.0,0.204,1.961,0.454,0.167,0.0,4597000000.0,1.0,165589195.0,165589195.0,,100.441,7493000000.0,0.0,248000000.0,751000000.0,45.251,125000000.0
14,HSH,MRY,2000-12-31,2000-07-01,2000-07-01,2021-08-25,-1146000000.0,11611000000.0,11345750000.0,5974000000.0,5637000000.0,1.45,3.553,-647000000.0,314000000.0,314000000.0,10124000000.0,1222000000.0,0.884,16.791,4683000000.0,2435000000.0,2248000000.0,4683000000.0,0.0,602000000.0,0.0,0.027,2.65,1883000000.0,2485000000.0,0.151,2485000000.0,1883000000.0,1631000000.0,6.9,6.7,6.9,618000000.0,1311500000.0,618000000.0,20694517998.0,11.0,8.328,893000000.0,5.135,1.0,6330000000.0,0.385,2853000000.0,252000000.0,6368000000.0,5684250000.0,2951000000.0,0.0,0.0,0.0,10377000000.0,6759000000.0,3618000000.0,16793517998.0,35000000.0,-658000000.0,-948000000.0,1245000000.0,-485000000.0,-188000000.0,-1296000000.0,0.0,1540000000.0,-21000000.0,1222000000.0,1222000000.0,1222000000.0,-64000000.0,0.0,0.074,4587000000.0,1743000000.0,1762000000.0,0.384,27.174,13.743,13.995,2319000000.0,0.0,96.562,1.021,1.021,1764000000.0,2393000000.0,16454000000.0,16454000000.0,0.0,0.108,0.932,0.331,0.114,0.0,4587000000.0,1.0,173913455.0,173913455.0,,94.61,8758000000.0,0.0,409000000.0,307000000.0,50.358,-785000000.0
15,HSH,MRY,1999-12-31,1999-07-03,1999-07-03,2021-08-25,-1006000000.0,10292000000.0,10748250000.0,5034000000.0,5258000000.0,1.607,3.616,-535000000.0,279000000.0,279000000.0,9879000000.0,1191000000.0,0.881,13.822,3344000000.0,1452000000.0,1892000000.0,3344000000.0,0.0,533000000.0,0.0,0.022,2.45,1867000000.0,2400000000.0,0.139,2400000000.0,1867000000.0,1630000000.0,6.55,6.3,6.55,653000000.0,1568500000.0,653000000.0,23344311070.0,13.0,9.727,1068000000.0,5.914,1.0,7391000000.0,0.428,2908000000.0,237000000.0,4733000000.0,4528500000.0,2535000000.0,0.0,0.0,0.0,9026000000.0,5716000000.0,3310000000.0,20328311070.0,6000000.0,336000000.0,-1168000000.0,187000000.0,-464000000.0,-1395000000.0,-192000000.0,0.0,1603000000.0,-10000000.0,1191000000.0,1191000000.0,1191000000.0,-60000000.0,0.0,0.069,5817000000.0,1574000000.0,1645000000.0,0.374,31.131,17.068,17.176,2024000000.0,0.0,112.5,1.177,1.176,1611000000.0,1760000000.0,17270000000.0,17270000000.0,0.0,0.111,0.759,0.412,0.108,0.0,5741000000.0,1.0,180696098.0,180600000.0,188800000.0,95.626,7384000000.0,0.0,439000000.0,205000000.0,40.886,-682000000.0
16,HSH,MRY,1998-12-31,1998-06-27,1998-06-27,2021-08-25,-784000000.0,10784000000.0,11868500000.0,5297000000.0,5487000000.0,1.468,6.688,-334000000.0,273000000.0,273000000.0,10128000000.0,-523000000.0,0.96,7.14,3061000000.0,791000000.0,2270000000.0,3061000000.0,0.0,595000000.0,0.0,0.016,2.25,-255000000.0,340000000.0,0.02,340000000.0,-255000000.0,-479000000.0,-2.85,-2.85,-2.85,1256000000.0,2506500000.0,1256000000.0,29775614003.0,-117.0,87.575,1601000000.0,8.525,1.0,7298000000.0,0.419,3543000000.0,224000000.0,4513000000.0,5179500000.0,2779000000.0,0.0,0.0,0.0,8968000000.0,5516000000.0,3452000000.0,26448614003.0,1000000.0,58000000.0,-1414000000.0,411000000.0,-447000000.0,-1650000000.0,-275000000.0,0.0,1935000000.0,-9000000.0,-523000000.0,-523000000.0,-523000000.0,-52000000.0,0.0,-0.03,7653000000.0,-355000000.0,1854000000.0,-0.789,21.058,-50.571,-49.671,1944000000.0,0.0,141.562,1.518,1.526,1676000000.0,2036000000.0,17426000000.0,17426000000.0,0.0,-0.044,-0.209,-0.049,-0.015,0.0,5615000000.0,1.0,186833476.0,187800000.0,187800000.0,92.79,7241000000.0,0.0,44000000.0,413000000.0,38.557,-219000000.0
17,HSH,MRY,1997-12-31,1997-06-28,1997-06-28,2021-08-25,-618000000.0,12953000000.0,12777500000.0,5391000000.0,7562000000.0,1.544,19.588,-488000000.0,272000000.0,272000000.0,12267000000.0,1009000000.0,1.075,2.308,2664000000.0,731000000.0,1933000000.0,2664000000.0,0.0,680000000.0,0.0,0.017,1.794,1686000000.0,2366000000.0,0.12,2366000000.0,1686000000.0,1484000000.0,5.1,4.95,5.1,3757000000.0,3777000000.0,3757000000.0,,,,1064000000.0,5.547,1.0,7467000000.0,0.378,4483000000.0,202000000.0,5846000000.0,5672500000.0,2973000000.0,0.0,0.0,0.0,8673000000.0,5016000000.0,3657000000.0,,29000000.0,-560000000.0,-300000000.0,362000000.0,-430000000.0,-468000000.0,-1042000000.0,0.0,1552000000.0,-13000000.0,1009000000.0,983000000.0,983000000.0,0.0,0.0,0.05,5824000000.0,1643000000.0,1703000000.0,0.352,,,20.619,3079000000.0,26000000.0,105.156,,1.022,0.0,4274000000.0,19734000000.0,19734000000.0,0.0,0.077,0.26,0.297,0.085,0.0,5824000000.0,1.0,,191800000.0,200800000.0,102.888,8470000000.0,0.0,475000000.0,724000000.0,44.161,375000000.0
18,HSH,MRY,1996-12-31,1996-06-29,1996-06-29,2021-08-25,-227000000.0,12602000000.0,,5081000000.0,7521000000.0,,,-493000000.0,243000000.0,243000000.0,,,1.095,2.181,2296000000.0,454000000.0,1842000000.0,2296000000.0,0.0,634000000.0,0.0,0.006,0.475,,,,,,,,,,3797000000.0,,3797000000.0,,,,811000000.0,,1.0,,,4514000000.0,,5499000000.0,,2807000000.0,0.0,0.0,0.0,8282000000.0,4642000000.0,3640000000.0,,41000000.0,-204000000.0,-10000000.0,-150000000.0,-395000000.0,-555000000.0,-693000000.0,0.0,1304000000.0,-15000000.0,,,,,,,,,1592000000.0,,,,,3007000000.0,,81.25,,,1728000000.0,3783000000.0,,,,,,,,0.0,,1.0,,,,,8088000000.0,0.0,,641000000.0,,439000000.0
0,HSH,MRQ,2014-06-30,2014-06-28,2014-06-28,2021-08-25,-149000000.0,2708000000.0,,1083000000.0,1625000000.0,,5.194,-46000000.0,236000000.0,236000000.0,770000000.0,27000000.0,1.339,3.251,944000000.0,105000000.0,839000000.0,944000000.0,0.0,41000000.0,0.0,0.011,0.175,61000000.0,102000000.0,0.096,102000000.0,61000000.0,50000000.0,0.22,0.22,0.22,637000000.0,,637000000.0,8327197824.0,26.0,17.68,-27000000.0,-0.22,1.0,294000000.0,0.276,692000000.0,11000000.0,1915000000.0,,330000000.0,87000000.0,87000000.0,0.0,2071000000.0,809000000.0,1262000000.0,7604197824.0,17000000.0,-164000000.0,29000000.0,0.0,-22000000.0,20000000.0,-22000000.0,140000000.0,19000000.0,0.0,27000000.0,27000000.0,27000000.0,-1000000.0,0.0,0.025,235000000.0,59000000.0,365000000.0,0.795,11.938,35.7,35.838,839000000.0,0.0,62.0,1.861,1.861,232000000.0,607000000.0,1064000000.0,1064000000.0,0.0,,,,,0.0,236000000.0,1.0,122648352.0,122648352.0,,8.675,2016000000.0,188000000.0,23000000.0,0.0,16.437,274000000.0
1,HSH,MRQ,2014-03-31,2014-03-29,2014-03-29,2021-08-25,0.0,2531000000.0,,1098000000.0,1433000000.0,,4.886,-42000000.0,219000000.0,219000000.0,674000000.0,42000000.0,1.502,3.211,942000000.0,102000000.0,840000000.0,942000000.0,0.0,36000000.0,0.0,0.018,0.175,78000000.0,114000000.0,0.119,114000000.0,78000000.0,66000000.0,0.35,0.34,0.35,601000000.0,,601000000.0,5271497902.0,17.0,11.24,16000000.0,0.13,1.0,281000000.0,0.294,505000000.0,12000000.0,2018000000.0,,300000000.0,170000000.0,170000000.0,0.0,1930000000.0,731000000.0,1199000000.0,4528497902.0,14000000.0,0.0,6000000.0,-10000000.0,-21000000.0,-25000000.0,-19000000.0,20000000.0,58000000.0,0.0,42000000.0,42000000.0,42000000.0,0.0,0.0,0.044,205000000.0,76000000.0,306000000.0,0.5,7.535,19.949,19.995,814000000.0,0.0,36.99,1.137,1.142,205000000.0,,955000000.0,955000000.0,0.0,,,,,0.0,200000000.0,1.0,122424923.0,123000000.0,124000000.0,7.764,2026000000.0,162000000.0,24000000.0,0.0,16.472,367000000.0
2,HSH,MRQ,2013-12-31,2013-12-28,2013-12-28,2021-08-25,0.0,2474000000.0,,1072000000.0,1402000000.0,,4.618,-40000000.0,205000000.0,205000000.0,757000000.0,115000000.0,1.536,3.356,948000000.0,108000000.0,840000000.0,948000000.0,0.0,41000000.0,0.0,0.018,0.175,120000000.0,161000000.0,0.149,161000000.0,120000000.0,108000000.0,0.93,0.92,0.93,568000000.0,,568000000.0,4876232182.0,14.0,9.561,75000000.0,0.61,1.0,325000000.0,0.3,507000000.0,12000000.0,2012000000.0,,276000000.0,192000000.0,192000000.0,0.0,1906000000.0,698000000.0,1208000000.0,4101232182.0,29000000.0,0.0,-20000000.0,-6000000.0,-22000000.0,-48000000.0,-38000000.0,0.0,115000000.0,0.0,115000000.0,115000000.0,115000000.0,1000000.0,0.0,0.106,209000000.0,116000000.0,266000000.0,0.188,7.22,14.753,14.752,811000000.0,0.0,33.34,1.038,1.038,221000000.0,,1082000000.0,1082000000.0,0.0,,,,,0.0,202000000.0,1.0,123012363.0,123000000.0,124000000.0,8.797,1967000000.0,160000000.0,-7000000.0,0.0,15.992,374000000.0
3,HSH,MRQ,2013-09-30,2013-09-28,2013-09-28,2021-08-25,0.0,2439000000.0,,1084000000.0,1355000000.0,,3.992,-25000000.0,176000000.0,176000000.0,719000000.0,29000000.0,1.419,3.967,951000000.0,111000000.0,840000000.0,951000000.0,0.0,37000000.0,0.0,0.018,0.175,57000000.0,94000000.0,0.096,94000000.0,57000000.0,44000000.0,0.24,0.23,0.24,491000000.0,,491000000.0,4355971528.0,13.0,8.729,34000000.0,0.276,1.0,265000000.0,0.269,507000000.0,13000000.0,1943000000.0,,327000000.0,193000000.0,193000000.0,0.0,1948000000.0,764000000.0,1184000000.0,3804971528.0,-224000000.0,-35000000.0,-8000000.0,-4000000.0,-15000000.0,-27000000.0,-256000000.0,-193000000.0,59000000.0,0.0,29000000.0,29000000.0,29000000.0,0.0,0.0,0.029,210000000.0,55000000.0,304000000.0,0.729,7.749,16.688,16.591,809000000.0,0.0,30.86,0.968,0.966,223000000.0,,984000000.0,984000000.0,0.0,,,,,0.0,207000000.0,1.0,123297846.0,123000000.0,125000000.0,8.0,1932000000.0,93000000.0,15000000.0,0.0,15.707,320000000.0
4,HSH,MRQ,2013-06-30,2013-06-29,2013-06-29,2021-08-25,-141000000.0,2434000000.0,,1106000000.0,1328000000.0,,3.933,-33000000.0,400000000.0,400000000.0,698000000.0,41000000.0,1.648,4.029,951000000.0,19000000.0,932000000.0,951000000.0,0.0,43000000.0,0.0,0.015,0.125,57000000.0,100000000.0,0.104,100000000.0,57000000.0,44000000.0,0.33,0.32,0.33,484000000.0,,484000000.0,4604264532.0,12.0,8.558,38000000.0,0.309,1.0,264000000.0,0.274,469000000.0,13000000.0,1845000000.0,,313000000.0,0.0,0.0,0.0,1950000000.0,671000000.0,1279000000.0,4071264532.0,-16000000.0,2000000.0,5000000.0,-41000000.0,-15000000.0,-51000000.0,-34000000.0,0.0,71000000.0,-2000000.0,41000000.0,41000000.0,41000000.0,-62000000.0,0.0,0.043,215000000.0,49000000.0,295000000.0,0.379,8.412,16.156,16.137,818000000.0,0.0,33.08,1.039,1.039,219000000.0,477000000.0,962000000.0,962000000.0,0.0,,,,,0.0,213000000.0,1.0,123073293.0,123073293.0,,7.816,1965000000.0,109000000.0,3000000.0,0.0,15.966,435000000.0
5,HSH,MRQ,2013-03-31,2013-03-30,2013-03-30,2021-08-25,0.0,2486000000.0,,1099000000.0,1387000000.0,,3.431,-25000000.0,416000000.0,416000000.0,652000000.0,93000000.0,1.548,4.891,949000000.0,19000000.0,930000000.0,949000000.0,0.0,37000000.0,0.0,0.017,0.125,118000000.0,155000000.0,0.168,155000000.0,118000000.0,105000000.0,0.76,0.75,0.76,422000000.0,,422000000.0,4968227360.0,5.0,4.452,28000000.0,0.228,1.0,272000000.0,0.294,472000000.0,13000000.0,1837000000.0,,316000000.0,0.0,0.0,0.0,2064000000.0,710000000.0,1354000000.0,4321227360.0,111000000.0,80000000.0,3000000.0,0.0,0.0,3000000.0,55000000.0,0.0,53000000.0,0.0,93000000.0,93000000.0,93000000.0,51000000.0,0.0,0.101,207000000.0,65000000.0,275000000.0,0.164,10.24,5.335,5.192,824000000.0,0.0,35.15,1.096,1.097,206000000.0,,924000000.0,924000000.0,0.0,,,,,0.0,205000000.0,1.0,122936767.0,123000000.0,124000000.0,7.512,2014000000.0,128000000.0,12000000.0,0.0,16.374,389000000.0
6,HSH,MRQ,2012-12-31,2012-12-29,2012-12-29,2021-08-25,0.0,2467000000.0,,1030000000.0,1437000000.0,,2.984,-46000000.0,299000000.0,299000000.0,728000000.0,65000000.0,1.459,5.722,946000000.0,10000000.0,936000000.0,946000000.0,0.0,43000000.0,0.0,0.026,0.125,107000000.0,150000000.0,0.142,150000000.0,107000000.0,96000000.0,0.53,0.53,0.53,367000000.0,,367000000.0,4054710339.0,5.0,3.765,78000000.0,0.634,1.0,332000000.0,0.313,475000000.0,11000000.0,1933000000.0,,292000000.0,0.0,0.0,0.0,2100000000.0,706000000.0,1394000000.0,3360710339.0,52000000.0,0.0,12000000.0,-5000000.0,-31000000.0,-24000000.0,-48000000.0,0.0,124000000.0,0.0,65000000.0,65000000.0,65000000.0,7000000.0,0.0,0.061,233000000.0,99000000.0,266000000.0,0.236,9.157,4.707,4.589,829000000.0,0.0,27.49,0.85,0.856,229000000.0,,1060000000.0,1060000000.0,0.0,,,,,0.0,224000000.0,1.0,122252104.0,123000000.0,123000000.0,8.618,1992000000.0,151000000.0,31000000.0,0.0,16.195,324000000.0
7,HSH,MRQ,2012-09-30,2012-09-29,2012-09-29,2021-08-25,0.0,2452000000.0,,1012000000.0,1440000000.0,,2.549,-36000000.0,253000000.0,253000000.0,680000000.0,53000000.0,1.339,6.884,947000000.0,5000000.0,942000000.0,947000000.0,0.0,43000000.0,0.0,0.03,0.125,90000000.0,133000000.0,0.137,133000000.0,90000000.0,79000000.0,0.43,0.43,0.43,311000000.0,,311000000.0,3977466784.0,3.0,2.689,-31000000.0,-0.254,1.0,294000000.0,0.302,478000000.0,11000000.0,1912000000.0,,328000000.0,0.0,0.0,0.0,2141000000.0,756000000.0,1385000000.0,3268466784.0,18000000.0,17000000.0,27000000.0,0.0,0.0,27000000.0,-14000000.0,0.0,5000000.0,0.0,53000000.0,53000000.0,53000000.0,4000000.0,0.0,0.054,210000000.0,84000000.0,322000000.0,0.291,10.51,2.923,2.843,843000000.0,0.0,26.78,0.829,0.828,236000000.0,,974000000.0,974000000.0,0.0,,,,,0.0,213000000.0,1.0,122048797.0,122000000.0,123000000.0,7.984,1974000000.0,179000000.0,26000000.0,0.0,16.18,256000000.0
8,HSH,MRQ,2012-06-30,2012-06-30,2012-06-30,2021-08-25,-144000000.0,2450000000.0,,1002000000.0,1448000000.0,,1.98,-131000000.0,235000000.0,235000000.0,713000000.0,599000000.0,1.203,9.426,944000000.0,5000000.0,939000000.0,944000000.0,0.0,80000000.0,0.0,0.032,0.23,598000000.0,678000000.0,0.69,678000000.0,598000000.0,588000000.0,5.05,5.06,5.05,235000000.0,,235000000.0,2911767631.0,3.0,2.389,258000000.0,2.174,1.0,270000000.0,0.275,480000000.0,10000000.0,1846000000.0,,288000000.0,0.0,0.0,0.0,2215000000.0,833000000.0,1382000000.0,3440767631.0,-2420000000.0,-2058000000.0,22000000.0,-513000000.0,-68000000.0,-544000000.0,-2207000000.0,-18000000.0,389000000.0,-58000000.0,599000000.0,599000000.0,599000000.0,0.0,0.0,0.609,295000000.0,-25000000.0,359000000.0,0.046,14.642,4.072,4.066,847000000.0,0.0,28.99,0.869,0.869,248000000.0,295000000.0,983000000.0,983000000.0,0.0,,,,,0.0,284000000.0,1.0,118688087.0,118688087.0,,8.282,1970000000.0,202000000.0,-11000000.0,0.0,16.598,169000000.0
9,HSH,MRQ,2012-03-31,2012-03-31,2012-03-31,2021-08-25,0.0,7774000000.0,,4660000000.0,3114000000.0,,18.025,-224000000.0,2655000000.0,2655000000.0,675000000.0,-3000000.0,1.316,2.624,2126000000.0,1172000000.0,954000000.0,2126000000.0,0.0,90000000.0,0.0,0.011,0.23,26000000.0,116000000.0,0.124,116000000.0,26000000.0,4000000.0,-0.02,-0.02,-0.02,2145000000.0,,2145000000.0,12432984092.0,43.0,19.957,-397000000.0,-3.336,1.0,260000000.0,0.278,999000000.0,22000000.0,2705000000.0,,907000000.0,0.0,0.0,0.0,5629000000.0,3541000000.0,2088000000.0,12736984092.0,-96000000.0,585000000.0,26000000.0,-354000000.0,-68000000.0,-396000000.0,385000000.0,24000000.0,-173000000.0,88000000.0,-3000000.0,-3000000.0,-3000000.0,0.0,0.0,-0.003,206000000.0,54000000.0,693000000.0,-11.5,5.938,38.249,36.616,1300000000.0,0.0,107.65,9.421,9.475,734000000.0,,935000000.0,935000000.0,0.0,,,,,0.0,202000000.0,1.0,118318477.0,119000000.0,119000000.0,7.857,6775000000.0,174000000.0,7000000.0,826000000.0,56.933,1119000000.0
10,HSH,MRQ,2011-12-31,2011-12-31,2011-12-31,2021-08-25,0.0,8186000000.0,,5257000000.0,2929000000.0,,16.983,-91000000.0,2751000000.0,2751000000.0,755000000.0,470000000.0,1.707,3.085,2447000000.0,512000000.0,1935000000.0,2447000000.0,0.0,69000000.0,0.0,0.015,0.23,483000000.0,552000000.0,0.524,552000000.0,483000000.0,461000000.0,3.96,3.94,3.96,2004000000.0,,2004000000.0,12308876669.0,25.0,14.848,162000000.0,1.373,1.0,298000000.0,0.283,839000000.0,22000000.0,3963000000.0,,917000000.0,0.0,0.0,0.0,6182000000.0,3080000000.0,3102000000.0,11176876669.0,1066000000.0,1438000000.0,7000000.0,-352000000.0,-67000000.0,-412000000.0,1354000000.0,7000000.0,253000000.0,-129000000.0,469000000.0,469000000.0,469000000.0,0.0,1000000.0,0.445,275000000.0,23000000.0,728000000.0,0.058,5.577,22.857,22.47,1291000000.0,0.0,94.6,4.909,4.902,760000000.0,,1053000000.0,1053000000.0,0.0,,,,,0.0,226000000.0,1.0,118148802.0,118000000.0,119000000.0,8.924,7347000000.0,171000000.0,-8000000.0,806000000.0,62.263,2177000000.0
11,HSH,MRQ,2011-09-30,2011-10-01,2011-10-01,2021-08-25,0.0,9052000000.0,,4879000000.0,4173000000.0,,13.619,-56000000.0,1685000000.0,1685000000.0,740000000.0,-218000000.0,1.253,4.615,2817000000.0,882000000.0,1935000000.0,2817000000.0,0.0,73000000.0,0.0,0.02,0.23,-204000000.0,-131000000.0,-0.128,-131000000.0,-204000000.0,-227000000.0,-1.86,-1.85,-1.86,1607000000.0,,1607000000.0,10208530387.0,11.0,8.032,-276000000.0,-2.339,1.0,285000000.0,0.278,855000000.0,23000000.0,5436000000.0,,1025000000.0,0.0,0.0,0.0,7416000000.0,3893000000.0,3523000000.0,9627530387.0,-381000000.0,-15000000.0,29000000.0,55000000.0,-68000000.0,6000000.0,-53000000.0,18000000.0,-220000000.0,-114000000.0,-220000000.0,-220000000.0,-220000000.0,0.0,2000000.0,-0.215,258000000.0,27000000.0,740000000.0,-0.124,5.991,11.313,12.111,1321000000.0,0.0,81.75,3.026,3.032,766000000.0,,1025000000.0,1025000000.0,0.0,,,,,0.0,227000000.0,1.0,117767956.0,118000000.0,119000000.0,8.686,8197000000.0,228000000.0,-7000000.0,801000000.0,69.466,986000000.0
12,HSH,MRQ,2011-06-30,2011-07-02,2011-07-02,2021-08-25,-265000000.0,9482000000.0,,4485000000.0,4997000000.0,,15.929,-103000000.0,74000000.0,74000000.0,-943000000.0,89000000.0,1.091,4.071,2109000000.0,199000000.0,1910000000.0,2109000000.0,0.0,99000000.0,0.0,0.019,0.46,-13000000.0,86000000.0,-0.052,86000000.0,-13000000.0,-18000000.0,0.86,0.86,0.86,1864000000.0,,1864000000.0,12171145930.0,9.0,6.884,52000000.0,0.444,1.0,-718000000.0,0.432,506000000.0,5000000.0,6900000000.0,,287000000.0,0.0,0.0,0.0,7589000000.0,4111000000.0,3478000000.0,11304145930.0,-66000000.0,243000000.0,32000000.0,-368000000.0,-68000000.0,-404000000.0,149000000.0,9000000.0,155000000.0,34000000.0,87000000.0,87000000.0,87000000.0,0.0,2000000.0,-0.052,-419000000.0,-299000000.0,455000000.0,0.535,6.064,8.95,9.508,858000000.0,0.0,96.6,2.91,2.91,295000000.0,2161000000.0,-1661000000.0,-1661000000.0,0.0,,,,,0.0,-425000000.0,1.0,117020144.0,117020144.0,,-14.194,8976000000.0,163000000.0,-105000000.0,452000000.0,76.705,374000000.0
13,HSH,MRQ,2011-03-31,2011-04-02,2011-04-02,2021-08-25,0.0,9612000000.0,,4795000000.0,4817000000.0,,12.777,-90000000.0,2132000000.0,2132000000.0,1226000000.0,156000000.0,1.077,5.199,2999000000.0,1067000000.0,1932000000.0,2999000000.0,0.0,90000000.0,0.0,0.022,0.46,232000000.0,322000000.0,0.173,322000000.0,232000000.0,207000000.0,1.25,1.25,1.25,1546000000.0,,1546000000.0,11668738704.0,9.0,6.683,-31000000.0,-0.256,1.0,634000000.0,0.341,1291000000.0,25000000.0,4735000000.0,,1041000000.0,0.0,0.0,0.0,8038000000.0,4453000000.0,3585000000.0,11141738704.0,-19000000.0,194000000.0,-650000000.0,290000000.0,0.0,-360000000.0,140000000.0,36000000.0,59000000.0,142000000.0,153000000.0,153000000.0,153000000.0,0.0,3000000.0,0.082,440000000.0,194000000.0,856000000.0,0.368,7.207,8.103,8.388,1730000000.0,0.0,89.5,3.672,3.569,925000000.0,,1860000000.0,1860000000.0,0.0,,,,,0.0,436000000.0,1.0,124488701.0,121000000.0,121800000.0,15.372,8321000000.0,420000000.0,54000000.0,575000000.0,68.769,342000000.0
14,HSH,MRQ,2010-12-31,2011-01-01,2011-01-01,2021-08-25,0.0,9642000000.0,,5074000000.0,4568000000.0,,15.972,-89000000.0,2151000000.0,2151000000.0,1281000000.0,833000000.0,1.729,3.718,2678000000.0,350000000.0,2328000000.0,2678000000.0,0.0,94000000.0,0.0,0.023,0.46,900000000.0,994000000.0,0.508,994000000.0,900000000.0,872000000.0,6.5,6.5,6.5,2038000000.0,,2038000000.0,13084551355.0,13.0,9.346,116000000.0,0.909,1.0,677000000.0,0.346,1271000000.0,28000000.0,5964000000.0,,894000000.0,0.0,0.0,0.0,7577000000.0,2934000000.0,4643000000.0,11193551355.0,1026000000.0,1604000000.0,-271000000.0,-287000000.0,-144000000.0,-702000000.0,1525000000.0,10000000.0,205000000.0,-2000000.0,831000000.0,831000000.0,831000000.0,0.0,2000000.0,0.424,502000000.0,175000000.0,783000000.0,0.071,5.492,12.634,12.561,1692000000.0,0.0,87.55,3.443,3.436,1050000000.0,,1958000000.0,1958000000.0,0.0,,,,,0.0,463000000.0,1.0,127853242.0,127600000.0,128400000.0,15.345,8371000000.0,607000000.0,41000000.0,731000000.0,65.603,2140000000.0
15,HSH,MRQ,2010-09-30,2010-10-02,2010-10-02,2021-08-25,0.0,9254000000.0,,4121000000.0,5133000000.0,,11.378,-73000000.0,1125000000.0,1125000000.0,1157000000.0,194000000.0,1.32,5.208,3016000000.0,584000000.0,2432000000.0,3016000000.0,0.0,103000000.0,0.0,0.031,0.46,263000000.0,366000000.0,0.212,366000000.0,263000000.0,229000000.0,1.45,1.45,1.45,1486000000.0,,1486000000.0,10719663955.0,26.0,12.508,-45000000.0,-0.345,1.0,570000000.0,0.33,1798000000.0,34000000.0,6225000000.0,,940000000.0,0.0,0.0,0.0,7739000000.0,3122000000.0,4617000000.0,8893663955.0,170000000.0,362000000.0,-372000000.0,160000000.0,-73000000.0,-285000000.0,315000000.0,26000000.0,28000000.0,112000000.0,192000000.0,192000000.0,192000000.0,0.0,2000000.0,0.111,413000000.0,157000000.0,979000000.0,0.317,5.985,20.877,21.522,2100000000.0,0.0,67.15,2.435,2.401,1229000000.0,,1727000000.0,1727000000.0,0.0,,,,,0.0,409000000.0,1.0,132444735.0,130600000.0,131000000.0,13.224,7456000000.0,468000000.0,37000000.0,631000000.0,57.09,999000000.0
16,HSH,MRQ,2010-06-30,2010-07-03,2010-07-03,2021-08-25,-912000000.0,8836000000.0,,3780000000.0,5056000000.0,,11.244,-159000000.0,955000000.0,955000000.0,-1388000000.0,204000000.0,1.463,4.923,2676000000.0,49000000.0,2627000000.0,2676000000.0,0.0,129000000.0,0.0,0.031,0.55,-65000000.0,64000000.0,-0.025,64000000.0,-65000000.0,-82000000.0,1.47,1.45,1.47,1487000000.0,,1487000000.0,11086164894.0,19.0,10.711,-14000000.0,-0.106,1.0,-1123000000.0,0.447,960000000.0,17000000.0,7013000000.0,,695000000.0,0.0,0.0,0.0,7321000000.0,2584000000.0,4737000000.0,9251164894.0,-17000000.0,207000000.0,11000000.0,25000000.0,-76000000.0,-40000000.0,-39000000.0,-87000000.0,145000000.0,-83000000.0,199000000.0,199000000.0,199000000.0,0.0,5000000.0,-0.079,-496000000.0,-627000000.0,896000000.0,0.374,6.221,17.859,18.554,1598000000.0,0.0,69.95,2.329,2.329,1035000000.0,2472000000.0,-2511000000.0,-2511000000.0,0.0,,,,,0.0,-593000000.0,1.0,132253966.0,132253966.0,,-18.986,7876000000.0,466000000.0,-281000000.0,500000000.0,59.552,1196000000.0
17,HSH,MRQ,2010-03-31,2010-03-27,2010-03-27,2021-08-25,0.0,9144000000.0,,3860000000.0,5284000000.0,,12.713,-73000000.0,935000000.0,935000000.0,1296000000.0,-328000000.0,1.487,4.186,2770000000.0,52000000.0,2718000000.0,2770000000.0,0.0,103000000.0,0.0,0.032,0.55,-127000000.0,-24000000.0,-0.012,-24000000.0,-127000000.0,-162000000.0,-2.45,-2.45,-2.45,1757000000.0,,1757000000.0,11063263568.0,17.0,9.887,262000000.0,1.896,1.0,781000000.0,0.376,1821000000.0,35000000.0,6562000000.0,,795000000.0,0.0,0.0,0.0,7354000000.0,2596000000.0,4758000000.0,9581263568.0,-378000000.0,11000000.0,-498000000.0,-16000000.0,-78000000.0,-592000000.0,-76000000.0,-14000000.0,335000000.0,-45000000.0,-336000000.0,-336000000.0,-336000000.0,0.0,8000000.0,-0.162,556000000.0,225000000.0,893000000.0,-0.224,5.453,31.414,31.953,2086000000.0,0.0,68.7,1.337,1.325,1251000000.0,,2077000000.0,2077000000.0,0.0,,,,,0.0,531000000.0,1.0,139465263.0,138200000.0,138600000.0,15.029,7323000000.0,380000000.0,174000000.0,583000000.0,52.988,1264000000.0
18,HSH,MRQ,2009-12-31,2009-12-26,2009-12-26,2021-08-25,0.0,9930000000.0,,4423000000.0,5507000000.0,,19.692,-89000000.0,1331000000.0,1331000000.0,1491000000.0,376000000.0,1.651,2.596,2813000000.0,64000000.0,2749000000.0,2813000000.0,0.0,103000000.0,0.0,0.035,0.55,348000000.0,451000000.0,0.191,451000000.0,348000000.0,313000000.0,2.65,2.65,2.65,2753000000.0,,2753000000.0,10286459824.0,10.0,6.767,196000000.0,1.402,1.0,868000000.0,0.368,1882000000.0,35000000.0,6851000000.0,,796000000.0,0.0,0.0,0.0,7148000000.0,2679000000.0,4469000000.0,8681459824.0,87000000.0,2000000.0,0.0,-50000000.0,-76000000.0,-126000000.0,-46000000.0,41000000.0,285000000.0,-26000000.0,371000000.0,371000000.0,371000000.0,78000000.0,5000000.0,0.157,599000000.0,269000000.0,900000000.0,0.208,3.153,10.771,10.733,2156000000.0,0.0,62.25,1.133,1.136,1398000000.0,,2359000000.0,2359000000.0,0.0,,,,,0.0,567000000.0,1.0,139461202.0,139800000.0,140200000.0,16.874,8048000000.0,495000000.0,-58000000.0,55000000.0,57.568,1744000000.0
19,HSH,MRQ,2009-09-30,2009-09-26,2009-09-26,2021-08-25,0.0,10004000000.0,,4311000000.0,5693000000.0,,18.106,-64000000.0,1263000000.0,1263000000.0,1619000000.0,287000000.0,1.529,2.953,2868000000.0,108000000.0,2760000000.0,2868000000.0,0.0,126000000.0,0.0,0.039,0.55,425000000.0,551000000.0,0.213,551000000.0,425000000.0,390000000.0,2.05,2.05,2.05,2524000000.0,,2524000000.0,9659330776.0,14.0,7.976,123000000.0,0.882,1.0,969000000.0,0.374,1898000000.0,35000000.0,6891000000.0,,874000000.0,0.0,0.0,0.0,7454000000.0,2820000000.0,4634000000.0,7798330776.0,304000000.0,139000000.0,0.0,35000000.0,-78000000.0,-43000000.0,109000000.0,34000000.0,187000000.0,51000000.0,284000000.0,284000000.0,284000000.0,0.0,3000000.0,0.11,643000000.0,326000000.0,906000000.0,0.268,3.09,18.656,18.377,2197000000.0,0.0,56.05,0.956,0.958,1339000000.0,,2588000000.0,2588000000.0,0.0,,,,,0.0,763000000.0,1.0,139131682.0,139400000.0,139600000.0,18.565,8106000000.0,541000000.0,106000000.0,108000000.0,58.149,1491000000.0
20,HSH,MRQ,2009-06-30,2009-06-27,2009-06-27,2021-08-25,-605000000.0,9419000000.0,,3830000000.0,5589000000.0,,14.634,-143000000.0,951000000.0,951000000.0,267000000.0,-8000000.0,1.346,3.61,2804000000.0,66000000.0,2738000000.0,2804000000.0,0.0,127000000.0,0.0,0.046,0.55,14000000.0,141000000.0,1.0,141000000.0,14000000.0,-16000000.0,-0.1,-0.1,-0.1,2036000000.0,,2036000000.0,8958139558.0,14.0,7.886,454000000.0,3.263,1.0,-126000000.0,-0.894,1882000000.0,30000000.0,6544000000.0,,766000000.0,0.0,0.0,0.0,7349000000.0,2846000000.0,4503000000.0,6664139558.0,294000000.0,28000000.0,0.0,-162000000.0,-76000000.0,-238000000.0,-113000000.0,2000000.0,597000000.0,48000000.0,-14000000.0,-14000000.0,-14000000.0,94000000.0,6000000.0,-0.099,-48000000.0,-78000000.0,1004000000.0,-5.5,3.273,18.308,18.423,2200000000.0,0.0,47.9,0.797,0.797,1272000000.0,2721000000.0,141000000.0,141000000.0,0.0,,,,,0.0,-312000000.0,1.0,139126087.0,139126087.0,,1.013,7537000000.0,511000000.0,-2000000.0,128000000.0,54.174,984000000.0
21,HSH,MRQ,2009-03-31,2009-03-28,2009-03-28,2021-08-25,0.0,9008000000.0,,3597000000.0,5411000000.0,,15.438,-88000000.0,665000000.0,665000000.0,1643000000.0,168000000.0,1.27,3.186,2959000000.0,227000000.0,2732000000.0,2959000000.0,0.0,128000000.0,0.0,0.053,0.55,249000000.0,377000000.0,0.146,377000000.0,249000000.0,204000000.0,1.2,1.2,1.2,2152000000.0,,2152000000.0,7988235442.0,190.0,14.471,1000000.0,0.007,1.0,932000000.0,0.362,2832000000.0,45000000.0,5637000000.0,,1148000000.0,0.0,0.0,0.0,6856000000.0,2833000000.0,4023000000.0,5738235442.0,103000000.0,43000000.0,1000000.0,144000000.0,-77000000.0,68000000.0,-32000000.0,13000000.0,89000000.0,-22000000.0,165000000.0,165000000.0,165000000.0,-32000000.0,3000000.0,0.064,725000000.0,207000000.0,874000000.0,0.458,2.666,-19.518,-21.154,2281000000.0,0.0,41.25,0.606,0.607,1292000000.0,,2575000000.0,2575000000.0,0.0,,,,,0.0,714000000.0,1.0,139108738.0,139400000.0,139600000.0,18.472,6176000000.0,296000000.0,39000000.0,218000000.0,44.304,764000000.0
22,HSH,MRQ,2008-12-31,2008-12-27,2008-12-27,2021-08-25,0.0,9355000000.0,,3684000000.0,5671000000.0,,16.316,-80000000.0,562000000.0,562000000.0,1887000000.0,-17000000.0,1.171,3.078,2812000000.0,457000000.0,2355000000.0,2812000000.0,0.0,118000000.0,0.0,0.046,0.55,24000000.0,142000000.0,0.05,142000000.0,24000000.0,-17000000.0,-0.1,-0.1,-0.1,2294000000.0,,2294000000.0,8662146082.0,271.0,15.865,172000000.0,1.223,1.0,969000000.0,0.339,2911000000.0,41000000.0,5549000000.0,,1171000000.0,0.0,0.0,0.0,7061000000.0,3145000000.0,3916000000.0,6659146082.0,-665000000.0,-8000000.0,-103000000.0,-412000000.0,-74000000.0,-589000000.0,-217000000.0,-129000000.0,252000000.0,-111000000.0,-17000000.0,-17000000.0,-17000000.0,-23000000.0,0.0,-0.006,973000000.0,-4000000.0,954000000.0,-5.5,2.903,-26.851,-28.545,2323000000.0,0.0,47.1,0.657,0.653,1413000000.0,,2856000000.0,2856000000.0,0.0,,,,,0.0,832000000.0,1.0,141383144.0,140600000.0,140600000.0,20.313,6444000000.0,389000000.0,0.0,200000000.0,45.832,539000000.0
23,HSH,MRQ,2008-09-30,2008-09-27,2008-09-27,2021-08-25,0.0,10496000000.0,,4518000000.0,5978000000.0,,19.301,-68000000.0,1227000000.0,1227000000.0,1817000000.0,230000000.0,1.169,2.84,3230000000.0,916000000.0,2314000000.0,3230000000.0,0.0,124000000.0,0.0,0.032,0.55,352000000.0,476000000.0,0.17,476000000.0,352000000.0,307000000.0,1.65,1.6,1.65,2733000000.0,,2733000000.0,11291846350.0,43.0,14.403,-106000000.0,-0.749,1.0,977000000.0,0.35,3111000000.0,45000000.0,5524000000.0,,1299000000.0,0.0,0.0,0.0,7763000000.0,3864000000.0,3899000000.0,9387846350.0,-57000000.0,168000000.0,0.0,67000000.0,-75000000.0,-8000000.0,76000000.0,-24000000.0,-38000000.0,-87000000.0,230000000.0,230000000.0,230000000.0,-39000000.0,0.0,0.082,684000000.0,293000000.0,1069000000.0,0.333,3.435,-191.589,-221.5,2400000000.0,0.0,66.45,0.878,0.88,1458000000.0,,2794000000.0,2794000000.0,0.0,,,,,0.0,838000000.0,1.0,141276845.0,141600000.0,141800000.0,19.732,7385000000.0,442000000.0,77000000.0,417000000.0,52.154,654000000.0
24,HSH,MRQ,2008-06-30,2008-06-28,2008-06-28,2021-08-25,149000000.0,10830000000.0,,4467000000.0,6363000000.0,,19.765,-165000000.0,1284000000.0,1284000000.0,1011000000.0,-657000000.0,1.176,2.872,3188000000.0,848000000.0,2340000000.0,3188000000.0,0.0,140000000.0,0.0,0.034,0.525,-583000000.0,-443000000.0,-0.356,-443000000.0,-583000000.0,-625000000.0,-4.7,-4.65,-4.7,2792000000.0,,2792000000.0,10709820478.0,47.0,14.261,203000000.0,1.437,1.0,233000000.0,0.187,3244000000.0,42000000.0,5691000000.0,,1220000000.0,0.0,0.0,0.0,8019000000.0,3799000000.0,4220000000.0,8602820478.0,26000000.0,67000000.0,0.0,-197000000.0,-74000000.0,-271000000.0,-76000000.0,22000000.0,368000000.0,5000000.0,-672000000.0,-672000000.0,-672000000.0,-23000000.0,15000000.0,-0.54,1050000000.0,-817000000.0,1258000000.0,-0.112,3.081,-108.896,-110.727,2519000000.0,0.0,60.9,0.786,0.786,1491000000.0,2760000000.0,1244000000.0,1244000000.0,0.0,,,,,0.0,168000000.0,1.0,141261420.0,141261420.0,,8.806,7586000000.0,406000000.0,47000000.0,180000000.0,53.702,668000000.0
25,HSH,MRQ,2008-03-31,2008-03-29,2008-03-29,2021-08-25,0.0,11792000000.0,,4708000000.0,7084000000.0,,23.731,-109000000.0,1258000000.0,1258000000.0,1984000000.0,211000000.0,1.249,2.504,3365000000.0,887000000.0,2478000000.0,3365000000.0,0.0,132000000.0,0.0,0.032,0.525,239000000.0,371000000.0,0.114,371000000.0,239000000.0,197000000.0,1.5,1.5,1.5,3365000000.0,,3365000000.0,11665301280.0,12.0,7.746,-76000000.0,-0.536,1.0,1259000000.0,0.388,4073000000.0,42000000.0,6057000000.0,,1297000000.0,0.0,0.0,0.0,8427000000.0,3769000000.0,4658000000.0,9728301280.0,-241000000.0,10000000.0,-119000000.0,-103000000.0,-76000000.0,-298000000.0,-43000000.0,56000000.0,33000000.0,67000000.0,211000000.0,211000000.0,211000000.0,23000000.0,0.0,0.065,1017000000.0,242000000.0,1068000000.0,0.35,2.891,13.702,13.798,2511000000.0,0.0,68.3,0.758,0.755,1433000000.0,,3243000000.0,3243000000.0,0.0,,,,,0.0,1020000000.0,1.0,142434865.0,141800000.0,142000000.0,22.87,7719000000.0,596000000.0,-14000000.0,302000000.0,54.436,939000000.0
26,HSH,MRQ,2007-12-31,2007-12-29,2007-12-29,2021-08-25,0.0,12079000000.0,,5112000000.0,6967000000.0,,21.403,-123000000.0,1499000000.0,1499000000.0,2116000000.0,182000000.0,1.345,2.919,3436000000.0,955000000.0,2481000000.0,3436000000.0,0.0,128000000.0,0.0,0.028,0.525,252000000.0,380000000.0,0.112,380000000.0,252000000.0,204000000.0,1.25,1.25,1.25,3082000000.0,,3082000000.0,13615629619.0,14.0,9.429,144000000.0,1.0,1.0,1292000000.0,0.379,3988000000.0,48000000.0,6226000000.0,,1109000000.0,0.0,0.0,0.0,8997000000.0,3802000000.0,5195000000.0,11753629619.0,-129000000.0,8000000.0,-170000000.0,-87000000.0,-73000000.0,-330000000.0,-99000000.0,16000000.0,267000000.0,33000000.0,182000000.0,182000000.0,182000000.0,0.0,0.0,0.053,1061000000.0,231000000.0,1082000000.0,0.42,3.814,19.112,19.094,2505000000.0,0.0,81.15,0.939,0.933,1495000000.0,,3408000000.0,3408000000.0,0.0,,,,,0.0,1054000000.0,1.0,144838319.0,144000000.0,144400000.0,23.667,8091000000.0,738000000.0,22000000.0,0.0,56.188,1310000000.0
27,HSH,MRQ,2007-09-30,2007-09-29,2007-09-29,2021-08-25,0.0,11601000000.0,,4975000000.0,6626000000.0,,19.903,-118000000.0,1628000000.0,1628000000.0,1897000000.0,200000000.0,1.457,3.02,3490000000.0,698000000.0,2792000000.0,3490000000.0,0.0,125000000.0,0.0,0.029,0.525,318000000.0,443000000.0,0.145,443000000.0,318000000.0,265000000.0,1.4,1.4,1.4,2886000000.0,,2886000000.0,13839357733.0,19.0,11.353,-180000000.0,-1.241,1.0,1157000000.0,0.379,3805000000.0,53000000.0,6244000000.0,,1165000000.0,0.0,0.0,0.0,8715000000.0,3414000000.0,5301000000.0,12092357733.0,-892000000.0,138000000.0,-21000000.0,-818000000.0,-73000000.0,-912000000.0,22000000.0,2000000.0,-62000000.0,60000000.0,200000000.0,200000000.0,200000000.0,0.0,0.0,0.065,864000000.0,293000000.0,1031000000.0,0.375,4.19,32.594,32.096,2471000000.0,0.0,83.45,0.983,0.984,1429000000.0,,3054000000.0,3054000000.0,0.0,,,,,0.0,990000000.0,1.0,144905425.0,145000000.0,145400000.0,21.062,7796000000.0,608000000.0,65000000.0,0.0,53.766,1561000000.0
28,HSH,MRQ,2007-06-30,2007-06-30,2007-06-30,2021-08-25,-754000000.0,11755000000.0,,5208000000.0,6547000000.0,,17.214,-204000000.0,2517000000.0,2517000000.0,1922000000.0,117000000.0,1.187,3.643,4220000000.0,1450000000.0,2770000000.0,4220000000.0,0.0,130000000.0,0.0,0.029,0.625,182000000.0,312000000.0,0.1,312000000.0,182000000.0,121000000.0,0.8,0.8,0.8,2529000000.0,,2529000000.0,14811711940.0,20.0,11.455,190000000.0,1.293,1.0,1204000000.0,0.385,3700000000.0,61000000.0,5370000000.0,,1040000000.0,0.0,0.0,0.0,9212000000.0,4388000000.0,4824000000.0,12781711940.0,288000000.0,6000000.0,-191000000.0,-16000000.0,-73000000.0,-280000000.0,142000000.0,340000000.0,394000000.0,32000000.0,117000000.0,117000000.0,117000000.0,1000000.0,0.0,0.037,1053000000.0,151000000.0,1127000000.0,0.781,5.054,25.361,25.588,2393000000.0,0.0,87.0,1.067,1.067,1277000000.0,3413000000.0,3126000000.0,3126000000.0,0.0,,,,,0.0,1012000000.0,1.0,146916229.0,146916229.0,,21.277,8055000000.0,170000000.0,4000000.0,277000000.0,54.827,820000000.0
29,HSH,MRQ,2007-03-31,2007-03-31,2007-03-31,2021-08-25,0.0,11482000000.0,,5245000000.0,6237000000.0,,17.891,-149000000.0,2232000000.0,2232000000.0,1778000000.0,116000000.0,1.332,3.366,4262000000.0,1021000000.0,3241000000.0,4262000000.0,0.0,120000000.0,0.0,0.031,0.625,189000000.0,309000000.0,0.105,309000000.0,189000000.0,124000000.0,0.8,0.8,0.8,2630000000.0,,2630000000.0,13951344751.0,19.0,10.458,-89000000.0,-0.605,1.0,1157000000.0,0.394,3756000000.0,65000000.0,5819000000.0,,1072000000.0,359000000.0,359000000.0,0.0,8852000000.0,3937000000.0,4915000000.0,12410344751.0,-472000000.0,22000000.0,16000000.0,-22000000.0,-74000000.0,-80000000.0,-467000000.0,-340000000.0,60000000.0,15000000.0,116000000.0,116000000.0,116000000.0,-3000000.0,0.0,0.04,1007000000.0,150000000.0,926000000.0,0.781,4.719,31.419,31.925,2373000000.0,0.0,84.6,1.061,1.064,1287000000.0,,2935000000.0,2935000000.0,0.0,,,,,0.0,973000000.0,1.0,146694382.0,147000000.0,147600000.0,19.966,7726000000.0,0.0,8000000.0,0.0,52.558,1308000000.0
30,HSH,MRQ,2006-12-31,2006-12-30,2006-12-30,2021-08-25,0.0,11487000000.0,,5295000000.0,6192000000.0,,16.961,-153000000.0,2704000000.0,2704000000.0,1972000000.0,-62000000.0,1.333,3.595,4245000000.0,910000000.0,3335000000.0,4245000000.0,0.0,128000000.0,0.0,0.032,0.625,27000000.0,155000000.0,0.049,155000000.0,27000000.0,-35000000.0,-0.4,-0.4,-0.4,2500000000.0,,2500000000.0,13984513878.0,21.0,10.531,33000000.0,0.224,1.0,1210000000.0,0.38,3746000000.0,62000000.0,5310000000.0,,958000000.0,0.0,0.0,0.0,8987000000.0,3972000000.0,5015000000.0,12718513878.0,-338000000.0,8000000.0,-288000000.0,-112000000.0,-76000000.0,-476000000.0,-121000000.0,24000000.0,186000000.0,73000000.0,-62000000.0,-62000000.0,-62000000.0,5000000.0,0.0,-0.019,1212000000.0,-2000000.0,967000000.0,-1.562,5.087,39.622,39.605,2323000000.0,0.0,85.15,1.105,1.09,1354000000.0,,3182000000.0,3182000000.0,0.0,,,,,0.0,1020000000.0,1.0,149365988.0,147400000.0,147400000.0,21.588,7741000000.0,0.0,27000000.0,0.0,52.517,1323000000.0
31,HSH,MRQ,2006-09-30,2006-09-30,2006-09-30,2021-08-25,0.0,11924000000.0,,5684000000.0,6240000000.0,,17.942,-125000000.0,3042000000.0,3042000000.0,1796000000.0,333000000.0,1.237,3.384,4308000000.0,1303000000.0,3005000000.0,4308000000.0,0.0,161000000.0,0.0,0.035,0.625,358000000.0,519000000.0,0.18,519000000.0,358000000.0,283000000.0,2.2,2.2,2.2,2720000000.0,,2720000000.0,16109129186.0,14.0,8.675,-273000000.0,-1.801,1.0,1095000000.0,0.379,3817000000.0,75000000.0,4779000000.0,,1001000000.0,0.0,0.0,0.0,9204000000.0,4594000000.0,4610000000.0,12381129186.0,797000000.0,500000000.0,-185000000.0,909000000.0,-151000000.0,-77000000.0,1014000000.0,639000000.0,-148000000.0,8000000.0,333000000.0,333000000.0,333000000.0,-78000000.0,0.0,0.115,841000000.0,254000000.0,969000000.0,0.284,4.552,15.081,14.743,2300000000.0,0.0,80.35,1.095,1.078,1300000000.0,,2891000000.0,2891000000.0,0.0,,,,,0.0,962000000.0,1.0,154089971.0,151600000.0,152200000.0,19.07,8107000000.0,0.0,-50000000.0,0.0,53.476,1090000000.0
32,HSH,MRQ,2006-06-30,2006-07-01,2006-07-01,2021-08-25,-1339000000.0,14660000000.0,,6857000000.0,7803000000.0,,15.695,-258000000.0,2231000000.0,2231000000.0,1640000000.0,8000000.0,1.078,5.118,5948000000.0,2142000000.0,3806000000.0,5948000000.0,0.0,189000000.0,0.0,0.037,0.738,162000000.0,351000000.0,0.131,351000000.0,162000000.0,84000000.0,0.05,0.05,0.05,2386000000.0,,2386000000.0,16125371271.0,16.0,9.397,144000000.0,0.947,1.0,1044000000.0,0.389,3823000000.0,78000000.0,8193000000.0,,919000000.0,0.0,0.0,0.0,12211000000.0,6361000000.0,5850000000.0,12177371271.0,241000000.0,202000000.0,6000000.0,-38000000.0,-146000000.0,-178000000.0,-52000000.0,-33000000.0,402000000.0,69000000.0,8000000.0,8000000.0,8000000.0,-198000000.0,0.0,0.003,1100000000.0,-56000000.0,1022000000.0,14.76,5.104,21.941,22.25,2319000000.0,0.0,80.1,1.09,1.09,1216000000.0,3855000000.0,2684000000.0,2684000000.0,0.0,,,,,0.0,862000000.0,1.0,152027107.0,152027107.0,,17.655,10837000000.0,0.0,76000000.0,436000000.0,71.283,496000000.0
33,HSH,MRQ,2006-03-31,2006-04-01,2006-04-01,2021-08-25,0.0,14744000000.0,,6537000000.0,8207000000.0,,16.445,-133000000.0,1972000000.0,1972000000.0,1694000000.0,42000000.0,1.063,4.891,5920000000.0,2155000000.0,3765000000.0,5920000000.0,0.0,169000000.0,0.0,0.036,0.738,134000000.0,303000000.0,0.11,303000000.0,134000000.0,58000000.0,0.3,0.3,0.3,2503000000.0,,2503000000.0,17349377384.0,25.0,12.357,-129000000.0,-0.848,1.0,1060000000.0,0.385,4403000000.0,76000000.0,8139000000.0,,2187000000.0,0.0,0.0,0.0,12241000000.0,6150000000.0,6091000000.0,13591377384.0,29000000.0,99000000.0,5000000.0,186000000.0,-151000000.0,40000000.0,-61000000.0,-1000000.0,4000000.0,46000000.0,42000000.0,42000000.0,42000000.0,35000000.0,0.0,0.015,909000000.0,151000000.0,1107000000.0,2.46,5.43,34.064,33.111,2813000000.0,0.0,89.4,1.735,1.737,1609000000.0,,2754000000.0,2754000000.0,0.0,,,,,0.0,923000000.0,1.0,152028830.0,152200000.0,153000000.0,18.095,10341000000.0,431000000.0,16000000.0,0.0,67.943,387000000.0
34,HSH,MRQ,2005-12-31,2005-12-31,2005-12-31,2021-08-25,0.0,15143000000.0,,6947000000.0,8196000000.0,,16.853,-135000000.0,1955000000.0,1955000000.0,1816000000.0,438000000.0,1.081,4.904,5713000000.0,1977000000.0,3736000000.0,5713000000.0,0.0,164000000.0,0.0,0.037,0.738,520000000.0,684000000.0,0.23,684000000.0,520000000.0,445000000.0,2.9,2.85,2.9,2565000000.0,,2565000000.0,19056269183.0,21.0,11.641,536000000.0,3.522,1.0,1158000000.0,0.389,4632000000.0,75000000.0,7845000000.0,,2184000000.0,0.0,0.0,0.0,12578000000.0,6424000000.0,6154000000.0,14355269183.0,328000000.0,471000000.0,6000000.0,-542000000.0,-154000000.0,-690000000.0,359000000.0,34000000.0,671000000.0,-12000000.0,438000000.0,438000000.0,438000000.0,-396000000.0,0.0,0.147,1052000000.0,106000000.0,1244000000.0,0.254,5.597,26.292,26.25,2992000000.0,0.0,94.5,1.609,1.612,1746000000.0,,2974000000.0,2974000000.0,0.0,,,,,0.0,997000000.0,1.0,151907610.0,152200000.0,153000000.0,19.54,10511000000.0,391000000.0,7000000.0,0.0,69.06,523000000.0
35,HSH,MRQ,2005-09-30,2005-10-01,2005-10-01,2021-08-25,0.0,15427000000.0,,6973000000.0,8454000000.0,,14.628,-99000000.0,1592000000.0,1592000000.0,1707000000.0,67000000.0,1.054,5.769,6293000000.0,2207000000.0,4086000000.0,6293000000.0,0.0,179000000.0,0.0,0.039,0.738,199000000.0,378000000.0,0.137,378000000.0,199000000.0,126000000.0,0.45,0.45,0.45,2279000000.0,,2279000000.0,19076262826.0,23.0,11.923,89000000.0,0.571,1.0,1056000000.0,0.382,4689000000.0,73000000.0,8826000000.0,,2427000000.0,0.0,0.0,0.0,13148000000.0,6613000000.0,6535000000.0,14867262826.0,1077000000.0,218000000.0,-551000000.0,1492000000.0,-154000000.0,787000000.0,119000000.0,0.0,188000000.0,-17000000.0,67000000.0,67000000.0,67000000.0,35000000.0,0.0,0.024,841000000.0,215000000.0,1256000000.0,1.64,6.524,34.256,34.455,3033000000.0,0.0,94.75,1.421,1.411,1806000000.0,,2763000000.0,2763000000.0,0.0,,,,,0.0,955000000.0,1.0,156910426.0,155800000.0,156400000.0,17.734,10738000000.0,295000000.0,59000000.0,0.0,68.922,360000000.0
36,HSH,MRQ,2005-06-30,2005-07-02,2005-07-02,2021-08-25,-1561000000.0,14300000000.0,,5943000000.0,8357000000.0,,16.963,-191000000.0,533000000.0,533000000.0,-718000000.0,-148000000.0,1.186,4.331,4731000000.0,619000000.0,4112000000.0,4731000000.0,0.0,197000000.0,0.0,0.04,0.988,-158000000.0,39000000.0,-0.059,39000000.0,-158000000.0,-230000000.0,-0.95,-0.95,-0.95,2671000000.0,,2671000000.0,19675349835.0,17.0,10.432,108000000.0,0.686,1.0,61000000.0,-0.093,4413000000.0,72000000.0,9072000000.0,,2151000000.0,0.0,0.0,0.0,11568000000.0,5013000000.0,6555000000.0,15470349835.0,-66000000.0,49000000.0,-40000000.0,-29000000.0,-6000000.0,-75000000.0,-141000000.0,0.0,299000000.0,-149000000.0,-148000000.0,-148000000.0,-148000000.0,-3000000.0,0.0,0.225,232000000.0,-171000000.0,1115000000.0,-1.04,5.792,21.516,21.593,2836000000.0,0.0,98.25,1.364,1.364,1677000000.0,4361000000.0,-657000000.0,-657000000.0,0.0,,,,,0.0,157000000.0,1.0,157459031.0,157459031.0,,-4.173,9887000000.0,53000000.0,-82000000.0,229000000.0,62.791,930000000.0
37,HSH,MRQ,2005-03-31,2005-04-02,2005-04-02,2021-08-25,0.0,14793000000.0,,5665000000.0,9128000000.0,,22.13,-146000000.0,521000000.0,521000000.0,2416000000.0,189000000.0,1.259,3.225,4726000000.0,365000000.0,4361000000.0,4726000000.0,0.0,174000000.0,0.0,0.035,0.988,362000000.0,536000000.0,0.139,536000000.0,362000000.0,286000000.0,1.2,1.2,1.2,3501000000.0,,3501000000.0,21324136000.0,12.0,8.349,101000000.0,0.638,1.0,1428000000.0,0.371,5422000000.0,76000000.0,9075000000.0,,2813000000.0,0.0,0.0,0.0,11292000000.0,4501000000.0,6791000000.0,17373136000.0,-257000000.0,62000000.0,-55000000.0,75000000.0,-306000000.0,-286000000.0,-84000000.0,0.0,247000000.0,-134000000.0,189000000.0,189000000.0,189000000.0,-38000000.0,0.0,0.049,1130000000.0,298000000.0,1269000000.0,0.823,4.962,14.229,14.292,3217000000.0,0.0,110.05,1.222,1.225,1976000000.0,,3844000000.0,3844000000.0,0.0,,,,,0.0,1146000000.0,1.0,157865843.0,158200000.0,159400000.0,24.298,9371000000.0,322000000.0,97000000.0,0.0,59.235,1164000000.0
38,HSH,MRQ,2004-12-31,2005-01-01,2005-01-01,2021-08-25,0.0,15488000000.0,,6138000000.0,9350000000.0,,22.906,-121000000.0,883000000.0,883000000.0,2852000000.0,326000000.0,1.25,3.29,4834000000.0,347000000.0,4487000000.0,4834000000.0,0.0,205000000.0,0.0,0.032,0.988,442000000.0,647000000.0,0.143,647000000.0,442000000.0,371000000.0,2.05,2.05,2.05,3610000000.0,,3610000000.0,23866386858.0,12.0,8.81,610000000.0,3.871,1.0,1660000000.0,0.368,5530000000.0,71000000.0,8997000000.0,,2791000000.0,0.0,0.0,0.0,11878000000.0,4912000000.0,6966000000.0,18945386858.0,645000000.0,44000000.0,78000000.0,-352000000.0,-5000000.0,-279000000.0,-77000000.0,0.0,731000000.0,270000000.0,326000000.0,326000000.0,326000000.0,-17000000.0,0.0,0.072,1260000000.0,400000000.0,1432000000.0,0.482,5.248,13.456,13.638,3272000000.0,0.0,120.7,1.253,1.258,2095000000.0,,4512000000.0,4512000000.0,0.0,,,,,0.0,1270000000.0,1.0,156962609.0,157600000.0,159000000.0,28.629,9958000000.0,363000000.0,45000000.0,0.0,63.185,1226000000.0
39,HSH,MRQ,2004-09-30,2004-10-02,2004-10-02,2021-08-25,0.0,14550000000.0,,5439000000.0,9111000000.0,,19.127,-80000000.0,135000000.0,135000000.0,2815000000.0,352000000.0,1.078,3.815,5056000000.0,920000000.0,4136000000.0,5056000000.0,0.0,175000000.0,0.0,0.033,0.988,502000000.0,677000000.0,0.154,677000000.0,502000000.0,435000000.0,2.25,2.2,2.25,3022000000.0,,3022000000.0,23052717187.0,12.0,8.611,-8000000.0,-0.051,1.0,1580000000.0,0.359,5434000000.0,67000000.0,8993000000.0,,2872000000.0,0.0,0.0,0.0,11528000000.0,5044000000.0,6484000000.0,18395717187.0,-427000000.0,150000000.0,-218000000.0,-210000000.0,-147000000.0,-575000000.0,70000000.0,0.0,72000000.0,6000000.0,352000000.0,352000000.0,352000000.0,-8000000.0,0.0,0.08,1113000000.0,467000000.0,1248000000.0,0.439,6.087,13.196,13.251,3207000000.0,0.0,115.95,1.178,1.173,2019000000.0,,4395000000.0,4395000000.0,0.0,,,,,0.0,1236000000.0,1.0,158652153.0,158000000.0,159000000.0,27.816,9116000000.0,290000000.0,83000000.0,0.0,57.696,395000000.0
40,HSH,MRQ,2004-06-30,2004-07-03,2004-07-03,2021-08-25,-1394000000.0,14879000000.0,,5736000000.0,9143000000.0,,18.416,-199000000.0,655000000.0,655000000.0,858000000.0,354000000.0,1.06,4.086,5325000000.0,1154000000.0,4171000000.0,5325000000.0,0.0,220000000.0,0.0,0.032,0.938,474000000.0,694000000.0,0.474,694000000.0,474000000.0,399000000.0,2.2,2.2,2.2,2911000000.0,,2911000000.0,23373078517.0,13.0,9.275,468000000.0,2.961,1.0,606000000.0,0.414,5331000000.0,75000000.0,8808000000.0,,2728000000.0,0.0,0.0,0.0,11894000000.0,5410000000.0,6484000000.0,18312078517.0,-99000000.0,187000000.0,60000000.0,-424000000.0,-269000000.0,-633000000.0,-132000000.0,0.0,667000000.0,-1000000.0,354000000.0,354000000.0,354000000.0,-221000000.0,0.0,0.242,372000000.0,234000000.0,1293000000.0,0.426,6.291,14.396,14.391,3236000000.0,0.0,115.85,1.152,1.152,1848000000.0,4437000000.0,1464000000.0,1464000000.0,0.0,,,,,0.0,352000000.0,1.0,158067143.0,158067143.0,,9.262,9548000000.0,281000000.0,45000000.0,366000000.0,60.405,326000000.0
41,HSH,MRQ,2004-03-31,2004-03-27,2004-03-27,2021-08-25,0.0,14978000000.0,,5987000000.0,8991000000.0,,15.714,-113000000.0,703000000.0,703000000.0,2888000000.0,376000000.0,1.053,5.025,5764000000.0,1480000000.0,4284000000.0,5764000000.0,0.0,171000000.0,0.0,0.033,0.938,520000000.0,691000000.0,0.146,691000000.0,520000000.0,457000000.0,2.35,2.35,2.35,2486000000.0,,2486000000.0,22309399584.0,13.0,9.219,246000000.0,1.555,1.0,1857000000.0,0.391,5479000000.0,63000000.0,8872000000.0,,2749000000.0,0.0,0.0,0.0,12492000000.0,5688000000.0,6804000000.0,17097399584.0,112000000.0,21000000.0,-34000000.0,3000000.0,-148000000.0,-179000000.0,28000000.0,0.0,359000000.0,-96000000.0,376000000.0,376000000.0,376000000.0,0.0,0.0,0.079,1358000000.0,499000000.0,1231000000.0,0.399,6.877,13.991,14.124,3307000000.0,0.0,108.05,0.916,0.916,2082000000.0,,4745000000.0,4745000000.0,0.0,,,,,0.0,1471000000.0,1.0,158235998.0,158200000.0,159400000.0,29.994,9499000000.0,0.0,81000000.0,227000000.0,60.044,299000000.0
42,HSH,MRQ,2003-12-31,2003-12-27,2003-12-27,2021-08-25,0.0,14908000000.0,,5781000000.0,9127000000.0,,14.653,-126000000.0,591000000.0,591000000.0,3070000000.0,312000000.0,1.046,5.423,5803000000.0,1195000000.0,4608000000.0,5803000000.0,0.0,173000000.0,0.0,0.033,0.938,442000000.0,615000000.0,0.123,615000000.0,442000000.0,380000000.0,1.95,1.95,1.95,2321000000.0,,2321000000.0,22215830821.0,14.0,9.705,571000000.0,3.605,1.0,1947000000.0,0.388,5543000000.0,62000000.0,9049000000.0,,2698000000.0,0.0,0.0,0.0,12587000000.0,5528000000.0,7059000000.0,16564830821.0,470000000.0,50000000.0,5000000.0,-147000000.0,-148000000.0,-290000000.0,-79000000.0,0.0,697000000.0,142000000.0,312000000.0,312000000.0,312000000.0,0.0,0.0,0.062,1524000000.0,423000000.0,1262000000.0,0.481,7.137,14.896,14.971,3342000000.0,0.0,104.8,0.907,0.909,2095000000.0,,5017000000.0,5017000000.0,0.0,,,,,0.0,1523000000.0,1.0,158061363.0,158400000.0,159800000.0,31.673,9365000000.0,0.0,68000000.0,172000000.0,59.122,253000000.0
43,HSH,MRQ,2003-09-30,2003-09-27,2003-09-27,2021-08-25,0.0,14224000000.0,,5231000000.0,8993000000.0,,12.551,-92000000.0,121000000.0,121000000.0,2868000000.0,230000000.0,0.986,6.265,5772000000.0,1228000000.0,4544000000.0,5772000000.0,0.0,170000000.0,0.0,0.034,0.938,350000000.0,520000000.0,0.111,520000000.0,350000000.0,280000000.0,1.45,1.45,1.45,1958000000.0,,1958000000.0,20277671289.0,12.0,8.707,227000000.0,1.455,1.0,1798000000.0,0.385,5474000000.0,70000000.0,9095000000.0,,2759000000.0,0.0,0.0,0.0,12266000000.0,5306000000.0,6960000000.0,14983671289.0,-821000000.0,88000000.0,-242000000.0,-738000000.0,-149000000.0,-1129000000.0,-1000000.0,0.0,319000000.0,-10000000.0,230000000.0,230000000.0,230000000.0,0.0,0.0,0.049,1469000000.0,329000000.0,1224000000.0,0.647,7.653,13.075,13.007,3282000000.0,0.0,94.3,0.832,0.816,1962000000.0,,4666000000.0,4666000000.0,0.0,,,,,0.0,1465000000.0,1.0,158893651.0,156000000.0,160800000.0,29.91,8750000000.0,0.0,50000000.0,237000000.0,56.09,-75000000.0
44,HSH,MRQ,2003-06-30,2003-06-28,2003-06-28,2021-08-25,-1734000000.0,15496000000.0,,5912000000.0,9584000000.0,,11.111,-270000000.0,1004000000.0,1004000000.0,2701000000.0,296000000.0,1.144,7.767,6301000000.0,1144000000.0,5157000000.0,6301000000.0,0.0,181000000.0,0.0,0.033,0.769,413000000.0,594000000.0,0.14,594000000.0,413000000.0,342000000.0,1.9,1.85,1.9,1727000000.0,,1727000000.0,19679533829.0,11.0,8.183,291000000.0,1.872,1.0,1527000000.0,0.361,5389000000.0,71000000.0,10235000000.0,,2652000000.0,0.0,0.0,0.0,13413000000.0,5169000000.0,8244000000.0,14330533829.0,721000000.0,28000000.0,-10000000.0,477000000.0,-125000000.0,342000000.0,-239000000.0,0.0,561000000.0,57000000.0,296000000.0,304000000.0,304000000.0,-34000000.0,0.0,0.072,1166000000.0,361000000.0,1314000000.0,0.405,8.298,11.737,11.897,3312000000.0,-8000000.0,92.2,0.801,0.801,1787000000.0,3787000000.0,4228000000.0,4228000000.0,0.0,,,,,0.0,1164000000.0,1.0,155428783.0,155428783.0,,27.202,10107000000.0,453000000.0,46000000.0,133000000.0,65.027,743000000.0
45,HSH,MRQ,2003-03-31,2003-03-29,2003-03-29,2021-08-25,0.0,13934000000.0,,5030000000.0,8904000000.0,,14.603,-167000000.0,257000000.0,257000000.0,2604000000.0,269000000.0,0.898,5.109,5606000000.0,1607000000.0,3999000000.0,5606000000.0,0.0,162000000.0,0.0,0.033,0.769,398000000.0,560000000.0,0.129,560000000.0,398000000.0,328000000.0,1.7,1.65,1.7,2281000000.0,,2281000000.0,19687565102.0,11.0,7.939,225000000.0,1.44,1.0,1746000000.0,0.401,5432000000.0,70000000.0,8251000000.0,,2640000000.0,0.0,0.0,0.0,11653000000.0,5600000000.0,6053000000.0,14628565102.0,-172000000.0,1000000.0,-119000000.0,98000000.0,-125000000.0,-396000000.0,-170000000.0,0.0,392000000.0,2000000.0,269000000.0,266000000.0,266000000.0,0.0,0.0,0.061,1369000000.0,377000000.0,1142000000.0,0.452,6.413,11.455,11.609,3230000000.0,3000000.0,93.45,0.806,0.804,1806000000.0,,4350000000.0,4350000000.0,0.0,,,,,0.0,1370000000.0,1.0,156538952.0,156200000.0,162600000.0,27.849,8502000000.0,0.0,59000000.0,530000000.0,54.43,-570000000.0
46,HSH,MRQ,2002-12-31,2002-12-28,2002-12-28,2021-08-25,0.0,14060000000.0,,5187000000.0,8873000000.0,,13.959,-177000000.0,429000000.0,429000000.0,2874000000.0,348000000.0,0.974,5.432,5488000000.0,1212000000.0,4276000000.0,5488000000.0,0.0,166000000.0,0.0,0.027,0.769,489000000.0,655000000.0,0.137,655000000.0,489000000.0,421000000.0,2.2,2.1,2.2,2186000000.0,,2186000000.0,22695500703.0,12.0,9.279,520000000.0,3.321,1.0,1902000000.0,0.398,5417000000.0,68000000.0,8374000000.0,,2482000000.0,0.0,0.0,0.0,11874000000.0,5328000000.0,6546000000.0,17270500703.0,219000000.0,29000000.0,37000000.0,-248000000.0,-126000000.0,-337000000.0,-150000000.0,0.0,697000000.0,9000000.0,348000000.0,346000000.0,346000000.0,0.0,0.0,0.072,1431000000.0,471000000.0,1185000000.0,0.35,7.901,13.653,13.931,3185000000.0,2000000.0,110.75,0.959,0.963,1913000000.0,,4776000000.0,4776000000.0,0.0,,,,,0.0,1434000000.0,1.0,155941316.0,156600000.0,163600000.0,30.498,8643000000.0,0.0,73000000.0,532000000.0,55.192,-141000000.0
47,HSH,MRQ,2002-09-30,2002-09-28,2002-09-28,2021-08-25,0.0,13692000000.0,,4959000000.0,8733000000.0,,11.368,-132000000.0,210000000.0,210000000.0,2752000000.0,308000000.0,0.869,6.701,5635000000.0,1678000000.0,3957000000.0,5635000000.0,0.0,152000000.0,0.0,0.032,0.769,444000000.0,596000000.0,0.131,596000000.0,444000000.0,377000000.0,1.95,1.9,1.95,1778000000.0,,1778000000.0,19772184080.0,12.0,8.979,42000000.0,0.269,1.0,1782000000.0,0.393,5357000000.0,67000000.0,8052000000.0,,2495000000.0,0.0,0.0,0.0,11914000000.0,5708000000.0,6206000000.0,14555184080.0,-88000000.0,13000000.0,-115000000.0,92000000.0,-121000000.0,-144000000.0,-115000000.0,0.0,174000000.0,-3000000.0,308000000.0,306000000.0,306000000.0,0.0,0.0,0.067,1357000000.0,425000000.0,1171000000.0,0.394,8.186,13.515,13.807,3129000000.0,2000000.0,93.2,0.813,0.814,1911000000.0,,4534000000.0,4534000000.0,0.0,,,,,0.0,1366000000.0,1.0,156171503.0,156400000.0,162800000.0,28.99,8335000000.0,0.0,69000000.0,562000000.0,53.293,-749000000.0
48,HSH,MRQ,2002-06-30,2002-06-29,2002-06-29,2021-08-25,-1470000000.0,13694000000.0,,4923000000.0,8771000000.0,,7.075,-275000000.0,298000000.0,298000000.0,2645000000.0,351000000.0,0.912,10.768,5559000000.0,1202000000.0,4357000000.0,5559000000.0,0.0,159000000.0,0.0,0.029,0.744,510000000.0,669000000.0,0.149,669000000.0,510000000.0,430000000.0,2.2,2.15,2.2,1110000000.0,,1110000000.0,21579972218.0,14.0,10.42,530000000.0,3.378,1.0,1850000000.0,0.412,5420000000.0,80000000.0,8135000000.0,,2509000000.0,0.0,0.0,0.0,11952000000.0,5400000000.0,6552000000.0,16191972218.0,-363000000.0,20000000.0,-19000000.0,-804000000.0,-122000000.0,-945000000.0,-241000000.0,0.0,805000000.0,18000000.0,351000000.0,359000000.0,359000000.0,0.0,0.0,0.08,1374000000.0,476000000.0,1359000000.0,0.338,14.587,16.032,16.252,3155000000.0,-8000000.0,103.2,0.919,0.919,1768000000.0,3168000000.0,4495000000.0,4495000000.0,0.0,,,,,0.0,1387000000.0,1.0,156898956.0,156898956.0,,28.649,8274000000.0,4000000.0,79000000.0,224000000.0,52.735,-477000000.0
49,HSH,MRQ,2002-03-31,2002-03-30,2002-03-30,2021-08-25,0.0,13742000000.0,,5229000000.0,8513000000.0,,9.326,-170000000.0,661000000.0,661000000.0,2573000000.0,257000000.0,0.889,8.374,6049000000.0,1747000000.0,4302000000.0,6049000000.0,0.0,149000000.0,0.0,0.028,0.744,377000000.0,526000000.0,0.125,526000000.0,377000000.0,307000000.0,1.6,1.55,1.6,1466000000.0,,1466000000.0,21652738979.0,11.0,8.302,144000000.0,0.916,1.0,1627000000.0,0.387,5290000000.0,70000000.0,7956000000.0,,2452000000.0,0.0,0.0,0.0,12276000000.0,5884000000.0,6392000000.0,16304738979.0,280000000.0,-49000000.0,-30000000.0,342000000.0,-122000000.0,190000000.0,-220000000.0,0.0,314000000.0,-4000000.0,257000000.0,254000000.0,254000000.0,0.0,0.0,0.06,1269000000.0,358000000.0,1181000000.0,0.465,11.122,9.985,10.176,3024000000.0,3000000.0,103.8,0.956,0.956,1789000000.0,,4200000000.0,4200000000.0,0.0,,,,,0.0,1271000000.0,1.0,157078410.0,157200000.0,163800000.0,26.718,8452000000.0,0.0,50000000.0,510000000.0,53.766,-655000000.0
50,HSH,MRQ,2001-12-31,2001-12-29,2001-12-29,2021-08-25,0.0,13486000000.0,,5021000000.0,8465000000.0,,8.599,-129000000.0,381000000.0,381000000.0,2891000000.0,160000000.0,0.955,8.99,5729000000.0,961000000.0,4768000000.0,5729000000.0,0.0,145000000.0,0.0,0.026,0.744,266000000.0,411000000.0,0.088,411000000.0,266000000.0,186000000.0,1.0,1.0,1.0,1350000000.0,,1350000000.0,23474135525.0,11.0,9.042,651000000.0,4.146,1.0,1794000000.0,0.383,5239000000.0,80000000.0,8335000000.0,,2475000000.0,0.0,0.0,0.0,12136000000.0,5260000000.0,6876000000.0,17468135525.0,20000000.0,20000000.0,28000000.0,-527000000.0,-122000000.0,-621000000.0,-132000000.0,0.0,780000000.0,-7000000.0,160000000.0,158000000.0,158000000.0,0.0,0.0,0.034,1548000000.0,246000000.0,1317000000.0,0.744,12.939,10.803,11.095,2999000000.0,2000000.0,111.5,1.033,1.036,1835000000.0,,4685000000.0,4685000000.0,0.0,,,,,0.0,1360000000.0,1.0,156664893.0,157000000.0,163800000.0,29.841,8247000000.0,0.0,26000000.0,493000000.0,52.529,-239000000.0
51,HSH,MRQ,2001-09-30,2001-09-29,2001-09-29,2021-08-25,0.0,13937000000.0,,5409000000.0,8528000000.0,,8.033,-95000000.0,361000000.0,361000000.0,2713000000.0,242000000.0,0.922,10.079,6367000000.0,1580000000.0,4787000000.0,6367000000.0,0.0,129000000.0,0.0,0.027,0.744,336000000.0,465000000.0,0.109,465000000.0,336000000.0,262000000.0,1.55,1.5,1.55,1258000000.0,,1258000000.0,19361300939.0,7.0,5.888,-259000000.0,-1.654,1.0,1535000000.0,0.361,5080000000.0,74000000.0,8996000000.0,,2689000000.0,0.0,0.0,0.0,12679000000.0,5867000000.0,6812000000.0,16688300939.0,-187000000.0,-1785000000.0,-8000000.0,1972000000.0,-118000000.0,1846000000.0,-1882000000.0,0.0,-164000000.0,13000000.0,242000000.0,239000000.0,239000000.0,0.0,0.0,0.056,1222000000.0,313000000.0,1439000000.0,0.48,13.266,7.404,7.69,3117000000.0,3000000.0,106.5,0.983,0.982,1994000000.0,,4248000000.0,4248000000.0,0.0,,,,,0.0,1218000000.0,1.0,156697661.0,156600000.0,163200000.0,27.126,8857000000.0,0.0,20000000.0,543000000.0,56.558,-458000000.0
52,HSH,MRQ,2001-06-30,2001-06-30,2001-06-30,2021-08-25,-1521000000.0,10167000000.0,,5083000000.0,5084000000.0,,3.001,-184000000.0,548000000.0,548000000.0,2568000000.0,973000000.0,1.025,18.199,3221000000.0,581000000.0,2640000000.0,3221000000.0,0.0,137000000.0,0.0,0.03,0.713,1069000000.0,1206000000.0,0.307,1206000000.0,1069000000.0,1010000000.0,6.05,5.85,6.05,497000000.0,,497000000.0,18773296748.0,7.0,5.549,578000000.0,3.491,1.0,1359000000.0,0.346,2674000000.0,59000000.0,5208000000.0,,2582000000.0,0.0,0.0,0.0,9045000000.0,4958000000.0,4087000000.0,15681296748.0,-58000000.0,174000000.0,-115000000.0,-451000000.0,-119000000.0,-807000000.0,-7000000.0,0.0,762000000.0,-6000000.0,973000000.0,982000000.0,982000000.0,0.0,0.0,0.25,521000000.0,838000000.0,1505000000.0,0.118,31.552,6.92,6.887,2146000000.0,-9000000.0,94.7,0.943,0.943,1538000000.0,2635000000.0,3927000000.0,3927000000.0,0.0,,,,,0.0,960000000.0,1.0,165589195.0,165589195.0,,23.715,7493000000.0,0.0,37000000.0,751000000.0,45.251,125000000.0
53,HSH,MRQ,2001-03-31,2001-03-31,2001-03-31,2021-08-25,0.0,10974000000.0,,5670000000.0,5304000000.0,,9.559,-119000000.0,606000000.0,606000000.0,2519000000.0,241000000.0,1.147,5.932,3698000000.0,945000000.0,2753000000.0,3698000000.0,0.0,142000000.0,0.0,0.026,0.713,372000000.0,514000000.0,0.127,514000000.0,372000000.0,312000000.0,1.45,1.4,1.45,1583000000.0,,1583000000.0,21133210221.0,10.0,7.475,104000000.0,0.628,1.0,1525000000.0,0.377,3204000000.0,60000000.0,5920000000.0,,2716000000.0,0.0,0.0,0.0,9391000000.0,4942000000.0,4449000000.0,17848210221.0,-129000000.0,45000000.0,9000000.0,-170000000.0,-122000000.0,-283000000.0,-55000000.0,0.0,223000000.0,-14000000.0,241000000.0,238000000.0,238000000.0,0.0,0.0,0.059,1188000000.0,337000000.0,1330000000.0,0.492,11.275,11.113,11.298,2100000000.0,3000000.0,107.9,1.071,1.072,1691000000.0,,4044000000.0,4044000000.0,0.0,,,,,0.0,1188000000.0,1.0,165414367.0,165600000.0,173000000.0,24.42,7770000000.0,0.0,71000000.0,475000000.0,46.92,728000000.0
54,HSH,MRQ,2000-12-31,2000-12-30,2000-12-30,2021-08-25,0.0,11532000000.0,,6033000000.0,5499000000.0,,9.139,-113000000.0,735000000.0,735000000.0,2742000000.0,798000000.0,1.165,6.602,4020000000.0,875000000.0,3145000000.0,4020000000.0,0.0,162000000.0,0.0,0.022,0.713,941000000.0,1103000000.0,0.232,1103000000.0,941000000.0,872000000.0,4.8,4.6,4.8,1517000000.0,,1517000000.0,25546559948.0,11.0,8.87,531000000.0,3.199,1.0,2015000000.0,0.424,3359000000.0,69000000.0,6279000000.0,,2752000000.0,0.0,0.0,0.0,10015000000.0,5179000000.0,4836000000.0,20479559948.0,510000000.0,1607000000.0,-192000000.0,-1420000000.0,-126000000.0,-1616000000.0,1473000000.0,0.0,644000000.0,9000000.0,798000000.0,795000000.0,795000000.0,-647000000.0,0.0,0.167,1525000000.0,490000000.0,1405000000.0,0.149,13.5,12.587,12.793,2140000000.0,3000000.0,122.812,1.22,1.214,1812000000.0,,4757000000.0,4757000000.0,0.0,,,,,0.0,1525000000.0,1.0,166754687.0,166000000.0,173800000.0,28.657,8173000000.0,0.0,74000000.0,437000000.0,49.235,854000000.0
55,HSH,MRQ,2000-09-30,2000-09-30,2000-09-30,2021-08-25,0.0,11733000000.0,,6071000000.0,5662000000.0,,6.1,-116000000.0,225000000.0,225000000.0,2600000000.0,254000000.0,0.962,10.436,5292000000.0,2326000000.0,2966000000.0,5292000000.0,0.0,158000000.0,0.0,0.027,0.713,402000000.0,560000000.0,0.126,560000000.0,402000000.0,320000000.0,1.5,1.45,1.5,1026000000.0,,1026000000.0,21439566662.0,11.0,8.576,-249000000.0,-1.48,1.0,1855000000.0,0.416,3372000000.0,82000000.0,7114000000.0,,2999000000.0,0.0,0.0,0.0,10707000000.0,6314000000.0,4393000000.0,17070566662.0,-89000000.0,-242000000.0,-241000000.0,760000000.0,-119000000.0,400000000.0,-346000000.0,0.0,-133000000.0,-10000000.0,254000000.0,251000000.0,251000000.0,-16000000.0,0.0,0.056,1489000000.0,366000000.0,1518000000.0,0.475,16.638,14.015,14.509,2290000000.0,3000000.0,101.562,1.024,1.025,1826000000.0,,4455000000.0,4455000000.0,0.0,,,,,0.0,1489000000.0,1.0,168079426.0,168200000.0,175400000.0,26.486,8361000000.0,0.0,66000000.0,208000000.0,49.709,-243000000.0
56,HSH,MRQ,2000-06-30,2000-07-01,2000-07-01,2021-08-25,-1146000000.0,11611000000.0,,5974000000.0,5637000000.0,,3.553,-196000000.0,314000000.0,314000000.0,2646000000.0,313000000.0,0.884,16.791,4683000000.0,2435000000.0,2248000000.0,4683000000.0,0.0,157000000.0,0.0,0.027,0.662,493000000.0,650000000.0,0.191,650000000.0,493000000.0,416000000.0,1.8,1.75,1.8,618000000.0,,618000000.0,20694517998.0,11.0,8.328,603000000.0,3.467,1.0,760000000.0,0.223,2853000000.0,77000000.0,6368000000.0,,2951000000.0,0.0,0.0,0.0,10377000000.0,6759000000.0,3618000000.0,16793517998.0,17000000.0,-287000000.0,-420000000.0,251000000.0,-123000000.0,-292000000.0,-481000000.0,0.0,799000000.0,-9000000.0,313000000.0,322000000.0,322000000.0,-20000000.0,0.0,0.095,308000000.0,452000000.0,1762000000.0,0.368,27.174,13.743,13.995,2319000000.0,-9000000.0,96.562,1.021,1.021,1764000000.0,2393000000.0,3406000000.0,3406000000.0,0.0,,,,,0.0,308000000.0,1.0,173913455.0,173913455.0,,19.584,8758000000.0,0.0,103000000.0,307000000.0,50.358,-785000000.0
57,HSH,MRQ,2000-03-31,2000-04-01,2000-04-01,2021-08-25,0.0,11437000000.0,,5406000000.0,6031000000.0,,8.235,-199000000.0,297000000.0,297000000.0,2407000000.0,262000000.0,0.858,6.909,4198000000.0,2035000000.0,2163000000.0,4198000000.0,0.0,157000000.0,0.0,0.029,0.662,410000000.0,567000000.0,0.136,567000000.0,410000000.0,349000000.0,1.5,1.45,1.5,1446000000.0,,1446000000.0,19621806150.0,11.0,8.262,78000000.0,0.444,1.0,1768000000.0,0.423,3543000000.0,61000000.0,5493000000.0,,2895000000.0,0.0,0.0,0.0,9991000000.0,6302000000.0,3689000000.0,15991806150.0,-6000000.0,4000000.0,-331000000.0,355000000.0,-122000000.0,-98000000.0,-192000000.0,0.0,277000000.0,7000000.0,262000000.0,259000000.0,259000000.0,-13000000.0,0.0,0.062,1388000000.0,380000000.0,1591000000.0,0.441,11.059,13.382,13.333,2488000000.0,3000000.0,90.0,1.031,1.019,1881000000.0,,4175000000.0,4175000000.0,0.0,,,,,0.0,1388000000.0,1.0,177686735.0,175600000.0,182200000.0,23.776,7894000000.0,0.0,87000000.0,151000000.0,44.954,-896000000.0
58,HSH,MRQ,1999-12-31,2000-01-01,2000-01-01,2021-08-25,0.0,11418000000.0,,5410000000.0,6008000000.0,,9.791,-139000000.0,303000000.0,303000000.0,2616000000.0,389000000.0,0.911,5.581,3933000000.0,1701000000.0,2232000000.0,3933000000.0,0.0,140000000.0,0.0,0.023,0.662,583000000.0,723000000.0,0.156,723000000.0,583000000.0,523000000.0,2.2,2.1,2.2,1735000000.0,,1735000000.0,23183019367.0,13.0,9.861,430000000.0,2.427,1.0,2018000000.0,0.435,3519000000.0,60000000.0,5588000000.0,,2714000000.0,0.0,0.0,0.0,9683000000.0,5941000000.0,3742000000.0,19482019367.0,134000000.0,-262000000.0,-141000000.0,257000000.0,-121000000.0,-5000000.0,-398000000.0,0.0,569000000.0,-32000000.0,389000000.0,386000000.0,386000000.0,-14000000.0,0.0,0.083,1468000000.0,550000000.0,1577000000.0,0.301,11.229,16.538,16.714,2489000000.0,3000000.0,110.312,1.218,1.222,2021000000.0,,4634000000.0,4634000000.0,0.0,,,,,0.0,1468000000.0,1.0,176607541.0,177200000.0,184800000.0,26.151,7899000000.0,0.0,134000000.0,123000000.0,44.577,-531000000.0
59,HSH,MRQ,1999-09-30,1999-10-02,1999-10-02,2021-08-25,0.0,10917000000.0,,5250000000.0,5667000000.0,,8.212,-113000000.0,169000000.0,169000000.0,2455000000.0,258000000.0,0.889,6.545,3870000000.0,1730000000.0,2140000000.0,3870000000.0,0.0,148000000.0,0.0,0.022,0.662,397000000.0,545000000.0,0.129,545000000.0,397000000.0,343000000.0,1.45,1.4,1.45,1447000000.0,,1447000000.0,23385808034.0,13.0,10.275,-218000000.0,-1.237,1.0,1784000000.0,0.421,3426000000.0,54000000.0,5288000000.0,,2751000000.0,0.0,0.0,0.0,9470000000.0,5904000000.0,3566000000.0,20269808034.0,-110000000.0,-113000000.0,-56000000.0,382000000.0,-119000000.0,207000000.0,-225000000.0,0.0,-105000000.0,13000000.0,258000000.0,255000000.0,255000000.0,-17000000.0,0.0,0.06,1423000000.0,361000000.0,1482000000.0,0.457,14.008,18.245,18.648,2241000000.0,3000000.0,114.688,1.217,1.214,1998000000.0,,4239000000.0,4239000000.0,0.0,,,,,0.0,1423000000.0,1.0,176739471.0,176200000.0,183800000.0,24.058,7491000000.0,0.0,85000000.0,68000000.0,42.514,-654000000.0
60,HSH,MRQ,1999-06-30,1999-07-03,1999-07-03,2021-08-25,-1006000000.0,10292000000.0,,5034000000.0,5258000000.0,,3.677,-205000000.0,279000000.0,279000000.0,866000000.0,286000000.0,0.881,13.822,3344000000.0,1452000000.0,1892000000.0,3344000000.0,0.0,114000000.0,0.0,0.022,0.613,426000000.0,540000000.0,0.22,540000000.0,426000000.0,362000000.0,1.6,1.55,1.6,653000000.0,,653000000.0,23344311070.0,13.0,9.727,554000000.0,3.119,1.0,1594000000.0,0.648,2908000000.0,64000000.0,4733000000.0,,2535000000.0,0.0,0.0,0.0,9026000000.0,5716000000.0,3310000000.0,20328311070.0,47000000.0,-30000000.0,-446000000.0,30000000.0,-117000000.0,-483000000.0,-231000000.0,0.0,759000000.0,2000000.0,286000000.0,295000000.0,295000000.0,-60000000.0,0.0,0.12,1253000000.0,341000000.0,1645000000.0,0.383,31.131,17.068,17.176,2024000000.0,-9000000.0,112.5,1.177,1.176,1611000000.0,1760000000.0,2460000000.0,2460000000.0,0.0,,,,,0.0,1253000000.0,1.0,180696098.0,177600000.0,183400000.0,13.851,7384000000.0,0.0,76000000.0,205000000.0,41.577,-682000000.0
61,HSH,MRQ,1999-03-31,1999-03-27,1999-03-27,2021-08-25,0.0,10580000000.0,,5059000000.0,5521000000.0,,9.341,-124000000.0,232000000.0,232000000.0,2818000000.0,245000000.0,0.888,5.271,3248000000.0,1250000000.0,1998000000.0,3248000000.0,0.0,139000000.0,0.0,0.018,0.613,404000000.0,543000000.0,0.116,543000000.0,404000000.0,345000000.0,1.35,1.3,1.35,1687000000.0,,1687000000.0,26713798354.0,14.0,10.811,172000000.0,0.952,1.0,1846000000.0,0.396,3525000000.0,59000000.0,4375000000.0,,2624000000.0,0.0,0.0,0.0,8893000000.0,5696000000.0,3197000000.0,23826798354.0,-78000000.0,18000000.0,-249000000.0,124000000.0,-118000000.0,-243000000.0,-105000000.0,0.0,296000000.0,-26000000.0,245000000.0,242000000.0,242000000.0,0.0,0.0,0.052,1466000000.0,380000000.0,1624000000.0,0.454,14.124,19.675,19.943,1996000000.0,3000000.0,130.625,1.375,1.361,1850000000.0,,4664000000.0,4664000000.0,0.0,,,,,0.0,1466000000.0,1.0,182406112.0,180600000.0,189400000.0,25.825,7055000000.0,0.0,100000000.0,39000000.0,39.064,-637000000.0
62,HSH,MRQ,1998-12-31,1998-12-26,1998-12-26,2021-08-25,0.0,11051000000.0,,5276000000.0,5775000000.0,,10.991,-122000000.0,310000000.0,310000000.0,3175000000.0,322000000.0,0.917,4.537,3197000000.0,1101000000.0,2096000000.0,3197000000.0,0.0,139000000.0,0.0,0.016,0.613,509000000.0,648000000.0,0.123,648000000.0,509000000.0,447000000.0,1.75,1.7,1.75,1996000000.0,,1996000000.0,29851288604.0,16.0,12.179,382000000.0,2.104,1.0,2111000000.0,0.399,3753000000.0,62000000.0,4432000000.0,,2644000000.0,0.0,0.0,0.0,9055000000.0,5753000000.0,3302000000.0,26946288604.0,88000000.0,-51000000.0,-197000000.0,68000000.0,-119000000.0,-248000000.0,-173000000.0,0.0,504000000.0,5000000.0,322000000.0,319000000.0,319000000.0,0.0,0.0,0.06,1625000000.0,486000000.0,1672000000.0,0.35,13.5,22.606,23.047,2022000000.0,3000000.0,147.5,1.549,1.539,1938000000.0,,5286000000.0,5286000000.0,0.0,,,,,0.0,1549000000.0,1.0,182686702.0,181600000.0,191000000.0,29.108,7298000000.0,0.0,125000000.0,36000000.0,40.187,-477000000.0
63,HSH,MRQ,1998-09-30,1998-09-26,1998-09-26,2021-08-25,0.0,11070000000.0,,5336000000.0,5734000000.0,,10.625,-84000000.0,222000000.0,222000000.0,3020000000.0,338000000.0,0.938,4.712,3127000000.0,864000000.0,2263000000.0,3127000000.0,0.0,141000000.0,0.0,0.017,0.613,528000000.0,669000000.0,0.138,669000000.0,528000000.0,476000000.0,1.85,1.75,1.85,1938000000.0,,1938000000.0,27797641685.0,-275.0,59.909,-40000000.0,-0.219,1.0,1840000000.0,0.379,3710000000.0,52000000.0,4574000000.0,,2840000000.0,0.0,0.0,0.0,9132000000.0,5691000000.0,3441000000.0,24993641685.0,-51000000.0,399000000.0,-276000000.0,-35000000.0,-110000000.0,-421000000.0,317000000.0,0.0,44000000.0,9000000.0,338000000.0,335000000.0,335000000.0,0.0,0.0,0.069,1473000000.0,367000000.0,1851000000.0,0.331,12.897,-61.109,-63.372,2024000000.0,3000000.0,136.25,1.437,1.429,1953000000.0,,4860000000.0,4860000000.0,0.0,,,,,0.0,1473000000.0,1.0,183439572.0,182400000.0,191800000.0,26.645,7360000000.0,0.0,138000000.0,33000000.0,40.351,-355000000.0
64,HSH,MRQ,1998-06-30,1998-06-27,1998-06-27,2021-08-25,-784000000.0,10784000000.0,,5297000000.0,5487000000.0,,6.797,-32000000.0,273000000.0,273000000.0,891000000.0,303000000.0,0.96,7.14,3061000000.0,791000000.0,2270000000.0,3061000000.0,0.0,147000000.0,0.0,0.016,0.562,464000000.0,611000000.0,0.243,611000000.0,464000000.0,404000000.0,1.6,1.6,1.6,1256000000.0,,1256000000.0,29775614003.0,-117.0,87.575,1175000000.0,6.358,1.0,1627000000.0,0.646,3543000000.0,60000000.0,4513000000.0,,2779000000.0,0.0,0.0,0.0,8968000000.0,5516000000.0,3452000000.0,26448614003.0,100000000.0,-66000000.0,-455000000.0,-443000000.0,-111000000.0,-1009000000.0,-97000000.0,0.0,1207000000.0,-1000000.0,303000000.0,315000000.0,315000000.0,-52000000.0,0.0,0.125,1226000000.0,401000000.0,1854000000.0,0.351,21.058,-50.571,-49.671,1944000000.0,-12000000.0,141.562,1.518,1.526,1676000000.0,2036000000.0,2518000000.0,2518000000.0,0.0,,,,,0.0,1228000000.0,1.0,186833476.0,184800000.0,184800000.0,13.626,7241000000.0,0.0,101000000.0,413000000.0,39.183,-219000000.0
65,HSH,MRQ,1998-03-31,1998-03-28,1998-03-28,2021-08-25,0.0,11167000000.0,,5285000000.0,5882000000.0,,10.749,-98000000.0,173000000.0,173000000.0,2904000000.0,227000000.0,0.895,4.561,3500000000.0,1420000000.0,2080000000.0,3500000000.0,0.0,139000000.0,0.0,0.014,0.562,384000000.0,523000000.0,0.11,523000000.0,384000000.0,329000000.0,1.2,1.15,1.2,2008000000.0,,2008000000.0,32201367206.0,-123.0,90.2,188000000.0,1.006,1.0,1832000000.0,0.387,3745000000.0,55000000.0,4841000000.0,,2963000000.0,0.0,0.0,0.0,9159000000.0,5908000000.0,3251000000.0,29277367206.0,-64000000.0,-56000000.0,-432000000.0,353000000.0,-114000000.0,-193000000.0,-155000000.0,0.0,286000000.0,-2000000.0,227000000.0,223000000.0,223000000.0,0.0,0.0,0.047,1459000000.0,373000000.0,1595000000.0,0.468,14.58,-51.91,-50.717,2137000000.0,4000000.0,154.688,1.476,1.457,1843000000.0,,4736000000.0,4736000000.0,0.0,,,,,0.0,1459000000.0,1.0,189267828.0,186800000.0,197600000.0,25.353,7422000000.0,0.0,102000000.0,40000000.0,39.732,-623000000.0
66,HSH,MRQ,1997-12-31,1997-12-27,1997-12-27,2021-08-25,0.0,11153000000.0,,5303000000.0,5850000000.0,,12.556,-113000000.0,237000000.0,237000000.0,3259000000.0,-1278000000.0,0.94,3.7,3161000000.0,1141000000.0,2020000000.0,3161000000.0,0.0,138000000.0,0.0,0.015,0.562,-1477000000.0,-1339000000.0,-0.254,-1339000000.0,-1477000000.0,-1538000000.0,-6.8,-6.8,-6.8,2373000000.0,,2373000000.0,,,,490000000.0,2.593,1.0,2020000000.0,0.383,3699000000.0,61000000.0,4734000000.0,,2841000000.0,0.0,0.0,0.0,8780000000.0,5644000000.0,3136000000.0,26763653860.0,64000000.0,378000000.0,-444000000.0,-248000000.0,-115000000.0,-807000000.0,271000000.0,0.0,603000000.0,-3000000.0,-1278000000.0,-1282000000.0,-1282000000.0,0.0,0.0,-0.243,3514000000.0,-1494000000.0,1610000000.0,-0.083,11.278,-45.516,-44.189,2151000000.0,4000000.0,141.406,1.355,1.353,1925000000.0,,5279000000.0,5279000000.0,0.0,,,,,0.0,1474000000.0,1.0,189267828.0,189000000.0,189000000.0,27.931,7454000000.0,0.0,-260000000.0,41000000.0,39.439,-341000000.0
67,HSH,MRQ,1997-09-30,1997-09-27,1997-09-27,2021-08-25,,,,,,,,-91000000.0,,,3074000000.0,225000000.0,,,,,,,,171000000.0,,0.016,0.562,374000000.0,545000000.0,0.111,545000000.0,374000000.0,326000000.0,1.15,1.1,1.15,,,,,,,-252000000.0,-1.318,1.0,1819000000.0,0.372,,48000000.0,,,,,,,,,,,-99000000.0,-198000000.0,-83000000.0,749000000.0,-107000000.0,359000000.0,-294000000.0,0.0,-161000000.0,-3000000.0,225000000.0,221000000.0,221000000.0,0.0,0.0,0.045,1454000000.0,365000000.0,,0.489,,,24.551,,4000000.0,128.281,,1.242,,,4893000000.0,4893000000.0,0.0,,,,,0.0,1454000000.0,1.0,,191200000.0,200400000.0,25.591,,,101000000.0,,,
68,HSH,MRQ,1997-06-30,1997-06-28,1997-06-28,2021-08-25,-618000000.0,12953000000.0,,5391000000.0,7562000000.0,,19.65,-138000000.0,272000000.0,272000000.0,3049000000.0,280000000.0,1.075,2.308,2664000000.0,731000000.0,1933000000.0,2664000000.0,0.0,170000000.0,0.0,0.017,0.512,458000000.0,628000000.0,0.127,628000000.0,458000000.0,412000000.0,1.4,1.4,1.4,3757000000.0,,3757000000.0,,,,669000000.0,3.499,1.0,1881000000.0,0.382,4483000000.0,46000000.0,5846000000.0,,2973000000.0,0.0,0.0,0.0,8673000000.0,5016000000.0,3657000000.0,,42000000.0,-120000000.0,-33000000.0,-259000000.0,-109000000.0,-501000000.0,-263000000.0,0.0,807000000.0,-1000000.0,280000000.0,274000000.0,274000000.0,0.0,0.0,0.056,1436000000.0,445000000.0,1703000000.0,0.366,,,20.619,3079000000.0,6000000.0,105.156,,1.022,0.0,4274000000.0,4930000000.0,4930000000.0,0.0,,,,,0.0,1436000000.0,1.0,,191200000.0,199600000.0,25.785,8470000000.0,0.0,132000000.0,724000000.0,44.299,375000000.0
69,HSH,MRQ,1997-03-31,1997-03-29,1997-03-29,2021-08-25,,,,,,,,-117000000.0,,,2892000000.0,206000000.0,,,,,,,,169000000.0,,0.017,0.512,350000000.0,519000000.0,0.112,519000000.0,350000000.0,302000000.0,1.05,1.0,1.05,,,,,,,145000000.0,0.758,1.0,1757000000.0,0.378,,48000000.0,,,,,,,,,,,-46000000.0,-46000000.0,-51000000.0,24000000.0,-110000000.0,-137000000.0,-162000000.0,0.0,262000000.0,-9000000.0,206000000.0,199000000.0,199000000.0,0.0,0.0,0.043,1416000000.0,341000000.0,,0.488,,,,,7000000.0,105.625,,,,,4649000000.0,4649000000.0,0.0,,,,,0.0,1416000000.0,1.0,,191200000.0,200400000.0,24.315,,,96000000.0,,,
70,HSH,MRQ,1996-12-31,1996-12-28,1996-12-28,2021-08-25,,,,,,,,,,,3249000000.0,317000000.0,,,,,,,,,,0.013,0.512,521000000.0,,,,521000000.0,467000000.0,1.625,1.55,1.625,,,,,,,,,1.0,2020000000.0,0.383,,54000000.0,,,,,,,,,,,,,,,,,,,,,317000000.0,311000000.0,311000000.0,0.0,0.0,0.059,1509000000.0,511000000.0,,0.315,,,,,6000000.0,95.938,,,,,5269000000.0,5269000000.0,0.0,,,,,,1509000000.0,1.0,,192000000.0,201200000.0,27.443,,,150000000.0,,,
71,HSH,MRQ,1996-06-30,1996-06-29,1996-06-29,2021-08-25,-227000000.0,12602000000.0,,5081000000.0,7521000000.0,,,,243000000.0,243000000.0,,,1.095,2.181,2296000000.0,454000000.0,1842000000.0,2296000000.0,0.0,,0.0,0.006,0.475,,,,,,,,,,3797000000.0,,3797000000.0,,,,,,1.0,,,4514000000.0,,5499000000.0,,2807000000.0,0.0,0.0,0.0,8282000000.0,4642000000.0,3640000000.0,,,,,,,,,,,,,,,,,,,,1592000000.0,,,,,3007000000.0,,81.25,,,1728000000.0,3783000000.0,,,,,,,,,,1.0,,,,,8088000000.0,0.0,,641000000.0,,439000000.0
0,HSH,MRT,2014-06-30,2014-06-28,2014-06-28,2021-08-25,-149000000.0,2708000000.0,2538000000.0,1083000000.0,1625000000.0,1.61,5.194,-153000000.0,236000000.0,236000000.0,2920000000.0,213000000.0,1.339,3.251,944000000.0,105000000.0,839000000.0,944000000.0,0.0,155000000.0,0.0,0.011,0.7,316000000.0,471000000.0,0.115,471000000.0,316000000.0,268000000.0,1.73,1.72,1.73,637000000.0,574250000.0,637000000.0,8327197824.0,26.0,17.68,98000000.0,0.799,1.0,1165000000.0,0.285,692000000.0,48000000.0,1915000000.0,1972000000.0,330000000.0,87000000.0,87000000.0,0.0,2071000000.0,809000000.0,1262000000.0,7604197824.0,-164000000.0,-199000000.0,7000000.0,-20000000.0,-80000000.0,-80000000.0,-335000000.0,-33000000.0,251000000.0,0.0,213000000.0,213000000.0,213000000.0,0.0,0.0,0.052,859000000.0,306000000.0,365000000.0,0.405,11.938,35.7,35.838,839000000.0,0.0,62.0,1.861,1.861,232000000.0,607000000.0,4085000000.0,4085000000.0,0.0,0.084,0.371,0.16,0.077,0.0,845000000.0,1.0,122648352.0,122648352.0,,33.307,2016000000.0,188000000.0,55000000.0,0.0,16.437,274000000.0
1,HSH,MRT,2014-03-31,2014-03-29,2014-03-29,2021-08-25,0.0,2531000000.0,2469500000.0,1098000000.0,1433000000.0,1.613,4.886,-140000000.0,219000000.0,219000000.0,2848000000.0,227000000.0,1.502,3.211,942000000.0,102000000.0,840000000.0,942000000.0,0.0,157000000.0,0.0,0.018,0.65,312000000.0,469000000.0,0.118,469000000.0,312000000.0,262000000.0,1.85,1.81,1.85,601000000.0,536000000.0,601000000.0,5271497902.0,17.0,11.24,163000000.0,1.325,1.0,1135000000.0,0.285,505000000.0,50000000.0,2018000000.0,1954500000.0,300000000.0,170000000.0,170000000.0,0.0,1930000000.0,731000000.0,1199000000.0,4528497902.0,-197000000.0,-33000000.0,-17000000.0,-61000000.0,-73000000.0,-151000000.0,-347000000.0,-173000000.0,303000000.0,-2000000.0,227000000.0,227000000.0,227000000.0,-61000000.0,0.0,0.057,839000000.0,296000000.0,306000000.0,0.351,7.535,19.949,19.995,814000000.0,0.0,36.99,1.137,1.142,205000000.0,,3983000000.0,3983000000.0,0.0,0.092,0.424,0.16,0.078,0.0,822000000.0,1.0,122424923.0,123000000.0,,32.382,2026000000.0,162000000.0,35000000.0,0.0,16.472,367000000.0
2,HSH,MRT,2013-12-31,2013-12-28,2013-12-28,2021-08-25,0.0,2474000000.0,2458250000.0,1072000000.0,1402000000.0,1.608,4.618,-123000000.0,205000000.0,205000000.0,2826000000.0,278000000.0,1.536,3.356,948000000.0,108000000.0,840000000.0,948000000.0,0.0,158000000.0,0.0,0.018,0.6,352000000.0,510000000.0,0.129,510000000.0,352000000.0,301000000.0,2.26,2.22,2.26,568000000.0,491250000.0,568000000.0,4876232182.0,14.0,9.561,175000000.0,1.423,1.0,1126000000.0,0.285,507000000.0,51000000.0,2012000000.0,1909250000.0,276000000.0,192000000.0,192000000.0,0.0,1906000000.0,698000000.0,1208000000.0,4101232182.0,-100000000.0,47000000.0,-20000000.0,-51000000.0,-52000000.0,-123000000.0,-273000000.0,-193000000.0,298000000.0,-2000000.0,278000000.0,278000000.0,278000000.0,-10000000.0,0.0,0.07,841000000.0,285000000.0,266000000.0,0.265,7.22,14.753,14.752,811000000.0,0.0,33.34,1.038,1.038,221000000.0,,3952000000.0,3952000000.0,0.0,0.113,0.566,0.184,0.089,0.0,827000000.0,1.0,123012363.0,123000000.0,,32.13,1967000000.0,160000000.0,23000000.0,0.0,15.992,374000000.0
3,HSH,MRT,2013-09-30,2013-09-28,2013-09-28,2021-08-25,0.0,2439000000.0,2456500000.0,1084000000.0,1355000000.0,1.6,3.992,-129000000.0,176000000.0,176000000.0,2797000000.0,228000000.0,1.419,3.967,951000000.0,111000000.0,840000000.0,951000000.0,0.0,160000000.0,0.0,0.018,0.55,339000000.0,499000000.0,0.127,499000000.0,339000000.0,289000000.0,1.86,1.83,1.86,491000000.0,441000000.0,491000000.0,4355971528.0,13.0,8.729,178000000.0,1.447,1.0,1133000000.0,0.288,507000000.0,50000000.0,1943000000.0,1889500000.0,327000000.0,193000000.0,193000000.0,0.0,1948000000.0,764000000.0,1184000000.0,3804971528.0,-77000000.0,47000000.0,12000000.0,-50000000.0,-61000000.0,-99000000.0,-283000000.0,-193000000.0,307000000.0,-2000000.0,228000000.0,228000000.0,228000000.0,-4000000.0,0.0,0.058,865000000.0,268000000.0,304000000.0,0.296,7.749,16.688,16.591,809000000.0,0.0,30.86,0.968,0.966,223000000.0,,3930000000.0,3930000000.0,0.0,0.093,0.517,0.179,0.086,0.0,849000000.0,1.0,123297846.0,123000000.0,,31.951,1932000000.0,93000000.0,61000000.0,0.0,15.707,320000000.0
4,HSH,MRT,2013-06-30,2013-06-29,2013-06-29,2021-08-25,-141000000.0,2434000000.0,2459750000.0,1106000000.0,1328000000.0,1.594,3.933,-140000000.0,400000000.0,400000000.0,2758000000.0,252000000.0,1.648,4.029,951000000.0,19000000.0,932000000.0,951000000.0,0.0,166000000.0,0.0,0.015,0.5,372000000.0,538000000.0,0.137,538000000.0,372000000.0,324000000.0,2.05,2.04,2.05,484000000.0,396000000.0,484000000.0,4604264532.0,12.0,8.558,113000000.0,0.918,1.0,1162000000.0,0.296,469000000.0,48000000.0,1845000000.0,1881750000.0,313000000.0,0.0,0.0,0.0,1950000000.0,671000000.0,1279000000.0,4071264532.0,165000000.0,99000000.0,47000000.0,-46000000.0,-46000000.0,-45000000.0,-41000000.0,0.0,253000000.0,-2000000.0,252000000.0,252000000.0,252000000.0,0.0,0.0,0.064,865000000.0,297000000.0,295000000.0,0.244,8.412,16.156,16.137,818000000.0,0.0,33.08,1.039,1.039,219000000.0,477000000.0,3920000000.0,3920000000.0,0.0,0.102,0.636,0.198,0.095,0.0,855000000.0,1.0,123073293.0,123073293.0,,31.851,1965000000.0,109000000.0,72000000.0,0.0,15.966,435000000.0
5,HSH,MRT,2013-03-31,2013-03-30,2013-03-30,2021-08-25,0.0,2486000000.0,2463750000.0,1099000000.0,1387000000.0,1.6,3.431,-238000000.0,416000000.0,416000000.0,2773000000.0,810000000.0,1.548,4.891,949000000.0,19000000.0,930000000.0,949000000.0,0.0,203000000.0,0.0,0.017,0.605,913000000.0,1116000000.0,0.283,1116000000.0,913000000.0,868000000.0,6.77,6.77,6.77,422000000.0,333750000.0,422000000.0,4968227360.0,5.0,4.452,333000000.0,2.707,1.0,1168000000.0,0.296,472000000.0,45000000.0,1837000000.0,1882000000.0,316000000.0,0.0,0.0,0.0,2064000000.0,710000000.0,1354000000.0,4321227360.0,-2239000000.0,-1961000000.0,64000000.0,-518000000.0,-99000000.0,-538000000.0,-2214000000.0,-18000000.0,571000000.0,-58000000.0,810000000.0,810000000.0,810000000.0,62000000.0,0.0,0.206,945000000.0,223000000.0,275000000.0,0.089,10.24,5.335,5.192,824000000.0,0.0,35.15,1.096,1.097,206000000.0,,3941000000.0,3941000000.0,0.0,0.329,2.427,0.485,0.232,0.0,926000000.0,1.0,122936767.0,123000000.0,,32.041,2014000000.0,128000000.0,58000000.0,0.0,16.374,389000000.0
6,HSH,MRT,2012-12-31,2012-12-29,2012-12-29,2021-08-25,0.0,2467000000.0,3785750000.0,1030000000.0,1437000000.0,1.044,2.984,-437000000.0,299000000.0,299000000.0,2796000000.0,714000000.0,1.459,5.722,946000000.0,10000000.0,936000000.0,946000000.0,0.0,256000000.0,0.0,0.026,0.71,821000000.0,1077000000.0,0.273,1077000000.0,821000000.0,767000000.0,5.99,6.0,5.99,367000000.0,764500000.0,367000000.0,4054710339.0,5.0,3.765,-92000000.0,-0.748,1.0,1156000000.0,0.293,475000000.0,54000000.0,1933000000.0,2099000000.0,292000000.0,0.0,0.0,0.0,2100000000.0,706000000.0,1394000000.0,3360710339.0,-2446000000.0,-1456000000.0,87000000.0,-872000000.0,-167000000.0,-937000000.0,-1884000000.0,6000000.0,345000000.0,30000000.0,714000000.0,714000000.0,714000000.0,11000000.0,0.0,0.181,944000000.0,212000000.0,266000000.0,0.119,9.157,4.707,4.589,829000000.0,0.0,27.49,0.85,0.856,229000000.0,,3952000000.0,3952000000.0,0.0,0.189,0.934,0.391,0.208,0.0,923000000.0,1.0,122252104.0,123000000.0,,32.13,1992000000.0,151000000.0,53000000.0,0.0,16.195,324000000.0
7,HSH,MRT,2012-09-30,2012-09-29,2012-09-29,2021-08-25,0.0,2452000000.0,5215500000.0,1012000000.0,1440000000.0,0.756,2.549,-482000000.0,253000000.0,253000000.0,2823000000.0,1119000000.0,1.339,6.884,947000000.0,5000000.0,942000000.0,947000000.0,0.0,282000000.0,0.0,0.03,0.815,1197000000.0,1479000000.0,0.375,1479000000.0,1197000000.0,1132000000.0,9.42,9.41,9.42,311000000.0,1173750000.0,311000000.0,3977466784.0,3.0,2.689,-8000000.0,-0.066,1.0,1122000000.0,0.284,478000000.0,65000000.0,1912000000.0,2606500000.0,328000000.0,0.0,0.0,0.0,2141000000.0,756000000.0,1385000000.0,3268466784.0,-1432000000.0,-18000000.0,82000000.0,-1219000000.0,-203000000.0,-1325000000.0,-482000000.0,13000000.0,474000000.0,-99000000.0,1118000000.0,1118000000.0,1118000000.0,4000000.0,1000000.0,0.283,986000000.0,136000000.0,322000000.0,0.087,10.51,2.923,2.843,843000000.0,0.0,26.78,0.829,0.828,236000000.0,,3945000000.0,3945000000.0,0.0,0.214,0.953,0.459,0.303,0.0,925000000.0,1.0,122048797.0,122000000.0,,32.336,1974000000.0,179000000.0,14000000.0,0.0,16.18,256000000.0
8,HSH,MRT,2012-06-30,2012-06-30,2012-06-30,2021-08-25,-144000000.0,2450000000.0,6865500000.0,1002000000.0,1448000000.0,0.577,1.98,-502000000.0,235000000.0,235000000.0,2857000000.0,848000000.0,1.203,9.426,944000000.0,5000000.0,939000000.0,944000000.0,0.0,312000000.0,0.0,0.032,0.92,907000000.0,1219000000.0,0.308,1219000000.0,907000000.0,830000000.0,7.13,7.13,7.13,235000000.0,1497750000.0,235000000.0,2911767631.0,3.0,2.389,-253000000.0,-2.132,1.0,1101000000.0,0.278,480000000.0,77000000.0,1846000000.0,3487500000.0,288000000.0,0.0,0.0,0.0,2215000000.0,833000000.0,1382000000.0,3440767631.0,-1831000000.0,-50000000.0,84000000.0,-1164000000.0,-271000000.0,-1346000000.0,-521000000.0,31000000.0,249000000.0,-213000000.0,845000000.0,845000000.0,845000000.0,0.0,3000000.0,0.213,1025000000.0,76000000.0,359000000.0,0.129,14.642,4.072,4.066,847000000.0,0.0,28.99,0.869,0.869,248000000.0,295000000.0,3958000000.0,3958000000.0,0.0,0.123,0.564,0.26,0.229,0.0,930000000.0,1.0,118688087.0,118688087.0,,33.348,1970000000.0,202000000.0,-15000000.0,0.0,16.598,169000000.0
9,HSH,MRT,2012-03-31,2012-03-31,2012-03-31,2021-08-25,0.0,7774000000.0,8623500000.0,4660000000.0,3114000000.0,0.157,18.025,-474000000.0,2655000000.0,2655000000.0,1227000000.0,338000000.0,1.316,2.624,2126000000.0,1172000000.0,954000000.0,2126000000.0,0.0,331000000.0,0.0,0.011,1.15,292000000.0,623000000.0,0.461,623000000.0,292000000.0,220000000.0,2.94,2.93,2.94,2145000000.0,1905000000.0,2145000000.0,12432984092.0,43.0,19.957,-459000000.0,-3.857,1.0,125000000.0,0.092,999000000.0,72000000.0,2705000000.0,4751000000.0,907000000.0,0.0,0.0,0.0,5629000000.0,3541000000.0,2088000000.0,12736984092.0,523000000.0,2251000000.0,94000000.0,-1019000000.0,-271000000.0,-1206000000.0,1835000000.0,58000000.0,15000000.0,-121000000.0,333000000.0,333000000.0,333000000.0,0.0,5000000.0,0.246,320000000.0,-195000000.0,693000000.0,0.391,5.938,38.249,36.616,1300000000.0,0.0,107.65,9.421,9.475,734000000.0,,1352000000.0,1352000000.0,0.0,0.039,0.175,0.061,0.216,0.0,230000000.0,1.0,118318477.0,119000000.0,,11.361,6775000000.0,174000000.0,-113000000.0,826000000.0,56.933,1119000000.0
10,HSH,MRT,2011-12-31,2011-12-31,2011-12-31,2021-08-25,0.0,8186000000.0,9083000000.0,5257000000.0,2929000000.0,0.251,16.983,-340000000.0,2751000000.0,2751000000.0,1778000000.0,497000000.0,1.707,3.085,2447000000.0,512000000.0,1935000000.0,2447000000.0,0.0,331000000.0,0.0,0.015,1.38,498000000.0,829000000.0,0.364,829000000.0,498000000.0,423000000.0,4.21,4.2,4.21,2004000000.0,1755250000.0,2004000000.0,12308876669.0,25.0,14.848,-93000000.0,-0.788,1.0,499000000.0,0.219,839000000.0,75000000.0,3963000000.0,5258500000.0,917000000.0,0.0,0.0,0.0,6182000000.0,3080000000.0,3102000000.0,11176876669.0,600000000.0,1860000000.0,-582000000.0,-375000000.0,-203000000.0,-1170000000.0,1590000000.0,70000000.0,247000000.0,-67000000.0,489000000.0,489000000.0,489000000.0,0.0,8000000.0,0.215,554000000.0,-55000000.0,728000000.0,0.328,5.577,22.857,22.47,1291000000.0,0.0,94.6,4.909,4.902,760000000.0,,2277000000.0,2277000000.0,0.0,0.054,0.279,0.095,0.219,0.0,464000000.0,1.0,118148802.0,118000000.0,,19.297,7347000000.0,171000000.0,-66000000.0,806000000.0,62.263,2177000000.0
11,HSH,MRT,2011-09-30,2011-10-01,2011-10-01,2021-08-25,0.0,9052000000.0,9447000000.0,4879000000.0,4173000000.0,0.337,13.619,-338000000.0,1685000000.0,1685000000.0,2304000000.0,860000000.0,1.253,4.615,2817000000.0,882000000.0,1935000000.0,2817000000.0,0.0,356000000.0,0.0,0.02,1.61,915000000.0,1271000000.0,0.399,1271000000.0,915000000.0,834000000.0,6.75,6.76,6.75,1607000000.0,1763750000.0,1607000000.0,10208530387.0,11.0,8.032,-139000000.0,-1.178,1.0,878000000.0,0.276,855000000.0,81000000.0,5436000000.0,5758750000.0,1025000000.0,0.0,0.0,0.0,7416000000.0,3893000000.0,3523000000.0,9627530387.0,560000000.0,2026000000.0,-860000000.0,-310000000.0,-280000000.0,-1460000000.0,1761000000.0,73000000.0,199000000.0,60000000.0,851000000.0,851000000.0,851000000.0,0.0,9000000.0,0.267,781000000.0,97000000.0,740000000.0,0.239,5.991,11.313,12.111,1321000000.0,0.0,81.75,3.026,3.032,766000000.0,,3182000000.0,3182000000.0,0.0,0.09,0.482,0.159,0.288,0.0,701000000.0,1.0,117767956.0,118000000.0,,26.966,8197000000.0,228000000.0,-17000000.0,801000000.0,69.466,986000000.0
12,HSH,MRT,2011-06-30,2011-07-02,2011-07-02,2021-08-25,-265000000.0,9482000000.0,9497500000.0,4485000000.0,4997000000.0,0.409,15.929,-355000000.0,74000000.0,74000000.0,2721000000.0,1272000000.0,1.091,4.071,2109000000.0,199000000.0,1910000000.0,2109000000.0,0.0,386000000.0,0.0,0.019,1.84,1382000000.0,1768000000.0,0.455,1768000000.0,1382000000.0,1290000000.0,10.16,10.11,10.16,1864000000.0,1733500000.0,1864000000.0,12171145930.0,9.0,6.884,92000000.0,0.786,1.0,1163000000.0,0.299,506000000.0,92000000.0,6900000000.0,5956000000.0,287000000.0,0.0,0.0,0.0,7589000000.0,4111000000.0,3478000000.0,11304145930.0,1111000000.0,2403000000.0,-1261000000.0,-205000000.0,-285000000.0,-1751000000.0,2129000000.0,81000000.0,447000000.0,286000000.0,1263000000.0,1263000000.0,1263000000.0,0.0,9000000.0,0.325,936000000.0,227000000.0,455000000.0,0.181,6.064,8.95,9.508,858000000.0,0.0,96.6,2.91,2.91,295000000.0,2161000000.0,3884000000.0,3884000000.0,0.0,0.133,0.729,0.232,0.356,0.0,883000000.0,1.0,117020144.0,117020144.0,,33.191,8976000000.0,163000000.0,27000000.0,452000000.0,76.705,374000000.0
13,HSH,MRT,2011-03-31,2011-04-02,2011-04-02,2021-08-25,0.0,9612000000.0,9336000000.0,4795000000.0,4817000000.0,0.325,12.777,-411000000.0,2132000000.0,2132000000.0,2276000000.0,1387000000.0,1.077,5.199,2999000000.0,1067000000.0,1932000000.0,2999000000.0,0.0,416000000.0,0.0,0.022,1.93,1330000000.0,1746000000.0,0.575,1746000000.0,1330000000.0,1226000000.0,10.67,10.65,10.67,1546000000.0,1639250000.0,1546000000.0,11668738704.0,9.0,6.683,26000000.0,0.215,1.0,758000000.0,0.25,1291000000.0,104000000.0,4735000000.0,5984250000.0,1041000000.0,0.0,0.0,0.0,8038000000.0,4453000000.0,3585000000.0,11141738704.0,1160000000.0,2367000000.0,-1282000000.0,188000000.0,-293000000.0,-1387000000.0,1941000000.0,-15000000.0,437000000.0,169000000.0,1375000000.0,1375000000.0,1375000000.0,0.0,12000000.0,0.453,859000000.0,-101000000.0,856000000.0,0.181,7.207,8.103,8.388,1730000000.0,0.0,89.5,3.672,3.569,925000000.0,,3034000000.0,3034000000.0,0.0,0.147,0.839,0.222,0.438,0.0,715000000.0,1.0,124488701.0,121000000.0,,25.074,8321000000.0,420000000.0,-149000000.0,575000000.0,68.769,342000000.0
14,HSH,MRT,2010-12-31,2011-01-01,2011-01-01,2021-08-25,0.0,9642000000.0,9219000000.0,5074000000.0,4568000000.0,0.353,15.972,-394000000.0,2151000000.0,2151000000.0,2346000000.0,903000000.0,1.729,3.718,2678000000.0,350000000.0,2328000000.0,2678000000.0,0.0,429000000.0,0.0,0.023,2.02,971000000.0,1400000000.0,0.431,1400000000.0,971000000.0,857000000.0,6.97,6.95,6.97,2038000000.0,1692000000.0,2038000000.0,13084551355.0,13.0,9.346,319000000.0,2.5,1.0,905000000.0,0.278,1271000000.0,114000000.0,5964000000.0,6441000000.0,894000000.0,0.0,0.0,0.0,7577000000.0,2934000000.0,4643000000.0,11193551355.0,801000000.0,2184000000.0,-1130000000.0,-118000000.0,-371000000.0,-1619000000.0,1725000000.0,-65000000.0,713000000.0,-18000000.0,886000000.0,886000000.0,886000000.0,0.0,17000000.0,0.273,975000000.0,-70000000.0,783000000.0,0.29,5.492,12.634,12.561,1692000000.0,0.0,87.55,3.443,3.436,1050000000.0,,3251000000.0,3251000000.0,0.0,0.096,0.524,0.151,0.299,0.0,810000000.0,1.0,127853242.0,127600000.0,,25.478,8371000000.0,607000000.0,-29000000.0,731000000.0,65.603,2140000000.0
15,HSH,MRT,2010-09-30,2010-10-02,2010-10-02,2021-08-25,0.0,9254000000.0,9291000000.0,4121000000.0,5133000000.0,0.393,11.378,-394000000.0,1125000000.0,1125000000.0,2556000000.0,446000000.0,1.32,5.208,3016000000.0,584000000.0,2432000000.0,3016000000.0,0.0,438000000.0,0.0,0.031,2.11,419000000.0,857000000.0,0.235,857000000.0,419000000.0,298000000.0,3.12,3.1,3.12,1486000000.0,1870750000.0,1486000000.0,10719663955.0,26.0,12.508,399000000.0,3.055,1.0,1096000000.0,0.3,1798000000.0,121000000.0,6225000000.0,6662750000.0,940000000.0,0.0,0.0,0.0,7739000000.0,3122000000.0,4617000000.0,8893663955.0,-138000000.0,582000000.0,-859000000.0,119000000.0,-303000000.0,-1043000000.0,154000000.0,-34000000.0,793000000.0,-42000000.0,426000000.0,426000000.0,426000000.0,78000000.0,20000000.0,0.117,1072000000.0,24000000.0,979000000.0,0.676,5.985,20.877,21.522,2100000000.0,0.0,67.15,2.435,2.401,1229000000.0,,3652000000.0,3652000000.0,0.0,0.046,0.228,0.063,0.115,0.0,914000000.0,1.0,132444735.0,130600000.0,,27.963,7456000000.0,468000000.0,-128000000.0,631000000.0,57.09,999000000.0
16,HSH,MRT,2010-06-30,2010-07-03,2010-07-03,2021-08-25,-912000000.0,8836000000.0,9478500000.0,3780000000.0,5056000000.0,0.419,11.244,-385000000.0,955000000.0,955000000.0,2733000000.0,539000000.0,1.463,4.923,2676000000.0,49000000.0,2627000000.0,2676000000.0,0.0,461000000.0,0.0,0.031,2.2,574000000.0,1035000000.0,0.261,1035000000.0,574000000.0,454000000.0,3.77,3.75,3.77,1487000000.0,2130250000.0,1487000000.0,11086164894.0,19.0,10.711,567000000.0,4.287,1.0,1239000000.0,0.312,960000000.0,120000000.0,7013000000.0,6829250000.0,695000000.0,0.0,0.0,0.0,7321000000.0,2584000000.0,4737000000.0,9251164894.0,-4000000.0,359000000.0,-487000000.0,-6000000.0,-308000000.0,-801000000.0,-52000000.0,-26000000.0,952000000.0,-103000000.0,518000000.0,518000000.0,518000000.0,0.0,21000000.0,0.13,1060000000.0,179000000.0,896000000.0,0.584,6.221,17.859,18.554,1598000000.0,0.0,69.95,2.329,2.329,1035000000.0,2472000000.0,3972000000.0,3972000000.0,0.0,0.055,0.243,0.084,0.145,0.0,1027000000.0,1.0,132253966.0,132253966.0,,30.033,7876000000.0,466000000.0,-64000000.0,500000000.0,59.552,1196000000.0
17,HSH,MRT,2010-03-31,2010-03-27,2010-03-27,2021-08-25,0.0,9144000000.0,9624250000.0,3860000000.0,5284000000.0,0.744,12.713,-369000000.0,935000000.0,935000000.0,4673000000.0,327000000.0,1.487,4.186,2770000000.0,52000000.0,2718000000.0,2770000000.0,0.0,459000000.0,0.0,0.032,2.2,660000000.0,1119000000.0,0.156,1119000000.0,660000000.0,525000000.0,2.15,2.15,2.15,1757000000.0,2267500000.0,1757000000.0,11063263568.0,17.0,9.887,1035000000.0,7.489,1.0,2492000000.0,0.348,1821000000.0,135000000.0,6562000000.0,6712000000.0,795000000.0,0.0,0.0,0.0,7354000000.0,2596000000.0,4758000000.0,9581263568.0,307000000.0,180000000.0,-498000000.0,-193000000.0,-308000000.0,-999000000.0,-126000000.0,63000000.0,1404000000.0,28000000.0,305000000.0,305000000.0,305000000.0,172000000.0,22000000.0,0.043,1750000000.0,742000000.0,893000000.0,1.023,5.453,31.414,31.953,2086000000.0,0.0,68.7,1.337,1.325,1251000000.0,,7165000000.0,7165000000.0,0.0,0.032,0.135,0.098,0.092,0.0,1549000000.0,1.0,139465263.0,138200000.0,,51.845,7323000000.0,380000000.0,220000000.0,583000000.0,52.988,1264000000.0
18,HSH,MRT,2009-12-31,2009-12-26,2009-12-26,2021-08-25,0.0,9930000000.0,9590250000.0,4423000000.0,5507000000.0,0.799,19.692,-384000000.0,1331000000.0,1331000000.0,5020000000.0,823000000.0,1.651,2.596,2813000000.0,64000000.0,2749000000.0,2813000000.0,0.0,484000000.0,0.0,0.035,2.2,1036000000.0,1520000000.0,0.198,1520000000.0,1036000000.0,891000000.0,5.8,5.8,5.8,2753000000.0,2366250000.0,2753000000.0,10286459824.0,10.0,6.767,774000000.0,5.536,1.0,2643000000.0,0.345,1882000000.0,145000000.0,6851000000.0,6480750000.0,796000000.0,0.0,0.0,0.0,7148000000.0,2679000000.0,4469000000.0,8681459824.0,788000000.0,212000000.0,1000000.0,-33000000.0,-307000000.0,-339000000.0,-82000000.0,90000000.0,1158000000.0,51000000.0,806000000.0,806000000.0,806000000.0,140000000.0,17000000.0,0.105,1919000000.0,724000000.0,900000000.0,0.379,3.153,10.771,10.733,2156000000.0,0.0,62.25,1.133,1.136,1398000000.0,,7663000000.0,7663000000.0,0.0,0.084,0.341,0.16,0.135,0.0,1732000000.0,1.0,139461202.0,139800000.0,,54.814,8048000000.0,495000000.0,85000000.0,55000000.0,57.568,1744000000.0
19,HSH,MRT,2009-09-30,2009-09-26,2009-09-26,2021-08-25,0.0,10004000000.0,9446500000.0,4311000000.0,5693000000.0,0.864,18.106,-375000000.0,1263000000.0,1263000000.0,5416000000.0,430000000.0,1.529,2.953,2868000000.0,108000000.0,2760000000.0,2868000000.0,0.0,499000000.0,0.0,0.039,2.2,712000000.0,1211000000.0,0.148,1211000000.0,712000000.0,561000000.0,3.05,3.05,3.05,2524000000.0,2251500000.0,2524000000.0,9659330776.0,14.0,7.976,750000000.0,5.38,1.0,2744000000.0,0.336,1898000000.0,151000000.0,6891000000.0,6155250000.0,874000000.0,0.0,0.0,0.0,7454000000.0,2820000000.0,4634000000.0,7798330776.0,36000000.0,202000000.0,-102000000.0,-395000000.0,-305000000.0,-802000000.0,-253000000.0,-80000000.0,1125000000.0,-34000000.0,418000000.0,418000000.0,418000000.0,39000000.0,12000000.0,0.051,2293000000.0,451000000.0,906000000.0,0.721,3.09,18.656,18.377,2197000000.0,0.0,56.05,0.956,0.958,1339000000.0,,8160000000.0,8160000000.0,0.0,0.044,0.186,0.116,0.087,0.0,1997000000.0,1.0,139131682.0,139400000.0,,58.537,8106000000.0,541000000.0,143000000.0,108000000.0,58.149,1491000000.0
20,HSH,MRT,2009-06-30,2009-06-27,2009-06-27,2021-08-25,-605000000.0,9419000000.0,9569500000.0,3830000000.0,5589000000.0,0.874,14.634,-379000000.0,951000000.0,951000000.0,5614000000.0,380000000.0,1.346,3.61,2804000000.0,66000000.0,2738000000.0,2804000000.0,0.0,497000000.0,0.0,0.046,2.2,639000000.0,1136000000.0,0.136,1136000000.0,639000000.0,478000000.0,2.6,2.6,2.6,2036000000.0,2303750000.0,2036000000.0,8958139558.0,14.0,7.886,521000000.0,3.745,1.0,2752000000.0,0.329,1882000000.0,161000000.0,6544000000.0,5813500000.0,766000000.0,0.0,0.0,0.0,7349000000.0,2846000000.0,4503000000.0,6664139558.0,-325000000.0,231000000.0,-102000000.0,-363000000.0,-302000000.0,-767000000.0,-286000000.0,-138000000.0,900000000.0,-172000000.0,364000000.0,364000000.0,364000000.0,0.0,16000000.0,0.044,2334000000.0,418000000.0,1004000000.0,0.846,3.273,18.308,18.423,2200000000.0,0.0,47.9,0.797,0.797,1272000000.0,2721000000.0,8366000000.0,8366000000.0,0.0,0.038,0.158,0.11,0.076,0.0,2072000000.0,1.0,139126087.0,139126087.0,,60.133,7537000000.0,511000000.0,114000000.0,128000000.0,54.174,984000000.0
21,HSH,MRT,2009-03-31,2009-03-28,2009-03-28,2021-08-25,0.0,9008000000.0,9922250000.0,3597000000.0,5411000000.0,0.954,15.438,-401000000.0,665000000.0,665000000.0,6358000000.0,-276000000.0,1.27,3.186,2959000000.0,227000000.0,2732000000.0,2959000000.0,0.0,510000000.0,0.0,0.053,2.175,42000000.0,552000000.0,0.058,552000000.0,42000000.0,-131000000.0,-1.95,-1.95,-1.95,2152000000.0,2492750000.0,2152000000.0,7988235442.0,190.0,14.471,270000000.0,1.937,1.0,3111000000.0,0.329,2832000000.0,173000000.0,5637000000.0,5600250000.0,1148000000.0,0.0,0.0,0.0,6856000000.0,2833000000.0,4023000000.0,5738235442.0,-593000000.0,270000000.0,-102000000.0,-398000000.0,-300000000.0,-800000000.0,-249000000.0,-118000000.0,671000000.0,-215000000.0,-294000000.0,-294000000.0,-294000000.0,-117000000.0,18000000.0,-0.031,3432000000.0,-321000000.0,874000000.0,-1.115,2.666,-19.518,-21.154,2281000000.0,0.0,41.25,0.606,0.607,1292000000.0,,9469000000.0,9469000000.0,0.0,-0.03,-0.118,0.007,0.004,0.0,2552000000.0,1.0,139108738.0,139400000.0,,67.927,6176000000.0,296000000.0,163000000.0,218000000.0,44.304,764000000.0
22,HSH,MRT,2008-12-31,2008-12-27,2008-12-27,2021-08-25,0.0,9355000000.0,10618250000.0,3684000000.0,5671000000.0,0.955,16.316,-422000000.0,562000000.0,562000000.0,6699000000.0,-233000000.0,1.171,3.078,2812000000.0,457000000.0,2355000000.0,2812000000.0,0.0,514000000.0,0.0,0.046,2.15,32000000.0,546000000.0,0.054,546000000.0,32000000.0,-138000000.0,-1.65,-1.65,-1.65,2294000000.0,2796000000.0,2294000000.0,8662146082.0,271.0,15.865,193000000.0,1.373,1.0,3438000000.0,0.339,2911000000.0,170000000.0,5549000000.0,5705250000.0,1171000000.0,0.0,0.0,0.0,7061000000.0,3145000000.0,3916000000.0,6659146082.0,-937000000.0,237000000.0,-222000000.0,-645000000.0,-299000000.0,-1166000000.0,-260000000.0,-75000000.0,615000000.0,-126000000.0,-248000000.0,-248000000.0,-248000000.0,-62000000.0,15000000.0,-0.024,3724000000.0,-286000000.0,954000000.0,-1.303,2.903,-26.851,-28.545,2323000000.0,0.0,47.1,0.657,0.653,1413000000.0,,10137000000.0,10137000000.0,0.0,-0.023,-0.089,0.006,0.003,0.0,2858000000.0,1.0,141383144.0,140600000.0,,72.098,6444000000.0,389000000.0,110000000.0,200000000.0,45.832,539000000.0
23,HSH,MRT,2008-09-30,2008-09-27,2008-09-27,2021-08-25,0.0,10496000000.0,11299250000.0,4518000000.0,5978000000.0,0.946,19.301,-465000000.0,1227000000.0,1227000000.0,6928000000.0,-34000000.0,1.169,2.84,3230000000.0,916000000.0,2314000000.0,3230000000.0,0.0,524000000.0,0.0,0.032,2.125,260000000.0,784000000.0,0.073,784000000.0,260000000.0,83000000.0,-0.3,-0.3,-0.3,2733000000.0,2993000000.0,2733000000.0,11291846350.0,43.0,14.403,165000000.0,1.165,1.0,3761000000.0,0.352,3111000000.0,177000000.0,5524000000.0,5874500000.0,1299000000.0,0.0,0.0,0.0,7763000000.0,3864000000.0,3899000000.0,9387846350.0,-401000000.0,253000000.0,-289000000.0,-320000000.0,-298000000.0,-907000000.0,-142000000.0,70000000.0,630000000.0,18000000.0,-49000000.0,-49000000.0,-49000000.0,-39000000.0,15000000.0,-0.005,3812000000.0,-51000000.0,1069000000.0,-7.083,3.435,-191.589,-221.5,2400000000.0,0.0,66.45,0.878,0.88,1458000000.0,,10689000000.0,10689000000.0,0.0,-0.004,-0.016,0.044,0.024,0.0,3080000000.0,1.0,141276845.0,141600000.0,,75.487,7385000000.0,442000000.0,132000000.0,417000000.0,52.154,654000000.0
24,HSH,MRT,2008-06-30,2008-06-28,2008-06-28,2021-08-25,149000000.0,10830000000.0,11575500000.0,4467000000.0,6363000000.0,0.946,19.765,-515000000.0,1284000000.0,1284000000.0,7008000000.0,-64000000.0,1.176,2.872,3188000000.0,848000000.0,2340000000.0,3188000000.0,0.0,525000000.0,0.0,0.034,2.1,226000000.0,751000000.0,0.069,751000000.0,226000000.0,41000000.0,-0.55,-0.55,-0.55,2792000000.0,3031250000.0,2792000000.0,10709820478.0,47.0,14.261,91000000.0,0.644,1.0,3941000000.0,0.36,3244000000.0,185000000.0,5691000000.0,6054500000.0,1220000000.0,0.0,0.0,0.0,8019000000.0,3799000000.0,4220000000.0,8602820478.0,-1236000000.0,223000000.0,-310000000.0,-1205000000.0,-296000000.0,-1811000000.0,-196000000.0,96000000.0,606000000.0,165000000.0,-79000000.0,-79000000.0,-79000000.0,0.0,15000000.0,-0.007,3992000000.0,-51000000.0,1258000000.0,-3.818,3.081,-108.896,-110.727,2519000000.0,0.0,60.9,0.786,0.786,1491000000.0,2760000000.0,10949000000.0,10949000000.0,0.0,-0.007,-0.026,0.037,0.021,0.0,3232000000.0,1.0,141261420.0,141261420.0,,77.509,7586000000.0,406000000.0,120000000.0,180000000.0,53.702,668000000.0
25,HSH,MRT,2008-03-31,2008-03-29,2008-03-29,2021-08-25,0.0,11792000000.0,11806750000.0,4708000000.0,7084000000.0,1.087,23.731,-554000000.0,1258000000.0,1258000000.0,7919000000.0,710000000.0,1.249,2.504,3365000000.0,887000000.0,2478000000.0,3365000000.0,0.0,515000000.0,0.0,0.032,2.2,991000000.0,1506000000.0,0.117,1506000000.0,991000000.0,787000000.0,4.95,4.95,4.95,3365000000.0,2965500000.0,3365000000.0,11665301280.0,12.0,7.746,78000000.0,0.55,1.0,4912000000.0,0.383,4073000000.0,204000000.0,6057000000.0,5974250000.0,1297000000.0,0.0,0.0,0.0,8427000000.0,3769000000.0,4658000000.0,9728301280.0,-974000000.0,162000000.0,-501000000.0,-1024000000.0,-295000000.0,-1820000000.0,22000000.0,414000000.0,632000000.0,192000000.0,710000000.0,710000000.0,710000000.0,24000000.0,0.0,0.055,3995000000.0,917000000.0,1068000000.0,0.444,2.891,13.702,13.798,2511000000.0,0.0,68.3,0.758,0.755,1433000000.0,,12831000000.0,12831000000.0,0.0,0.06,0.239,0.166,0.077,0.0,4076000000.0,1.0,142434865.0,141800000.0,,90.487,7719000000.0,596000000.0,77000000.0,302000000.0,54.436,939000000.0
26,HSH,MRT,2007-12-31,2007-12-29,2007-12-29,2021-08-25,0.0,12079000000.0,11729250000.0,5112000000.0,6967000000.0,1.068,21.403,-594000000.0,1499000000.0,1499000000.0,7713000000.0,615000000.0,1.345,2.919,3436000000.0,955000000.0,2481000000.0,3436000000.0,0.0,503000000.0,0.0,0.028,2.3,941000000.0,1444000000.0,0.115,1444000000.0,941000000.0,714000000.0,4.25,4.25,4.25,3082000000.0,2781750000.0,3082000000.0,13615629619.0,14.0,9.429,65000000.0,0.451,1.0,4810000000.0,0.384,3988000000.0,227000000.0,6226000000.0,5914750000.0,1109000000.0,0.0,0.0,0.0,8997000000.0,3802000000.0,5195000000.0,11753629619.0,-1205000000.0,174000000.0,-366000000.0,-943000000.0,-293000000.0,-1602000000.0,-402000000.0,18000000.0,659000000.0,140000000.0,615000000.0,615000000.0,615000000.0,-2000000.0,0.0,0.049,3985000000.0,825000000.0,1082000000.0,0.541,3.814,19.112,19.094,2505000000.0,0.0,81.15,0.939,0.933,1495000000.0,,12523000000.0,12523000000.0,0.0,0.052,0.221,0.159,0.075,0.0,4029000000.0,1.0,144838319.0,144000000.0,,86.965,8091000000.0,738000000.0,99000000.0,0.0,56.188,1310000000.0
27,HSH,MRT,2007-09-30,2007-09-29,2007-09-29,2021-08-25,0.0,11601000000.0,11581250000.0,4975000000.0,6626000000.0,1.062,19.903,-624000000.0,1628000000.0,1628000000.0,7569000000.0,371000000.0,1.457,3.02,3490000000.0,698000000.0,2792000000.0,3490000000.0,0.0,503000000.0,0.0,0.029,2.4,716000000.0,1219000000.0,0.099,1219000000.0,716000000.0,475000000.0,2.6,2.6,2.6,2886000000.0,2636250000.0,2886000000.0,13839357733.0,19.0,11.353,-46000000.0,-0.317,1.0,4728000000.0,0.384,3805000000.0,241000000.0,6244000000.0,5685750000.0,1165000000.0,0.0,0.0,0.0,8715000000.0,3414000000.0,5301000000.0,12092357733.0,-1414000000.0,174000000.0,-484000000.0,-968000000.0,-296000000.0,-1748000000.0,-424000000.0,26000000.0,578000000.0,180000000.0,371000000.0,371000000.0,371000000.0,3000000.0,0.0,0.03,4136000000.0,592000000.0,1031000000.0,0.923,4.19,32.594,32.096,2471000000.0,0.0,83.45,0.983,0.984,1429000000.0,,12297000000.0,12297000000.0,0.0,0.032,0.141,0.126,0.058,0.0,3995000000.0,1.0,144905425.0,145000000.0,,84.807,7796000000.0,608000000.0,104000000.0,0.0,53.766,1561000000.0
28,HSH,MRT,2007-06-30,2007-06-30,2007-06-30,2021-08-25,-754000000.0,11755000000.0,11662000000.0,5208000000.0,6547000000.0,1.028,17.214,-631000000.0,2517000000.0,2517000000.0,7370000000.0,504000000.0,1.187,3.643,4220000000.0,1450000000.0,2770000000.0,4220000000.0,0.0,539000000.0,0.0,0.029,2.5,754000000.0,1293000000.0,0.108,1293000000.0,754000000.0,493000000.0,3.4,3.4,3.4,2529000000.0,2594750000.0,2529000000.0,14811711940.0,20.0,11.455,-139000000.0,-0.946,1.0,4613000000.0,0.385,3700000000.0,261000000.0,5370000000.0,5319500000.0,1040000000.0,0.0,0.0,0.0,9212000000.0,4388000000.0,4824000000.0,12781711940.0,275000000.0,536000000.0,-648000000.0,759000000.0,-374000000.0,-913000000.0,568000000.0,663000000.0,492000000.0,128000000.0,504000000.0,504000000.0,504000000.0,-64000000.0,0.0,0.042,4051000000.0,562000000.0,1127000000.0,0.735,5.054,25.361,25.588,2393000000.0,0.0,87.0,1.067,1.067,1277000000.0,3413000000.0,11983000000.0,11983000000.0,0.0,0.043,0.194,0.142,0.063,0.0,3905000000.0,1.0,146916229.0,146916229.0,,81.563,8055000000.0,170000000.0,-11000000.0,277000000.0,54.827,820000000.0
29,HSH,MRT,2007-03-31,2007-03-31,2007-03-31,2021-08-25,0.0,11482000000.0,12388250000.0,5245000000.0,6237000000.0,0.944,17.891,-685000000.0,2232000000.0,2232000000.0,7186000000.0,395000000.0,1.332,3.366,4262000000.0,1021000000.0,3241000000.0,4262000000.0,0.0,598000000.0,0.0,0.031,2.612,736000000.0,1334000000.0,0.114,1334000000.0,736000000.0,456000000.0,2.65,2.65,2.65,2630000000.0,2559000000.0,2630000000.0,13951344751.0,19.0,10.458,-185000000.0,-1.259,1.0,4506000000.0,0.385,3756000000.0,280000000.0,5819000000.0,6025250000.0,1072000000.0,359000000.0,359000000.0,0.0,8852000000.0,3937000000.0,4915000000.0,12410344751.0,228000000.0,732000000.0,-451000000.0,737000000.0,-447000000.0,-811000000.0,374000000.0,290000000.0,500000000.0,165000000.0,395000000.0,395000000.0,395000000.0,-274000000.0,0.0,0.034,4160000000.0,346000000.0,926000000.0,0.986,4.719,31.419,31.925,2373000000.0,0.0,84.6,1.061,1.064,1287000000.0,,11692000000.0,11692000000.0,0.0,0.032,0.154,0.122,0.063,0.0,3817000000.0,1.0,146694382.0,147000000.0,,79.537,7726000000.0,0.0,61000000.0,0.0,52.558,1308000000.0
30,HSH,MRT,2006-12-31,2006-12-30,2006-12-30,2021-08-25,0.0,11487000000.0,13203750000.0,5295000000.0,6192000000.0,0.872,16.961,-669000000.0,2704000000.0,2704000000.0,7102000000.0,321000000.0,1.333,3.595,4245000000.0,910000000.0,3335000000.0,4245000000.0,0.0,647000000.0,0.0,0.032,2.725,681000000.0,1328000000.0,0.115,1328000000.0,681000000.0,390000000.0,2.15,2.15,2.15,2500000000.0,2527250000.0,2500000000.0,13984513878.0,21.0,10.531,-225000000.0,-1.526,1.0,4409000000.0,0.383,3746000000.0,291000000.0,5310000000.0,6605250000.0,958000000.0,0.0,0.0,0.0,8987000000.0,3972000000.0,5015000000.0,12718513878.0,729000000.0,809000000.0,-462000000.0,945000000.0,-524000000.0,-691000000.0,780000000.0,629000000.0,444000000.0,196000000.0,321000000.0,321000000.0,321000000.0,-236000000.0,0.0,0.028,4062000000.0,347000000.0,967000000.0,1.267,5.087,39.622,39.605,2323000000.0,0.0,85.15,1.105,1.09,1354000000.0,,11511000000.0,11511000000.0,0.0,0.024,0.127,0.103,0.059,0.0,3767000000.0,1.0,149365988.0,147400000.0,,78.094,7741000000.0,0.0,69000000.0,0.0,52.517,1323000000.0
31,HSH,MRT,2006-09-30,2006-09-30,2006-09-30,2021-08-25,0.0,11924000000.0,14117750000.0,5684000000.0,6240000000.0,0.801,17.942,-651000000.0,3042000000.0,3042000000.0,6946000000.0,821000000.0,1.237,3.384,4308000000.0,1303000000.0,3005000000.0,4308000000.0,0.0,683000000.0,0.0,0.035,2.838,1174000000.0,1857000000.0,0.164,1857000000.0,1174000000.0,870000000.0,5.45,5.4,5.45,2720000000.0,2543500000.0,2720000000.0,16109129186.0,14.0,8.675,278000000.0,1.834,1.0,4357000000.0,0.385,3817000000.0,304000000.0,4779000000.0,7239000000.0,1001000000.0,0.0,0.0,0.0,9204000000.0,4594000000.0,4610000000.0,12381129186.0,1395000000.0,1272000000.0,-168000000.0,515000000.0,-602000000.0,-905000000.0,1260000000.0,639000000.0,929000000.0,111000000.0,821000000.0,821000000.0,821000000.0,-637000000.0,0.0,0.073,3902000000.0,455000000.0,969000000.0,0.521,4.552,15.081,14.743,2300000000.0,0.0,80.35,1.095,1.078,1300000000.0,,11303000000.0,11303000000.0,0.0,0.058,0.323,0.162,0.104,0.0,3744000000.0,1.0,154089971.0,151600000.0,,74.558,8107000000.0,0.0,49000000.0,0.0,53.476,1090000000.0
32,HSH,MRT,2006-06-30,2006-07-01,2006-07-01,2021-08-25,-1339000000.0,14660000000.0,14993500000.0,6857000000.0,7803000000.0,0.745,15.695,-625000000.0,2231000000.0,2231000000.0,6857000000.0,555000000.0,1.078,5.118,5948000000.0,2142000000.0,3806000000.0,5948000000.0,0.0,701000000.0,0.0,0.037,2.95,1015000000.0,1716000000.0,0.154,1716000000.0,1015000000.0,713000000.0,3.6,3.6,3.6,2386000000.0,2433250000.0,2386000000.0,16125371271.0,16.0,9.397,640000000.0,4.21,1.0,4318000000.0,0.386,3823000000.0,302000000.0,8193000000.0,8250750000.0,919000000.0,0.0,0.0,0.0,12211000000.0,6361000000.0,5850000000.0,12177371271.0,1675000000.0,990000000.0,-534000000.0,1098000000.0,-605000000.0,-41000000.0,365000000.0,0.0,1265000000.0,86000000.0,555000000.0,555000000.0,555000000.0,-524000000.0,0.0,0.05,3902000000.0,416000000.0,1022000000.0,0.819,5.104,21.941,22.25,2319000000.0,0.0,80.1,1.09,1.09,1216000000.0,3855000000.0,11175000000.0,11175000000.0,0.0,0.037,0.228,0.123,0.091,0.0,3737000000.0,1.0,152027107.0,152027107.0,,73.507,10837000000.0,0.0,158000000.0,436000000.0,71.283,496000000.0
33,HSH,MRT,2006-03-31,2006-04-01,2006-04-01,2021-08-25,0.0,14744000000.0,14903500000.0,6537000000.0,8207000000.0,0.526,16.445,-558000000.0,1972000000.0,1972000000.0,4499000000.0,399000000.0,1.063,4.891,5920000000.0,2155000000.0,3765000000.0,5920000000.0,0.0,709000000.0,0.0,0.036,3.2,695000000.0,1404000000.0,0.179,1404000000.0,695000000.0,399000000.0,2.7,2.65,2.7,2503000000.0,2504500000.0,2503000000.0,17349377384.0,25.0,12.357,604000000.0,3.968,1.0,3335000000.0,0.426,4403000000.0,296000000.0,8139000000.0,8470500000.0,2187000000.0,0.0,0.0,0.0,12241000000.0,6150000000.0,6091000000.0,13591377384.0,1368000000.0,837000000.0,-580000000.0,1107000000.0,-465000000.0,62000000.0,276000000.0,33000000.0,1162000000.0,-132000000.0,399000000.0,399000000.0,399000000.0,-329000000.0,0.0,0.051,3034000000.0,301000000.0,1107000000.0,1.185,5.43,34.064,33.111,2813000000.0,0.0,89.4,1.735,1.737,1609000000.0,,7834000000.0,7834000000.0,0.0,0.027,0.159,0.082,0.089,0.0,3032000000.0,1.0,152028830.0,152200000.0,,51.472,10341000000.0,431000000.0,0.0,0.0,67.943,387000000.0
34,HSH,MRT,2005-12-31,2005-12-31,2005-12-31,2021-08-25,0.0,15143000000.0,14915750000.0,6947000000.0,8196000000.0,0.598,16.853,-571000000.0,1955000000.0,1955000000.0,5221000000.0,546000000.0,1.081,4.904,5713000000.0,1977000000.0,3736000000.0,5713000000.0,0.0,714000000.0,0.0,0.037,3.45,923000000.0,1637000000.0,0.183,1637000000.0,923000000.0,627000000.0,3.6,3.55,3.6,2565000000.0,2754000000.0,2565000000.0,19056269183.0,21.0,11.641,834000000.0,5.48,1.0,3703000000.0,0.415,4632000000.0,296000000.0,7845000000.0,8704500000.0,2184000000.0,0.0,0.0,0.0,12578000000.0,6424000000.0,6154000000.0,14355269183.0,1082000000.0,800000000.0,-640000000.0,996000000.0,-620000000.0,-264000000.0,253000000.0,34000000.0,1405000000.0,-312000000.0,546000000.0,546000000.0,546000000.0,-402000000.0,0.0,0.061,3255000000.0,448000000.0,1244000000.0,0.958,5.597,26.292,26.25,2992000000.0,0.0,94.5,1.609,1.612,1746000000.0,,8924000000.0,8924000000.0,0.0,0.037,0.198,0.106,0.103,0.0,3255000000.0,1.0,151907610.0,152200000.0,,58.633,10511000000.0,391000000.0,81000000.0,0.0,69.06,523000000.0
35,HSH,MRT,2005-09-30,2005-10-01,2005-10-01,2021-08-25,0.0,15427000000.0,15002000000.0,6973000000.0,8454000000.0,0.697,14.628,-557000000.0,1592000000.0,1592000000.0,6257000000.0,434000000.0,1.054,5.769,6293000000.0,2207000000.0,4086000000.0,6293000000.0,0.0,755000000.0,0.0,0.039,3.7,845000000.0,1600000000.0,0.153,1600000000.0,845000000.0,553000000.0,2.75,2.75,2.75,2279000000.0,3015250000.0,2279000000.0,19076262826.0,23.0,11.923,908000000.0,5.828,1.0,4205000000.0,0.402,4689000000.0,292000000.0,8826000000.0,8992500000.0,2427000000.0,0.0,0.0,0.0,13148000000.0,6613000000.0,6535000000.0,14867262826.0,1399000000.0,373000000.0,-568000000.0,1186000000.0,-471000000.0,147000000.0,-183000000.0,0.0,1465000000.0,-30000000.0,434000000.0,434000000.0,434000000.0,-23000000.0,0.0,0.041,3463000000.0,742000000.0,1256000000.0,1.345,6.524,34.256,34.455,3033000000.0,0.0,94.75,1.421,1.411,1806000000.0,,10462000000.0,10462000000.0,0.0,0.029,0.144,0.094,0.081,0.0,3528000000.0,1.0,156910426.0,155800000.0,,67.15,10738000000.0,295000000.0,119000000.0,0.0,68.922,360000000.0
36,HSH,MRT,2005-06-30,2005-07-02,2005-07-02,2021-08-25,-1561000000.0,14300000000.0,14782750000.0,5943000000.0,8357000000.0,0.768,16.963,-538000000.0,533000000.0,533000000.0,6795000000.0,719000000.0,1.186,4.331,4731000000.0,619000000.0,4112000000.0,4731000000.0,0.0,751000000.0,0.0,0.04,3.95,1135000000.0,1886000000.0,0.166,1886000000.0,1135000000.0,850000000.0,4.55,4.5,4.55,2671000000.0,3201000000.0,2671000000.0,19675349835.0,17.0,10.432,811000000.0,5.151,1.0,4551000000.0,0.401,4413000000.0,285000000.0,9072000000.0,9034250000.0,2151000000.0,0.0,0.0,0.0,11568000000.0,5013000000.0,6555000000.0,15470349835.0,-105000000.0,305000000.0,-235000000.0,-516000000.0,-464000000.0,-1215000000.0,-232000000.0,0.0,1349000000.0,-7000000.0,719000000.0,719000000.0,719000000.0,-104000000.0,0.0,0.063,3605000000.0,946000000.0,1115000000.0,0.868,5.792,21.516,21.593,2836000000.0,0.0,98.25,1.364,1.364,1677000000.0,4361000000.0,11346000000.0,11346000000.0,0.0,0.049,0.225,0.126,0.1,0.0,3679000000.0,1.0,157459031.0,157459031.0,,72.057,9887000000.0,53000000.0,131000000.0,229000000.0,62.791,930000000.0
37,HSH,MRT,2005-03-31,2005-04-02,2005-04-02,2021-08-25,0.0,14793000000.0,14927500000.0,5665000000.0,9128000000.0,0.952,22.13,-546000000.0,521000000.0,521000000.0,8941000000.0,1221000000.0,1.259,3.225,4726000000.0,365000000.0,4361000000.0,4726000000.0,0.0,774000000.0,0.0,0.035,3.9,1780000000.0,2554000000.0,0.18,2554000000.0,1780000000.0,1491000000.0,7.7,7.65,7.7,3501000000.0,3261000000.0,3501000000.0,21324136000.0,12.0,8.349,1171000000.0,7.402,1.0,5274000000.0,0.371,5422000000.0,289000000.0,9075000000.0,8968250000.0,2813000000.0,0.0,0.0,0.0,11292000000.0,4501000000.0,6791000000.0,17373136000.0,-138000000.0,443000000.0,-135000000.0,-911000000.0,-727000000.0,-1773000000.0,-223000000.0,0.0,1717000000.0,141000000.0,1221000000.0,1221000000.0,1221000000.0,-284000000.0,0.0,0.086,3875000000.0,1399000000.0,1269000000.0,0.506,4.962,14.229,14.292,3217000000.0,0.0,110.05,1.222,1.225,1976000000.0,,14215000000.0,14215000000.0,0.0,0.082,0.374,0.198,0.125,0.0,4004000000.0,1.0,157865843.0,158200000.0,,89.855,9371000000.0,322000000.0,270000000.0,0.0,59.235,1164000000.0
38,HSH,MRT,2004-12-31,2005-01-01,2005-01-01,2021-08-25,0.0,15488000000.0,14973750000.0,6138000000.0,9350000000.0,1.009,22.906,-513000000.0,883000000.0,883000000.0,9413000000.0,1408000000.0,1.25,3.29,4834000000.0,347000000.0,4487000000.0,4834000000.0,0.0,771000000.0,0.0,0.032,3.85,1938000000.0,2709000000.0,0.179,2709000000.0,1938000000.0,1662000000.0,8.85,8.8,8.85,3610000000.0,3007250000.0,3610000000.0,23866386858.0,12.0,8.81,1316000000.0,8.35,1.0,5703000000.0,0.377,5530000000.0,276000000.0,8997000000.0,8917500000.0,2791000000.0,0.0,0.0,0.0,11878000000.0,4912000000.0,6966000000.0,18945386858.0,231000000.0,402000000.0,-114000000.0,-983000000.0,-569000000.0,-1666000000.0,-111000000.0,0.0,1829000000.0,179000000.0,1408000000.0,1408000000.0,1408000000.0,-246000000.0,0.0,0.093,4103000000.0,1600000000.0,1432000000.0,0.435,5.248,13.456,13.638,3272000000.0,0.0,120.7,1.253,1.258,2095000000.0,,15116000000.0,15116000000.0,0.0,0.094,0.468,0.217,0.128,0.0,4329000000.0,1.0,156962609.0,157600000.0,,95.914,9958000000.0,363000000.0,254000000.0,0.0,63.185,1226000000.0
39,HSH,MRT,2004-09-30,2004-10-02,2004-10-02,2021-08-25,0.0,14550000000.0,14828750000.0,5439000000.0,9111000000.0,1.053,19.127,-518000000.0,135000000.0,135000000.0,9631000000.0,1394000000.0,1.078,3.815,5056000000.0,920000000.0,4136000000.0,5056000000.0,0.0,739000000.0,0.0,0.033,3.8,1938000000.0,2677000000.0,0.171,2677000000.0,1938000000.0,1671000000.0,8.75,8.7,8.75,3022000000.0,2685000000.0,3022000000.0,23052717187.0,12.0,8.611,1277000000.0,8.082,1.0,5990000000.0,0.383,5434000000.0,267000000.0,8993000000.0,8930500000.0,2872000000.0,0.0,0.0,0.0,11528000000.0,5044000000.0,6484000000.0,18395717187.0,56000000.0,408000000.0,-187000000.0,-778000000.0,-712000000.0,-1677000000.0,-113000000.0,0.0,1795000000.0,51000000.0,1394000000.0,1394000000.0,1394000000.0,-229000000.0,0.0,0.089,4367000000.0,1623000000.0,1248000000.0,0.434,6.087,13.196,13.251,3207000000.0,0.0,115.95,1.178,1.173,2019000000.0,,15621000000.0,15621000000.0,0.0,0.094,0.519,0.217,0.124,0.0,4582000000.0,1.0,158652153.0,158000000.0,,98.867,9116000000.0,290000000.0,277000000.0,0.0,57.696,395000000.0
40,HSH,MRT,2004-06-30,2004-07-03,2004-07-03,2021-08-25,-1394000000.0,14879000000.0,14747250000.0,5736000000.0,9143000000.0,1.078,18.416,-530000000.0,655000000.0,655000000.0,9684000000.0,1272000000.0,1.06,4.086,5325000000.0,1154000000.0,4171000000.0,5325000000.0,0.0,734000000.0,0.0,0.032,3.75,1786000000.0,2520000000.0,0.159,2520000000.0,1786000000.0,1516000000.0,8.05,7.95,8.05,2911000000.0,2419000000.0,2911000000.0,23373078517.0,13.0,9.275,1512000000.0,9.566,1.0,6208000000.0,0.391,5331000000.0,270000000.0,8808000000.0,8956000000.0,2728000000.0,0.0,0.0,0.0,11894000000.0,5410000000.0,6484000000.0,18312078517.0,-338000000.0,346000000.0,-211000000.0,-1306000000.0,-714000000.0,-2231000000.0,-184000000.0,0.0,2042000000.0,35000000.0,1272000000.0,1272000000.0,1272000000.0,-221000000.0,0.0,0.08,4723000000.0,1485000000.0,1293000000.0,0.466,6.291,14.396,14.391,3236000000.0,0.0,115.85,1.152,1.152,1848000000.0,4437000000.0,15892000000.0,15892000000.0,0.0,0.086,0.526,0.199,0.112,0.0,4811000000.0,1.0,158067143.0,158067143.0,,100.54,9548000000.0,281000000.0,244000000.0,366000000.0,60.405,326000000.0
41,HSH,MRT,2004-03-31,2004-03-27,2004-03-27,2021-08-25,0.0,14978000000.0,14901500000.0,5987000000.0,8991000000.0,1.252,15.714,-601000000.0,703000000.0,703000000.0,11527000000.0,1214000000.0,1.053,5.025,5764000000.0,1480000000.0,4284000000.0,5764000000.0,0.0,695000000.0,0.0,0.033,3.581,1725000000.0,2420000000.0,0.13,2420000000.0,1725000000.0,1459000000.0,7.65,7.6,7.65,2486000000.0,2123000000.0,2486000000.0,22309399584.0,13.0,9.219,1335000000.0,8.439,1.0,7129000000.0,0.382,5479000000.0,266000000.0,8872000000.0,9312750000.0,2749000000.0,0.0,0.0,0.0,12492000000.0,5688000000.0,6804000000.0,17097399584.0,482000000.0,187000000.0,-281000000.0,-405000000.0,-570000000.0,-1256000000.0,-291000000.0,0.0,1936000000.0,93000000.0,1214000000.0,1222000000.0,1222000000.0,-34000000.0,0.0,0.066,5517000000.0,1612000000.0,1231000000.0,0.468,6.877,13.991,14.124,3307000000.0,-8000000.0,108.05,0.916,0.916,2082000000.0,,18656000000.0,18656000000.0,0.0,0.082,0.576,0.185,0.092,0.0,5623000000.0,1.0,158235998.0,158200000.0,,117.927,9499000000.0,0.0,245000000.0,227000000.0,60.044,299000000.0
42,HSH,MRT,2003-12-31,2003-12-27,2003-12-27,2021-08-25,0.0,14908000000.0,14640500000.0,5781000000.0,9127000000.0,1.247,14.653,-655000000.0,591000000.0,591000000.0,11243000000.0,1107000000.0,1.046,5.423,5803000000.0,1195000000.0,4608000000.0,5803000000.0,0.0,686000000.0,0.0,0.033,3.412,1603000000.0,2289000000.0,0.125,2289000000.0,1603000000.0,1330000000.0,7.0,6.9,7.0,2321000000.0,2071750000.0,2321000000.0,22215830821.0,14.0,9.705,1314000000.0,8.295,1.0,7018000000.0,0.384,5543000000.0,273000000.0,9049000000.0,9157500000.0,2698000000.0,0.0,0.0,0.0,12587000000.0,5528000000.0,7059000000.0,16564830821.0,198000000.0,167000000.0,-366000000.0,-310000000.0,-547000000.0,-1473000000.0,-489000000.0,0.0,1969000000.0,191000000.0,1107000000.0,1112000000.0,1112000000.0,-34000000.0,0.0,0.061,5528000000.0,1490000000.0,1262000000.0,0.487,7.137,14.896,14.971,3342000000.0,-5000000.0,104.8,0.907,0.909,2095000000.0,,18261000000.0,18261000000.0,0.0,0.076,0.537,0.175,0.088,0.0,5522000000.0,1.0,158061363.0,158400000.0,,115.284,9365000000.0,0.0,223000000.0,172000000.0,59.122,253000000.0
43,HSH,MRT,2003-09-30,2003-09-27,2003-09-27,2021-08-25,0.0,14224000000.0,14428500000.0,5231000000.0,8993000000.0,1.249,12.551,-706000000.0,121000000.0,121000000.0,11047000000.0,1143000000.0,0.986,6.265,5772000000.0,1228000000.0,4544000000.0,5772000000.0,0.0,679000000.0,0.0,0.034,3.244,1650000000.0,2329000000.0,0.129,2329000000.0,1650000000.0,1371000000.0,7.25,7.05,7.25,1958000000.0,2038000000.0,1958000000.0,20277671289.0,12.0,8.707,1263000000.0,8.096,1.0,6973000000.0,0.387,5474000000.0,279000000.0,9095000000.0,8988750000.0,2759000000.0,0.0,0.0,0.0,12266000000.0,5306000000.0,6960000000.0,14983671289.0,-53000000.0,146000000.0,-334000000.0,-411000000.0,-525000000.0,-1520000000.0,-560000000.0,0.0,1969000000.0,58000000.0,1143000000.0,1146000000.0,1146000000.0,-34000000.0,0.0,0.064,5435000000.0,1538000000.0,1224000000.0,0.447,7.653,13.075,13.007,3282000000.0,-3000000.0,94.3,0.832,0.816,1962000000.0,,18020000000.0,18020000000.0,0.0,0.079,0.562,0.184,0.092,0.0,5433000000.0,1.0,158893651.0,156000000.0,,115.513,8750000000.0,0.0,228000000.0,237000000.0,56.09,-75000000.0
44,HSH,MRT,2003-06-30,2003-06-28,2003-06-28,2021-08-25,-1734000000.0,15496000000.0,14295500000.0,5912000000.0,9584000000.0,1.251,11.111,-746000000.0,1004000000.0,1004000000.0,10931000000.0,1221000000.0,1.144,7.767,6301000000.0,1144000000.0,5157000000.0,6301000000.0,0.0,661000000.0,0.0,0.033,3.075,1744000000.0,2405000000.0,0.134,2405000000.0,1744000000.0,1468000000.0,7.75,7.5,7.75,1727000000.0,1993000000.0,1727000000.0,19679533829.0,11.0,8.183,1078000000.0,6.936,1.0,6957000000.0,0.389,5389000000.0,276000000.0,10235000000.0,8728000000.0,2652000000.0,0.0,0.0,0.0,13413000000.0,5169000000.0,8244000000.0,14330533829.0,680000000.0,71000000.0,-207000000.0,419000000.0,-497000000.0,-535000000.0,-674000000.0,0.0,1824000000.0,65000000.0,1221000000.0,1221000000.0,1221000000.0,-34000000.0,0.0,0.068,5323000000.0,1634000000.0,1314000000.0,0.397,8.298,11.737,11.897,3312000000.0,0.0,92.2,0.801,0.801,1787000000.0,3787000000.0,17888000000.0,17888000000.0,0.0,0.085,0.613,0.2,0.097,0.0,5334000000.0,1.0,155428783.0,155428783.0,,115.088,10107000000.0,453000000.0,247000000.0,133000000.0,65.027,743000000.0
45,HSH,MRT,2003-03-31,2003-03-29,2003-03-29,2021-08-25,0.0,13934000000.0,13845000000.0,5030000000.0,8904000000.0,1.311,14.603,-751000000.0,257000000.0,257000000.0,10875000000.0,1276000000.0,0.898,5.109,5606000000.0,1607000000.0,3999000000.0,5606000000.0,0.0,639000000.0,0.0,0.033,3.05,1841000000.0,2480000000.0,0.137,2480000000.0,1841000000.0,1556000000.0,8.05,7.8,8.05,2281000000.0,1838750000.0,2281000000.0,19687565102.0,11.0,7.939,1317000000.0,8.431,1.0,7280000000.0,0.401,5432000000.0,285000000.0,8251000000.0,8203000000.0,2640000000.0,0.0,0.0,0.0,11653000000.0,5600000000.0,6053000000.0,14628565102.0,-404000000.0,63000000.0,-216000000.0,-862000000.0,-494000000.0,-1822000000.0,-676000000.0,0.0,2068000000.0,26000000.0,1276000000.0,1277000000.0,1277000000.0,0.0,0.0,0.07,5531000000.0,1749000000.0,1142000000.0,0.379,6.413,11.455,11.609,3230000000.0,-1000000.0,93.45,0.806,0.804,1806000000.0,,18155000000.0,18155000000.0,0.0,0.092,0.694,0.224,0.101,0.0,5557000000.0,1.0,156538952.0,156200000.0,,116.229,8502000000.0,0.0,280000000.0,530000000.0,54.43,-570000000.0
46,HSH,MRT,2002-12-31,2002-12-28,2002-12-28,2021-08-25,0.0,14060000000.0,13797000000.0,5187000000.0,8873000000.0,1.305,13.959,-754000000.0,429000000.0,429000000.0,10844000000.0,1264000000.0,0.974,5.432,5488000000.0,1212000000.0,4276000000.0,5488000000.0,0.0,626000000.0,0.0,0.027,3.025,1820000000.0,2446000000.0,0.136,2446000000.0,1820000000.0,1535000000.0,7.95,7.7,7.95,2186000000.0,1635000000.0,2186000000.0,22695500703.0,12.0,9.279,1236000000.0,7.893,1.0,7161000000.0,0.398,5417000000.0,285000000.0,8374000000.0,8129250000.0,2482000000.0,0.0,0.0,0.0,11874000000.0,5328000000.0,6546000000.0,17270500703.0,48000000.0,13000000.0,-127000000.0,-618000000.0,-491000000.0,-1236000000.0,-726000000.0,0.0,1990000000.0,20000000.0,1264000000.0,1265000000.0,1265000000.0,0.0,0.0,0.07,5431000000.0,1730000000.0,1185000000.0,0.381,7.901,13.653,13.931,3185000000.0,-1000000.0,110.75,0.959,0.963,1913000000.0,,18005000000.0,18005000000.0,0.0,0.092,0.774,0.224,0.101,0.0,5458000000.0,1.0,155941316.0,156600000.0,,114.974,8643000000.0,0.0,271000000.0,532000000.0,55.192,-141000000.0
47,HSH,MRT,2002-09-30,2002-09-28,2002-09-28,2021-08-25,0.0,13692000000.0,13653500000.0,4959000000.0,8733000000.0,1.312,11.368,-706000000.0,210000000.0,210000000.0,10861000000.0,1076000000.0,0.869,6.701,5635000000.0,1678000000.0,3957000000.0,5635000000.0,0.0,605000000.0,0.0,0.032,3.0,1597000000.0,2202000000.0,0.123,2202000000.0,1597000000.0,1300000000.0,6.75,6.6,6.75,1778000000.0,1426000000.0,1778000000.0,19772184080.0,12.0,8.979,1367000000.0,8.74,1.0,7053000000.0,0.394,5357000000.0,297000000.0,8052000000.0,8119500000.0,2495000000.0,0.0,0.0,0.0,11914000000.0,5708000000.0,6206000000.0,14555184080.0,-151000000.0,4000000.0,-136000000.0,-897000000.0,-487000000.0,-1520000000.0,-708000000.0,0.0,2073000000.0,4000000.0,1076000000.0,1077000000.0,1077000000.0,0.0,0.0,0.06,5548000000.0,1505000000.0,1171000000.0,0.444,8.186,13.515,13.807,3129000000.0,-1000000.0,93.2,0.813,0.814,1911000000.0,,17914000000.0,17914000000.0,0.0,0.079,0.755,0.197,0.089,0.0,5384000000.0,1.0,156171503.0,156400000.0,,114.54,8335000000.0,0.0,224000000.0,562000000.0,53.293,-749000000.0
48,HSH,MRT,2002-06-30,2002-06-29,2002-06-29,2021-08-25,-1470000000.0,13694000000.0,13714750000.0,4923000000.0,8771000000.0,1.285,7.075,-669000000.0,298000000.0,298000000.0,10822000000.0,1010000000.0,0.912,10.768,5559000000.0,1202000000.0,4357000000.0,5559000000.0,0.0,582000000.0,0.0,0.029,2.975,1489000000.0,2071000000.0,0.117,2071000000.0,1489000000.0,1185000000.0,6.35,6.15,6.35,1110000000.0,1296000000.0,1110000000.0,21579972218.0,14.0,10.42,1066000000.0,6.794,1.0,6806000000.0,0.386,5420000000.0,304000000.0,8135000000.0,8355500000.0,2509000000.0,0.0,0.0,0.0,11952000000.0,5400000000.0,6552000000.0,16191972218.0,-250000000.0,-1794000000.0,-29000000.0,983000000.0,-484000000.0,470000000.0,-2475000000.0,0.0,1735000000.0,20000000.0,1010000000.0,1010000000.0,1010000000.0,0.0,0.0,0.057,5413000000.0,1393000000.0,1359000000.0,0.469,14.587,16.032,16.252,3155000000.0,0.0,103.2,0.919,0.919,1768000000.0,3168000000.0,17628000000.0,17628000000.0,0.0,0.074,0.779,0.178,0.084,0.0,5236000000.0,1.0,156898956.0,156898956.0,,112.353,8274000000.0,4000000.0,175000000.0,224000000.0,52.735,-477000000.0
49,HSH,MRT,2002-03-31,2002-03-30,2002-03-30,2021-08-25,0.0,13742000000.0,12833000000.0,5229000000.0,8513000000.0,1.329,9.326,-578000000.0,661000000.0,661000000.0,10745000000.0,1632000000.0,0.889,8.374,6049000000.0,1747000000.0,4302000000.0,6049000000.0,0.0,560000000.0,0.0,0.028,2.944,2048000000.0,2608000000.0,0.153,2608000000.0,2048000000.0,1765000000.0,10.2,9.9,10.2,1466000000.0,1142750000.0,1466000000.0,21652738979.0,11.0,8.302,1114000000.0,7.087,1.0,6315000000.0,0.37,5290000000.0,283000000.0,7956000000.0,7623750000.0,2452000000.0,0.0,0.0,0.0,12276000000.0,5884000000.0,6392000000.0,16304738979.0,55000000.0,-1640000000.0,-125000000.0,1336000000.0,-481000000.0,608000000.0,-2241000000.0,0.0,1692000000.0,-4000000.0,1632000000.0,1633000000.0,1633000000.0,0.0,0.0,0.096,4560000000.0,1755000000.0,1181000000.0,0.289,11.122,9.985,10.176,3024000000.0,-1000000.0,103.8,0.956,0.956,1789000000.0,,17060000000.0,17060000000.0,0.0,0.127,1.429,0.269,0.12,0.0,4809000000.0,1.0,157078410.0,157200000.0,,108.524,8452000000.0,0.0,133000000.0,510000000.0,53.766,-655000000.0
50,HSH,MRT,2001-12-31,2001-12-29,2001-12-29,2021-08-25,0.0,13486000000.0,12141000000.0,5021000000.0,8465000000.0,1.392,8.599,-527000000.0,381000000.0,381000000.0,10691000000.0,1616000000.0,0.955,8.99,5729000000.0,961000000.0,4768000000.0,5729000000.0,0.0,553000000.0,0.0,0.026,2.913,2043000000.0,2596000000.0,0.154,2596000000.0,2043000000.0,1770000000.0,10.05,9.75,10.05,1350000000.0,1172000000.0,1350000000.0,23474135525.0,11.0,9.042,1074000000.0,6.841,1.0,6213000000.0,0.368,5239000000.0,273000000.0,8335000000.0,7114750000.0,2475000000.0,0.0,0.0,0.0,12136000000.0,5260000000.0,6876000000.0,17468135525.0,-354000000.0,-1546000000.0,-86000000.0,824000000.0,-481000000.0,135000000.0,-2076000000.0,0.0,1601000000.0,-14000000.0,1616000000.0,1617000000.0,1617000000.0,0.0,0.0,0.096,4479000000.0,1734000000.0,1317000000.0,0.29,12.939,10.803,11.095,2999000000.0,-1000000.0,111.5,1.033,1.036,1835000000.0,,16904000000.0,16904000000.0,0.0,0.133,1.38,0.287,0.121,0.0,4726000000.0,1.0,156664893.0,157000000.0,,107.669,8247000000.0,0.0,154000000.0,493000000.0,52.529,-239000000.0
51,HSH,MRT,2001-09-30,2001-09-29,2001-09-29,2021-08-25,0.0,13937000000.0,11652500000.0,5409000000.0,8528000000.0,1.457,8.033,-511000000.0,361000000.0,361000000.0,10542000000.0,2254000000.0,0.922,10.079,6367000000.0,1580000000.0,4787000000.0,6367000000.0,0.0,570000000.0,0.0,0.027,2.881,2718000000.0,3288000000.0,0.194,3288000000.0,2718000000.0,2456000000.0,13.85,13.35,13.85,1258000000.0,1213750000.0,1258000000.0,19361300939.0,7.0,5.888,954000000.0,6.092,1.0,6434000000.0,0.379,5080000000.0,262000000.0,8996000000.0,6600750000.0,2689000000.0,0.0,0.0,0.0,12679000000.0,5867000000.0,6812000000.0,16688300939.0,136000000.0,41000000.0,-306000000.0,-69000000.0,-485000000.0,-860000000.0,-471000000.0,0.0,1465000000.0,2000000.0,2254000000.0,2254000000.0,2254000000.0,-647000000.0,0.0,0.133,4456000000.0,1978000000.0,1439000000.0,0.208,13.266,7.404,7.69,3117000000.0,0.0,106.5,0.983,0.982,1994000000.0,,16976000000.0,16976000000.0,0.0,0.193,1.857,0.412,0.16,0.0,4891000000.0,1.0,156697661.0,156600000.0,,108.404,8857000000.0,0.0,202000000.0,543000000.0,56.558,-458000000.0
52,HSH,MRT,2001-06-30,2001-06-30,2001-06-30,2021-08-25,-1521000000.0,10167000000.0,11101500000.0,5083000000.0,5084000000.0,1.498,3.001,-532000000.0,548000000.0,548000000.0,10443000000.0,2266000000.0,1.025,18.199,3221000000.0,581000000.0,2640000000.0,3221000000.0,0.0,599000000.0,0.0,0.03,2.85,2784000000.0,3383000000.0,0.203,3383000000.0,2784000000.0,2514000000.0,13.75,13.25,13.75,497000000.0,1155750000.0,497000000.0,18773296748.0,7.0,5.549,964000000.0,5.822,1.0,6189000000.0,0.372,2674000000.0,270000000.0,5208000000.0,6130250000.0,2582000000.0,0.0,0.0,0.0,9045000000.0,4958000000.0,4087000000.0,15681296748.0,234000000.0,1584000000.0,-539000000.0,-1281000000.0,-486000000.0,-2306000000.0,1065000000.0,0.0,1496000000.0,-21000000.0,2266000000.0,2266000000.0,2266000000.0,-663000000.0,0.0,0.136,4158000000.0,2031000000.0,1505000000.0,0.207,31.552,6.92,6.887,2146000000.0,0.0,94.7,0.943,0.943,1538000000.0,2635000000.0,16632000000.0,16632000000.0,0.0,0.204,1.961,0.454,0.167,0.0,4597000000.0,1.0,165589195.0,165589195.0,,100.441,7493000000.0,0.0,248000000.0,751000000.0,45.251,125000000.0
53,HSH,MRT,2001-03-31,2001-03-31,2001-03-31,2021-08-25,0.0,10974000000.0,11462500000.0,5670000000.0,5304000000.0,1.454,9.559,-544000000.0,606000000.0,606000000.0,10507000000.0,1606000000.0,1.147,5.932,3698000000.0,945000000.0,2753000000.0,3698000000.0,0.0,619000000.0,0.0,0.026,2.8,2208000000.0,2827000000.0,0.17,2827000000.0,2208000000.0,1920000000.0,9.55,9.2,9.55,1583000000.0,1186000000.0,1583000000.0,21133210221.0,10.0,7.475,989000000.0,5.972,1.0,6155000000.0,0.369,3204000000.0,288000000.0,5920000000.0,6420250000.0,2716000000.0,0.0,0.0,0.0,9391000000.0,4942000000.0,4449000000.0,17848210221.0,309000000.0,1123000000.0,-844000000.0,-579000000.0,-490000000.0,-1791000000.0,591000000.0,0.0,1533000000.0,-24000000.0,1606000000.0,1606000000.0,1606000000.0,-683000000.0,0.0,0.096,4510000000.0,1645000000.0,1330000000.0,0.293,11.275,11.113,11.298,2100000000.0,0.0,107.9,1.071,1.072,1691000000.0,,16662000000.0,16662000000.0,0.0,0.14,1.354,0.344,0.133,0.0,4510000000.0,1.0,165414367.0,165600000.0,,100.616,7770000000.0,0.0,314000000.0,475000000.0,46.92,728000000.0
54,HSH,MRT,2000-12-31,2000-12-30,2000-12-30,2021-08-25,0.0,11532000000.0,11578250000.0,6033000000.0,5499000000.0,1.45,9.139,-624000000.0,735000000.0,735000000.0,10395000000.0,1627000000.0,1.165,6.602,4020000000.0,875000000.0,3145000000.0,4020000000.0,0.0,634000000.0,0.0,0.022,2.75,2246000000.0,2880000000.0,0.172,2880000000.0,2246000000.0,1957000000.0,9.6,9.25,9.6,1517000000.0,1151750000.0,1517000000.0,25546559948.0,11.0,8.87,963000000.0,5.801,1.0,6398000000.0,0.381,3359000000.0,289000000.0,6279000000.0,6313500000.0,2752000000.0,0.0,0.0,0.0,10015000000.0,5179000000.0,4836000000.0,20479559948.0,432000000.0,1082000000.0,-1184000000.0,-54000000.0,-490000000.0,-1606000000.0,454000000.0,0.0,1587000000.0,-3000000.0,1627000000.0,1627000000.0,1627000000.0,-696000000.0,0.0,0.097,4710000000.0,1688000000.0,1405000000.0,0.286,13.5,12.587,12.793,2140000000.0,0.0,122.812,1.22,1.214,1812000000.0,,16793000000.0,16793000000.0,0.0,0.141,1.413,0.356,0.134,0.0,4710000000.0,1.0,166754687.0,166000000.0,,101.163,8173000000.0,0.0,330000000.0,437000000.0,49.235,854000000.0
55,HSH,MRT,2000-09-30,2000-09-30,2000-09-30,2021-08-25,0.0,11733000000.0,11549750000.0,6071000000.0,5662000000.0,1.443,6.1,-650000000.0,225000000.0,225000000.0,10269000000.0,1218000000.0,0.962,10.436,5292000000.0,2326000000.0,2966000000.0,5292000000.0,0.0,612000000.0,0.0,0.027,2.7,1888000000.0,2500000000.0,0.15,2500000000.0,1888000000.0,1608000000.0,7.0,6.75,7.0,1026000000.0,1206250000.0,1026000000.0,21439566662.0,11.0,8.576,862000000.0,5.125,1.0,6401000000.0,0.384,3372000000.0,280000000.0,7114000000.0,6140750000.0,2999000000.0,0.0,0.0,0.0,10707000000.0,6314000000.0,4393000000.0,17070566662.0,56000000.0,-787000000.0,-1133000000.0,1623000000.0,-485000000.0,5000000.0,-1417000000.0,0.0,1512000000.0,-44000000.0,1218000000.0,1218000000.0,1218000000.0,-63000000.0,0.0,0.073,4653000000.0,1748000000.0,1518000000.0,0.386,16.638,14.015,14.509,2290000000.0,0.0,101.562,1.024,1.025,1826000000.0,,16670000000.0,16670000000.0,0.0,0.105,1.01,0.307,0.113,0.0,4653000000.0,1.0,168079426.0,168200000.0,,99.108,8361000000.0,0.0,390000000.0,208000000.0,49.709,-243000000.0
56,HSH,MRT,2000-06-30,2000-07-01,2000-07-01,2021-08-25,-1146000000.0,11611000000.0,11345750000.0,5974000000.0,5637000000.0,1.45,3.553,-647000000.0,314000000.0,314000000.0,10124000000.0,1222000000.0,0.884,16.791,4683000000.0,2435000000.0,2248000000.0,4683000000.0,0.0,602000000.0,0.0,0.027,2.65,1883000000.0,2485000000.0,0.151,2485000000.0,1883000000.0,1631000000.0,6.9,6.7,6.9,618000000.0,1311500000.0,618000000.0,20694517998.0,11.0,8.328,893000000.0,5.135,1.0,6330000000.0,0.385,2853000000.0,252000000.0,6368000000.0,5684250000.0,2951000000.0,0.0,0.0,0.0,10377000000.0,6759000000.0,3618000000.0,16793517998.0,35000000.0,-658000000.0,-948000000.0,1245000000.0,-485000000.0,-188000000.0,-1296000000.0,0.0,1540000000.0,-21000000.0,1222000000.0,1222000000.0,1222000000.0,-64000000.0,0.0,0.074,4587000000.0,1743000000.0,1762000000.0,0.384,27.174,13.743,13.995,2319000000.0,0.0,96.562,1.021,1.021,1764000000.0,2393000000.0,16454000000.0,16454000000.0,0.0,0.108,0.932,0.331,0.114,0.0,4587000000.0,1.0,173913455.0,173913455.0,,94.61,8758000000.0,0.0,409000000.0,307000000.0,50.358,-785000000.0
57,HSH,MRT,2000-03-31,2000-04-01,2000-04-01,2021-08-25,0.0,11437000000.0,11016000000.0,5406000000.0,6031000000.0,1.408,8.235,-656000000.0,297000000.0,297000000.0,8344000000.0,1195000000.0,0.858,6.909,4198000000.0,2035000000.0,2163000000.0,4198000000.0,0.0,559000000.0,0.0,0.029,2.6,1816000000.0,2375000000.0,0.153,2375000000.0,1816000000.0,1577000000.0,6.75,6.5,6.75,1446000000.0,1320250000.0,1446000000.0,19621806150.0,11.0,8.262,844000000.0,4.806,1.0,7164000000.0,0.462,3543000000.0,239000000.0,5493000000.0,5275500000.0,2895000000.0,0.0,0.0,0.0,9991000000.0,6302000000.0,3689000000.0,15991806150.0,65000000.0,-401000000.0,-974000000.0,1024000000.0,-479000000.0,-379000000.0,-1046000000.0,0.0,1500000000.0,-10000000.0,1195000000.0,1195000000.0,1195000000.0,-104000000.0,0.0,0.077,5532000000.0,1632000000.0,1591000000.0,0.385,11.059,13.382,13.333,2488000000.0,0.0,90.0,1.031,1.019,1881000000.0,,15508000000.0,15508000000.0,0.0,0.108,0.905,0.344,0.117,0.0,5532000000.0,1.0,177686735.0,175600000.0,182200000.0,88.314,7894000000.0,0.0,382000000.0,151000000.0,44.954,-896000000.0
58,HSH,MRT,1999-12-31,2000-01-01,2000-01-01,2021-08-25,0.0,11418000000.0,10801750000.0,5410000000.0,6008000000.0,1.481,9.791,-581000000.0,303000000.0,303000000.0,8755000000.0,1178000000.0,0.911,5.581,3933000000.0,1701000000.0,2232000000.0,3933000000.0,0.0,541000000.0,0.0,0.023,2.55,1810000000.0,2351000000.0,0.147,2351000000.0,1810000000.0,1573000000.0,6.6,6.35,6.6,1735000000.0,1380500000.0,1735000000.0,23183019367.0,13.0,9.861,938000000.0,5.293,1.0,7242000000.0,0.453,3519000000.0,237000000.0,5588000000.0,4996000000.0,2714000000.0,0.0,0.0,0.0,9683000000.0,5941000000.0,3742000000.0,19482019367.0,-7000000.0,-387000000.0,-892000000.0,793000000.0,-475000000.0,-524000000.0,-959000000.0,0.0,1519000000.0,-43000000.0,1178000000.0,1178000000.0,1178000000.0,-91000000.0,0.0,0.074,5610000000.0,1632000000.0,1577000000.0,0.386,11.229,16.538,16.714,2489000000.0,0.0,110.312,1.218,1.222,2021000000.0,,15997000000.0,15997000000.0,0.0,0.109,0.853,0.362,0.113,0.0,5610000000.0,1.0,176607541.0,177200000.0,184800000.0,90.277,7899000000.0,0.0,395000000.0,123000000.0,44.577,-531000000.0
59,HSH,MRT,1999-09-30,1999-10-02,1999-10-02,2021-08-25,0.0,10917000000.0,10710000000.0,5250000000.0,5667000000.0,1.555,8.212,-564000000.0,169000000.0,169000000.0,9314000000.0,1111000000.0,0.889,6.545,3870000000.0,1730000000.0,2140000000.0,3870000000.0,0.0,540000000.0,0.0,0.022,2.5,1736000000.0,2276000000.0,0.137,2276000000.0,1736000000.0,1497000000.0,6.15,5.95,6.15,1447000000.0,1445750000.0,1447000000.0,23385808034.0,13.0,10.275,890000000.0,5.051,1.0,7335000000.0,0.441,3426000000.0,239000000.0,5288000000.0,4707000000.0,2751000000.0,0.0,0.0,0.0,9470000000.0,5904000000.0,3566000000.0,20269808034.0,-53000000.0,-176000000.0,-948000000.0,604000000.0,-473000000.0,-767000000.0,-734000000.0,0.0,1454000000.0,-6000000.0,1111000000.0,1111000000.0,1111000000.0,-77000000.0,0.0,0.067,5767000000.0,1568000000.0,1482000000.0,0.407,14.008,18.245,18.648,2241000000.0,0.0,114.688,1.217,1.214,1998000000.0,,16649000000.0,16649000000.0,0.0,0.104,0.768,0.369,0.104,0.0,5691000000.0,1.0,176739471.0,176200000.0,183800000.0,94.489,7491000000.0,0.0,386000000.0,68000000.0,42.514,-654000000.0
60,HSH,MRT,1999-06-30,1999-07-03,1999-07-03,2021-08-25,-1006000000.0,10292000000.0,10748250000.0,5034000000.0,5258000000.0,1.607,3.616,-535000000.0,279000000.0,279000000.0,9879000000.0,1191000000.0,0.881,13.822,3344000000.0,1452000000.0,1892000000.0,3344000000.0,0.0,533000000.0,0.0,0.022,2.45,1867000000.0,2400000000.0,0.139,2400000000.0,1867000000.0,1630000000.0,6.55,6.3,6.55,653000000.0,1568500000.0,653000000.0,23344311070.0,13.0,9.727,1068000000.0,5.914,1.0,7391000000.0,0.428,2908000000.0,237000000.0,4733000000.0,4528500000.0,2535000000.0,0.0,0.0,0.0,9026000000.0,5716000000.0,3310000000.0,20328311070.0,6000000.0,336000000.0,-1168000000.0,187000000.0,-464000000.0,-1395000000.0,-192000000.0,0.0,1603000000.0,-10000000.0,1191000000.0,1191000000.0,1191000000.0,-60000000.0,0.0,0.069,5817000000.0,1574000000.0,1645000000.0,0.374,31.131,17.068,17.176,2024000000.0,0.0,112.5,1.177,1.176,1611000000.0,1760000000.0,17270000000.0,17270000000.0,0.0,0.111,0.759,0.412,0.108,0.0,5741000000.0,1.0,180696098.0,180600000.0,188800000.0,95.626,7384000000.0,0.0,439000000.0,205000000.0,40.886,-682000000.0
61,HSH,MRT,1999-03-31,1999-03-27,1999-03-27,2021-08-25,0.0,10580000000.0,10871250000.0,5059000000.0,5521000000.0,1.594,9.341,-362000000.0,232000000.0,232000000.0,9904000000.0,1208000000.0,0.888,5.271,3248000000.0,1250000000.0,1998000000.0,3248000000.0,0.0,566000000.0,0.0,0.018,2.4,1905000000.0,2471000000.0,0.143,2471000000.0,1905000000.0,1672000000.0,6.55,6.35,6.55,1687000000.0,1719250000.0,1687000000.0,26713798354.0,14.0,10.811,1689000000.0,9.352,1.0,7424000000.0,0.428,3525000000.0,233000000.0,4375000000.0,4473500000.0,2624000000.0,0.0,0.0,0.0,8893000000.0,5696000000.0,3197000000.0,23826798354.0,59000000.0,300000000.0,-1177000000.0,-286000000.0,-458000000.0,-1921000000.0,-58000000.0,0.0,2051000000.0,-13000000.0,1208000000.0,1211000000.0,1211000000.0,-52000000.0,0.0,0.07,5790000000.0,1634000000.0,1624000000.0,0.366,14.124,19.675,19.943,1996000000.0,-3000000.0,130.625,1.375,1.361,1850000000.0,,17328000000.0,17328000000.0,0.0,0.111,0.704,0.426,0.11,0.0,5716000000.0,1.0,182406112.0,180600000.0,189400000.0,95.947,7055000000.0,0.0,464000000.0,39000000.0,39.064,-637000000.0
62,HSH,MRT,1998-12-31,1998-12-26,1998-12-26,2021-08-25,0.0,11051000000.0,11018000000.0,5276000000.0,5775000000.0,1.579,10.991,-336000000.0,310000000.0,310000000.0,9990000000.0,1190000000.0,0.917,4.537,3197000000.0,1101000000.0,2096000000.0,3197000000.0,0.0,566000000.0,0.0,0.016,2.35,1885000000.0,2451000000.0,0.141,2451000000.0,1885000000.0,1656000000.0,6.4,6.2,6.4,1996000000.0,1799500000.0,1996000000.0,29851288604.0,16.0,12.179,1705000000.0,9.389,1.0,7410000000.0,0.426,3753000000.0,229000000.0,4432000000.0,4590000000.0,2644000000.0,0.0,0.0,0.0,9055000000.0,5753000000.0,3302000000.0,26946288604.0,73000000.0,226000000.0,-1360000000.0,-57000000.0,-454000000.0,-1871000000.0,-108000000.0,0.0,2041000000.0,11000000.0,1190000000.0,1192000000.0,1192000000.0,-52000000.0,0.0,0.069,5783000000.0,1627000000.0,1672000000.0,0.367,13.5,22.606,23.047,2022000000.0,-2000000.0,147.5,1.549,1.539,1938000000.0,,17400000000.0,17400000000.0,0.0,0.108,0.662,0.411,0.108,0.0,5709000000.0,1.0,182686702.0,181600000.0,191000000.0,95.815,7298000000.0,0.0,466000000.0,36000000.0,40.187,-477000000.0
63,HSH,MRT,1998-09-30,1998-09-26,1998-09-26,2021-08-25,0.0,11070000000.0,11043500000.0,5336000000.0,5734000000.0,1.575,10.625,-327000000.0,222000000.0,222000000.0,10074000000.0,-410000000.0,0.938,4.712,3127000000.0,864000000.0,2263000000.0,3127000000.0,0.0,565000000.0,0.0,0.017,2.3,-101000000.0,464000000.0,0.027,464000000.0,-101000000.0,-329000000.0,-2.15,-2.3,-2.15,1938000000.0,1893750000.0,1938000000.0,27797641685.0,-275.0,59.909,1813000000.0,9.94,1.0,7319000000.0,0.421,3710000000.0,228000000.0,4574000000.0,4665500000.0,2840000000.0,0.0,0.0,0.0,9132000000.0,5691000000.0,3441000000.0,24993641685.0,49000000.0,655000000.0,-1607000000.0,-373000000.0,-450000000.0,-2430000000.0,336000000.0,0.0,2140000000.0,3000000.0,-410000000.0,-409000000.0,-409000000.0,-52000000.0,0.0,-0.024,7672000000.0,-353000000.0,1851000000.0,-1.07,12.897,-61.109,-63.372,2024000000.0,-1000000.0,136.25,1.437,1.429,1953000000.0,,17393000000.0,17393000000.0,0.0,-0.037,-0.216,-0.022,-0.006,0.0,5634000000.0,1.0,183439572.0,182400000.0,191800000.0,95.356,7360000000.0,0.0,81000000.0,33000000.0,40.351,-355000000.0
64,HSH,MRT,1998-06-30,1998-06-27,1998-06-27,2021-08-25,-784000000.0,10784000000.0,11868500000.0,5297000000.0,5487000000.0,1.468,6.688,-334000000.0,273000000.0,273000000.0,10128000000.0,-523000000.0,0.96,7.14,3061000000.0,791000000.0,2270000000.0,3061000000.0,0.0,595000000.0,0.0,0.016,2.25,-255000000.0,340000000.0,0.02,340000000.0,-255000000.0,-479000000.0,-2.85,-2.85,-2.85,1256000000.0,2506500000.0,1256000000.0,29775614003.0,-117.0,87.575,1601000000.0,8.525,1.0,7298000000.0,0.419,3543000000.0,224000000.0,4513000000.0,5179500000.0,2779000000.0,0.0,0.0,0.0,8968000000.0,5516000000.0,3452000000.0,26448614003.0,1000000.0,58000000.0,-1414000000.0,411000000.0,-447000000.0,-1650000000.0,-275000000.0,0.0,1935000000.0,-9000000.0,-523000000.0,-523000000.0,-523000000.0,-52000000.0,0.0,-0.03,7653000000.0,-355000000.0,1854000000.0,-0.789,21.058,-50.571,-49.671,1944000000.0,0.0,141.562,1.518,1.526,1676000000.0,2036000000.0,17426000000.0,17426000000.0,0.0,-0.044,-0.209,-0.049,-0.015,0.0,5615000000.0,1.0,186833476.0,187800000.0,187800000.0,92.79,7241000000.0,0.0,44000000.0,413000000.0,38.557,-219000000.0
65,HSH,MRT,1998-03-31,1998-03-28,1998-03-28,2021-08-25,0.0,11167000000.0,,5285000000.0,5882000000.0,,10.749,-440000000.0,173000000.0,173000000.0,12286000000.0,-546000000.0,0.895,4.561,3500000000.0,1420000000.0,2080000000.0,3500000000.0,0.0,618000000.0,0.0,0.014,2.2,-261000000.0,357000000.0,0.018,357000000.0,-261000000.0,-471000000.0,-3.05,-3.15,-3.05,2008000000.0,,2008000000.0,32201367206.0,-123.0,90.2,1095000000.0,5.862,1.0,7552000000.0,0.381,3745000000.0,210000000.0,4841000000.0,,2963000000.0,0.0,0.0,0.0,9159000000.0,5908000000.0,3251000000.0,29277367206.0,-57000000.0,4000000.0,-992000000.0,595000000.0,-445000000.0,-1142000000.0,-441000000.0,0.0,1535000000.0,-9000000.0,-546000000.0,-564000000.0,-564000000.0,0.0,0.0,-0.028,7863000000.0,-311000000.0,1595000000.0,-0.721,14.58,-51.91,-50.717,2137000000.0,18000000.0,154.688,1.476,1.457,1843000000.0,,19838000000.0,19838000000.0,0.0,,,,-0.013,0.0,5823000000.0,1.0,189267828.0,186800000.0,197600000.0,106.199,7422000000.0,0.0,75000000.0,40000000.0,39.732,-623000000.0
66,HSH,MRT,1997-12-31,1997-12-27,1997-12-27,2021-08-25,0.0,11153000000.0,,5303000000.0,5850000000.0,,12.556,-459000000.0,237000000.0,237000000.0,12274000000.0,-567000000.0,0.94,3.7,3161000000.0,1141000000.0,2020000000.0,3161000000.0,0.0,648000000.0,0.0,0.015,2.15,-295000000.0,353000000.0,0.018,353000000.0,-295000000.0,-498000000.0,-3.2,-3.3,-3.2,2373000000.0,,2373000000.0,,,,1052000000.0,5.566,1.0,7477000000.0,0.379,3699000000.0,203000000.0,4734000000.0,,2841000000.0,0.0,0.0,0.0,8780000000.0,5644000000.0,3136000000.0,26763653860.0,-39000000.0,14000000.0,-611000000.0,266000000.0,-441000000.0,-1086000000.0,-448000000.0,0.0,1511000000.0,-16000000.0,-567000000.0,-588000000.0,-588000000.0,0.0,0.0,-0.03,7820000000.0,-343000000.0,1610000000.0,-0.672,11.278,-45.516,-44.189,2151000000.0,21000000.0,141.406,1.355,1.353,1925000000.0,,19751000000.0,19751000000.0,0.0,,,,-0.015,0.0,5780000000.0,1.0,189267828.0,189000000.0,189000000.0,104.503,7454000000.0,0.0,69000000.0,41000000.0,39.439,-341000000.0
67,HSH,MRT,1997-09-30,1997-09-27,1997-09-27,2021-08-25,,,,,,,,,,,12264000000.0,1028000000.0,,,,,,,,,,0.016,2.1,1703000000.0,,,,1703000000.0,1507000000.0,5.225,5.05,5.225,,,,,,,,,1.0,7477000000.0,0.379,,196000000.0,,,,,,,,,,,,,,,,,,,,,1028000000.0,1005000000.0,1005000000.0,0.0,0.0,0.051,5815000000.0,1662000000.0,,0.402,,,24.551,,23000000.0,128.281,,1.242,,,19741000000.0,19741000000.0,0.0,,,,0.086,,5815000000.0,1.0,,191200000.0,200400000.0,103.248,,,479000000.0,,,
68,HSH,MRT,1997-06-30,1997-06-28,1997-06-28,2021-08-25,-618000000.0,12953000000.0,12777500000.0,5391000000.0,7562000000.0,1.544,19.588,-488000000.0,272000000.0,272000000.0,12267000000.0,1009000000.0,1.075,2.308,2664000000.0,731000000.0,1933000000.0,2664000000.0,0.0,680000000.0,0.0,0.017,1.794,1686000000.0,2366000000.0,0.12,2366000000.0,1686000000.0,1484000000.0,5.1,4.95,5.1,3757000000.0,3777000000.0,3757000000.0,,,,1064000000.0,5.547,1.0,7467000000.0,0.378,4483000000.0,202000000.0,5846000000.0,5672500000.0,2973000000.0,0.0,0.0,0.0,8673000000.0,5016000000.0,3657000000.0,,29000000.0,-560000000.0,-300000000.0,362000000.0,-430000000.0,-468000000.0,-1042000000.0,0.0,1552000000.0,-13000000.0,1009000000.0,983000000.0,983000000.0,0.0,0.0,0.05,5824000000.0,1643000000.0,1703000000.0,0.352,,,20.619,3079000000.0,26000000.0,105.156,,1.022,0.0,4274000000.0,19734000000.0,19734000000.0,0.0,0.077,0.26,0.297,0.085,0.0,5824000000.0,1.0,,191800000.0,200800000.0,102.888,8470000000.0,0.0,475000000.0,724000000.0,44.161,375000000.0
69,HSH,MRT,1997-03-31,1997-03-29,1997-03-29,2021-08-25,,,,,,,,,,,,,,,,,,,,,,0.017,1.756,,,,,,,,,,,,,,,,,,1.0,,,,,,,,,,,,,,,,,,,,,,,,,,,,,,,,,,,,,,,,105.625,,,,,,,,,,,,,,1.0,,191200000.0,,,,,,,,
70,HSH,MRT,1996-12-31,1996-12-28,1996-12-28,2021-08-25,,,,,,,,,,,,,,,,,,,,,,0.013,1.244,,,,,,,,,,,,,,,,,,1.0,,,,,,,,,,,,,,,,,,,,,,,,,,,,,,,,,,,,,,,,95.938,,,,,,,,,,,,,,1.0,,192000000.0,,,,,,,,
71,HSH,MRT,1996-06-30,1996-06-29,1996-06-29,2021-08-25,-227000000.0,12602000000.0,,5081000000.0,7521000000.0,,,-493000000.0,243000000.0,243000000.0,,,1.095,2.181,2296000000.0,454000000.0,1842000000.0,2296000000.0,0.0,634000000.0,0.0,0.006,0.475,,,,,,,,,,3797000000.0,,3797000000.0,,,,811000000.0,,1.0,,,4514000000.0,,5499000000.0,,2807000000.0,0.0,0.0,0.0,8282000000.0,4642000000.0,3640000000.0,,41000000.0,-204000000.0,-10000000.0,-150000000.0,-395000000.0,-555000000.0,-693000000.0,0.0,1304000000.0,-15000000.0,,,,,,,,,1592000000.0,,,,,3007000000.0,,81.25,,,1728000000.0,3783000000.0,,,,,,,,0.0,,1.0,,,,,8088000000.0,0.0,,641000000.0,,439000000.0
