None,ticker,dimension,calendardate,datekey,reportperiod,lastupdated,accoci,assets,assetsavg,assetsc,assetsnc,assetturnover,bvps,capex,cashneq,cashnequsd,cor,consolinc,currentratio,de,debt,debtc,debtnc,debtusd,deferredrev,depamor,deposits,divyield,dps,ebit,ebitda,ebitdamargin,ebitdausd,ebitusd,ebt,eps,epsdil,epsusd,equity,equityavg,equityusd,ev,evebit,evebitda,fcf,fcfps,fxusd,gp,grossmargin,intangibles,intexp,invcap,invcapavg,inventory,investments,investmentsc,investmentsnc,liabilities,liabilitiesc,liabilitiesnc,marketcap,ncf,ncfbus,ncfcommon,ncfdebt,ncfdiv,ncff,ncfi,ncfinv,ncfo,ncfx,netinc,netinccmn,netinccmnusd,netincdis,netincnci,netmargin,opex,opinc,payables,payoutratio,pb,pe,pe1,ppnenet,prefdivis,price,ps,ps1,receivables,retearn,revenue,revenueusd,rnd,roa,roe,roic,ros,sbcomp,sgna,sharefactor,sharesbas,shareswa,shareswadil,sps,tangibles,taxassets,taxexp,taxliabilities,tbvps,workingcapital
0,AYI,ARY,2020-12-31,2020-10-23,2020-08-31,2021-08-25,-132700000,3491700000,3408975000.0,1439700000,2052000000,0.976,53.861,-54700000.0,560700000,560700000,1923900000.0,248300000.0,2.331,0.641,475100000,41500000,433600000,475100000,0,101100000.0,0,0.005,0.52,348000000.0,449100000.0,0.135,449100000.0,348000000.0,324700000.0,6.29,6.27,6.29,2127500000,2063900000.0,2127500000,3457871473.0,10.0,7.7,450100000.0,11.395,1.0,1402400000.0,0.422,1685900000,23300000.0,1102600000,1140775000.0,320100000,0,0,0,1364200000,617600000,746600000,3543471473.0,99700000.0,-303000000.0,-68400000.0,44300000.0,-20800000.0,-50300000.0,-359800000.0,0.0,504800000.0,5000000.0,248300000.0,248300000.0,248300000.0,0.0,0.0,0.075,1048500000.0,353900000.0,326500000,0.083,1.666,14.271,15.054,333900000,0.0,94.69,1.065,1.124,500300000,2523300000.0,3326300000.0,3326300000.0,0.0,0.073,0.12,0.305,0.105,38200000.0,1028500000.0,1.0,37421813,39500000.0,39600000.0,84.21,1805800000,2700000,76400000.0,94900000,45.716,822100000
1,AYI,ARY,2019-12-31,2019-10-29,2019-08-31,2021-08-25,-151400000,3172400000,3075150000.0,1441800000,1730600000,1.194,48.335,-53000000.0,461000000,461000000,2193000000.0,330400000.0,2.419,0.653,356600000,9100000,347500000,356600000,0,88300000.0,0,0.004,0.52,458200000.0,546500000.0,0.149,546500000.0,458200000.0,424900000.0,8.32,8.29,8.32,1918900000,1839125000.0,1918900000,4969125346.0,11.0,9.093,441700000.0,11.126,1.0,1479700000.0,0.403,1433300000,33300000.0,1038600000,1061100000.0,340800000,0,0,0,1253500000,596100000,657400000,5073525346.0,331900000.0,-2900000.0,-81000000.0,-400000.0,-20800000.0,-108200000.0,-53000000.0,0.0,494700000.0,-1600000.0,330400000.0,330400000.0,330400000.0,0.0,0.0,0.09,1016800000.0,462900000.0,338800000,0.062,2.644,15.356,15.382,277300000,0.0,127.98,1.381,1.383,561000000,2295800000.0,3672700000.0,3672700000.0,0.0,0.107,0.18,0.432,0.125,29200000.0,1015000000.0,1.0,39643111,39700000.0,39800000.0,92.511,1739100000,2300000,94500000.0,92700000,43.806,845700000
2,AYI,ARY,2018-12-31,2018-10-25,2018-08-31,2021-08-25,-114800000,2988800000,2895775000.0,1211100000,1777700000,1.271,41.976,-43600000.0,129100000,129100000,2193300000.0,349600000.0,1.774,0.741,356800000,400000,356400000,356800000,0,80300000.0,0,0.004,0.52,459400000.0,539700000.0,0.147,539700000.0,459400000.0,425900000.0,8.54,8.52,8.54,1716800000,1669775000.0,1716800000,5021110029.0,11.0,9.304,309600000.0,7.57,1.0,1486800000.0,0.404,1469300000,33500000.0,1064500000,1007600000.0,411800000,0,0,0,1272000000,682700000,589300000,4793410029.0,-182000000.0,-162100000.0,-296700000.0,-400000.0,-21400000.0,-326700000.0,-205700000.0,0.0,353200000.0,-2800000.0,349600000.0,349600000.0,349600000.0,0.0,0.0,0.095,1032200000.0,454600000.0,451100000,0.061,2.792,13.711,13.968,286700000,0.0,119.29,1.303,1.326,637900000,1999200000.0,3680100000.0,3680100000.0,0.0,0.121,0.209,0.456,0.125,32300000.0,1026600000.0,1.0,40182832,40900000.0,41000000.0,89.978,1519500000,2900000,76300000.0,92500000,37.152,528400000
3,AYI,ARY,2017-12-31,2017-10-26,2017-08-31,2021-08-25,-99700000,2899600000,2898150000.0,1245600000,1654000000,1.209,38.645,-61800000.0,311100000,311100000,2023900000.0,321700000.0,2.073,0.741,356900000,400000,356500000,356900000,0,74600000.0,0,0.003,0.52,525100000.0,599700000.0,0.171,599700000.0,525100000.0,492600000.0,7.46,7.43,7.46,1665600000,1683925000.0,1665600000,6745488467.0,13.0,11.248,254400000.0,5.903,1.0,1481200000.0,0.423,1349700000,32500000.0,994800000,990375000.0,328600000,0,0,0,1234000000,600900000,633100000,6699688467.0,-102100000.0,0.0,-354900000.0,1000000.0,-22700000.0,-371400000.0,-48800000.0,13200000.0,316200000.0,1900000.0,321700000.0,321700000.0,321700000.0,0.0,0.0,0.092,962400000.0,518800000.0,395100000,0.07,4.022,20.826,21.342,287700000,0.0,159.21,1.911,1.958,573300000,1659900000.0,3505100000.0,3505100000.0,0.0,0.111,0.191,0.53,0.15,26800000.0,951100000.0,1.0,42080827,43100000.0,43300000.0,81.325,1549900000,3400000,170900000.0,108200000,35.961,644700000
4,AYI,ARY,2016-12-31,2016-10-27,2016-08-31,2021-08-25,-139400000,2948000000,2714325000.0,1322900000,1625100000,1.213,38.156,-81500000.0,413200000,413200000,1855100000.0,290800000.0,1.967,0.776,355200000,200000,355000000,355200000,0,62600000.0,0,0.002,0.52,476800000.0,539400000.0,0.164,539400000.0,476800000.0,444600000.0,6.67,6.63,6.67,1659800000,1544000000.0,1659800000,9897623192.0,21.0,18.349,264200000.0,6.074,1.0,1436200000.0,0.436,1329200000,32200000.0,888300000,854975000.0,295200000,0,0,0,1288200000,672500000,615700000,9955623192.0,-343600000.0,-623200000.0,14200000.0,2500000.0,-22900000.0,19400000.0,-704700000.0,0.0,345700000.0,-4000000.0,290800000.0,290800000.0,290800000.0,0.0,0.0,0.088,961000000.0,475200000.0,401000000,0.078,5.998,34.235,33.859,267800000,0.0,225.84,3.025,2.985,572800000,1360900000.0,3291300000.0,3291300000.0,0.0,0.107,0.188,0.558,0.145,2100000.0,946000000.0,1.0,44082639,43500000.0,43800000.0,75.662,1618800000,5100000,153800000.0,74600000,37.214,650400000
5,AYI,ARY,2015-12-31,2015-10-27,2015-08-31,2021-08-25,-110400000,2429600000,2295400000.0,1436500000,993100000,1.179,31.555,-55200000.0,756800000,756800000,1561100000.0,222100000.0,2.758,0.786,352400000,0,352400000,352400000,0,45800000.0,0,0.002,0.52,375100000.0,420900000.0,0.156,420900000.0,375100000.0,343600000.0,5.13,5.09,5.13,1360000000,1284000000.0,1360000000,8718037003.0,23.0,20.713,233700000.0,5.422,1.0,1145600000.0,0.423,788400000,31500000.0,715900000,735950000.0,224800000,0,0,0,1069600000,520900000,548700000,9122437003.0,204300000.0,-14600000.0,11600000.0,0.0,-22700000.0,-3900000.0,-72400000.0,0.0,288900000.0,-8300000.0,222100000.0,222100000.0,222100000.0,0.0,0.0,0.082,769300000.0,376300000.0,311100000,0.101,6.708,41.074,40.752,174600000,0.0,209.06,3.37,3.329,411700000,1093000000.0,2706700000.0,2706700000.0,0.0,0.097,0.173,0.51,0.139,600000.0,756900000.0,1.0,43635497,43100000.0,43400000.0,62.8,1641200000,26100000,121500000.0,54300000,38.079,915600000
6,AYI,ARY,2014-12-31,2014-10-29,2014-08-31,2021-08-25,-71900000,2168100000,2039100000.0,1186700000,981400000,1.174,27.185,-34300000.0,552500000,552500000,1414300000.0,175800000.0,2.522,0.863,353600000,0,353600000,353600000,0,43400000.0,0,0.004,0.52,297800000.0,341200000.0,0.143,341200000.0,297800000.0,265700000.0,4.07,4.05,4.07,1163500000,1101825000.0,1163500000,5768300159.0,19.0,16.906,198800000.0,4.645,1.0,979200000.0,0.409,801000000,32100000.0,697700000,719100000.0,212000000,0,0,0,1004600000,470500000,534100000,5967200159.0,193400000.0,0.0,8400000.0,0.0,-22500000.0,-6300000.0,-34300000.0,0.0,233100000.0,900000.0,175800000.0,175800000.0,175800000.0,0.0,0.0,0.073,680100000.0,299100000.0,287400000,0.128,5.129,33.943,33.897,152500000,0.0,137.96,2.493,2.467,373400000,893600000.0,2393500000.0,2393500000.0,0.0,0.086,0.16,0.414,0.124,7300000.0,680300000.0,1.0,43253118,42800000.0,43000000.0,55.923,1367100000,24500000,89900000.0,58400000,31.942,716200000
7,AYI,ARY,2013-12-31,2013-10-29,2013-08-31,2021-08-25,-62600000,1903800000,1801925000.0,913500000,990300000,1.159,23.543,-33000000.0,359100000,359100000,1251500000.0,127400000.0,2.365,0.916,353600000,0,353600000,353600000,0,40800000.0,0,0.005,0.52,224300000.0,265100000.0,0.127,265100000.0,224300000.0,193100000.0,2.97,2.95,2.97,993500000,918225000.0,993500000,4433246511.0,20.0,16.723,99300000.0,2.353,1.0,837600000.0,0.401,813300000,31200000.0,698800000,714450000.0,203000000,0,0,0,910300000,386200000,524100000,4438746511.0,74600000.0,-25500000.0,14900000.0,0.0,-22400000.0,1100000.0,-58500000.0,0.0,132300000.0,-300000.0,127400000.0,127400000.0,127400000.0,0.0,0.0,0.061,616100000.0,221500000.0,249500000,0.175,4.468,34.841,34.811,147900000,0.0,103.39,2.125,2.088,318300000,740300000.0,2089100000.0,2089100000.0,0.0,0.071,0.139,0.314,0.107,7900000.0,607600000.0,1.0,42932068,42200000.0,42500000.0,49.505,1090500000,15300000,65700000.0,53900000,25.841,527300000
8,AYI,ARY,2012-12-31,2012-10-26,2012-08-31,2021-08-25,-84700000,1736900000,1646575000.0,779000000,957900000,1.174,20.145,-31300000.0,284500000,284500000,1145700000.0,116300000.0,2.135,1.083,353500000,0,353500000,353500000,0,39800000.0,0,0.008,0.52,209700000.0,249500000.0,0.129,249500000.0,209700000.0,179000000.0,2.75,2.72,2.75,834000000,803400000.0,834000000,2797753488.0,13.0,11.213,140900000.0,3.403,1.0,788000000.0,0.408,785700000,30700000.0,655400000,667725000.0,194100000,0,0,0,902900000,364800000,538100000,2728753488.0,114300000.0,-3800000.0,-1600000.0,0.0,-22000000.0,-18700000.0,-35100000.0,0.0,172200000.0,-4100000.0,116300000.0,116300000.0,116300000.0,0.0,0.0,0.06,580000000.0,208000000.0,232700000,0.189,3.272,23.463,23.389,139200000,0.0,64.32,1.411,1.377,263800000,635300000.0,1933700000.0,1933700000.0,0.0,0.071,0.145,0.314,0.108,5400000.0,566700000.0,1.0,42424650,41400000.0,41900000.0,46.708,951200000,17100000,62700000.0,33400000,22.976,414200000
9,AYI,ARY,2011-12-31,2011-10-28,2011-08-31,2021-08-25,-53800000,1597400000,1561700000.0,630500000,966900000,1.15,17.938,-22100000.0,170200000,170200000,1065700000.0,105500000.0,1.903,1.11,353400000,0,353400000,353400000,0,40100000.0,0,0.011,0.52,187500000.0,227600000.0,0.127,227600000.0,187500000.0,157600000.0,2.46,2.42,2.46,757000000,751675000.0,757000000,2225430540.0,12.0,9.778,139000000.0,3.294,1.0,730000000.0,0.407,793400000,29900000.0,655800000,678000000.0,165900000,0,0,0,840400000,331400000,509000000,2042230540.0,-20800000.0,-90400000.0,-54500000.0,0.0,-22600000.0,-71800000.0,-112500000.0,0.0,161100000.0,2400000.0,105500000.0,105500000.0,105500000.0,0.0,0.0,0.059,541300000.0,188700000.0,203800000,0.211,2.698,19.358,19.711,143200000,0.0,48.49,1.137,1.14,262600000,541000000.0,1795700000.0,1795700000.0,0.0,0.068,0.14,0.277,0.104,3100000.0,541300000.0,1.0,42116530,42200000.0,42800000.0,42.552,804000000,18000000,52100000.0,36400000,19.052,299100000
10,AYI,ARY,2010-12-31,2010-10-29,2010-08-31,2021-08-25,-71300000,1503600000,1430675000.0,626300000,877300000,1.137,16.339,-21700000.0,191000000,191000000,965400000.0,79600000.0,1.949,1.165,353300000,0,353300000,353300000,0,36500000.0,0,0.01,0.52,148800000.0,185300000.0,0.114,185300000.0,148800000.0,119400000.0,1.84,1.8,1.84,694400000,701100000.0,694400000,2305691253.0,15.0,12.443,138800000.0,3.266,1.0,661500000.0,0.407,715100000,29400000.0,629500000,571550000.0,149000000,0,0,0,809200000,321300000,487900000,2143391253.0,172300000.0,-22600000.0,-29600000.0,108600000.0,-22600000.0,59200000.0,-44300000.0,0.0,160500000.0,-3100000.0,79600000.0,79600000.0,79600000.0,-600000.0,0.0,0.049,503800000.0,157700000.0,195000000,0.283,3.087,26.927,27.212,138400000,0.0,50.07,1.317,1.308,255100000,459000000.0,1626900000.0,1626900000.0,0.0,0.056,0.114,0.26,0.091,6200000.0,495400000.0,1.0,42807894,42500000.0,43300000.0,38.28,788500000,21000000,39800000.0,10200000,18.553,305000000
11,AYI,ARY,2009-12-31,2009-10-30,2009-08-31,2021-08-25,-57423000,1290603000,1285360250.0,422900000,867703000,1.289,16.482,-21065000.0,18683000,18683000,1022308000.0,84909000.0,0.888,0.92,231582000,209535000,22047000,231582000,0,35736000.0,0,0.016,0.52,155577000.0,191313000.0,0.115,191313000.0,155577000.0,127035000.0,2.08,2.04,2.08,672140000,620073750.0,672140000,1583341390.0,10.0,8.276,71665000.0,1.757,1.0,635096000.0,0.383,695389000,28542000.0,332024000,480351500.0,140797000,0,0,0,618463000,476089000,142374000,1370442390.0,-278413000.0,-162081000.0,3038000.0,-162395000.0,-21634000.0,-180610000.0,-183146000.0,0.0,92730000.0,-7099000.0,84909000.0,84909000.0,84909000.0,288000.0,0.0,0.051,481343000.0,153753000.0,162299000,0.25,2.039,16.14,15.221,145829000,0.0,31.66,0.827,0.779,227371000,404169000.0,1657404000.0,1657404000.0,0.0,0.066,0.137,0.324,0.094,-381000.0,454606000.0,1.0,43286241,40781000.0,41557000.0,40.642,595214000,19336000,42126000.0,12962000,14.595,-53189000
12,AYI,ARY,2008-12-31,2008-10-27,2008-08-31,2021-08-25,-22819000,1408691000,1359144500.0,756147000,652544000,1.491,14.157,-26968000.0,297096000,297096000,1210849000.0,148255000.0,1.447,1.448,363936000,159983000,203953000,363936000,0,33840000.0,0,0.016,0.52,258588000.0,292428000.0,0.144,292428000.0,258588000.0,230173000.0,3.65,3.56,3.65,575546000,548460000.0,575546000,1356937712.0,5.0,4.64,194835000.0,4.792,1.0,815795000.0,0.403,472703000,28415000.0,480262000,559803250.0,145725000,0,0,0,833145000,522566000,310579000,1290097712.0,83422000.0,-3500000.0,-151102000.0,-8000.0,-22466000.0,-110175000.0,-30468000.0,0.0,221803000.0,755000.0,148255000.0,148255000.0,148255000.0,377000.0,0.0,0.073,554735000.0,261060000.0,205776000,0.142,2.242,8.702,8.756,161506000,0.0,31.96,0.637,0.641,268971000,366904000.0,2026644000.0,2026644000.0,0.0,0.109,0.27,0.462,0.128,-5022000.0,540097000.0,1.0,40366011,40655000.0,41609000.0,49.85,935988000,20477000,81918000.0,23983000,23.023,233581000
13,AYI,ARY,2007-12-31,2007-10-30,2007-08-31,2021-08-25,-9513000,1612508000,1501741250.0,867985000,744523000,1.685,15.779,-35124000.0,222816000,222816000,1460775000.0,148054000.0,1.845,1.4,371323000,296000,371027000,371323000,0,38405000.0,0,0.013,0.6,258027000.0,296432000.0,0.117,296432000.0,258027000.0,227887000.0,3.48,3.37,3.48,671966000,616077250.0,671966000,2099448338.0,8.0,7.082,206037000.0,4.838,1.0,1069893000.0,0.423,506288000,30140000.0,784331000,826701500.0,192070000,0,0,0,940542000,470396000,470146000,1950941338.0,134168000.0,-43359000.0,-18466000.0,-648000.0,-26359000.0,-30113000.0,-78483000.0,0.0,241161000.0,1603000.0,148054000.0,148054000.0,148054000.0,0.0,0.0,0.059,812958000.0,256935000.0,247176000,0.172,2.903,13.177,13.27,213738000,0.0,46.18,0.771,0.777,388646000,313850000.0,2530668000.0,2530668000.0,0.0,0.099,0.24,0.312,0.102,-15360000.0,812958000.0,1.0,42246456,42585000.0,43897000.0,59.426,1106220000,23937000,79833000.0,12491000,25.977,397589000
14,AYI,ARY,2006-12-31,2006-11-02,2006-08-31,2021-08-25,-16492000,1444116000,1418562250.0,737645000,706471000,1.687,12.357,-23809000.0,88648000,88648000,1423096000.0,106562000.0,1.724,1.663,371895000,643000,371252000,371895000,0,39012000.0,0,0.012,0.6,196984000.0,235996000.0,0.099,235996000.0,196984000.0,163753000.0,2.43,2.34,2.43,542259000,541767500.0,542259000,2389581041.0,12.0,10.126,132074000.0,3.01,1.0,970027000.0,0.405,466475000,33231000.0,833094000,857820750.0,209319000,0,0,0,901857000,427794000,474063000,2106334041.0,-9885000.0,151000.0,-133384000.0,-473000.0,-26854000.0,-143429000.0,-23658000.0,0.0,155883000.0,1319000.0,106562000.0,106562000.0,106562000.0,0.0,0.0,0.045,772618000.0,197409000.0,243593000,0.247,3.884,19.766,20.136,211269000,0.0,48.93,0.88,0.897,379622000,192155000.0,2393123000.0,2393123000.0,0.0,0.075,0.197,0.23,0.082,-17282000.0,772326000.0,1.0,43047906,43884000.0,45579000.0,54.533,977641000,28208000,57191000.0,12974000,22.278,309851000
15,AYI,ARY,2005-12-31,2005-11-01,2005-08-31,2021-08-25,-34602000,1442215000,1387642500.0,717774000,724441000,1.566,12.56,-29649000.0,98533000,98533000,1324311000.0,52229000.0,1.797,1.662,372303000,567000,371736000,372303000,0,41075000.0,0,0.022,0.6,110563000.0,151638000.0,0.07,151638000.0,110563000.0,74832000.0,1.21,1.17,1.21,541793000,512310750.0,541793000,1514331670.0,14.0,9.986,107438000.0,2.491,1.0,848543000.0,0.391,468309000,35731000.0,848204000,904155000.0,215590000,0,0,0,900422000,399472000,500950000,1240561670.0,84398000.0,251000.0,27108000.0,-23486000.0,-26342000.0,-22720000.0,-29398000.0,0.0,137087000.0,-571000.0,52229000.0,52229000.0,52229000.0,0.0,0.0,0.024,741798000.0,106745000.0,221844000,0.496,2.29,23.752,22.777,219194000,0.0,27.56,0.571,0.547,345770000,112447000.0,2172854000.0,2172854000.0,0.0,0.038,0.102,0.122,0.051,0.0,710263000.0,1.0,45013123,43135000.0,44752000.0,50.373,973906000,29122000,22603000.0,4707000,22.578,318302000
16,AYI,ARY,2004-12-31,2004-10-29,2004-08-31,2021-08-25,-29207000,1364529000,1322622750.0,633586000,730943000,1.591,11.406,-52060000.0,14135000,14135000,1230308000.0,67214000.0,1.749,1.855,395721000,5511000,390210000,395721000,0,42960000.0,0,0.023,0.6,137493000.0,180453000.0,0.086,180453000.0,137493000.0,102617000.0,1.6,1.56,1.6,477977000,444765250.0,477977000,1507102387.0,11.0,8.352,61194000.0,1.46,1.0,873859000.0,0.415,470253000,34876000.0,913627000,911788250.0,222260000,0,0,0,886552000,362235000,524317000,1125516387.0,-1918000.0,2477000.0,9664000.0,-50153000.0,-25409000.0,-65898000.0,-49583000.0,0.0,113254000.0,309000.0,67214000.0,67214000.0,67214000.0,0.0,0.0,0.032,735932000.0,137927000.0,206064000,0.375,2.355,16.745,16.581,226299000,0.0,26.53,0.535,0.528,331157000,86560000.0,2104167000.0,2104167000.0,0.0,0.051,0.151,0.151,0.065,0.0,727542000.0,1.0,42424289,41906000.0,43201000.0,50.212,894276000,29500000,35403000.0,24844000,21.34,271351000
17,AYI,ARY,2003-12-31,2003-10-31,2003-08-31,2021-08-25,-42765000,1288219000,1318481000.0,558552000,729667000,1.554,9.848,-26247000.0,16053000,16053000,1197787000.0,47782000.0,1.554,2.155,445808000,54339000,391469000,445808000,0,46039000.0,0,0.028,0.6,111964000.0,158003000.0,0.077,158003000.0,111964000.0,74581000.0,1.15,1.15,1.15,408294000,412659250.0,408294000,1327874178.0,12.0,8.404,134098000.0,3.234,1.0,851521000.0,0.416,475519000,37383000.0,883004000,936388750.0,188799000,0,0,0,879925000,359451000,520474000,898119178.0,13359000.0,-92000.0,1794000.0,-97313000.0,-24911000.0,-120430000.0,-26339000.0,0.0,160345000.0,-217000.0,47782000.0,47782000.0,47782000.0,0.0,0.0,0.023,741245000.0,110276000.0,165656000,0.522,2.2,18.796,18.696,222558000,0.0,21.5,0.438,0.435,302276000,44755000.0,2049308000.0,2049308000.0,0.0,0.036,0.116,0.12,0.055,0.0,739330000.0,1.0,41772985,41459000.0,41721000.0,49.43,812700000,23047000,26799000.0,15190000,19.602,199101000
18,AYI,ARY,2002-12-31,2002-11-12,2002-08-31,2021-08-25,-23235000,1357954000,1348574500.0,590997000,766957000,1.463,9.736,-25124000.0,2694000,2694000,1169282000.0,52024000.0,1.372,2.378,543121000,132491000,410630000,543121000,0,49494000.0,0,0.049,0.6,123526000.0,173020000.0,0.088,173020000.0,123526000.0,82836000.0,1.26,,1.26,401952000,387246250.0,401952000,1048028486.0,8.0,6.057,121717000.0,2.948,1.0,803514000.0,0.407,477248000,40690000.0,990326000,1040126000.0,216942000,0,0,0,956002000,430807000,525195000,507601486.0,-5312000.0,-24765000.0,0.0,-65709000.0,-18606000.0,-102117000.0,-49889000.0,0.0,146841000.0,-147000.0,52024000.0,52024000.0,52024000.0,0.0,0.0,0.026,683387000.0,120127000.0,161713000,0.476,1.263,9.757,9.722,240679000,0.0,12.25,0.257,0.256,322735000,21884000.0,1972796000.0,1972796000.0,0.0,0.039,0.134,0.119,0.063,0.0,679071000.0,1.0,41436856,41286000.0,,47.784,880706000,24247000,30812000.0,23480000,21.332,160190000
19,AYI,ARY,2001-12-31,2001-11-09,2001-08-31,2021-08-25,-16998000,1330575000,,559116000,771459000,,9.333,-45774000.0,10337000,10337000,1140391000.0,40503000.0,1.265,2.471,608830000,235123000,373707000,608830000,0,62911000.0,0,,0.0,117848000.0,180759000.0,0.091,180759000.0,117848000.0,69152000.0,0.99,,0.99,383298000,,383298000,,,,137921000.0,3.358,1.0,842309000.0,0.425,468944000,48696000.0,1018057000,,210783000,0,0,0,947277000,442067000,505210000,,8827000.0,1632000.0,0.0,-28751000.0,0.0,-132137000.0,-42904000.0,0.0,183695000.0,173000.0,40503000.0,40503000.0,40503000.0,0.0,0.0,0.02,709904000.0,132405000.0,108380000,0.0,,,,248423000,0.0,,,,297762000,,1982700000.0,1982700000.0,0.0,,,,0.059,0.0,684939000.0,1.0,41311469,41068000.0,,48.278,861631000,16326000,28649000.0,31759000,20.981,117049000
20,AYI,ARY,2001-12-31,2001-10-29,2001-08-31,2021-08-25,-16998000,1330575000,,559116000,771459000,,9.333,-45774000.0,10337000,10337000,1140391000.0,40503000.0,1.265,2.471,608830000,235123000,373707000,608830000,0,62911000.0,0,,0.0,117848000.0,180759000.0,0.091,180759000.0,117848000.0,69152000.0,0.99,,0.99,383298000,,383298000,,,,137921000.0,3.358,1.0,842309000.0,0.425,468944000,48696000.0,1018057000,,210783000,0,0,0,947277000,442067000,505210000,,8827000.0,1632000.0,0.0,-28751000.0,0.0,-132137000.0,-42904000.0,0.0,183695000.0,173000.0,40503000.0,40503000.0,40503000.0,0.0,0.0,0.02,709904000.0,132405000.0,108380000,0.0,,,,248423000,0.0,,,,297762000,,1982700000.0,1982700000.0,0.0,,,,0.059,0.0,684939000.0,1.0,41311469,41068000.0,,48.278,861631000,16326000,28649000.0,31759000,20.981,117049000
0,AYI,ARQ,2021-06-30,2021-07-01,2021-05-31,2021-08-25,-97400000,3560300000,,1538500000,2021800000,,57.118,-5100000.0,593500000,593500000,513100000.0,85700000.0,2.291,0.746,563000000,20400000,542600000,563000000,0,25000000.0,0,0.003,0.13,115400000.0,140400000.0,0.156,140400000.0,115400000.0,109200000.0,2.4,2.37,2.4,2039100000,,2039100000,6263414994.0,16.0,12.767,98500000.0,2.759,1.0,386600000.0,0.43,1676300000,6200000.0,1182100000,,370000000,0,0,0,1521200000,671400000,849800000,6293914994.0,94800000.0,-2000000.0,-1500000.0,0.0,-4600000.0,-6700000.0,-7500000.0,0.0,103600000.0,5400000.0,85700000.0,85700000.0,85700000.0,0.0,0.0,0.095,268500000.0,118100000.0,380400000,0.054,3.087,22.327,23.192,319900000,0.0,176.26,1.873,1.873,509000000,2717000000.0,899700000.0,899700000.0,0.0,,,,,7100000.0,268000000.0,1.0,35708130,35700000.0,36200000.0,25.202,1884000000,2500000,23500000.0,103300000,52.773,867100000
1,AYI,ARQ,2021-03-31,2021-03-31,2021-02-28,2021-08-25,-118100000,3360200000,,1344100000,2016100000,,53.681,-9800000.0,498700000,498700000,439900000.0,62900000.0,2.332,0.739,567500000,21300000,546200000,567500000,0,25000000.0,0,0.003,0.13,88800000.0,113800000.0,0.147,113800000.0,88800000.0,82200000.0,1.75,1.74,1.75,1932500000,,1932500000,5960194300.0,17.0,12.968,78900000.0,2.192,1.0,336700000.0,0.434,1671400000,6600000.0,1181300000,,321300000,0,0,0,1427700000,576300000,851400000,5891394300.0,-8300000.0,0.0,-82500000.0,-2000000.0,-4700000.0,-89500000.0,-9800000.0,0.0,88700000.0,2300000.0,62900000.0,62900000.0,62900000.0,0.0,0.0,0.081,245700000.0,91000000.0,321500000,0.074,3.049,22.959,24.517,325300000,0.0,165.0,1.821,1.836,448000000,2635900000.0,776600000.0,776600000.0,0.0,,,,,7500000.0,245400000.0,1.0,35705420,36000000.0,36200000.0,21.572,1688800000,2500000,19300000.0,95500000,46.911,767800000
2,AYI,ARQ,2020-12-31,2021-01-07,2020-11-30,2021-08-25,-126500000,3388600000,,1347700000,2040900000,,51.516,-11000000.0,507000000,507000000,459600000.0,59600000.0,2.31,0.749,576100000,22400000,553700000,576100000,0,25000000.0,0,0.004,0.0,84100000.0,109100000.0,0.138,109100000.0,84100000.0,79200000.0,1.58,1.57,1.58,1937000000,,1937000000,4437703948.0,13.0,9.822,112900000.0,3.003,1.0,332400000.0,0.42,1676600000,4900000.0,1197700000,,316100000,0,0,0,1451600000,583400000,868200000,4368603948.0,-53700000.0,0.0,-254900000.0,98800000.0,-5000000.0,-164100000.0,-14100000.0,0.0,123900000.0,600000.0,59600000.0,59600000.0,59600000.0,0.0,0.0,0.075,246700000.0,85700000.0,317300000,0.0,2.255,17.412,18.858,334600000,0.0,121.26,1.33,1.389,445300000,2577700000.0,792000000.0,792000000.0,0.0,,,,,7700000.0,246000000.0,1.0,36026752,37600000.0,37800000.0,21.064,1712000000,2700000,19600000.0,95300000,45.532,764300000
3,AYI,ARQ,2020-09-30,2020-10-23,2020-08-31,2021-08-25,-132700000,3491700000,,1439700000,2052000000,,53.861,-16600000.0,560700000,560700000,516100000.0,73700000.0,2.331,0.641,475100000,41500000,433600000,475100000,0,25800000.0,0,0.005,0.26,101500000.0,127300000.0,0.143,127300000.0,101500000.0,97600000.0,1.87,1.87,1.87,2127500000,,2127500000,3457871473.0,10.0,7.7,109900000.0,2.782,1.0,375100000.0,0.421,1685900000,3900000.0,1102600000,,320100000,0,0,0,1364200000,617600000,746600000,3543471473.0,40100000.0,0.0,-69100000.0,-2500000.0,-5200000.0,-77100000.0,-16800000.0,0.0,126500000.0,7500000.0,73700000.0,73700000.0,73700000.0,0.0,0.0,0.083,269200000.0,105900000.0,326500000,0.139,1.666,14.271,15.054,333900000,0.0,94.69,1.065,1.124,500300000,2523300000.0,891200000.0,891200000.0,0.0,,,,,5700000.0,261000000.0,1.0,37421813,39500000.0,39300000.0,22.562,1805800000,2700000,23900000.0,94900000,45.716,822100000
4,AYI,ARQ,2020-06-30,2020-06-29,2020-05-31,2021-08-25,-161600000,3442300000,,1380300000,2062000000,,53.056,-13400000.0,520600000,520600000,448600000.0,60400000.0,2.397,0.643,466200000,34000000,432200000,466200000,0,25500000.0,0,0.006,0.13,83900000.0,109400000.0,0.141,109400000.0,83900000.0,78500000.0,1.53,1.52,1.53,2095700000,,2095700000,3486407691.0,9.0,7.377,150200000.0,3.803,1.0,327600000.0,0.422,1699300000,5400000.0,1112700000,,355300000,0,0,0,1346600000,575900000,770700000,3540807691.0,140000000.0,-100000.0,200000.0,-2700000.0,-5200000.0,-8100000.0,-13500000.0,0.0,163600000.0,-2000000.0,60400000.0,60400000.0,60400000.0,0.0,0.0,0.078,244600000.0,83000000.0,331300000,0.085,1.69,13.08,13.041,331800000,0.0,89.33,1.05,1.046,451300000,2454800000.0,776200000.0,776200000.0,0.0,,,,,7800000.0,241300000.0,1.0,39637386,39500000.0,39700000.0,19.651,1743000000,1900000,18100000.0,119200000,44.127,804400000
5,AYI,ARQ,2020-03-31,2020-04-02,2020-02-29,2021-08-25,-149600000,3396700000,,1307800000,2088900000,,51.775,-13100000.0,380600000,380600000,480300000.0,57200000.0,2.286,0.661,470900000,32000000,438900000,470900000,0,25600000.0,0,0.007,0.13,80400000.0,106000000.0,0.129,106000000.0,80400000.0,74700000.0,1.45,1.44,1.45,2045100000,,2045100000,3132385333.0,8.0,6.194,72000000.0,1.823,1.0,343900000.0,0.417,1718400000,5700000.0,1196400000,,348600000,0,0,0,1351600000,572200000,779400000,3042085333.0,114000000.0,-900000.0,300000.0,49900000.0,-5200000.0,44400000.0,-14400000.0,0.0,85100000.0,-1100000.0,57200000.0,57200000.0,57200000.0,0.0,0.0,0.069,262500000.0,81400000.0,333500000,0.09,1.487,10.184,10.164,338700000,0.0,76.74,0.858,0.855,506700000,2399600000.0,824200000.0,824200000.0,0.0,,,,,8000000.0,260900000.0,1.0,39641456,39500000.0,39700000.0,20.866,1678300000,2100000,17500000.0,117800000,42.489,735600000
6,AYI,ARQ,2019-12-31,2020-01-09,2019-11-30,2021-08-25,-147600000,3305200000,,1206400000,2098800000,,50.311,-11600000.0,266600000,266600000,478900000.0,57000000.0,2.107,0.663,422400000,25900000,396500000,422400000,0,24200000.0,0,0.004,0.0,82200000.0,106400000.0,0.127,106400000.0,82200000.0,73900000.0,1.44,1.44,1.44,1987300000,,1987300000,5045664115.0,12.0,9.769,118000000.0,2.987,1.0,355800000.0,0.426,1737000000,8300000.0,1151400000,,352600000,0,0,0,1317900000,572600000,745300000,4889864115.0,-194400000.0,-302000000.0,200000.0,-400000.0,-5200000.0,-9500000.0,-315100000.0,0.0,129600000.0,600000.0,57000000.0,57000000.0,57000000.0,0.0,0.0,0.068,272200000.0,83600000.0,321700000,0.0,2.461,15.886,15.864,338500000,0.0,123.42,1.368,1.364,507700000,2347600000.0,834700000.0,834700000.0,0.0,,,,,16700000.0,265300000.0,1.0,39619706,39500000.0,39600000.0,21.132,1568200000,2300000,16900000.0,122700000,39.701,633800000
7,AYI,ARQ,2019-09-30,2019-10-29,2019-08-31,2021-08-25,-151400000,3172400000,,1441800000,1730600000,,48.703,-13200000.0,461000000,461000000,543400000.0,96100000.0,2.419,0.653,356600000,9100000,347500000,356600000,0,22600000.0,0,0.004,0.26,128200000.0,150800000.0,0.161,150800000.0,128200000.0,120500000.0,2.43,2.42,2.43,1918900000,,1918900000,4969125346.0,11.0,9.093,169500000.0,4.302,1.0,394700000.0,0.421,1433300000,7700000.0,1038600000,,340800000,0,0,0,1253500000,596100000,657400000,5073525346.0,127300000.0,-2900000.0,-32800000.0,-100000.0,-5200000.0,-39200000.0,-16100000.0,0.0,182700000.0,-100000.0,96100000.0,96100000.0,96100000.0,0.0,0.0,0.102,264400000.0,130300000.0,338800000,0.107,2.644,15.356,15.382,277300000,0.0,127.98,1.381,1.383,561000000,2295800000.0,938100000.0,938100000.0,0.0,,,,,6300000.0,263900000.0,1.0,39643111,39400000.0,39500000.0,23.81,1739100000,2300000,24400000.0,92700000,44.14,845700000
8,AYI,ARQ,2019-06-30,2019-07-02,2019-05-31,2021-08-25,-122100000,3121100000,,1379300000,1741800000,,47.479,-14900000.0,333700000,333700000,564000000.0,88400000.0,2.186,0.656,356600000,9100000,347500000,356600000,0,22400000.0,0,0.004,0.13,120100000.0,142500000.0,0.15,142500000.0,120100000.0,111800000.0,2.23,2.22,2.23,1884900000,,1884900000,5207784926.0,11.0,9.24,108800000.0,2.741,1.0,383600000.0,0.405,1437200000,8300000.0,1075800000,,390600000,0,0,0,1236200000,631000000,605200000,5184884926.0,101700000.0,0.0,200000.0,-100000.0,-5100000.0,-5600000.0,-14900000.0,0.0,123700000.0,-1500000.0,88400000.0,88400000.0,88400000.0,0.0,0.0,0.093,263300000.0,120300000.0,378800000,0.058,2.751,15.138,15.146,280500000,0.0,129.95,1.366,1.359,586000000,2204900000.0,947600000.0,947600000.0,0.0,,,,,7600000.0,263400000.0,1.0,39899076,39700000.0,39800000.0,23.869,1683900000,2800000,23400000.0,89600000,42.416,748300000
9,AYI,ARQ,2019-03-31,2019-04-03,2019-02-28,2021-08-25,-114700000,2991800000,,1232600000,1759200000,,45.615,-10900000.0,232000000,232000000,520500000.0,66300000.0,2.109,0.66,356700000,7000000,349700000,356700000,0,22000000.0,0,0.004,0.13,94800000.0,116800000.0,0.137,116800000.0,94800000.0,86200000.0,1.68,1.67,1.68,1801800000,,1801800000,5503805237.0,12.0,10.027,45600000.0,1.154,1.0,333900000.0,0.391,1450900000,8600000.0,1081200000,,413000000,0,0,0,1190000000,584400000,605600000,5379105237.0,17200000.0,0.0,-23500000.0,-100000.0,-5300000.0,-29300000.0,-10700000.0,0.0,56500000.0,700000.0,66300000.0,66300000.0,66300000.0,0.0,0.0,0.078,238000000.0,95900000.0,351100000,0.077,2.985,16.445,16.518,284200000,0.0,134.79,1.418,1.404,520100000,2121600000.0,854400000.0,854400000.0,0.0,,,,,7500000.0,237600000.0,1.0,39907302,39500000.0,39600000.0,21.63,1540900000,2900000,19900000.0,89800000,39.01,648200000
10,AYI,ARQ,2018-12-31,2019-01-09,2018-11-30,2021-08-25,-121000000,3015300000,,1251800000,1763500000,,43.773,-14000000.0,214800000,214800000,565100000.0,79600000.0,1.92,0.722,356700000,400000,356300000,356700000,0,21300000.0,0,0.004,0.0,115100000.0,136400000.0,0.146,136400000.0,115100000.0,106400000.0,1.99,1.98,1.99,1750900000,,1750900000,4814894213.0,11.0,8.948,117800000.0,2.945,1.0,367500000.0,0.394,1456400000,8700000.0,1048800000,,420200000,0,0,0,1264400000,652000000,612400000,4672994213.0,85700000.0,0.0,-24900000.0,-100000.0,-5200000.0,-34100000.0,-11300000.0,0.0,131800000.0,-700000.0,79600000.0,79600000.0,79600000.0,0.0,0.0,0.085,251100000.0,116400000.0,389700000,0.0,2.669,13.064,13.281,283000000,0.0,117.14,1.24,1.243,556700000,2060600000.0,932600000.0,932600000.0,0.0,,,,,7800000.0,250100000.0,1.0,39892387,40000000.0,40100000.0,23.315,1558900000,2900000,26800000.0,88700000,38.972,599800000
11,AYI,ARQ,2018-09-30,2018-10-25,2018-08-31,2021-08-25,-114800000,2988800000,,1211100000,1777700000,,42.92,-11400000.0,129100000,129100000,648900000.0,108200000.0,1.774,0.741,356800000,400000,356400000,356800000,0,21800000.0,0,0.004,0.26,146100000.0,167900000.0,0.158,167900000.0,146100000.0,137100000.0,2.68,2.67,2.68,1716800000,,1716800000,5021110029.0,11.0,9.304,41100000.0,1.028,1.0,412300000.0,0.389,1469300000,9000000.0,1064500000,,411800000,0,0,0,1272000000,682700000,589300000,4793410029.0,34800000.0,1400000.0,100000.0,-1300000.0,-5200000.0,-7400000.0,-10000000.0,0.0,52500000.0,-300000.0,108200000.0,108200000.0,108200000.0,0.0,0.0,0.102,270200000.0,142100000.0,451100000,0.097,2.792,13.711,13.968,286700000,0.0,119.29,1.303,1.326,637900000,1999200000.0,1061200000.0,1061200000.0,0.0,,,,,7900000.0,275300000.0,1.0,40182832,40000000.0,40100000.0,26.53,1519500000,2900000,28900000.0,92500000,37.987,528400000
12,AYI,ARQ,2018-06-30,2018-07-03,2018-05-31,2021-08-25,-121100000,2882400000,,1105800000,1776600000,,39.614,-11300000.0,94300000,94300000,554600000.0,73000000.0,1.645,0.801,358000000,1600000,356400000,358000000,0,20200000.0,0,0.004,0.13,107600000.0,127800000.0,0.135,127800000.0,107600000.0,99200000.0,1.81,1.8,1.81,1600400000,,1600400000,5569604087.0,12.0,10.306,111100000.0,2.75,1.0,389400000.0,0.412,1475100000,8400000.0,998900000,,406500000,0,0,0,1282000000,672100000,609900000,5305904087.0,-135500000.0,-137100000.0,-103900000.0,1100000.0,-5300000.0,-108600000.0,-148400000.0,0.0,122400000.0,-900000.0,73000000.0,73000000.0,73000000.0,0.0,0.0,0.077,283500000.0,105900000.0,464500000,0.072,3.315,15.986,16.486,288000000,0.0,132.05,1.484,1.492,572600000,1896200000.0,944000000.0,944000000.0,0.0,,,,,7600000.0,273600000.0,1.0,40181023,40400000.0,40500000.0,23.366,1407300000,3100000,26200000.0,87900000,34.834,433700000
13,AYI,ARQ,2018-03-31,2018-04-04,2018-02-28,2021-08-25,-115400000,2750500000,,1093400000,1657100000,,39.512,-10600000.0,229800000,229800000,497200000.0,96900000.0,2.146,0.681,356900000,400000,356500000,356900000,0,19300000.0,0,0.004,0.13,86700000.0,106000000.0,0.127,106000000.0,86700000.0,78700000.0,2.34,2.33,2.34,1635800000,,1635800000,5435705031.0,11.0,9.616,27900000.0,0.674,1.0,334900000.0,0.402,1359400000,8000000.0,1008600000,,322100000,0,0,0,1114700000,509600000,605100000,5308605031.0,-198800000.0,-26400000.0,-193700000.0,-100000.0,-5400000.0,-199900000.0,-37000000.0,0.0,38500000.0,-400000.0,96900000.0,96900000.0,96900000.0,0.0,0.0,0.116,246900000.0,88000000.0,341900000,0.056,3.245,15.563,15.965,282800000,0.0,129.48,1.506,1.521,500200000,1828500000.0,832100000.0,832100000.0,0.0,,,,,8300000.0,246300000.0,1.0,40999421,41400000.0,41500000.0,20.099,1391100000,3200000,-18200000.0,76100000,33.601,583800000
14,AYI,ARQ,2017-12-31,2018-01-09,2017-11-30,2021-08-25,-108600000,2961400000,,1323800000,1637600000,,41.196,-10300000.0,428600000,428600000,492600000.0,71500000.0,2.225,0.716,356900000,400000,356500000,356900000,0,19000000.0,0,0.003,0.0,119000000.0,138000000.0,0.164,138000000.0,119000000.0,110900000.0,1.71,1.7,1.71,1726100000,,1726100000,6587201590.0,13.0,11.241,129500000.0,3.091,1.0,350200000.0,0.416,1336400000,8100000.0,958400000,,339600000,0,0,0,1235300000,594900000,640400000,6658901590.0,117500000.0,0.0,800000.0,-100000.0,-5500000.0,-10800000.0,-10300000.0,0.0,139800000.0,-1200000.0,71500000.0,71500000.0,71500000.0,0.0,0.0,0.085,231600000.0,118600000.0,364600000,0.0,3.858,21.377,21.607,286100000,0.0,157.95,1.904,1.893,514300000,1725900000.0,842800000.0,842800000.0,0.0,,,,,8500000.0,231400000.0,1.0,42158288,41900000.0,42100000.0,20.115,1625000000,3300000,39400000.0,108300000,38.783,728900000
15,AYI,ARQ,2017-09-30,2017-10-26,2017-08-31,2021-08-25,-99700000,2899600000,,1245600000,1654000000,,39.752,-12100000.0,311100000,311100000,550700000.0,90500000.0,2.073,0.741,356900000,400000,356500000,356900000,0,18100000.0,0,0.003,0.26,150500000.0,168600000.0,0.176,168600000.0,150500000.0,142300000.0,2.15,2.14,2.15,1665600000,,1665600000,6745488467.0,13.0,11.248,124800000.0,2.979,1.0,406900000.0,0.425,1349700000,8200000.0,994800000,,328600000,0,0,0,1234000000,600900000,633100000,6699688467.0,121400000.0,0.0,300000.0,-100000.0,-5500000.0,-5600000.0,-12100000.0,0.0,136900000.0,2200000.0,90500000.0,90500000.0,90500000.0,0.0,0.0,0.095,254200000.0,152700000.0,395100000,0.121,4.022,20.826,21.342,287700000,0.0,159.21,1.911,1.958,573300000,1659900000.0,957600000.0,957600000.0,0.0,,,,,8200000.0,244600000.0,1.0,42080827,41900000.0,42100000.0,22.854,1549900000,3400000,51800000.0,108200000,36.99,644700000
16,AYI,ARQ,2017-06-30,2017-06-29,2017-05-31,2021-08-25,-139500000,2730500000,,1094100000,1636400000,,35.619,-19300000.0,189700000,189700000,512700000.0,82200000.0,2.01,0.779,356700000,400000,356300000,356700000,0,20000000.0,0,0.003,0.13,132700000.0,152700000.0,0.171,152700000.0,132700000.0,124600000.0,1.91,1.9,1.91,1535200000,,1535200000,8523361519.0,17.0,14.698,88400000.0,2.051,1.0,378900000.0,0.425,1335800000,8100000.0,1017400000,,342200000,0,0,0,1195300000,544300000,651000000,8356361519.0,-273500000.0,0.0,-357100000.0,200000.0,-5700000.0,-363300000.0,-19300000.0,0.0,107700000.0,1400000.0,82200000.0,82200000.0,82200000.0,0.0,0.0,0.092,247400000.0,131500000.0,359800000,0.068,5.443,26.604,27.534,284400000,0.0,198.52,2.406,2.464,521100000,1574900000.0,891600000.0,891600000.0,0.0,,,,,8800000.0,246900000.0,1.0,42093298,43100000.0,43300000.0,20.687,1394700000,4600000,42400000.0,106800000,32.36,549800000
17,AYI,ARQ,2017-03-31,2017-04-04,2017-02-28,2021-08-25,-143900000,2999100000,,1363900000,1635200000,,41.205,-16300000.0,463200000,463200000,468900000.0,67300000.0,2.494,0.662,356100000,300000,355800000,356100000,0,19300000.0,0,0.003,0.13,107400000.0,126700000.0,0.157,126700000.0,107400000.0,99400000.0,1.54,1.53,1.54,1804800000,,1804800000,7561906090.0,15.0,13.356,16600000.0,0.379,1.0,335800000.0,0.417,1339700000,8000000.0,1005500000,,353700000,0,0,0,1194300000,546800000,647500000,7669006090.0,12000000.0,0.0,200000.0,0.0,-5700000.0,-5100000.0,-16300000.0,200000.0,32900000.0,500000.0,67300000.0,67300000.0,67300000.0,0.0,0.0,0.084,227800000.0,108000000.0,365500000,0.084,4.249,25.07,24.847,277800000,0.0,173.93,2.234,2.219,500900000,1498400000.0,804700000.0,804700000.0,0.0,,,,,7700000.0,227800000.0,1.0,44092486,43800000.0,44000000.0,18.372,1659400000,4700000,32100000.0,102500000,37.886,817100000
18,AYI,ARQ,2016-12-31,2017-01-09,2016-11-30,2021-08-25,-149300000,2963400000,,1356200000,1607200000,,39.5,-14100000.0,451200000,451200000,491600000.0,81700000.0,2.224,0.713,356000000,300000,355700000,356000000,0,17200000.0,0,0.003,0.0,134500000.0,151700000.0,0.178,151700000.0,134500000.0,126300000.0,1.87,1.86,1.87,1730100000,,1730100000,8833996476.0,18.0,15.671,24600000.0,0.562,1.0,359600000.0,0.422,1314600000,8200000.0,943800000,,334400000,0,0,0,1233300000,609800000,623500000,8929196476.0,38000000.0,0.0,1700000.0,900000.0,-5800000.0,2600000.0,-1100000.0,13000000.0,38700000.0,-2200000.0,81700000.0,81700000.0,81700000.0,0.0,0.0,0.096,233000000.0,126600000.0,390900000,0.0,5.161,29.363,29.096,273500000,0.0,202.51,2.622,2.604,522500000,1436800000.0,851200000.0,851200000.0,0.0,,,,,2100000.0,231800000.0,1.0,44092620,43800000.0,44000000.0,19.434,1648800000,4800000,44600000.0,74600000,37.644,746400000
19,AYI,ARQ,2016-09-30,2016-10-27,2016-08-31,2021-08-25,-139400000,2948000000,,1322900000,1625100000,,37.895,-22000000.0,413200000,413200000,523400000.0,82900000.0,1.967,0.776,355200000,200000,355000000,355200000,0,13600000.0,0,0.002,0.26,135200000.0,148800000.0,0.161,148800000.0,135200000.0,127200000.0,1.89,1.88,1.89,1659800000,,1659800000,9897623192.0,21.0,18.349,79800000.0,1.822,1.0,402000000.0,0.434,1329200000,8000000.0,888300000,,295200000,0,0,0,1288200000,672500000,615700000,9955623192.0,76200000.0,-9500000.0,4200000.0,800000.0,-5800000.0,5100000.0,-31500000.0,0.0,101800000.0,800000.0,82900000.0,82900000.0,82900000.0,0.0,0.0,0.09,266900000.0,135100000.0,401000000,0.138,5.998,34.235,33.859,267800000,0.0,225.84,3.025,2.985,572800000,1360900000.0,925400000.0,925400000.0,0.0,,,,,1900000.0,262100000.0,1.0,44082639,43800000.0,44100000.0,21.128,1618800000,5100000,44300000.0,74600000,36.959,650400000
20,AYI,ARQ,2016-06-30,2016-06-29,2016-05-31,2021-08-25,-109800000,2783200000,,1154800000,1628400000,,36.503,-17900000.0,337000000,337000000,473600000.0,74000000.0,1.975,0.753,354400000,200000,354200000,354400000,0,18300000.0,0,0.002,0.13,120700000.0,139000000.0,0.163,139000000.0,120700000.0,112600000.0,1.7,1.69,1.7,1587900000,,1587900000,10840392306.0,25.0,21.582,106500000.0,2.448,1.0,377900000.0,0.444,1338500000,8100000.0,877500000,,288900000,0,0,0,1195300000,584600000,610700000,10822992306.0,112700000.0,0.0,3800000.0,600000.0,-5700000.0,4100000.0,-17900000.0,0.0,124400000.0,2100000.0,74000000.0,74000000.0,74000000.0,0.0,0.0,0.087,256900000.0,121000000.0,353900000,0.076,6.816,40.384,39.969,262900000,0.0,246.61,3.463,3.432,494000000,1283800000.0,851500000.0,851500000.0,0.0,,,,,1500000.0,247200000.0,1.0,43887078,43500000.0,43800000.0,19.575,1444700000,3200000,38600000.0,116000000,33.211,570200000
21,AYI,ARQ,2016-03-31,2016-04-06,2016-02-29,2021-08-25,-121100000,2619800000,,997700000,1622100000,,34.331,-20600000.0,224300000,224300000,440900000.0,65500000.0,1.943,0.754,353700000,200000,353500000,353700000,0,16400000.0,0,0.002,0.13,107800000.0,124200000.0,0.16,124200000.0,107800000.0,99600000.0,1.5,1.49,1.5,1493400000,,1493400000,11298358747.0,26.0,23.358,47800000.0,1.099,1.0,336900000.0,0.433,1336500000,8200000.0,899300000,,277500000,0,0,0,1126400000,513400000,613000000,11168958747.0,-335900000.0,-374500000.0,200000.0,1100000.0,-5700000.0,-4000000.0,-395100000.0,0.0,68400000.0,-5200000.0,65500000.0,65500000.0,65500000.0,0.0,0.0,0.084,230200000.0,106700000.0,317800000,0.087,7.479,43.207,42.76,256600000,0.0,254.85,3.776,3.748,458800000,1215500000.0,777800000.0,777800000.0,0.0,,,,,6200000.0,230100000.0,1.0,43825618,43500000.0,43800000.0,17.88,1283300000,3400000,34100000.0,114200000,29.501,484300000
22,AYI,ARQ,2015-12-31,2016-01-08,2015-11-30,2021-08-25,-113200000,2506300000,,1255200000,1251100000,,33.139,-21000000.0,560200000,560200000,417200000.0,68400000.0,2.448,0.747,352400000,0,352400000,352400000,0,14300000.0,0,0.002,0.0,113100000.0,127400000.0,0.173,127400000.0,113100000.0,105200000.0,1.58,1.57,1.58,1434900000,,1434900000,9228746454.0,23.0,20.536,30100000.0,0.695,1.0,319400000.0,0.434,1031000000,7900000.0,754800000,,242300000,0,0,0,1071400000,512700000,558700000,9436546454.0,-196600000.0,-239200000.0,6000000.0,0.0,-5700000.0,14200000.0,-260200000.0,0.0,51100000.0,-1700000.0,68400000.0,68400000.0,68400000.0,0.0,0.0,0.093,207000000.0,112400000.0,329100000,0.0,6.576,39.417,38.966,191300000,0.0,215.48,3.375,3.337,415700000,1155700000.0,736600000.0,736600000.0,0.0,,,,,-7500000.0,206600000.0,1.0,43793143,43300000.0,43600000.0,17.012,1475300000,3400000,36800000.0,57300000,34.072,742500000
23,AYI,ARQ,2015-09-30,2015-10-27,2015-08-31,2021-08-25,-110400000,2429600000,,1436500000,993100000,,31.555,-13900000.0,756800000,756800000,438200000.0,60100000.0,2.758,0.786,352400000,0,352400000,352400000,0,11600000.0,0,0.002,0.26,100100000.0,111700000.0,0.147,111700000.0,100100000.0,92400000.0,1.39,1.37,1.39,1360000000,,1360000000,8718037003.0,23.0,20.713,116800000.0,2.71,1.0,321300000.0,0.423,788400000,7700000.0,715900000,,224800000,0,0,0,1069600000,520900000,548700000,9122437003.0,104700000.0,0.0,4100000.0,0.0,-5700000.0,3400000.0,-26800000.0,-10300000.0,130700000.0,-2600000.0,60100000.0,60100000.0,60100000.0,0.0,0.0,0.079,209500000.0,111800000.0,311100000,0.187,6.708,41.074,40.752,174600000,0.0,209.06,3.37,3.329,411700000,1093000000.0,759500000.0,759500000.0,0.0,,,,,400000.0,206900000.0,1.0,43635497,43100000.0,43400000.0,17.622,1641200000,26100000,32300000.0,54300000,38.079,915600000
24,AYI,ARQ,2015-06-30,2015-07-01,2015-05-31,2021-08-25,-88800000,2327800000,,1343600000,984200000,,30.41,-14300000.0,652100000,652100000,388100000.0,64500000.0,2.764,0.772,353700000,0,353700000,353700000,0,11700000.0,0,0.003,0.13,108700000.0,120400000.0,0.176,120400000.0,108700000.0,100800000.0,1.49,1.48,1.49,1313700000,,1313700000,7883186896.0,22.0,19.209,68400000.0,1.583,1.0,295600000.0,0.432,791400000,7900000.0,751900000,,256400000,0,0,0,1014100000,486100000,528000000,8181586896.0,51000000.0,-14600000.0,100000.0,0.0,-5700000.0,-12400000.0,-18600000.0,10300000.0,82700000.0,-700000.0,64500000.0,64500000.0,64500000.0,0.0,0.0,0.094,196400000.0,99200000.0,301900000,0.087,6.228,37.738,37.58,164900000,0.0,187.9,3.128,3.103,392800000,1038600000.0,683700000.0,683700000.0,0.0,,,,,4000000.0,196000000.0,1.0,43542240,43200000.0,43500000.0,15.826,1536400000,23900000,36300000.0,58500000,35.565,857500000
25,AYI,ARQ,2015-03-31,2015-04-01,2015-02-28,2021-08-25,-88100000,2218100000,,1250200000,967900000,,29.039,-8500000.0,601100000,601100000,360400000.0,46400000.0,2.88,0.772,353700000,0,353700000,353700000,0,11200000.0,0,0.003,0.13,78700000.0,89900000.0,0.146,89900000.0,78700000.0,70700000.0,1.07,1.07,1.07,1251600000,,1251600000,7052983186.0,21.0,18.883,20300000.0,0.471,1.0,255700000.0,0.415,788200000,8000000.0,748400000,,237400000,0,0,0,966500000,434100000,532400000,7300383186.0,18100000.0,0.0,2500000.0,0.0,-5700000.0,-200000.0,-8500000.0,0.0,28800000.0,-2000000.0,46400000.0,46400000.0,46400000.0,0.0,0.0,0.075,177100000.0,78600000.0,280900000,0.121,5.833,37.228,37.188,159100000,0.0,168.09,2.879,2.857,355700000,979800000.0,616100000.0,616100000.0,0.0,,,,,1300000.0,177700000.0,1.0,43431395,43100000.0,43400000.0,14.295,1429900000,24300000,24300000.0,58300000,33.176,816100000
26,AYI,ARQ,2014-12-31,2015-01-09,2014-11-30,2021-08-25,-79200000,2206100000,,1225500000,980600000,,28.156,-18500000.0,583000000,583000000,374400000.0,51100000.0,2.702,0.822,353600000,0,353600000,353600000,0,11300000.0,0,0.003,0.0,87600000.0,98900000.0,0.153,98900000.0,87600000.0,79700000.0,1.18,1.17,1.18,1210700000,,1210700000,6340974412.0,21.0,17.978,28200000.0,0.656,1.0,273000000.0,0.422,795500000,7900000.0,727600000,,214200000,0,0,0,995400000,453600000,541800000,6570374412.0,30500000.0,0.0,4900000.0,0.0,-5600000.0,5300000.0,-18500000.0,0.0,46700000.0,-3000000.0,51100000.0,51100000.0,51100000.0,0.0,0.0,0.079,186300000.0,86700000.0,277500000,0.0,5.427,36.022,35.986,160700000,0.0,151.5,2.664,2.642,371800000,939100000.0,647400000.0,647400000.0,0.0,,,,,-5100000.0,176300000.0,1.0,43368808,43000000.0,43300000.0,15.056,1410600000,24200000,28600000.0,58400000,32.805,771900000
27,AYI,ARQ,2014-09-30,2014-10-29,2014-08-31,2021-08-25,-71900000,2168100000,,1186700000,981400000,,26.995,-10400000.0,552500000,552500000,385200000.0,54800000.0,2.522,0.863,353600000,0,353600000,353600000,0,11200000.0,0,0.004,0.26,90000000.0,101200000.0,0.151,101200000.0,90000000.0,82000000.0,1.26,1.26,1.26,1163500000,,1163500000,5768300159.0,19.0,16.906,93900000.0,2.179,1.0,283500000.0,0.424,801000000,8000000.0,697700000,,212000000,0,0,0,1004600000,470500000,534100000,5967200159.0,85200000.0,0.0,100000.0,0.0,-5600000.0,-8200000.0,-10400000.0,0.0,104300000.0,-500000.0,54800000.0,54800000.0,54800000.0,0.0,0.0,0.082,192800000.0,90700000.0,287400000,0.206,5.129,33.943,33.897,152500000,0.0,137.96,2.493,2.467,373400000,893600000.0,668700000.0,668700000.0,0.0,,,,,4600000.0,192800000.0,1.0,43253118,43100000.0,43000000.0,15.515,1367100000,24500000,27200000.0,58400000,31.719,716200000
28,AYI,ARQ,2014-06-30,2014-07-01,2014-05-31,2021-08-25,-57900000,2049800000,,1070000000,979800000,,26.28,-8300000.0,467300000,467300000,360500000.0,43800000.0,2.618,0.822,353600000,0,353600000,353600000,0,10800000.0,0,0.004,0.13,72700000.0,83500000.0,0.138,83500000.0,72700000.0,64600000.0,1.01,1.01,1.01,1124800000,,1124800000,4969208074.0,17.0,15.113,63100000.0,1.474,1.0,243400000.0,0.403,805400000,8100000.0,722000000,,213800000,0,0,0,925000000,408700000,516300000,5082908074.0,59100000.0,0.0,400000.0,0.0,-5700000.0,-4700000.0,-8300000.0,0.0,71400000.0,700000.0,43800000.0,43800000.0,43800000.0,0.0,0.0,0.073,170800000.0,72600000.0,256600000,0.129,4.519,30.638,30.63,148200000,0.0,117.62,2.206,2.184,352500000,844400000.0,603900000.0,603900000.0,0.0,,,,,3900000.0,170800000.0,1.0,43214658,42800000.0,43100000.0,14.11,1244400000,16900000,20800000.0,56400000,29.075,661300000
29,AYI,ARQ,2014-03-31,2014-04-02,2014-02-28,2021-08-25,-60400000,1972300000,,990500000,981800000,,25.22,-8000000.0,408200000,408200000,331000000.0,32700000.0,2.7,0.827,353600000,0,353600000,353600000,0,10800000.0,0,0.004,0.13,58300000.0,69100000.0,0.127,69100000.0,58300000.0,50300000.0,0.76,0.75,0.76,1079400000,,1079400000,5897377349.0,22.0,19.11,6000000.0,0.14,1.0,215200000.0,0.394,808400000,8000000.0,742400000,,228600000,0,0,0,892900000,366900000,526000000,5951977349.0,10100000.0,0.0,5300000.0,0.0,-5600000.0,4400000.0,-8000000.0,0.0,14000000.0,-300000.0,32700000.0,32700000.0,32700000.0,0.0,0.0,0.06,156800000.0,58400000.0,244400000,0.171,5.514,38.699,38.585,147100000,0.0,137.75,2.655,2.629,308700000,806300000.0,546200000.0,546200000.0,0.0,,,,,-500000.0,157000000.0,1.0,43208547,42800000.0,43100000.0,12.762,1163900000,16200000,17600000.0,56200000,27.194,623600000
30,AYI,ARQ,2013-12-31,2014-01-09,2013-11-30,2021-08-25,-59700000,1966200000,,979300000,986900000,,24.404,-7600000.0,398100000,398100000,337600000.0,44500000.0,2.474,0.891,353600000,0,353600000,353600000,0,10600000.0,0,0.004,0.0,76800000.0,87400000.0,0.152,87400000.0,76800000.0,68800000.0,1.03,1.03,1.03,1039600000,,1039600000,5273404072.0,21.0,17.912,35800000.0,0.84,1.0,237100000.0,0.413,811500000,8000000.0,714300000,,208300000,0,0,0,926600000,395900000,530700000,5317904072.0,39000000.0,0.0,2600000.0,0.0,-5600000.0,2200000.0,-7600000.0,0.0,43400000.0,1000000.0,44500000.0,44500000.0,44500000.0,0.0,0.0,0.077,159700000.0,77400000.0,244300000,0.0,5.115,36.474,36.431,147100000,0.0,123.5,2.436,2.41,332600000,779200000.0,574700000.0,574700000.0,0.0,,,,,-700000.0,159700000.0,1.0,43059952,42600000.0,42900000.0,13.491,1154700000,16300000,24300000.0,55900000,27.106,583400000
31,AYI,ARQ,2013-09-30,2013-10-29,2013-08-31,2021-08-25,-62600000,1903800000,,913500000,990300000,,23.213,-9000000.0,359100000,359100000,342500000.0,44900000.0,2.365,0.916,353600000,0,353600000,353600000,0,10600000.0,0,0.005,0.26,78200000.0,88800000.0,0.153,88800000.0,78200000.0,70300000.0,1.04,1.04,1.04,993500000,,993500000,4433246511.0,20.0,16.723,55500000.0,1.297,1.0,237300000.0,0.409,813300000,7900000.0,698800000,,203000000,0,0,0,910300000,386200000,524100000,4438746511.0,57200000.0,0.0,4900000.0,0.0,-5600000.0,1300000.0,-9000000.0,0.0,64500000.0,400000.0,44900000.0,44900000.0,44900000.0,0.0,0.0,0.077,159100000.0,78200000.0,249500000,0.25,4.468,34.841,34.811,147900000,0.0,103.39,2.125,2.088,318300000,740300000.0,579800000.0,579800000.0,0.0,,,,,1700000.0,158800000.0,1.0,42932068,42800000.0,42800000.0,13.547,1090500000,15300000,25400000.0,53900000,25.479,527300000
32,AYI,ARQ,2013-06-30,2013-07-02,2013-05-31,2021-08-25,-84400000,1829800000,,837400000,992400000,,21.863,-2200000.0,301900000,301900000,320400000.0,31700000.0,2.338,0.983,353500000,0,353500000,353500000,0,10300000.0,0,0.006,0.13,53000000.0,63300000.0,0.117,63300000.0,53000000.0,45200000.0,0.74,0.73,0.74,922600000,,922600000,3537494226.0,17.0,14.456,65900000.0,1.562,1.0,221100000.0,0.408,815400000,7800000.0,707900000,,201200000,0,0,0,907200000,358100000,549100000,3485894226.0,39100000.0,-22200000.0,900000.0,0.0,-5700000.0,-4000000.0,-24400000.0,0.0,68100000.0,-600000.0,31700000.0,31700000.0,31700000.0,0.0,0.0,0.059,171100000.0,50000000.0,239700000,0.176,3.778,30.129,30.033,147100000,0.0,81.39,1.723,1.697,299500000,701000000.0,541500000.0,541500000.0,0.0,,,,,3400000.0,163900000.0,1.0,42829515,42200000.0,42600000.0,12.832,1014400000,16900000,13500000.0,36800000,24.038,479300000
33,AYI,ARQ,2013-03-31,2013-04-03,2013-02-28,2021-08-25,-85000000,1742400000,,783700000,958700000,,21.157,-10600000.0,262800000,262800000,297000000.0,24700000.0,2.508,0.956,353500000,0,353500000,353500000,0,9900000.0,0,0.007,0.13,45000000.0,54900000.0,0.113,54900000.0,45000000.0,37200000.0,0.58,0.57,0.58,890700000,,890700000,3168045137.0,15.0,12.592,3600000.0,0.086,1.0,189700000.0,0.39,782700000,7800000.0,737900000,,193700000,0,0,0,851700000,312500000,539200000,3077345137.0,-4700000.0,-3300000.0,900000.0,0.0,-5600000.0,-4300000.0,-13900000.0,0.0,14200000.0,-700000.0,24700000.0,24700000.0,24700000.0,0.0,0.0,0.051,144600000.0,45100000.0,213700000,0.224,3.455,26.168,25.935,144900000,0.0,71.84,1.563,1.536,282300000,675000000.0,486700000.0,486700000.0,0.0,,,,,3900000.0,144300000.0,1.0,42836096,42100000.0,42500000.0,11.561,959700000,16600000,12500000.0,32100000,22.796,471200000
34,AYI,ARQ,2012-12-31,2013-01-08,2012-11-30,2021-08-25,-85500000,1731700000,,773300000,958400000,,20.72,-11200000.0,267500000,267500000,291600000.0,26100000.0,2.407,0.999,353500000,0,353500000,353500000,0,10000000.0,0,0.008,0.0,48100000.0,58100000.0,0.121,58100000.0,48100000.0,40400000.0,0.61,0.61,0.61,866100000,,866100000,2887646040.0,14.0,11.835,-25700000.0,-0.615,1.0,189500000.0,0.394,783200000,7700000.0,713200000,,193700000,0,0,0,865600000,321300000,544300000,2801646040.0,-17000000.0,0.0,8200000.0,0.0,-5500000.0,8100000.0,-11200000.0,0.0,-14500000.0,600000.0,26100000.0,26100000.0,26100000.0,0.0,0.0,0.054,141300000.0,48200000.0,204600000,0.0,3.235,24.926,24.702,143800000,0.0,65.46,1.444,1.41,270500000,655900000.0,481100000.0,481100000.0,0.0,,,,,-1100000.0,140600000.0,1.0,42799359,41800000.0,42300000.0,11.51,948500000,16600000,14300000.0,31700000,22.691,452000000
35,AYI,ARQ,2012-09-30,2012-10-26,2012-08-31,2021-08-25,-84700000,1736900000,,779000000,957900000,,20.145,-12500000.0,284500000,284500000,303800000.0,33200000.0,2.135,1.083,353500000,0,353500000,353500000,0,10100000.0,0,0.008,0.26,58300000.0,68400000.0,0.133,68400000.0,58300000.0,50700000.0,0.78,0.77,0.78,834000000,,834000000,2797753488.0,13.0,11.213,56900000.0,1.374,1.0,210400000.0,0.409,785700000,7600000.0,655400000,,194100000,0,0,0,902900000,364800000,538100000,2728753488.0,56200000.0,0.0,1100000.0,0.0,-5500000.0,-3800000.0,-12500000.0,0.0,69400000.0,3100000.0,33200000.0,33200000.0,33200000.0,0.0,0.0,0.065,149300000.0,61100000.0,232700000,0.333,3.272,23.463,23.389,139200000,0.0,64.32,1.411,1.377,263800000,635300000.0,514200000.0,514200000.0,0.0,,,,,2900000.0,147200000.0,1.0,42424650,41400000.0,41900000.0,12.42,951200000,17100000,17500000.0,33400000,22.976,414200000
36,AYI,ARQ,2012-06-30,2012-07-02,2012-05-31,2021-08-25,-66800000,1656500000,,704100000,952400000,,19.688,-9400000.0,228300000,228300000,285500000.0,33600000.0,2.127,1.023,353500000,0,353500000,353500000,0,10200000.0,0,0.009,0.13,60000000.0,70200000.0,0.144,70200000.0,60000000.0,52300000.0,0.8,0.79,0.8,819000000,,819000000,2622555263.0,13.0,10.532,55800000.0,1.341,1.0,202000000.0,0.414,787500000,7700000.0,663100000,,168700000,0,0,0,837500000,331100000,506400000,2497355263.0,47700000.0,0.0,100000.0,0.0,-5500000.0,-5200000.0,-9400000.0,0.0,65200000.0,-2900000.0,33600000.0,33600000.0,33600000.0,0.0,0.0,0.069,144700000.0,57300000.0,202700000,0.163,3.049,21.308,21.289,132400000,0.0,58.97,1.304,1.281,269600000,607600000.0,487500000.0,487500000.0,0.0,,,,,3000000.0,142800000.0,1.0,42349589,41600000.0,42000000.0,11.719,869000000,17100000,18700000.0,38500000,20.889,373000000
37,AYI,ARQ,2012-03-31,2012-04-04,2012-02-29,2021-08-25,-59000000,1597900000,,642700000,955200000,,19.208,-5200000.0,180600000,180600000,275800000.0,19500000.0,2.2,1.009,353400000,0,353400000,353400000,0,9400000.0,0,0.009,0.13,37900000.0,47300000.0,0.103,47300000.0,37900000.0,30200000.0,0.46,0.46,0.46,795200000,,795200000,2607422487.0,13.0,10.928,4700000.0,0.114,1.0,181900000.0,0.397,791800000,7700000.0,686700000,,159000000,0,0,0,802700000,292200000,510500000,2434622487.0,7900000.0,0.0,5600000.0,0.0,-5500000.0,3100000.0,-5200000.0,0.0,9900000.0,100000.0,19500000.0,19500000.0,19500000.0,0.0,0.0,0.043,142900000.0,39000000.0,189400000,0.283,3.062,21.993,22.115,133400000,0.0,57.5,1.291,1.262,257600000,579500000.0,457700000.0,457700000.0,0.0,,,,,400000.0,136300000.0,1.0,42341187,41400000.0,41900000.0,11.056,806100000,17500000,10700000.0,37700000,19.471,350500000
38,AYI,ARQ,2011-12-31,2012-01-09,2011-11-30,2021-08-25,-62900000,1595000000,,639200000,955800000,,18.578,-4200000.0,172700000,172700000,280700000.0,29900000.0,2.014,1.084,353400000,0,353400000,353400000,0,10100000.0,0,0.009,0.0,53500000.0,63600000.0,0.134,63600000.0,53500000.0,45800000.0,0.71,0.7,0.71,765400000,,765400000,2494041768.0,13.0,10.506,23500000.0,0.57,1.0,193600000.0,0.408,792600000,7700000.0,665700000,,162500000,0,0,0,829600000,317400000,512200000,2313341768.0,2500000.0,-3800000.0,-8400000.0,0.0,-5500000.0,-12800000.0,-8000000.0,0.0,27700000.0,-4400000.0,29900000.0,29900000.0,29900000.0,0.0,0.0,0.063,143000000.0,50600000.0,198900000,0.0,3.022,20.822,21.131,133600000,0.0,54.94,1.254,1.227,262600000,565500000.0,474300000.0,474300000.0,0.0,,,,,-900000.0,140300000.0,1.0,42106694,41200000.0,41700000.0,11.512,802400000,17700000,15900000.0,36300000,19.476,321800000
39,AYI,ARQ,2011-09-30,2011-10-28,2011-08-31,2021-08-25,-53800000,1597400000,,630500000,966900000,,18.067,-6000000.0,170200000,170200000,295800000.0,34200000.0,1.903,1.11,353400000,0,353400000,353400000,0,10400000.0,0,0.011,0.13,57500000.0,67900000.0,0.137,67900000.0,57500000.0,50100000.0,0.8,0.79,0.8,757000000,,757000000,2225430540.0,12.0,9.778,73500000.0,1.754,1.0,200400000.0,0.404,793400000,7400000.0,655800000,,165900000,0,0,0,840400000,331400000,509000000,2042230540.0,9400000.0,0.0,-57400000.0,0.0,-5700000.0,-62900000.0,-6000000.0,0.0,79500000.0,-1200000.0,34200000.0,34200000.0,34200000.0,0.0,0.0,0.069,144600000.0,55800000.0,203800000,0.163,2.698,19.358,19.711,143200000,0.0,48.49,1.137,1.14,262600000,541000000.0,496200000.0,496200000.0,0.0,,,,,3000000.0,144600000.0,1.0,42116530,41900000.0,42500000.0,11.842,804000000,18000000,15900000.0,36400000,19.189,299100000
40,AYI,ARQ,2011-06-30,2011-06-29,2011-05-31,2021-08-25,-57400000,1591000000,,626500000,964500000,,18.329,-4300000.0,160800000,160800000,268600000.0,27100000.0,2.0,1.042,353400000,0,353400000,353400000,0,10500000.0,0,0.009,0.13,49300000.0,59800000.0,0.13,59800000.0,49300000.0,41800000.0,0.63,0.62,0.63,779000000,,779000000,2587512532.0,15.0,11.952,48600000.0,1.144,1.0,189700000.0,0.414,787900000,7500000.0,682400000,,178000000,0,0,0,812000000,313300000,498700000,2394912532.0,35300000.0,-9900000.0,500000.0,0.0,-5700000.0,-3600000.0,-14200000.0,0.0,52900000.0,200000.0,27100000.0,27100000.0,27100000.0,0.0,0.0,0.059,139500000.0,50200000.0,188300000,0.206,3.074,24.289,24.131,147000000,0.0,55.26,1.374,1.347,255300000,512500000.0,458300000.0,458300000.0,0.0,,,,,1700000.0,139500000.0,1.0,43338989,42500000.0,43100000.0,10.784,803100000,20000000,14700000.0,14500000,18.896,313200000
41,AYI,ARQ,2011-03-31,2011-03-30,2011-02-28,2021-08-25,-61500000,1537000000,,581900000,955100000,,17.683,-5200000.0,125500000,125500000,252300000.0,19900000.0,2.026,1.055,353400000,0,353400000,353400000,0,9600000.0,0,0.009,0.13,36500000.0,46100000.0,0.111,46100000.0,36500000.0,29000000.0,0.46,0.45,0.46,748000000,,748000000,2692015098.0,16.0,13.081,18200000.0,0.43,1.0,163800000.0,0.394,783800000,7500000.0,693900000,,174100000,0,0,0,789000000,287200000,501800000,2464115098.0,-26700000.0,-44300000.0,2000000.0,0.0,-5600000.0,-3000000.0,-49500000.0,0.0,23400000.0,2400000.0,19900000.0,19900000.0,19900000.0,0.0,0.0,0.048,126600000.0,37200000.0,175700000,0.283,3.294,26.553,26.465,145100000,0.0,56.9,1.456,1.422,243700000,491000000.0,416100000.0,416100000.0,0.0,,,,,1300000.0,126600000.0,1.0,43306065,42300000.0,43000000.0,9.837,753200000,20100000,9100000.0,15100000,17.806,294700000
42,AYI,ARQ,2010-12-31,2011-01-10,2010-11-30,2021-08-25,-66800000,1521400000,,613400000,908000000,,17.207,-6600000.0,152200000,152200000,248900000.0,24400000.0,2.021,1.105,353400000,0,353400000,353400000,0,9600000.0,0,0.009,0.0,44300000.0,53900000.0,0.127,53900000.0,44300000.0,36800000.0,0.57,0.56,0.57,722700000,,722700000,2622073921.0,17.0,13.977,-1300000.0,-0.031,1.0,176100000.0,0.414,739200000,7500000.0,679900000,,173700000,0,0,0,798700000,303500000,495200000,2420873921.0,-38800000.0,-36200000.0,400000.0,0.0,-5600000.0,-2300000.0,-42800000.0,0.0,5300000.0,1000000.0,24400000.0,24400000.0,24400000.0,0.0,0.0,0.057,130600000.0,45500000.0,184600000,0.0,3.35,29.998,29.968,143500000,0.0,56.04,1.458,1.418,249400000,477800000.0,425000000.0,425000000.0,0.0,,,,,-2900000.0,130600000.0,1.0,43199035,42000000.0,42800000.0,10.119,782200000,20100000,12400000.0,8400000,18.624,309900000
43,AYI,ARQ,2010-09-30,2010-10-29,2010-08-31,2021-08-25,-71300000,1503600000,,626300000,877300000,,16.339,-6000000.0,191000000,191000000,259800000.0,27200000.0,1.949,1.165,353300000,0,353300000,353300000,0,8800000.0,0,0.01,0.13,47900000.0,56700000.0,0.128,56700000.0,47900000.0,40600000.0,0.63,0.62,0.63,694400000,,694400000,2305691253.0,15.0,12.443,57500000.0,1.353,1.0,184400000.0,0.415,715100000,7300000.0,629500000,,149000000,0,0,0,809200000,321300000,487900000,2143391253.0,-3500000.0,-22600000.0,-34500000.0,0.0,-5600000.0,-38800000.0,-28600000.0,0.0,63500000.0,400000.0,27200000.0,27200000.0,27200000.0,0.0,0.0,0.061,136400000.0,48000000.0,195000000,0.206,3.087,26.927,27.212,138400000,0.0,50.07,1.317,1.308,255100000,459000000.0,444200000.0,444200000.0,0.0,,,,,7700000.0,133200000.0,1.0,42807894,42500000.0,43300000.0,10.452,788500000,21000000,13400000.0,10200000,18.553,305000000
44,AYI,ARQ,2010-06-30,2010-06-30,2010-05-31,2021-08-25,-60400000,1468700000,,608300000,860400000,,16.789,-6200000.0,194500000,194500000,244000000.0,21300000.0,2.17,1.049,353300000,0,353300000,353300000,0,8900000.0,0,0.014,0.13,40200000.0,49100000.0,0.12,49100000.0,40200000.0,32900000.0,0.49,0.48,0.49,716900000,,716900000,1742996095.0,12.0,9.268,43400000.0,1.016,1.0,163600000.0,0.401,690000000,7300000.0,657200000,,143300000,0,0,0,751800000,280300000,471500000,1584196095.0,38700000.0,0.0,2000000.0,0.0,-5700000.0,-2500000.0,-6200000.0,0.0,49600000.0,-2200000.0,21300000.0,21300000.0,21300000.0,0.0,0.0,0.052,124400000.0,39200000.0,164200000,0.265,2.21,19.438,19.047,141100000,0.0,36.38,0.987,0.968,236000000,438500000.0,407600000.0,407600000.0,0.0,,,,,-1200000.0,124700000.0,1.0,43545797,42700000.0,43500000.0,9.546,778700000,20000000,11600000.0,11400000,18.237,328000000
45,AYI,ARQ,2010-03-31,2010-03-31,2010-02-28,2021-08-25,-56600000,1433300000,,572000000,861300000,,16.445,-5200000.0,155800000,155800000,231200000.0,7800000.0,2.196,1.051,353300000,0,353300000,353300000,0,9400000.0,0,0.012,0.13,18500000.0,27900000.0,0.073,27900000.0,18500000.0,10400000.0,0.18,0.17,0.18,698900000,,698900000,2033416648.0,14.0,10.884,1200000.0,0.028,1.0,152300000.0,0.397,692800000,8100000.0,677500000,,147900000,0,0,0,734400000,260500000,473900000,1835916648.0,107500000.0,0.0,2100000.0,111000000.0,-5700000.0,107600000.0,-5200000.0,0.0,6400000.0,-1300000.0,7800000.0,7800000.0,7800000.0,-600000.0,0.0,0.02,124500000.0,27800000.0,157500000,0.722,2.627,22.328,21.536,142500000,0.0,42.21,1.151,1.125,224600000,422900000.0,383500000.0,383500000.0,0.0,,,,,-200000.0,119100000.0,1.0,43494827,42500000.0,43300000.0,9.024,740500000,19600000,2600000.0,11500000,17.424,311500000
46,AYI,ARQ,2009-12-31,2010-01-06,2009-11-30,2021-08-25,-53700000,1317100000,,450000000,867100000,,16.411,-4300000.0,48300000,48300000,230400000.0,23300000.0,0.937,0.897,229300000,209700000,19600000,229300000,0,9400000.0,0,0.014,0.0,42200000.0,51600000.0,0.132,51600000.0,42200000.0,35500000.0,0.54,0.53,0.54,694200000,,694200000,1780871530.0,11.0,9.078,36700000.0,0.868,1.0,161300000.0,0.412,695600000,6700000.0,322000000,,145300000,0,0,0,622900000,480500000,142400000,1599871530.0,29600000.0,0.0,800000.0,-2400000.0,-5600000.0,-7100000.0,-4300000.0,0.0,41000000.0,0.0,23300000.0,23300000.0,23300000.0,0.0,0.0,0.059,118600000.0,42700000.0,164000000,0.0,2.305,18.018,17.22,148500000,0.0,36.85,1.002,0.976,220100000,421800000.0,391700000.0,391700000.0,0.0,,,,,-100000.0,118500000.0,1.0,43415781,42300000.0,43100000.0,9.26,621500000,19300000,12200000.0,12900000,14.693,-30500000
47,AYI,ARQ,2009-09-30,2009-10-30,2009-08-31,2021-08-25,-57423000,1290603000,,422900000,867703000,,15.984,-6128000.0,18683000,18683000,257241000.0,29099000.0,0.888,0.92,231582000,209535000,22047000,231582000,0,9610000.0,0,0.016,0.26,49855000.0,59465000.0,0.141,59465000.0,49855000.0,43195000.0,0.7,0.69,0.7,672140000,,672140000,1583341390.0,10.0,8.276,59170000.0,1.407,1.0,165371000.0,0.391,695389000,6660000.0,332024000,,140797000,0,0,0,618463000,476089000,142374000,1370442390.0,-9607000.0,333000.0,222000.0,-63195000.0,-5633000.0,-68780000.0,-5795000.0,0.0,65298000.0,-341000.0,29099000.0,29099000.0,29099000.0,-11000.0,0.0,0.069,115451000.0,49920000.0,162299000,0.371,2.039,16.14,15.221,145829000,0.0,31.66,0.827,0.779,227371000,404169000.0,422612000.0,422612000.0,0.0,,,,,174000.0,115349000.0,1.0,43286241,42050000.0,42862000.0,10.05,595214000,19336000,14096000.0,12962000,14.155,-53189000
48,AYI,ARQ,2009-06-30,2009-07-02,2009-05-31,2021-08-25,-40706000,1321124000,,455781000,865343000,,16.088,-3329000.0,28290000,28290000,243023000.0,22027000.0,1.368,1.006,294771000,70310000,224461000,294771000,0,8701000.0,0,0.02,0.13,39164000.0,47865000.0,0.121,47865000.0,39164000.0,32792000.0,0.54,0.53,0.54,658550000,,658550000,1412576926.0,8.0,6.601,27972000.0,0.683,1.0,153605000.0,0.387,696789000,6372000.0,557550000,,158129000,0,0,0,662574000,333266000,329308000,1146095926.0,-44020000.0,-131029000.0,143000.0,60800000.0,-5358000.0,55570000.0,-134358000.0,0.0,31301000.0,3766000.0,22027000.0,22027000.0,22027000.0,299000.0,0.0,0.056,112122000.0,41483000.0,157174000,0.241,1.74,11.729,10.902,144971000,0.0,26.6,0.652,0.62,221477000,380109000.0,396628000.0,396628000.0,0.0,,,,,15000.0,112116000.0,1.0,43086313,40934000.0,41718000.0,9.689,624335000,24252000,10765000.0,22912000,15.252,122515000
49,AYI,ARQ,2009-03-31,2009-04-08,2009-02-28,2021-08-25,-53935000,1169861000,,509431000,660430000,,14.453,-7186000.0,72310000,72310000,244741000.0,14368000.0,1.826,1.014,203965000,0,203965000,203965000,0,8605000.0,0,0.024,0.13,28640000.0,37245000.0,0.096,37245000.0,28640000.0,21132000.0,0.36,0.35,0.36,580992000,,580992000,1012921128.0,5.0,4.153,-2863000.0,-0.071,1.0,141398000.0,0.366,500213000,7508000.0,522273000,,165333000,0,0,0,588869000,279030000,309839000,881266128.0,-192324000.0,-23385000.0,284000.0,-160000000.0,-5338000.0,-164669000.0,-30571000.0,0.0,4323000.0,-1407000.0,14368000.0,14368000.0,14368000.0,0.0,0.0,0.037,112785000.0,28613000.0,159622000,0.361,1.517,7.544,7.352,138657000,0.0,21.54,0.47,0.462,215883000,389589000.0,386139000.0,386139000.0,0.0,,,,,-385000.0,108217000.0,1.0,40913005,40200000.0,40784000.0,9.605,669648000,26230000,6764000.0,22676000,16.658,230401000
50,AYI,ARQ,2008-12-31,2009-01-06,2008-11-30,2021-08-25,-47116000,1359853000,,729617000,630236000,,14.24,-4422000.0,264634000,264634000,277302000.0,19415000.0,1.511,1.392,363952000,159993000,203959000,363952000,0,8820000.0,0,0.015,0.0,37918000.0,46738000.0,0.103,46738000.0,37918000.0,29916000.0,0.49,0.48,0.49,568613000,,568613000,1518016897.0,6.0,5.511,-12614000.0,-0.316,1.0,174723000.0,0.387,466877000,8002000.0,509559000,,162120000,0,0,0,791240000,482735000,308505000,1418698897.0,-32462000.0,-8000000.0,2389000.0,0.0,-5305000.0,-2731000.0,-12422000.0,0.0,-8192000.0,-9117000.0,19415000.0,19415000.0,19415000.0,0.0,0.0,0.043,140986000.0,33737000.0,180193000,0.0,2.495,10.386,10.293,143076000,0.0,35.1,0.72,0.712,244296000,380559000.0,452025000.0,452025000.0,0.0,,,,,-185000.0,118924000.0,1.0,40418772,39930000.0,40765000.0,11.32,892976000,26260000,10501000.0,22856000,22.364,246882000
51,AYI,ARQ,2008-09-30,2008-10-27,2008-08-31,2021-08-25,-22819000,1408691000,,756147000,652544000,,14.38,-5694000.0,297096000,297096000,310379000.0,41905000.0,1.447,1.448,363936000,159983000,203953000,363936000,0,9032000.0,0,0.016,0.26,73102000.0,82134000.0,0.157,82134000.0,73102000.0,65961000.0,1.05,1.02,1.05,575546000,,575546000,1356937712.0,5.0,4.64,105517000.0,2.636,1.0,212378000.0,0.406,472703000,7141000.0,480262000,,145725000,0,0,0,833145000,522566000,310579000,1290097712.0,80782000.0,0.0,-18807000.0,-2000.0,-5334000.0,-23817000.0,-5694000.0,0.0,111211000.0,-1591000.0,41905000.0,41905000.0,41905000.0,0.0,0.0,0.08,138657000.0,73721000.0,205776000,0.248,2.242,8.702,8.756,161506000,0.0,31.96,0.637,0.641,268971000,366904000.0,522757000.0,522757000.0,0.0,,,,,-326000.0,138657000.0,1.0,40366011,40025000.0,40961000.0,13.061,935988000,20477000,24056000.0,23983000,23.385,233581000
52,AYI,ARQ,2008-06-30,2008-07-02,2008-05-31,2021-08-25,-12636000,1366040000,,706378000,659662000,,14.068,-6757000.0,216314000,216314000,304246000.0,41133000.0,1.424,1.416,363921000,159972000,203949000,363921000,0,8216000.0,0,0.014,0.13,69587000.0,77803000.0,0.152,77803000.0,69587000.0,62413000.0,1.03,1.0,1.03,565401000,,565401000,1797934663.0,7.0,5.885,48264000.0,1.201,1.0,208192000.0,0.406,476903000,7174000.0,540665000,,150294000,0,0,0,800639000,496079000,304560000,1650327663.0,31248000.0,-3500000.0,-4579000.0,-2000.0,-5346000.0,-13546000.0,-10257000.0,0.0,55021000.0,555000.0,41133000.0,41133000.0,41133000.0,525000.0,0.0,0.08,136488000.0,71704000.0,188683000,0.126,2.919,10.458,10.626,164167000,0.0,40.59,0.751,0.743,288725000,329616000.0,512438000.0,512438000.0,0.0,,,,,-502000.0,136488000.0,1.0,40658479,40190000.0,41247000.0,12.75,889137000,23619000,21280000.0,28115000,22.123,210299000
53,AYI,ARQ,2008-03-31,2008-04-03,2008-02-29,2021-08-25,-16251000,1313774000,,658954000,654820000,,13.023,-8258000.0,185066000,185066000,290548000.0,34144000.0,1.361,1.494,363907000,159962000,203945000,363907000,0,8216000.0,0,0.013,0.13,60537000.0,68753000.0,0.142,68753000.0,60537000.0,53430000.0,0.84,0.82,0.84,526715000,,526715000,2040861974.0,8.0,6.696,20949000.0,0.518,1.0,192036000.0,0.398,473892000,7107000.0,534432000,,146650000,0,0,0,787059000,484291000,302768000,1862020974.0,-16643000.0,0.0,-36091000.0,-2000.0,-5369000.0,-37878000.0,-8258000.0,0.0,29207000.0,286000.0,34144000.0,34144000.0,34144000.0,0.0,0.0,0.071,131307000.0,60729000.0,179223000,0.155,3.535,11.986,12.428,163377000,0.0,45.86,0.798,0.795,270770000,293863000.0,482584000.0,482584000.0,0.0,,,,,-3584000.0,131307000.0,1.0,40602289,40446000.0,41475000.0,11.932,839882000,25476000,19286000.0,25256000,20.766,174663000
54,AYI,ARQ,2007-12-31,2008-01-08,2007-11-30,2021-08-25,-18601000,1348073000,,689182000,658891000,,12.593,-6259000.0,201709000,201709000,305676000.0,31072000.0,1.958,1.562,363892000,0,363892000,363892000,0,8376000.0,0,0.016,0.0,55361000.0,63737000.0,0.125,63737000.0,55361000.0,48368000.0,0.74,0.72,0.74,526178000,,526178000,1740391630.0,7.0,5.989,20105000.0,0.481,1.0,203189000.0,0.399,474348000,6993000.0,683854000,,146881000,0,0,0,821895000,352054000,469841000,1578208630.0,-11965000.0,0.0,-91625000.0,-2000.0,-6417000.0,-34934000.0,-6259000.0,0.0,26364000.0,1505000.0,31072000.0,31072000.0,31072000.0,-147000.0,0.0,0.061,148284000.0,54905000.0,189263000,0.0,2.999,10.842,11.249,161911000,0.0,38.47,0.651,0.663,284531000,265087000.0,508865000.0,508865000.0,0.0,,,,,-610000.0,133646000.0,1.0,41024399,41783000.0,42936000.0,12.179,873725000,23978000,17296000.0,24255000,20.911,337128000
55,AYI,ARQ,2007-09-30,2007-10-30,2007-08-31,2021-08-25,-9513000,1612508000,,867985000,744523000,,15.724,-10454000.0,222816000,222816000,395091000.0,51453000.0,1.845,1.4,371323000,296000,371027000,371323000,0,9889000.0,0,0.013,0.3,85309000.0,95198000.0,0.137,95198000.0,85309000.0,78530000.0,1.21,1.17,1.21,671966000,,671966000,2099448338.0,8.0,7.082,107282000.0,2.51,1.0,297879000.0,0.43,506288000,6779000.0,784331000,,192070000,0,0,0,940542000,470396000,470146000,1950941338.0,44425000.0,-43482000.0,-13870000.0,-316000.0,-6680000.0,-19771000.0,-53936000.0,0.0,117736000.0,396000.0,51453000.0,51453000.0,51453000.0,0.0,0.0,0.074,213742000.0,84137000.0,247176000,0.248,2.903,13.177,13.27,213738000,0.0,46.18,0.771,0.777,388646000,313850000.0,692970000.0,692970000.0,0.0,,,,,-1095000.0,213742000.0,1.0,42246456,42735000.0,44011000.0,16.216,1106220000,23937000,27077000.0,12491000,25.886,397589000
56,AYI,ARQ,2007-06-30,2007-07-10,2007-05-31,2021-08-25,-11612000,1536122000,,836883000,699239000,,14.923,-8644000.0,178391000,178391000,374332000.0,38676000.0,1.965,1.402,371613000,596000,371017000,371613000,0,9243000.0,0,0.01,0.15,67845000.0,77088000.0,0.119,77088000.0,67845000.0,60479000.0,0.9,0.88,0.9,639603000,,639603000,2813780675.0,11.0,9.927,53907000.0,1.258,1.0,273494000.0,0.422,465171000,7366000.0,838298000,,206082000,0,0,0,896519000,425875000,470644000,2620558675.0,55336000.0,41000.0,4514000.0,-59000.0,-6665000.0,-216000.0,-8603000.0,0.0,62551000.0,1604000.0,38676000.0,38676000.0,38676000.0,0.0,0.0,0.06,206059000.0,67435000.0,231706000,0.167,4.097,18.994,18.588,210841000,0.0,60.04,1.043,1.024,383885000,269077000.0,647826000.0,647826000.0,0.0,,,,,-1994000.0,206059000.0,1.0,43646880,42861000.0,44118000.0,15.115,1070951000,28646000,21803000.0,13034000,24.987,411008000
57,AYI,ARQ,2007-03-31,2007-04-04,2007-02-28,2021-08-25,-18602000,1436435000,,743335000,693100000,,13.89,-8260000.0,123055000,123055000,335882000.0,24358000.0,1.975,1.431,371656000,655000,371001000,371656000,0,9553000.0,0,0.01,0.15,45032000.0,54585000.0,0.095,54585000.0,45032000.0,37176000.0,0.57,0.55,0.57,590919000,,590919000,2877179604.0,13.0,10.748,15160000.0,0.356,1.0,239502000.0,0.416,464677000,7856000.0,844048000,,209482000,0,0,0,845516000,376311000,469205000,2628578604.0,20334000.0,41000.0,7903000.0,-300000.0,-6531000.0,5529000.0,-8219000.0,0.0,23420000.0,-396000.0,24358000.0,24358000.0,24358000.0,0.0,0.0,0.042,194474000.0,45028000.0,216653000,0.263,4.448,20.535,20.305,208805000,0.0,60.51,1.065,1.043,338595000,237066000.0,575384000.0,575384000.0,0.0,,,,,-4457000.0,194474000.0,1.0,43440400,42544000.0,43911000.0,13.524,971758000,27231000,12818000.0,13033000,22.841,367024000
58,AYI,ARQ,2006-12-31,2007-01-04,2006-11-30,2021-08-25,-16473000,1421900000,,722285000,699615000,,13.312,-7766000.0,102721000,102721000,355470000.0,33567000.0,1.875,1.531,371939000,661000,371278000,371939000,0,9720000.0,0,0.011,0.0,59841000.0,69561000.0,0.113,69561000.0,59841000.0,51702000.0,0.8,0.77,0.8,561821000,,561821000,2538977320.0,12.0,10.018,29688000.0,0.703,1.0,259018000.0,0.422,465796000,8139000.0,840129000,,211886000,0,0,0,860079000,385193000,474886000,2269759320.0,14073000.0,41000.0,-17013000.0,27000.0,-6483000.0,-15655000.0,-7725000.0,0.0,37454000.0,-1000.0,33567000.0,33567000.0,33567000.0,0.0,0.0,0.055,198683000.0,60335000.0,213222000,0.0,4.04,19.21,19.095,210004000,0.0,52.32,0.93,0.904,337324000,219238000.0,614488000.0,614488000.0,0.0,,,,,-7814000.0,198683000.0,1.0,43382250,42204000.0,43732000.0,14.56,956104000,28144000,18135000.0,13029000,22.654,337092000
59,AYI,ARQ,2006-09-30,2006-11-02,2006-08-31,2021-08-25,-16492000,1444116000,,737645000,706471000,,12.664,-11398000.0,88648000,88648000,393944000.0,41367000.0,1.724,1.663,371895000,643000,371252000,371895000,0,9568000.0,0,0.012,0.3,72635000.0,82203000.0,0.122,82203000.0,72635000.0,64240000.0,0.96,0.91,0.96,542259000,,542259000,2389581041.0,12.0,10.126,80612000.0,1.883,1.0,280507000.0,0.416,466475000,8395000.0,833094000,,209319000,0,0,0,901857000,427794000,474063000,2106334041.0,17073000.0,41000.0,-57271000.0,-228000.0,-6691000.0,-63443000.0,-11357000.0,0.0,92010000.0,-137000.0,41367000.0,41367000.0,41367000.0,0.0,0.0,0.061,207528000.0,72979000.0,243593000,0.312,3.884,19.766,20.136,211269000,0.0,48.93,0.88,0.897,379622000,192155000.0,674451000.0,674451000.0,0.0,,,,,-747000.0,207236000.0,1.0,43047906,42819000.0,45183000.0,15.751,977641000,28208000,22873000.0,12974000,22.832,309851000
60,AYI,ARQ,2006-06-30,2006-07-06,2006-05-31,2021-08-25,-33374000,1413657000,,712347000,701310000,,11.953,-6255000.0,71575000,71575000,354223000.0,28712000.0,1.842,1.685,372107000,587000,371520000,372107000,0,9257000.0,0,0.014,0.15,52096000.0,61353000.0,0.102,61353000.0,52096000.0,43814000.0,0.65,0.63,0.65,526592000,,526592000,2184060914.0,13.0,10.34,41682000.0,0.946,1.0,249042000.0,0.413,467127000,8282000.0,860262000,,217811000,0,0,0,887065000,386800000,500265000,1883528914.0,1763000.0,42000.0,-41249000.0,77000.0,-6673000.0,-41534000.0,-6213000.0,0.0,47937000.0,1573000.0,28712000.0,28712000.0,28712000.0,0.0,0.0,0.048,196803000.0,52239000.0,219393000,0.231,3.577,20.252,20.283,206001000,0.0,43.0,0.813,0.818,358022000,157479000.0,603265000.0,603265000.0,0.0,,,,,-6311000.0,196803000.0,1.0,43802998,44054000.0,45504000.0,13.694,946530000,27157000,15102000.0,4829000,21.486,325547000
61,AYI,ARQ,2006-03-31,2006-04-05,2006-02-28,2021-08-25,-33745000,1386554000,,681296000,705258000,,12.179,-5330000.0,69812000,69812000,334300000.0,14507000.0,1.992,1.563,372013000,549000,371464000,372013000,0,9983000.0,0,0.014,0.15,30349000.0,40332000.0,0.073,40332000.0,30349000.0,22035000.0,0.33,0.32,0.33,540972000,,540972000,2195609078.0,14.0,11.076,-1932000.0,-0.043,1.0,215255000.0,0.392,466772000,8314000.0,879906000,,216816000,0,0,0,845582000,342077000,503505000,1893408078.0,-35385000.0,27000.0,-34831000.0,-256000.0,-6730000.0,-34004000.0,-5303000.0,0.0,3398000.0,524000.0,14507000.0,14507000.0,14507000.0,0.0,0.0,0.026,185052000.0,30203000.0,184883000,0.455,3.5,22.545,21.964,210199000,0.0,42.17,0.839,0.83,324399000,135440000.0,549555000.0,549555000.0,0.0,,,,,-10224000.0,185052000.0,1.0,44899409,44419000.0,45826000.0,12.372,919782000,27648000,7528000.0,4650000,20.707,339219000
62,AYI,ARQ,2005-12-31,2006-01-04,2005-11-30,2021-08-25,-35328000,1429922000,,717949000,711973000,,12.587,-826000.0,105197000,105197000,340629000.0,21976000.0,1.931,1.566,372254000,545000,371709000,372254000,0,10204000.0,0,0.018,0.0,41904000.0,52108000.0,0.092,52108000.0,41904000.0,33664000.0,0.5,0.48,0.5,557247000,,557247000,1724355955.0,14.0,10.487,11712000.0,0.265,1.0,225223000.0,0.398,467127000,8240000.0,858021000,,225834000,0,0,0,872675000,371831000,500844000,1457298955.0,6664000.0,41000.0,-33000.0,-66000.0,-6760000.0,-4448000.0,-785000.0,0.0,12538000.0,-641000.0,21976000.0,21976000.0,21976000.0,0.0,0.0,0.039,183235000.0,41988000.0,204018000,0.0,2.615,23.874,23.374,213721000,0.0,32.49,0.658,0.65,326662000,127663000.0,565852000.0,565852000.0,0.0,,,,,0.0,183235000.0,1.0,44853769,44271000.0,45620000.0,12.782,962795000,28209000,11688000.0,4633000,21.748,346118000
63,AYI,ARQ,2005-09-30,2005-11-01,2005-08-31,2021-08-25,-34602000,1442215000,,717774000,724441000,,12.374,-4177000.0,98533000,98533000,378710000.0,27809000.0,1.797,1.662,372303000,567000,371736000,372303000,0,10800000.0,0,0.022,0.3,46626000.0,57426000.0,0.096,57426000.0,46626000.0,37917000.0,0.64,0.62,0.64,541793000,,541793000,1514331670.0,14.0,9.986,71737000.0,1.638,1.0,218494000.0,0.366,468309000,8709000.0,848204000,,215590000,0,0,0,900422000,399472000,500950000,1240561670.0,54283000.0,41000.0,7427000.0,-18460000.0,-6696000.0,-17729000.0,-4136000.0,0.0,75914000.0,234000.0,27809000.0,27809000.0,27809000.0,0.0,0.0,0.047,174247000.0,44247000.0,221844000,0.469,2.29,23.752,22.777,219194000,0.0,27.56,0.571,0.547,345770000,112447000.0,597204000.0,597204000.0,0.0,,,,,0.0,165888000.0,1.0,45013123,43786000.0,45805000.0,13.639,973906000,29122000,10108000.0,4707000,22.242,318302000
64,AYI,ARQ,2005-06-30,2005-07-08,2005-05-31,2021-08-25,-25762000,1388978000,,669553000,719425000,,11.866,-6920000.0,44250000,44250000,329263000.0,19692000.0,1.81,1.699,390745000,18733000,372012000,390745000,0,9690000.0,0,0.023,0.15,38680000.0,48370000.0,0.089,48370000.0,38680000.0,29686000.0,0.45,0.44,0.45,514585000,,514585000,1487301809.0,13.0,9.743,47425000.0,1.094,1.0,216064000.0,0.396,468524000,8994000.0,897120000,,220763000,0,0,0,874393000,369829000,504564000,1140806809.0,34736000.0,81000.0,9333000.0,-14628000.0,-6631000.0,-11926000.0,-6839000.0,0.0,54345000.0,-844000.0,19692000.0,19692000.0,19692000.0,0.0,0.0,0.036,177284000.0,38780000.0,200926000,0.333,2.217,22.287,21.555,221546000,0.0,25.65,0.533,0.52,325236000,91334000.0,545327000.0,545327000.0,0.0,,,,,0.0,175917000.0,1.0,44475899,43367000.0,44634000.0,12.575,920454000,38106000,9994000.0,24857000,21.225,299724000
65,AYI,ARQ,2005-03-31,2005-04-04,2005-02-28,2021-08-25,-23145000,1342962000,,619874000,723088000,,11.467,-7090000.0,9514000,9514000,309915000.0,-8437000.0,1.789,1.728,405357000,33274000,372083000,405357000,0,10493000.0,0,0.022,0.15,-3972000.0,6521000.0,0.013,6521000.0,-3972000.0,-13056000.0,-0.2,-0.2,-0.2,492217000,,492217000,1620418282.0,15.0,10.756,17598000.0,0.41,1.0,195206000.0,0.386,470428000,9084000.0,921859000,,217393000,0,0,0,850745000,346518000,504227000,1224575282.0,5711000.0,41000.0,3458000.0,-8549000.0,-6571000.0,-11662000.0,-7049000.0,0.0,24688000.0,-266000.0,-8437000.0,-8437000.0,-8437000.0,0.0,0.0,-0.017,199703000.0,-4497000.0,170541000,-0.75,2.488,24.736,23.718,223815000,0.0,27.75,0.576,0.56,311128000,78274000.0,505121000.0,505121000.0,0.0,,,,,0.0,180630000.0,1.0,44128839,42926000.0,42926000.0,11.767,872534000,38062000,-4619000.0,24947000,20.326,273356000
66,AYI,ARQ,2004-12-31,2005-01-06,2004-11-30,2021-08-25,-23310000,1376415000,,641330000,735085000,,11.79,-11462000.0,3803000,3803000,306423000.0,13165000.0,1.755,1.749,413890000,41519000,372371000,413890000,0,10092000.0,0,0.022,0.0,29229000.0,39321000.0,0.075,39321000.0,29229000.0,20285000.0,0.31,0.3,0.31,500648000,,500648000,1593227780.0,12.0,8.876,-29322000.0,-0.691,1.0,218779000.0,0.417,471600000,8944000.0,949437000,,230849000,0,0,0,875767000,365465000,510302000,1183140780.0,-10332000.0,88000.0,6890000.0,18151000.0,-6444000.0,18597000.0,-11374000.0,0.0,-17860000.0,305000.0,13165000.0,13165000.0,13165000.0,0.0,0.0,0.025,190564000.0,28215000.0,181287000,0.0,2.363,17.538,17.069,225965000,0.0,27.31,0.56,0.549,336286000,93281000.0,525202000.0,525202000.0,0.0,,,,,0.0,187828000.0,1.0,43322621,42462000.0,43946000.0,12.369,904815000,31708000,7120000.0,24937000,21.309,275865000
67,AYI,ARQ,2004-09-30,2004-10-29,2004-08-31,2021-08-25,-29207000,1364529000,,633586000,730943000,,11.333,-21258000.0,14135000,14135000,328012000.0,26766000.0,1.749,1.855,395721000,5511000,390210000,395721000,0,9488000.0,0,0.023,0.3,48959000.0,58447000.0,0.104,58447000.0,48959000.0,40475000.0,0.63,0.62,0.63,477977000,,477977000,1507102387.0,11.0,8.352,42648000.0,1.011,1.0,235352000.0,0.418,470253000,8484000.0,913627000,,222260000,0,0,0,886552000,362235000,524317000,1125516387.0,4549000.0,87000.0,2064000.0,-33894000.0,-6403000.0,-38233000.0,-21171000.0,0.0,63906000.0,47000.0,26766000.0,26766000.0,26766000.0,0.0,0.0,0.048,187817000.0,47535000.0,206064000,0.476,2.355,16.745,16.581,226299000,0.0,26.53,0.535,0.528,331157000,86560000.0,563364000.0,563364000.0,0.0,,,,,0.0,179427000.0,1.0,42424289,42176000.0,43528000.0,13.357,894276000,29500000,13709000.0,24844000,21.203,271351000
68,AYI,ARQ,2004-06-30,2004-07-06,2004-05-31,2021-08-25,-38579000,1330534000,,607091000,723443000,,10.595,-11745000.0,9586000,9586000,309874000.0,18012000.0,1.688,1.989,429598000,38937000,390661000,429598000,0,10536000.0,0,0.024,0.15,35833000.0,46369000.0,0.087,46369000.0,35833000.0,27085000.0,0.43,0.42,0.43,445171000,,445171000,1503818141.0,13.0,9.156,13908000.0,0.331,1.0,222352000.0,0.418,474875000,8748000.0,915978000,,217849000,0,0,0,885363000,359693000,525670000,1083806141.0,2087000.0,85000.0,2522000.0,-7901000.0,-6371000.0,-11750000.0,-11660000.0,0.0,25653000.0,-156000.0,18012000.0,18012000.0,18012000.0,0.0,0.0,0.034,184938000.0,37414000.0,185784000,0.349,2.435,19.8,19.427,216910000,0.0,25.45,0.522,0.515,313544000,66197000.0,532226000.0,532226000.0,0.0,,,,,0.0,184938000.0,1.0,42585703,42018000.0,43343000.0,12.667,855659000,27293000,9073000.0,15311000,20.364,247398000
69,AYI,ARQ,2004-03-31,2004-04-06,2004-02-29,2021-08-25,-34756000,1290246000,,565272000,724974000,,10.374,-10414000.0,7499000,7499000,289591000.0,9519000.0,1.703,1.972,437485000,46655000,390830000,437485000,0,11563000.0,0,0.025,0.0,23801000.0,35364000.0,0.072,35364000.0,23801000.0,14874000.0,0.23,0.22,0.23,434093000,,434093000,1452031256.0,12.0,8.936,8885000.0,0.212,1.0,201448000.0,0.41,476264000,8927000.0,912014000,,201563000,0,0,0,856153000,331954000,524199000,1022045256.0,-5557000.0,105000.0,4114000.0,-12288000.0,-6370000.0,-14544000.0,-10309000.0,0.0,19299000.0,-3000.0,9519000.0,9519000.0,9519000.0,0.0,0.0,0.019,177068000.0,24380000.0,159247000,0.0,2.354,19.637,19.2,219828000,0.0,24.0,0.495,0.487,293877000,54556000.0,491039000.0,491039000.0,0.0,,,,,0.0,177068000.0,1.0,42585219,41846000.0,43291000.0,11.734,813982000,26988000,5355000.0,15437000,19.452,233318000
70,AYI,ARQ,2003-12-31,2004-01-14,2003-11-30,2021-08-25,-37706000,1305182000,,578525000,726657000,,10.145,-8643000.0,13056000,13056000,302831000.0,12917000.0,1.608,2.094,449754000,58398000,391356000,449754000,0,11373000.0,0,0.024,0.15,28900000.0,40273000.0,0.078,40273000.0,28900000.0,20183000.0,0.31,0.3,0.31,421820000,,421820000,1489326620.0,13.0,9.288,-4247000.0,-0.102,1.0,214707000.0,0.415,476528000,8717000.0,905534000,,202377000,0,0,0,883362000,359818000,523544000,1052628620.0,-2997000.0,2200000.0,964000.0,3930000.0,-6265000.0,-1371000.0,-6443000.0,0.0,4396000.0,421000.0,12917000.0,12917000.0,12917000.0,0.0,0.0,0.025,186109000.0,28598000.0,153562000,0.484,2.495,20.965,20.736,220302000,0.0,25.09,0.511,0.506,308926000,51407000.0,517538000.0,517538000.0,0.0,,,,,0.0,186109000.0,1.0,41954110,41581000.0,42594000.0,12.447,828654000,25413000,7266000.0,15317000,19.929,218707000
71,AYI,ARQ,2003-09-30,2003-10-31,2003-08-31,2021-08-25,-42765000,1288219000,,558552000,729667000,,9.834,-9283000.0,16053000,16053000,303050000.0,14289000.0,1.554,2.155,445808000,54339000,391469000,445808000,0,11134000.0,0,0.028,0.3,31108000.0,42242000.0,0.079,42242000.0,31108000.0,22248000.0,0.34,0.34,0.34,408294000,,408294000,1327874178.0,12.0,8.404,60901000.0,1.467,1.0,230604000.0,0.432,475519000,8860000.0,883004000,,188799000,0,0,0,879925000,359451000,520474000,898119178.0,5639000.0,-92000.0,1794000.0,-48597000.0,-6246000.0,-54356000.0,-9375000.0,0.0,70184000.0,-814000.0,14289000.0,14289000.0,14289000.0,0.0,0.0,0.027,198732000.0,31872000.0,165656000,0.882,2.2,18.796,18.696,222558000,0.0,21.5,0.438,0.435,302276000,44755000.0,533654000.0,533654000.0,0.0,,,,,0.0,196817000.0,1.0,41772985,41519000.0,42486000.0,12.853,812700000,23047000,7959000.0,15190000,19.574,199101000
72,AYI,ARQ,2003-06-30,2003-07-14,2003-05-31,2021-08-25,-13632000,1330752000,,583385000,747367000,,10.33,-5190000.0,10414000,10414000,302417000.0,15322000.0,1.474,2.106,494405000,102328000,392077000,494405000,0,11446000.0,0,0.033,0.0,33171000.0,44617000.0,0.086,44617000.0,33171000.0,23941000.0,0.37,0.37,0.37,428504000,,428504000,1236855709.0,11.0,7.758,30977000.0,0.747,1.0,218624000.0,0.42,477695000,9230000.0,941237000,,196249000,0,0,0,902248000,395811000,506437000,752864709.0,944000.0,0.0,0.0,-25211000.0,-6228000.0,-31060000.0,-5190000.0,0.0,36167000.0,1027000.0,15322000.0,15322000.0,15322000.0,0.0,0.0,0.029,185908000.0,32716000.0,156013000,0.0,1.757,15.411,15.356,226401000,0.0,18.12,0.371,0.37,319486000,36714000.0,521041000.0,521041000.0,0.0,,,,,0.0,185908000.0,1.0,41548825,41480000.0,41604000.0,12.561,853057000,26085000,8619000.0,24916000,20.566,187574000
73,AYI,ARQ,2003-03-31,2003-04-14,2003-02-28,2021-08-25,-23683000,1317175000,,571055000,746120000,,9.854,-4892000.0,9470000,9470000,294054000.0,7681000.0,1.41,2.225,519616000,127530000,392086000,519616000,0,11693000.0,0,0.041,0.15,21521000.0,33214000.0,0.068,33214000.0,21521000.0,12002000.0,0.19,0.19,0.19,408400000,,408400000,1116277308.0,10.0,6.895,34987000.0,0.844,1.0,195333000.0,0.399,476575000,9519000.0,945710000,,196966000,0,0,0,908775000,405036000,503739000,606131308.0,4796000.0,0.0,0.0,-24241000.0,-6221000.0,-29973000.0,-4892000.0,0.0,39879000.0,-218000.0,7681000.0,7681000.0,7681000.0,0.0,0.0,0.016,175927000.0,19406000.0,157451000,0.789,1.484,12.601,12.586,228575000,0.0,14.6,0.3,0.3,311289000,27618000.0,489387000.0,489387000.0,0.0,,,,,0.0,175927000.0,1.0,41515843,41443000.0,41470000.0,11.809,840600000,24140000,4321000.0,24867000,20.283,166019000
74,AYI,ARQ,2002-12-31,2003-01-14,2002-11-30,2021-08-25,-24694000,1337778000,,579138000,758640000,,9.795,-6882000.0,4674000,4674000,298266000.0,10490000.0,1.363,2.3,543859000,153405000,390454000,543859000,0,11766000.0,0,0.054,0.15,26164000.0,37930000.0,0.075,37930000.0,26164000.0,16390000.0,0.25,0.25,0.25,405439000,,405439000,1113236769.0,9.0,6.584,7233000.0,0.175,1.0,206960000.0,0.41,476373000,9774000.0,975604000,,216459000,0,0,0,932339000,424986000,507353000,574051769.0,1980000.0,0.0,0.0,736000.0,-6216000.0,-5041000.0,-6882000.0,0.0,14115000.0,-212000.0,10490000.0,10490000.0,10490000.0,0.0,0.0,0.021,180678000.0,26282000.0,149507000,0.6,1.416,11.26,11.252,235558000,0.0,13.84,0.288,0.287,307826000,26158000.0,505226000.0,505226000.0,0.0,,,,,0.0,179876000.0,1.0,41477729,41391000.0,41432000.0,12.206,861405000,24174000,5900000.0,24826000,20.811,154152000
75,AYI,ARQ,2002-09-30,2002-11-12,2002-08-31,2021-08-25,-23235000,1357954000,,590997000,766957000,,9.736,-3634000.0,2694000,2694000,302720000.0,15361000.0,1.372,2.378,543121000,132491000,410630000,543121000,0,10272000.0,0,0.049,0.15,33394000.0,43666000.0,0.085,43666000.0,33394000.0,23697000.0,0.37,,0.37,401952000,,401952000,1048028486.0,8.0,6.057,45180000.0,1.094,1.0,212564000.0,0.413,477248000,9697000.0,990326000,,216942000,0,0,0,956002000,430807000,525195000,507601486.0,4049000.0,0.0,-415000.0,-32454000.0,-6207000.0,-38245000.0,-6687000.0,0.0,48814000.0,167000.0,15361000.0,15361000.0,15361000.0,0.0,0.0,0.03,182569000.0,29995000.0,161713000,0.405,1.263,9.757,9.722,240679000,0.0,12.25,0.257,0.256,322735000,21884000.0,515284000.0,515284000.0,0.0,,,,,0.0,180880000.0,1.0,41436856,41286000.0,,12.481,880706000,24247000,8336000.0,23480000,21.332,160190000
76,AYI,ARQ,2002-06-30,2002-07-12,2002-05-31,2021-08-25,-17312000,1333352000,,564706000,768646000,,9.457,-6725000.0,976000,976000,300153000.0,14571000.0,1.418,2.413,575575000,146324000,429251000,575575000,0,13292000.0,0,0.02,0.0,33795000.0,47087000.0,0.093,47087000.0,33795000.0,23506000.0,0.35,0.35,0.35,390641000,,390641000,1180379025.0,11.0,7.139,42292000.0,1.024,1.0,207423000.0,0.409,471009000,10289000.0,1038809000,,213985000,0,0,0,942711000,398133000,544578000,605780025.0,-249000.0,0.0,415000.0,-33154000.0,-6202000.0,-38941000.0,-10493000.0,0.0,49017000.0,168000.0,14571000.0,14571000.0,14571000.0,0.0,0.0,0.029,173628000.0,33795000.0,136495000,0.0,1.551,14.068,,242966000,0.0,14.64,0.31,0.309,313160000,12730000.0,507576000.0,507576000.0,0.0,,,,,0.0,173304000.0,1.0,41378417,41308000.0,41919000.0,12.288,862343000,16656000,8935000.0,28281000,20.876,166573000
77,AYI,ARQ,2002-03-31,2002-04-12,2002-02-28,2021-08-25,-19447000,1340836000,,571622000,769214000,,9.199,-6000000.0,1225000,1225000,281390000.0,10558000.0,1.538,2.532,608729000,135039000,473690000,608729000,0,13174000.0,0,0.017,0.3,27216000.0,40390000.0,0.086,40390000.0,27216000.0,17033000.0,0.26,0.26,0.26,379659000,,379659000,1347610467.0,,,23395000.0,0.567,1.0,186855000.0,0.399,471092000,10183000.0,1105686000,,214902000,0,0,0,961177000,371562000,589615000,740106467.0,-14202000.0,1622000.0,0.0,-34923000.0,-6197000.0,-41030000.0,-2057000.0,0.0,29395000.0,-510000.0,10558000.0,10558000.0,10558000.0,0.0,0.0,0.023,159639000.0,27216000.0,124377000,1.154,1.949,,,248978000,0.0,17.9,,,311418000,4361000.0,468245000.0,468245000.0,0.0,,,,,0.0,158548000.0,1.0,41346730,41273000.0,41303000.0,11.345,869744000,16059000,6475000.0,28254000,21.073,200060000
78,AYI,ARQ,2001-12-31,2002-01-14,2001-11-30,2021-08-25,-17550000,1362156000,,587824000,774332000,,9.139,-8765000.0,15427000,15427000,285019000.0,11534000.0,1.189,2.616,643652000,272337000,371315000,643652000,0,12756000.0,0,0.0,0.0,29121000.0,41877000.0,0.087,41877000.0,29121000.0,18600000.0,0.28,,0.28,376733000,,376733000,1231785562.0,,,10850000.0,0.263,1.0,196672000.0,0.408,470456000,10521000.0,1025683000,,224884000,0,0,0,985423000,494242000,491181000,603560562.0,5090000.0,-26387000.0,0.0,34822000.0,0.0,16099000.0,-30652000.0,0.0,19615000.0,28000.0,11534000.0,11534000.0,11534000.0,0.0,0.0,0.024,167551000.0,29121000.0,104113000,0.0,1.602,,,254462000,0.0,14.61,,,300418000,,481691000.0,481691000.0,0.0,,,,,0.0,166339000.0,1.0,41311469,41221000.0,,11.686,891700000,17069000,7066000.0,28728000,21.632,93582000
79,AYI,ARQ,2001-09-30,2001-11-09,2001-08-31,2021-08-25,-16998000,1330575000,,559116000,771459000,,9.333,-8809000.0,10337000,10337000,295328000.0,6399000.0,1.265,2.471,608830000,235123000,373707000,608830000,0,14327000.0,0,,0.0,21650000.0,35977000.0,0.072,35977000.0,21650000.0,10664000.0,,,,383298000,,383298000,,,,74069000.0,1.804,1.0,204415000.0,0.409,468944000,10986000.0,1018057000,,210783000,0,0,0,947277000,442067000,505210000,,-3442000.0,-167000.0,0.0,-29189000.0,0.0,-75399000.0,-11790000.0,0.0,82878000.0,869000.0,6399000.0,6399000.0,6399000.0,0.0,0.0,0.013,182765000.0,21650000.0,108380000,,,,,248423000,0.0,,,,297762000,,499743000.0,499743000.0,0.0,,,,,0.0,172146000.0,1.0,41311469,41068000.0,,12.169,861631000,16326000,4265000.0,31759000,20.981,117049000
80,AYI,ARQ,2001-09-30,2001-10-29,2001-08-31,2021-08-25,-16998000,1330575000,,559116000,771459000,,9.333,-8809000.0,10337000,10337000,295328000.0,6399000.0,1.265,2.471,608830000,235123000,373707000,608830000,0,14327000.0,0,,0.0,21650000.0,35977000.0,0.072,35977000.0,21650000.0,10664000.0,,,,383298000,,383298000,,,,74069000.0,1.804,1.0,204415000.0,0.409,468944000,10986000.0,1018057000,,210783000,0,0,0,947277000,442067000,505210000,,-3442000.0,-167000.0,0.0,-29189000.0,0.0,-75399000.0,-11790000.0,0.0,82878000.0,869000.0,6399000.0,6399000.0,6399000.0,0.0,0.0,0.013,182765000.0,21650000.0,108380000,,,,,248423000,0.0,,,,297762000,,499743000.0,499743000.0,0.0,,,,,0.0,172146000.0,1.0,41311469,41068000.0,,12.169,861631000,16326000,4265000.0,31759000,20.981,117049000
81,AYI,ARQ,2001-06-30,2001-09-27,2001-05-31,2021-08-25,-13628000,1370605000,,590757000,779848000,,10.139,,13779000,13779000,,,1.31,2.272,637557000,254344000,383213000,637557000,0,,0,,0.0,,,,,,,,,,418868000,,418868000,,,,,,1.0,,,478257000,,1065136000,,232274000,0,0,0,951737000,450990000,500747000,,,,,,,,,,,,,,,,,,,,102953000,,,,,246265000,,,,,312140000,,,,,,,,,,,1.0,41311469,41311469.0,,,892348000,6222000,,25108000,21.6,139767000
82,AYI,ARQ,2001-06-30,2001-09-06,2001-05-31,2021-08-25,-13628000,1370605000,,590757000,779848000,,10.139,,13779000,13779000,,,1.31,2.272,637557000,254344000,383213000,637557000,0,,0,,0.0,,,,,,,,,,418868000,,418868000,,,,,,1.0,,,478257000,,1065136000,,232274000,0,0,0,951737000,450990000,500747000,,,,,,,,,,,,,,,,,,,,102953000,,,,,246265000,,,,,312140000,,,,,,,,,,,1.0,41311469,41311469.0,,,892348000,6222000,,25108000,21.6,139767000
83,AYI,ARQ,2001-06-30,2001-07-03,2001-05-31,2021-08-25,-13628000,1370605000,,590757000,779848000,,10.139,,13779000,13779000,,,1.31,2.272,637557000,254344000,383213000,637557000,0,,0,,0.0,,,,,,,,,,418868000,,418868000,,,,,,1.0,,,478257000,,1065136000,,232274000,0,0,0,951737000,450990000,500747000,,,,,,,,,,,,,,,,,,,,102953000,,,,,246265000,,,,,312140000,,,,,,,,,,,1.0,41311469,41311469.0,,,892348000,6222000,,25108000,21.6,139767000
0,AYI,ART,2021-06-30,2021-07-01,2021-05-31,2021-08-25,-97400000,3560300000,3450200000.0,1538500000,2021800000,0.974,57.118,-42500000.0,593500000,593500000,1928700000.0,281900000.0,2.291,0.746,563000000,20400000,542600000,563000000,0,100800000.0,0,0.003,0.52,389800000.0,490600000.0,0.146,490600000.0,389800000.0,368200000.0,7.6,7.55,7.6,2039100000,2009025000.0,2039100000,6263414994.0,16.0,12.767,400200000.0,11.21,1.0,1430800000.0,0.426,1676300000,21600000.0,1182100000,1165925000.0,370000000,0,0,0,1521200000,671400000,849800000,6293914994.0,72900000.0,-2000000.0,-408000000.0,94300000.0,-19500000.0,-337400000.0,-48200000.0,0.0,442700000.0,15800000.0,281900000.0,281900000.0,281900000.0,0.0,0.0,0.084,1030100000.0,400700000.0,380400000,0.068,3.087,22.327,23.192,319900000,0.0,176.26,1.873,1.873,509000000,2717000000.0,3359500000.0,3359500000.0,0.0,0.082,0.14,0.334,0.116,28000000.0,1020400000.0,1.0,35708130,35700000.0,36200000.0,94.104,1884000000,2500000,86300000.0,103300000,52.773,867100000
1,AYI,ART,2021-03-31,2021-03-31,2021-02-28,2021-08-25,-118100000,3360200000,3420700000.0,1344100000,2016100000,0.946,53.681,-50800000.0,498700000,498700000,1864200000.0,256600000.0,2.332,0.739,567500000,21300000,546200000,567500000,0,101300000.0,0,0.003,0.52,358300000.0,459600000.0,0.142,459600000.0,358300000.0,337500000.0,6.73,6.7,6.73,1932500000,2023175000.0,1932500000,5960194300.0,17.0,12.968,451900000.0,12.553,1.0,1371800000.0,0.424,1671400000,20800000.0,1181300000,1148575000.0,321300000,0,0,0,1427700000,576300000,851400000,5891394300.0,118100000.0,-100000.0,-406300000.0,91600000.0,-20100000.0,-338800000.0,-54200000.0,0.0,502700000.0,8400000.0,256600000.0,256600000.0,256600000.0,0.0,0.0,0.079,1006200000.0,365600000.0,321500000,0.077,3.049,22.959,24.517,325300000,0.0,165.0,1.821,1.836,448000000,2635900000.0,3236000000.0,3236000000.0,0.0,0.075,0.127,0.312,0.111,28700000.0,993700000.0,1.0,35705420,36000000.0,36200000.0,89.889,1688800000,2500000,80900000.0,95500000,46.911,767800000
2,AYI,ART,2020-12-31,2021-01-07,2020-11-30,2021-08-25,-126500000,3388600000,3429825000.0,1347700000,2040900000,0.957,51.516,-54100000.0,507000000,507000000,1904600000.0,250900000.0,2.31,0.749,576100000,22400000,553700000,576100000,0,101900000.0,0,0.004,0.52,349900000.0,451800000.0,0.138,451800000.0,349900000.0,330000000.0,6.43,6.4,6.43,1937000000,2051325000.0,1937000000,4437703948.0,13.0,9.822,445000000.0,11.835,1.0,1379000000.0,0.42,1676600000,19900000.0,1197700000,1152350000.0,316100000,0,0,0,1451600000,583400000,868200000,4368603948.0,240400000.0,-1000000.0,-323500000.0,143500000.0,-20600000.0,-204900000.0,-58800000.0,0.0,499100000.0,5000000.0,250900000.0,250900000.0,250900000.0,0.0,0.0,0.076,1023000000.0,356000000.0,317300000,0.081,2.255,17.412,18.858,334600000,0.0,121.26,1.33,1.389,445300000,2577700000.0,3283600000.0,3283600000.0,0.0,0.073,0.122,0.304,0.107,29200000.0,1009200000.0,1.0,36026752,37600000.0,37800000.0,87.33,1712000000,2700000,79100000.0,95300000,45.532,764300000
3,AYI,ART,2020-09-30,2020-10-23,2020-08-31,2021-08-25,-132700000,3491700000,3408975000.0,1439700000,2052000000,0.976,53.861,-54700000.0,560700000,560700000,1923900000.0,248300000.0,2.331,0.641,475100000,41500000,433600000,475100000,0,101100000.0,0,0.005,0.52,348000000.0,449100000.0,0.135,449100000.0,348000000.0,324700000.0,6.29,6.27,6.29,2127500000,2063900000.0,2127500000,3457871473.0,10.0,7.7,450100000.0,11.395,1.0,1402400000.0,0.422,1685900000,23300000.0,1102600000,1140775000.0,320100000,0,0,0,1364200000,617600000,746600000,3543471473.0,99700000.0,-303000000.0,-68400000.0,44300000.0,-20800000.0,-50300000.0,-359800000.0,0.0,504800000.0,5000000.0,248300000.0,248300000.0,248300000.0,0.0,0.0,0.075,1048500000.0,353900000.0,326500000,0.083,1.666,14.271,15.054,333900000,0.0,94.69,1.065,1.124,500300000,2523300000.0,3326300000.0,3326300000.0,0.0,0.073,0.12,0.305,0.105,38200000.0,1028500000.0,1.0,37421813,39500000.0,39600000.0,84.21,1805800000,2700000,76400000.0,94900000,45.716,822100000
4,AYI,ART,2020-06-30,2020-06-29,2020-05-31,2021-08-25,-161600000,3442300000,3329150000.0,1380300000,2062000000,1.013,53.056,-51300000.0,520600000,520600000,1951200000.0,270700000.0,2.397,0.643,466200000,34000000,432200000,466200000,0,97900000.0,0,0.006,0.52,374700000.0,472600000.0,0.14,472600000.0,374700000.0,347600000.0,6.85,6.82,6.85,2095700000,2011750000.0,2095700000,3486407691.0,9.0,7.377,509700000.0,12.904,1.0,1422000000.0,0.422,1699300000,27100000.0,1112700000,1124775000.0,355300000,0,0,0,1346600000,575900000,770700000,3540807691.0,186900000.0,-305900000.0,-32100000.0,46700000.0,-20800000.0,-12400000.0,-359100000.0,0.0,561000000.0,-2600000.0,270700000.0,270700000.0,270700000.0,0.0,0.0,0.08,1043700000.0,378300000.0,331300000,0.076,1.69,13.08,13.041,331800000,0.0,89.33,1.05,1.046,451300000,2454800000.0,3373200000.0,3373200000.0,0.0,0.081,0.135,0.333,0.111,38800000.0,1031400000.0,1.0,39637386,39500000.0,39700000.0,85.397,1743000000,1900000,76900000.0,119200000,44.127,804400000
5,AYI,ART,2020-03-31,2020-04-02,2020-02-29,2021-08-25,-149600000,3396700000,3248850000.0,1307800000,2088900000,1.091,51.775,-52800000.0,380600000,380600000,2066600000.0,298700000.0,2.286,0.661,470900000,32000000,438900000,470900000,0,94800000.0,0,0.007,0.52,410900000.0,505700000.0,0.143,505700000.0,410900000.0,380900000.0,7.55,7.52,7.55,2045100000,1959050000.0,2045100000,3132385333.0,8.0,6.194,468300000.0,11.856,1.0,1478000000.0,0.417,1718400000,30000000.0,1196400000,1115550000.0,348600000,0,0,0,1351600000,572200000,779400000,3042085333.0,148600000.0,-305800000.0,-32100000.0,49300000.0,-20700000.0,-9900000.0,-360500000.0,0.0,521100000.0,-2100000.0,298700000.0,298700000.0,298700000.0,0.0,0.0,0.084,1062400000.0,415600000.0,333500000,0.069,1.487,10.184,10.164,338700000,0.0,76.74,0.858,0.855,506700000,2399600000.0,3544600000.0,3544600000.0,0.0,0.092,0.152,0.368,0.116,38600000.0,1053500000.0,1.0,39641456,39500000.0,39700000.0,89.737,1678300000,2100000,82200000.0,117800000,42.489,735600000
6,AYI,ART,2019-12-31,2020-01-09,2019-11-30,2021-08-25,-147600000,3305200000,3147625000.0,1206400000,2098800000,1.136,50.311,-50600000.0,266600000,266600000,2106800000.0,307800000.0,2.107,0.663,422400000,25900000,396500000,422400000,0,91200000.0,0,0.004,0.52,425300000.0,516500000.0,0.144,516500000.0,425300000.0,392400000.0,7.78,7.75,7.78,1987300000,1898225000.0,1987300000,5045664115.0,12.0,9.769,441900000.0,11.187,1.0,1468000000.0,0.411,1737000000,32900000.0,1151400000,1086750000.0,352600000,0,0,0,1317900000,572600000,745300000,4889864115.0,51800000.0,-304900000.0,-55900000.0,-700000.0,-20800000.0,-83600000.0,-356800000.0,0.0,492500000.0,-300000.0,307800000.0,307800000.0,307800000.0,0.0,0.0,0.086,1037900000.0,430100000.0,321700000,0.067,2.461,15.886,15.864,338500000,0.0,123.42,1.368,1.364,507700000,2347600000.0,3574800000.0,3574800000.0,0.0,0.098,0.162,0.391,0.119,38100000.0,1030200000.0,1.0,39619706,39500000.0,39600000.0,90.501,1568200000,2300000,84600000.0,122700000,39.701,633800000
7,AYI,ART,2019-09-30,2019-10-29,2019-08-31,2021-08-25,-151400000,3172400000,3075150000.0,1441800000,1730600000,1.194,48.335,-53000000.0,461000000,461000000,2193000000.0,330400000.0,2.419,0.653,356600000,9100000,347500000,356600000,0,88300000.0,0,0.004,0.52,458200000.0,546500000.0,0.149,546500000.0,458200000.0,424900000.0,8.32,8.29,8.32,1918900000,1839125000.0,1918900000,4969125346.0,11.0,9.093,441700000.0,11.126,1.0,1479700000.0,0.403,1433300000,33300000.0,1038600000,1061100000.0,340800000,0,0,0,1253500000,596100000,657400000,5073525346.0,331900000.0,-2900000.0,-81000000.0,-400000.0,-20800000.0,-108200000.0,-53000000.0,0.0,494700000.0,-1600000.0,330400000.0,330400000.0,330400000.0,0.0,0.0,0.09,1016800000.0,462900000.0,338800000,0.062,2.644,15.356,15.382,277300000,0.0,127.98,1.381,1.383,561000000,2295800000.0,3672700000.0,3672700000.0,0.0,0.107,0.18,0.432,0.125,29200000.0,1015000000.0,1.0,39643111,39700000.0,39800000.0,92.511,1739100000,2300000,94500000.0,92700000,43.806,845700000
8,AYI,ART,2019-06-30,2019-07-02,2019-05-31,2021-08-25,-122100000,3121100000,3029250000.0,1379300000,1741800000,1.253,47.479,-51200000.0,333700000,333700000,2298500000.0,342500000.0,2.186,0.656,356600000,9100000,347500000,356600000,0,87500000.0,0,0.004,0.52,476100000.0,563600000.0,0.148,563600000.0,476100000.0,441500000.0,8.58,8.54,8.58,1884900000,1788600000.0,1884900000,5207784926.0,11.0,9.24,313300000.0,7.892,1.0,1497300000.0,0.394,1437200000,34600000.0,1075800000,1067575000.0,390600000,0,0,0,1236200000,631000000,605200000,5184884926.0,239400000.0,1400000.0,-48100000.0,-1600000.0,-20800000.0,-76400000.0,-46900000.0,0.0,364500000.0,-1800000.0,342500000.0,342500000.0,342500000.0,0.0,0.0,0.09,1022600000.0,474700000.0,378800000,0.061,2.751,15.138,15.146,280500000,0.0,129.95,1.366,1.359,586000000,2204900000.0,3795800000.0,3795800000.0,0.0,0.113,0.191,0.446,0.125,30800000.0,1026400000.0,1.0,39899076,39700000.0,39800000.0,95.612,1683900000,2800000,99000000.0,89600000,42.416,748300000
9,AYI,ART,2019-03-31,2019-04-03,2019-02-28,2021-08-25,-114700000,2991800000,2969575000.0,1232600000,1759200000,1.277,45.615,-47600000.0,232000000,232000000,2289100000.0,327100000.0,2.109,0.66,356700000,7000000,349700000,356700000,0,85300000.0,0,0.004,0.52,463600000.0,548900000.0,0.145,548900000.0,463600000.0,428900000.0,8.16,8.12,8.16,1801800000,1717475000.0,1801800000,5503805237.0,12.0,10.027,315600000.0,7.99,1.0,1503100000.0,0.396,1450900000,34700000.0,1081200000,1048350000.0,413000000,0,0,0,1190000000,584400000,605600000,5379105237.0,2200000.0,-135700000.0,-152200000.0,-400000.0,-21000000.0,-179400000.0,-180400000.0,0.0,363200000.0,-1200000.0,327100000.0,327100000.0,327100000.0,0.0,0.0,0.086,1042800000.0,460300000.0,351100000,0.064,2.985,16.445,16.518,284200000,0.0,134.79,1.418,1.404,520100000,2121600000.0,3792200000.0,3792200000.0,0.0,0.11,0.19,0.442,0.122,30800000.0,1036600000.0,1.0,39907302,39500000.0,39600000.0,96.005,1540900000,2900000,101800000.0,89800000,39.01,648200000
10,AYI,ART,2018-12-31,2019-01-09,2018-11-30,2021-08-25,-121000000,3015300000,2909250000.0,1251800000,1763500000,1.296,43.773,-47300000.0,214800000,214800000,2265800000.0,357700000.0,1.92,0.722,356700000,400000,356300000,356700000,0,82600000.0,0,0.004,0.52,455500000.0,538100000.0,0.143,538100000.0,455500000.0,421400000.0,8.82,8.78,8.82,1750900000,1675975000.0,1750900000,4814894213.0,11.0,8.948,297900000.0,7.447,1.0,1504100000.0,0.399,1456400000,34100000.0,1048800000,1030200000.0,420200000,0,0,0,1264400000,652000000,612400000,4672994213.0,-213800000.0,-162100000.0,-322400000.0,-400000.0,-21100000.0,-350000000.0,-206700000.0,0.0,345200000.0,-2300000.0,357700000.0,357700000.0,357700000.0,0.0,0.0,0.095,1051700000.0,452400000.0,389700000,0.059,2.669,13.064,13.281,283000000,0.0,117.14,1.24,1.243,556700000,2060600000.0,3769900000.0,3769900000.0,0.0,0.123,0.213,0.442,0.121,31600000.0,1045300000.0,1.0,39892387,40000000.0,40100000.0,94.248,1558900000,2900000,63700000.0,88700000,38.972,599800000
11,AYI,ART,2018-09-30,2018-10-25,2018-08-31,2021-08-25,-114800000,2988800000,2895775000.0,1211100000,1777700000,1.271,41.976,-43600000.0,129100000,129100000,2193300000.0,349600000.0,1.774,0.741,356800000,400000,356400000,356800000,0,80300000.0,0,0.004,0.52,459400000.0,539700000.0,0.147,539700000.0,459400000.0,425900000.0,8.54,8.52,8.54,1716800000,1669775000.0,1716800000,5021110029.0,11.0,9.304,309600000.0,7.57,1.0,1486800000.0,0.404,1469300000,33500000.0,1064500000,1007600000.0,411800000,0,0,0,1272000000,682700000,589300000,4793410029.0,-182000000.0,-162100000.0,-296700000.0,-400000.0,-21400000.0,-326700000.0,-205700000.0,0.0,353200000.0,-2800000.0,349600000.0,349600000.0,349600000.0,0.0,0.0,0.095,1032200000.0,454600000.0,451100000,0.061,2.792,13.711,13.968,286700000,0.0,119.29,1.303,1.326,637900000,1999200000.0,3680100000.0,3680100000.0,0.0,0.121,0.209,0.456,0.125,32300000.0,1026600000.0,1.0,40182832,40900000.0,41000000.0,89.978,1519500000,2900000,76300000.0,92500000,37.152,528400000
12,AYI,ART,2018-06-30,2018-07-03,2018-05-31,2021-08-25,-121100000,2882400000,2873475000.0,1105800000,1776600000,1.245,39.614,-44300000.0,94300000,94300000,2095100000.0,331900000.0,1.645,0.801,358000000,1600000,356400000,358000000,0,76600000.0,0,0.004,0.52,463800000.0,540400000.0,0.151,540400000.0,463800000.0,431100000.0,8.01,7.97,8.01,1600400000,1656975000.0,1600400000,5569604087.0,12.0,10.306,393300000.0,9.735,1.0,1481400000.0,0.414,1475100000,32700000.0,998900000,990175000.0,406500000,0,0,0,1282000000,672100000,609900000,5305904087.0,-95400000.0,-163500000.0,-296500000.0,800000.0,-21700000.0,-324900000.0,-207800000.0,0.0,437600000.0,-300000.0,331900000.0,331900000.0,331900000.0,0.0,0.0,0.093,1016200000.0,465200000.0,464500000,0.065,3.315,15.986,16.486,288000000,0.0,132.05,1.484,1.492,572600000,1896200000.0,3576500000.0,3576500000.0,0.0,0.116,0.2,0.468,0.13,32600000.0,995900000.0,1.0,40181023,40400000.0,40500000.0,88.527,1407300000,3100000,99200000.0,87900000,34.834,433700000
13,AYI,ART,2018-03-31,2018-04-04,2018-02-28,2021-08-25,-115400000,2750500000,2835500000.0,1093400000,1657100000,1.243,39.512,-52300000.0,229800000,229800000,2053200000.0,341100000.0,2.146,0.681,356900000,400000,356500000,356900000,0,76400000.0,0,0.004,0.52,488900000.0,565300000.0,0.16,565300000.0,488900000.0,456500000.0,8.11,8.07,8.11,1635800000,1640675000.0,1635800000,5435705031.0,11.0,9.616,370600000.0,8.952,1.0,1470900000.0,0.417,1359400000,32400000.0,1008600000,994800000.0,322100000,0,0,0,1114700000,509600000,605100000,5308605031.0,-233400000.0,-26400000.0,-549700000.0,-100000.0,-22100000.0,-579600000.0,-78700000.0,0.0,422900000.0,2000000.0,341100000.0,341100000.0,341100000.0,0.0,0.0,0.097,980100000.0,490800000.0,341900000,0.064,3.245,15.563,15.965,282800000,0.0,129.48,1.506,1.521,500200000,1828500000.0,3524100000.0,3524100000.0,0.0,0.12,0.208,0.491,0.139,33800000.0,969200000.0,1.0,40999421,41400000.0,41500000.0,85.123,1391100000,3200000,115400000.0,76100000,33.601,583800000
14,AYI,ART,2017-12-31,2018-01-09,2017-11-30,2021-08-25,-108600000,2961400000,2897650000.0,1323800000,1637600000,1.207,41.196,-58000000.0,428600000,428600000,2024900000.0,311500000.0,2.225,0.716,356900000,400000,356500000,356900000,0,76400000.0,0,0.003,0.52,509600000.0,586000000.0,0.168,586000000.0,509600000.0,477200000.0,7.31,7.27,7.31,1726100000,1682925000.0,1726100000,6587201590.0,13.0,11.241,359300000.0,8.575,1.0,1471800000.0,0.421,1336400000,32400000.0,958400000,994025000.0,339600000,0,0,0,1235300000,594900000,640400000,6658901590.0,-22600000.0,0.0,-355800000.0,0.0,-22400000.0,-384800000.0,-58000000.0,200000.0,417300000.0,2900000.0,311500000.0,311500000.0,311500000.0,0.0,0.0,0.089,961000000.0,510800000.0,364600000,0.071,3.858,21.377,21.607,286100000,0.0,157.95,1.904,1.893,514300000,1725900000.0,3496700000.0,3496700000.0,0.0,0.108,0.185,0.513,0.146,33200000.0,950700000.0,1.0,42158288,41900000.0,42100000.0,83.453,1625000000,3300000,165700000.0,108300000,38.783,728900000
15,AYI,ART,2017-09-30,2017-10-26,2017-08-31,2021-08-25,-99700000,2899600000,2898150000.0,1245600000,1654000000,1.209,38.645,-61800000.0,311100000,311100000,2023900000.0,321700000.0,2.073,0.741,356900000,400000,356500000,356900000,0,74600000.0,0,0.003,0.52,525100000.0,599700000.0,0.171,599700000.0,525100000.0,492600000.0,7.46,7.43,7.46,1665600000,1683925000.0,1665600000,6745488467.0,13.0,11.248,254400000.0,5.903,1.0,1481200000.0,0.423,1349700000,32500000.0,994800000,990375000.0,328600000,0,0,0,1234000000,600900000,633100000,6699688467.0,-102100000.0,0.0,-354900000.0,1000000.0,-22700000.0,-371400000.0,-48800000.0,13200000.0,316200000.0,1900000.0,321700000.0,321700000.0,321700000.0,0.0,0.0,0.092,962400000.0,518800000.0,395100000,0.07,4.022,20.826,21.342,287700000,0.0,159.21,1.911,1.958,573300000,1659900000.0,3505100000.0,3505100000.0,0.0,0.111,0.191,0.53,0.15,26800000.0,951100000.0,1.0,42080827,43100000.0,43300000.0,81.325,1549900000,3400000,170900000.0,108200000,35.961,644700000
16,AYI,ART,2017-06-30,2017-06-29,2017-05-31,2021-08-25,-139500000,2730500000,2910250000.0,1094100000,1636400000,1.193,35.619,-71700000.0,189700000,189700000,1996600000.0,314100000.0,2.01,0.779,356700000,400000,356300000,356700000,0,70100000.0,0,0.003,0.52,509800000.0,579900000.0,0.167,579900000.0,509800000.0,477500000.0,7.21,7.17,7.21,1535200000,1682475000.0,1535200000,8523361519.0,17.0,14.698,209400000.0,4.858,1.0,1476300000.0,0.425,1335800000,32300000.0,1017400000,963750000.0,342200000,0,0,0,1195300000,544300000,651000000,8356361519.0,-147300000.0,-9500000.0,-351000000.0,1900000.0,-23000000.0,-360700000.0,-68200000.0,13200000.0,281100000.0,500000.0,314100000.0,314100000.0,314100000.0,0.0,0.0,0.09,975100000.0,501200000.0,359800000,0.072,5.443,26.604,27.534,284400000,0.0,198.52,2.406,2.464,521100000,1574900000.0,3472900000.0,3472900000.0,0.0,0.108,0.187,0.529,0.147,20500000.0,968600000.0,1.0,42093298,43100000.0,43300000.0,80.578,1394700000,4600000,163400000.0,106800000,32.36,549800000
17,AYI,ART,2017-03-31,2017-04-04,2017-02-28,2021-08-25,-143900000,2999100000,2923425000.0,1363900000,1635200000,1.174,41.205,-70300000.0,463200000,463200000,1957500000.0,305900000.0,2.494,0.662,356100000,300000,355800000,356100000,0,68400000.0,0,0.003,0.52,497800000.0,566200000.0,0.165,566200000.0,497800000.0,465500000.0,7.0,6.96,7.0,1804800000,1695650000.0,1804800000,7561906090.0,15.0,13.356,227500000.0,5.194,1.0,1475300000.0,0.43,1339700000,32300000.0,1005500000,928775000.0,353700000,0,0,0,1194300000,546800000,647500000,7669006090.0,238900000.0,-9500000.0,9900000.0,2300000.0,-23000000.0,6700000.0,-66800000.0,13200000.0,297800000.0,1200000.0,305900000.0,305900000.0,305900000.0,0.0,0.0,0.089,984600000.0,490700000.0,365500000,0.074,4.249,25.07,24.847,277800000,0.0,173.93,2.234,2.219,500900000,1498400000.0,3432800000.0,3432800000.0,0.0,0.105,0.18,0.536,0.145,13200000.0,968900000.0,1.0,44092486,43800000.0,44000000.0,78.374,1659400000,4700000,159600000.0,102500000,37.886,817100000
18,AYI,ART,2016-12-31,2017-01-09,2016-11-30,2021-08-25,-149300000,2963400000,2828600000.0,1356200000,1607200000,1.204,39.5,-74600000.0,451200000,451200000,1929500000.0,304100000.0,2.224,0.713,356000000,300000,355700000,356000000,0,65500000.0,0,0.003,0.52,498200000.0,563700000.0,0.166,563700000.0,498200000.0,465700000.0,6.96,6.92,6.96,1730100000,1617800000.0,1730100000,8833996476.0,18.0,15.671,258700000.0,5.906,1.0,1476400000.0,0.433,1314600000,32500000.0,943800000,902225000.0,334400000,0,0,0,1233300000,609800000,623500000,8929196476.0,-109000000.0,-384000000.0,9900000.0,3400000.0,-23000000.0,7800000.0,-445600000.0,13000000.0,333300000.0,-4500000.0,304100000.0,304100000.0,304100000.0,0.0,0.0,0.089,987000000.0,489400000.0,390900000,0.075,5.161,29.363,29.096,273500000,0.0,202.51,2.622,2.604,522500000,1436800000.0,3405900000.0,3405900000.0,0.0,0.108,0.188,0.552,0.146,11700000.0,971200000.0,1.0,44092620,43800000.0,44000000.0,77.76,1648800000,4800000,161600000.0,74600000,37.644,746400000
19,AYI,ART,2016-09-30,2016-10-27,2016-08-31,2021-08-25,-139400000,2948000000,2714325000.0,1322900000,1625100000,1.213,38.156,-81500000.0,413200000,413200000,1855100000.0,290800000.0,1.967,0.776,355200000,200000,355000000,355200000,0,62600000.0,0,0.002,0.52,476800000.0,539400000.0,0.164,539400000.0,476800000.0,444600000.0,6.67,6.63,6.67,1659800000,1544000000.0,1659800000,9897623192.0,21.0,18.349,264200000.0,6.074,1.0,1436200000.0,0.436,1329200000,32200000.0,888300000,854975000.0,295200000,0,0,0,1288200000,672500000,615700000,9955623192.0,-343600000.0,-623200000.0,14200000.0,2500000.0,-22900000.0,19400000.0,-704700000.0,0.0,345700000.0,-4000000.0,290800000.0,290800000.0,290800000.0,0.0,0.0,0.088,961000000.0,475200000.0,401000000,0.078,5.998,34.235,33.859,267800000,0.0,225.84,3.025,2.985,572800000,1360900000.0,3291300000.0,3291300000.0,0.0,0.107,0.188,0.558,0.145,2100000.0,946000000.0,1.0,44082639,43500000.0,43800000.0,75.662,1618800000,5100000,153800000.0,74600000,37.214,650400000
20,AYI,ART,2016-06-30,2016-06-29,2016-05-31,2021-08-25,-109800000,2783200000,2584725000.0,1154800000,1628400000,1.209,36.503,-73400000.0,337000000,337000000,1769900000.0,268000000.0,1.975,0.753,354400000,200000,354200000,354400000,0,60600000.0,0,0.002,0.52,441700000.0,502300000.0,0.161,502300000.0,441700000.0,409800000.0,6.17,6.12,6.17,1587900000,1469050000.0,1587900000,10840392306.0,25.0,21.582,301200000.0,6.924,1.0,1355500000.0,0.434,1338500000,31900000.0,877500000,811875000.0,288900000,0,0,0,1195300000,584600000,610700000,10822992306.0,-315100000.0,-613700000.0,14100000.0,1700000.0,-22800000.0,17700000.0,-700000000.0,-10300000.0,374600000.0,-7400000.0,268000000.0,268000000.0,268000000.0,0.0,0.0,0.086,903600000.0,451900000.0,353900000,0.084,6.816,40.384,39.969,262900000,0.0,246.61,3.463,3.432,494000000,1283800000.0,3125400000.0,3125400000.0,0.0,0.104,0.182,0.544,0.141,600000.0,890800000.0,1.0,43887078,43500000.0,43800000.0,71.848,1444700000,3200000,141800000.0,116000000,33.211,570200000
21,AYI,ART,2016-03-31,2016-04-06,2016-02-29,2021-08-25,-121100000,2619800000,2470875000.0,997700000,1622100000,1.197,34.331,-69800000.0,224300000,224300000,1684400000.0,258500000.0,1.943,0.754,353700000,200000,353500000,353700000,0,54000000.0,0,0.002,0.52,429700000.0,483700000.0,0.164,483700000.0,429700000.0,398000000.0,5.96,5.91,5.96,1493400000,1400500000.0,1493400000,11298358747.0,26.0,23.358,263100000.0,6.048,1.0,1273200000.0,0.43,1336500000,31700000.0,899300000,780475000.0,277500000,0,0,0,1126400000,513400000,613000000,11168958747.0,-376800000.0,-628300000.0,10400000.0,1100000.0,-22800000.0,1200000.0,-700700000.0,0.0,332900000.0,-10200000.0,258500000.0,258500000.0,258500000.0,0.0,0.0,0.087,843100000.0,430100000.0,317800000,0.087,7.479,43.207,42.76,256600000,0.0,254.85,3.776,3.748,458800000,1215500000.0,2957600000.0,2957600000.0,0.0,0.105,0.185,0.551,0.145,3100000.0,839600000.0,1.0,43825618,43500000.0,43800000.0,67.991,1283300000,3400000,139500000.0,114200000,29.501,484300000
22,AYI,ART,2015-12-31,2016-01-08,2015-11-30,2021-08-25,-113200000,2506300000,2370450000.0,1255200000,1251100000,1.179,33.139,-57700000.0,560200000,560200000,1603900000.0,239400000.0,2.448,0.747,352400000,0,352400000,352400000,0,48800000.0,0,0.002,0.52,400600000.0,449400000.0,0.161,449400000.0,400600000.0,369100000.0,5.53,5.49,5.53,1434900000,1340050000.0,1434900000,9228746454.0,23.0,20.536,235600000.0,5.441,1.0,1192000000.0,0.426,1031000000,31500000.0,754800000,742750000.0,242300000,0,0,0,1071400000,512700000,558700000,9436546454.0,-22800000.0,-253800000.0,12700000.0,0.0,-22800000.0,5000000.0,-314100000.0,0.0,293300000.0,-7000000.0,239400000.0,239400000.0,239400000.0,0.0,0.0,0.086,790000000.0,402000000.0,329100000,0.094,6.576,39.417,38.966,191300000,0.0,215.48,3.375,3.337,415700000,1155700000.0,2795900000.0,2795900000.0,0.0,0.101,0.179,0.539,0.143,-1800000.0,787200000.0,1.0,43793143,43300000.0,43600000.0,64.57,1475300000,3400000,129700000.0,57300000,34.072,742500000
23,AYI,ART,2015-09-30,2015-10-27,2015-08-31,2021-08-25,-110400000,2429600000,2295400000.0,1436500000,993100000,1.179,31.555,-55200000.0,756800000,756800000,1561100000.0,222100000.0,2.758,0.786,352400000,0,352400000,352400000,0,45800000.0,0,0.002,0.52,375100000.0,420900000.0,0.156,420900000.0,375100000.0,343600000.0,5.13,5.09,5.13,1360000000,1284000000.0,1360000000,8718037003.0,23.0,20.713,233700000.0,5.422,1.0,1145600000.0,0.423,788400000,31500000.0,715900000,735950000.0,224800000,0,0,0,1069600000,520900000,548700000,9122437003.0,204300000.0,-14600000.0,11600000.0,0.0,-22700000.0,-3900000.0,-72400000.0,0.0,288900000.0,-8300000.0,222100000.0,222100000.0,222100000.0,0.0,0.0,0.082,769300000.0,376300000.0,311100000,0.101,6.708,41.074,40.752,174600000,0.0,209.06,3.37,3.329,411700000,1093000000.0,2706700000.0,2706700000.0,0.0,0.097,0.173,0.51,0.139,600000.0,756900000.0,1.0,43635497,43100000.0,43400000.0,62.8,1641200000,26100000,121500000.0,54300000,38.079,915600000
24,AYI,ART,2015-06-30,2015-07-01,2015-05-31,2021-08-25,-88800000,2327800000,2230025000.0,1343600000,984200000,1.173,30.41,-51700000.0,652100000,652100000,1508100000.0,216800000.0,2.764,0.772,353700000,0,353700000,353700000,0,45400000.0,0,0.003,0.52,365000000.0,410400000.0,0.157,410400000.0,365000000.0,333200000.0,5.0,4.98,5.0,1313700000,1234875000.0,1313700000,7883186896.0,22.0,19.209,210800000.0,4.88,1.0,1107800000.0,0.423,791400000,31800000.0,751900000,731400000.0,256400000,0,0,0,1014100000,486100000,528000000,8181586896.0,184800000.0,-14600000.0,7600000.0,0.0,-22600000.0,-15500000.0,-56000000.0,10300000.0,262500000.0,-6200000.0,216800000.0,216800000.0,216800000.0,0.0,0.0,0.083,752600000.0,355200000.0,301900000,0.104,6.228,37.738,37.58,164900000,0.0,187.9,3.128,3.103,392800000,1038600000.0,2615900000.0,2615900000.0,0.0,0.097,0.176,0.499,0.14,4800000.0,742800000.0,1.0,43542240,43200000.0,43500000.0,60.553,1536400000,23900000,116400000.0,58500000,35.565,857500000
25,AYI,ART,2015-03-31,2015-04-01,2015-02-28,2021-08-25,-88100000,2218100000,2160525000.0,1250200000,967900000,1.174,29.039,-45700000.0,601100000,601100000,1480500000.0,196100000.0,2.88,0.772,353700000,0,353700000,353700000,0,44500000.0,0,0.003,0.52,329000000.0,373500000.0,0.147,373500000.0,329000000.0,297000000.0,4.52,4.51,4.52,1251600000,1187650000.0,1251600000,7052983186.0,21.0,18.883,205500000.0,4.768,1.0,1055600000.0,0.416,788200000,32000000.0,748400000,723925000.0,237400000,0,0,0,966500000,434100000,532400000,7300383186.0,192900000.0,0.0,7900000.0,0.0,-22600000.0,-7800000.0,-45700000.0,0.0,251200000.0,-4800000.0,196100000.0,196100000.0,196100000.0,0.0,0.0,0.077,727000000.0,328600000.0,280900000,0.115,5.833,37.228,37.188,159100000,0.0,168.09,2.879,2.857,355700000,979800000.0,2536100000.0,2536100000.0,0.0,0.091,0.165,0.454,0.13,4700000.0,717600000.0,1.0,43431395,43100000.0,43400000.0,58.842,1429900000,24300000,100900000.0,58300000,33.176,816100000
26,AYI,ART,2014-12-31,2015-01-09,2014-11-30,2021-08-25,-79200000,2206100000,2099075000.0,1225500000,980600000,1.175,28.156,-45200000.0,583000000,583000000,1451100000.0,182400000.0,2.702,0.822,353600000,0,353600000,353600000,0,44100000.0,0,0.003,0.52,308600000.0,352700000.0,0.143,352700000.0,308600000.0,276600000.0,4.21,4.19,4.21,1210700000,1144600000.0,1210700000,6340974412.0,21.0,17.978,191200000.0,4.447,1.0,1015100000.0,0.412,795500000,32000000.0,727600000,722425000.0,214200000,0,0,0,995400000,453600000,541800000,6570374412.0,184900000.0,0.0,10700000.0,0.0,-22500000.0,-3200000.0,-45200000.0,0.0,236400000.0,-3100000.0,182400000.0,182400000.0,182400000.0,0.0,0.0,0.074,706700000.0,308400000.0,277500000,0.124,5.427,36.022,35.986,160700000,0.0,151.5,2.664,2.642,371800000,939100000.0,2466200000.0,2466200000.0,0.0,0.087,0.159,0.427,0.125,2900000.0,696900000.0,1.0,43368808,43000000.0,43300000.0,57.353,1410600000,24200000,94200000.0,58400000,32.805,771900000
27,AYI,ART,2014-09-30,2014-10-29,2014-08-31,2021-08-25,-71900000,2168100000,2039100000.0,1186700000,981400000,1.174,27.185,-34300000.0,552500000,552500000,1414300000.0,175800000.0,2.522,0.863,353600000,0,353600000,353600000,0,43400000.0,0,0.004,0.52,297800000.0,341200000.0,0.143,341200000.0,297800000.0,265700000.0,4.07,4.05,4.07,1163500000,1101825000.0,1163500000,5768300159.0,19.0,16.906,198800000.0,4.645,1.0,979200000.0,0.409,801000000,32100000.0,697700000,719100000.0,212000000,0,0,0,1004600000,470500000,534100000,5967200159.0,193400000.0,0.0,8400000.0,0.0,-22500000.0,-6300000.0,-34300000.0,0.0,233100000.0,900000.0,175800000.0,175800000.0,175800000.0,0.0,0.0,0.073,680100000.0,299100000.0,287400000,0.128,5.129,33.943,33.897,152500000,0.0,137.96,2.493,2.467,373400000,893600000.0,2393500000.0,2393500000.0,0.0,0.086,0.16,0.414,0.124,7300000.0,680300000.0,1.0,43253118,42800000.0,43000000.0,55.923,1367100000,24500000,89900000.0,58400000,31.942,716200000
28,AYI,ART,2014-06-30,2014-07-01,2014-05-31,2021-08-25,-57900000,2049800000,1973025000.0,1070000000,979800000,1.168,26.28,-32900000.0,467300000,467300000,1371600000.0,165900000.0,2.618,0.822,353600000,0,353600000,353600000,0,42800000.0,0,0.004,0.52,286000000.0,328800000.0,0.143,328800000.0,286000000.0,254000000.0,3.84,3.83,3.84,1124800000,1059325000.0,1124800000,4969208074.0,17.0,15.113,160400000.0,3.748,1.0,933000000.0,0.405,805400000,32000000.0,722000000,719375000.0,213800000,0,0,0,925000000,408700000,516300000,5082908074.0,165400000.0,0.0,13200000.0,0.0,-22500000.0,3200000.0,-32900000.0,0.0,193300000.0,1800000.0,165900000.0,165900000.0,165900000.0,0.0,0.0,0.072,646400000.0,286600000.0,256600000,0.135,4.519,30.638,30.63,148200000,0.0,117.62,2.206,2.184,352500000,844400000.0,2304600000.0,2304600000.0,0.0,0.084,0.157,0.398,0.124,4400000.0,646300000.0,1.0,43214658,42800000.0,43100000.0,53.846,1244400000,16900000,88100000.0,56400000,29.075,661300000
29,AYI,ART,2014-03-31,2014-04-02,2014-02-28,2021-08-25,-60400000,1972300000,1918025000.0,990500000,981800000,1.169,25.22,-26800000.0,408200000,408200000,1331500000.0,153800000.0,2.7,0.827,353600000,0,353600000,353600000,0,42300000.0,0,0.004,0.52,266300000.0,308600000.0,0.138,308600000.0,266300000.0,234600000.0,3.57,3.55,3.57,1079400000,1008775000.0,1079400000,5897377349.0,22.0,19.11,163200000.0,3.813,1.0,910700000.0,0.406,808400000,31700000.0,742400000,715850000.0,228600000,0,0,0,892900000,366900000,526000000,5951977349.0,145400000.0,-22200000.0,13700000.0,0.0,-22500000.0,3900000.0,-49000000.0,0.0,190000000.0,500000.0,153800000.0,153800000.0,153800000.0,0.0,0.0,0.069,646700000.0,264000000.0,244400000,0.146,5.514,38.699,38.585,147100000,0.0,137.75,2.655,2.629,308700000,806300000.0,2242200000.0,2242200000.0,0.0,0.08,0.152,0.372,0.119,3900000.0,639400000.0,1.0,43208547,42800000.0,43100000.0,52.388,1163900000,16200000,80800000.0,56200000,27.194,623600000
30,AYI,ART,2013-12-31,2014-01-09,2013-11-30,2021-08-25,-59700000,1966200000,1860550000.0,979300000,986900000,1.173,24.404,-29400000.0,398100000,398100000,1297500000.0,145800000.0,2.474,0.891,353600000,0,353600000,353600000,0,41400000.0,0,0.004,0.52,253000000.0,294400000.0,0.135,294400000.0,253000000.0,221500000.0,3.39,3.37,3.39,1039600000,961600000.0,1039600000,5273404072.0,21.0,17.912,160800000.0,3.775,1.0,885200000.0,0.406,811500000,31500000.0,714300000,714725000.0,208300000,0,0,0,926600000,395900000,530700000,5317904072.0,130600000.0,-25500000.0,9300000.0,0.0,-22500000.0,-4800000.0,-54900000.0,0.0,190200000.0,100000.0,145800000.0,145800000.0,145800000.0,0.0,0.0,0.067,634500000.0,250700000.0,244300000,0.153,5.115,36.474,36.431,147100000,0.0,123.5,2.436,2.41,332600000,779200000.0,2182700000.0,2182700000.0,0.0,0.078,0.152,0.354,0.116,8300000.0,626700000.0,1.0,43059952,42600000.0,42900000.0,51.237,1154700000,16300000,75700000.0,55900000,27.106,583400000
31,AYI,ART,2013-09-30,2013-10-29,2013-08-31,2021-08-25,-62600000,1903800000,1801925000.0,913500000,990300000,1.159,23.543,-33000000.0,359100000,359100000,1251500000.0,127400000.0,2.365,0.916,353600000,0,353600000,353600000,0,40800000.0,0,0.005,0.52,224300000.0,265100000.0,0.127,265100000.0,224300000.0,193100000.0,2.97,2.95,2.97,993500000,918225000.0,993500000,4433246511.0,20.0,16.723,99300000.0,2.353,1.0,837600000.0,0.401,813300000,31200000.0,698800000,714450000.0,203000000,0,0,0,910300000,386200000,524100000,4438746511.0,74600000.0,-25500000.0,14900000.0,0.0,-22400000.0,1100000.0,-58500000.0,0.0,132300000.0,-300000.0,127400000.0,127400000.0,127400000.0,0.0,0.0,0.061,616100000.0,221500000.0,249500000,0.175,4.468,34.841,34.811,147900000,0.0,103.39,2.125,2.088,318300000,740300000.0,2089100000.0,2089100000.0,0.0,0.071,0.139,0.314,0.107,7900000.0,607600000.0,1.0,42932068,42200000.0,42500000.0,49.505,1090500000,15300000,65700000.0,53900000,25.841,527300000
32,AYI,ART,2013-06-30,2013-07-02,2013-05-31,2021-08-25,-84400000,1829800000,1760200000.0,837400000,992400000,1.15,21.863,-36500000.0,301900000,301900000,1212800000.0,115700000.0,2.338,0.983,353500000,0,353500000,353500000,0,40300000.0,0,0.006,0.52,204400000.0,244700000.0,0.121,244700000.0,204400000.0,173500000.0,2.71,2.68,2.71,922600000,878350000.0,922600000,3537494226.0,17.0,14.456,100700000.0,2.386,1.0,810700000.0,0.401,815400000,30900000.0,707900000,703600000.0,201200000,0,0,0,907200000,358100000,549100000,3485894226.0,73600000.0,-25500000.0,11100000.0,0.0,-22300000.0,-4000000.0,-62000000.0,0.0,137200000.0,2400000.0,115700000.0,115700000.0,115700000.0,0.0,0.0,0.057,606300000.0,204400000.0,239700000,0.192,3.778,30.129,30.033,147100000,0.0,81.39,1.723,1.697,299500000,701000000.0,2023500000.0,2023500000.0,0.0,0.066,0.132,0.291,0.101,9100000.0,596000000.0,1.0,42829515,42200000.0,42600000.0,47.95,1014400000,16900000,57800000.0,36800000,24.038,479300000
33,AYI,ART,2013-03-31,2013-04-03,2013-02-28,2021-08-25,-85000000,1742400000,1716875000.0,783700000,958700000,1.147,21.157,-43700000.0,262800000,262800000,1177900000.0,117600000.0,2.508,0.956,353500000,0,353500000,353500000,0,40200000.0,0,0.007,0.52,211400000.0,251600000.0,0.128,251600000.0,211400000.0,180600000.0,2.77,2.74,2.77,890700000,852450000.0,890700000,3168045137.0,15.0,12.592,90600000.0,2.152,1.0,791600000.0,0.402,782700000,30800000.0,737900000,692400000.0,193700000,0,0,0,851700000,312500000,539200000,3077345137.0,82200000.0,-3300000.0,10300000.0,0.0,-22100000.0,-5200000.0,-47000000.0,0.0,134300000.0,100000.0,117600000.0,117600000.0,117600000.0,0.0,0.0,0.06,579900000.0,211700000.0,213700000,0.188,3.455,26.168,25.935,144900000,0.0,71.84,1.563,1.536,282300000,675000000.0,1969500000.0,1969500000.0,0.0,0.068,0.138,0.305,0.107,8700000.0,574900000.0,1.0,42836096,42100000.0,42500000.0,46.781,959700000,16600000,63000000.0,32100000,22.796,471200000
34,AYI,ART,2012-12-31,2013-01-08,2012-11-30,2021-08-25,-85500000,1731700000,1680750000.0,773300000,958400000,1.155,20.72,-38300000.0,267500000,267500000,1156700000.0,112400000.0,2.407,0.999,353500000,0,353500000,353500000,0,39700000.0,0,0.008,0.52,204300000.0,244000000.0,0.126,244000000.0,204300000.0,173600000.0,2.65,2.63,2.65,866100000,828575000.0,866100000,2887646040.0,14.0,11.835,91700000.0,2.194,1.0,783800000.0,0.404,783200000,30700000.0,713200000,679600000.0,193700000,0,0,0,865600000,321300000,544300000,2801646040.0,94800000.0,0.0,15000000.0,0.0,-22000000.0,2200000.0,-38300000.0,0.0,130000000.0,900000.0,112400000.0,112400000.0,112400000.0,0.0,0.0,0.058,578200000.0,205600000.0,204600000,0.196,3.235,24.926,24.702,143800000,0.0,65.46,1.444,1.41,270500000,655900000.0,1940500000.0,1940500000.0,0.0,0.067,0.136,0.301,0.105,5200000.0,566900000.0,1.0,42799359,41800000.0,42300000.0,46.423,948500000,16600000,61200000.0,31700000,22.691,452000000
35,AYI,ART,2012-09-30,2012-10-26,2012-08-31,2021-08-25,-84700000,1736900000,1646575000.0,779000000,957900000,1.174,20.145,-31300000.0,284500000,284500000,1145700000.0,116300000.0,2.135,1.083,353500000,0,353500000,353500000,0,39800000.0,0,0.008,0.52,209700000.0,249500000.0,0.129,249500000.0,209700000.0,179000000.0,2.75,2.72,2.75,834000000,803400000.0,834000000,2797753488.0,13.0,11.213,140900000.0,3.403,1.0,788000000.0,0.408,785700000,30700000.0,655400000,667725000.0,194100000,0,0,0,902900000,364800000,538100000,2728753488.0,114300000.0,-3800000.0,-1600000.0,0.0,-22000000.0,-18700000.0,-35100000.0,0.0,172200000.0,-4100000.0,116300000.0,116300000.0,116300000.0,0.0,0.0,0.06,580000000.0,208000000.0,232700000,0.189,3.272,23.463,23.389,139200000,0.0,64.32,1.411,1.377,263800000,635300000.0,1933700000.0,1933700000.0,0.0,0.071,0.145,0.314,0.108,5400000.0,566700000.0,1.0,42424650,41400000.0,41900000.0,46.708,951200000,17100000,62700000.0,33400000,22.976,414200000
36,AYI,ART,2012-06-30,2012-07-02,2012-05-31,2021-08-25,-66800000,1656500000,1611700000.0,704100000,952400000,1.189,19.688,-24800000.0,228300000,228300000,1137800000.0,117200000.0,2.127,1.023,353500000,0,353500000,353500000,0,40100000.0,0,0.009,0.52,208900000.0,249000000.0,0.13,249000000.0,208900000.0,178400000.0,2.77,2.74,2.77,819000000,784150000.0,819000000,2622555263.0,13.0,10.532,157500000.0,3.786,1.0,777900000.0,0.406,787500000,30500000.0,663100000,667825000.0,168700000,0,0,0,837500000,331100000,506400000,2497355263.0,67500000.0,-3800000.0,-60100000.0,0.0,-22200000.0,-77800000.0,-28600000.0,0.0,182300000.0,-8400000.0,117200000.0,117200000.0,117200000.0,0.0,0.0,0.061,575200000.0,202700000.0,202700000,0.188,3.049,21.308,21.289,132400000,0.0,58.97,1.304,1.281,269600000,607600000.0,1915700000.0,1915700000.0,0.0,0.073,0.149,0.313,0.109,5500000.0,564000000.0,1.0,42349589,41600000.0,42000000.0,46.05,869000000,17100000,61200000.0,38500000,20.889,373000000
37,AYI,ART,2012-03-31,2012-04-04,2012-02-29,2021-08-25,-59000000,1597900000,1595325000.0,642700000,955200000,1.183,19.208,-19700000.0,180600000,180600000,1120900000.0,110700000.0,2.2,1.009,353400000,0,353400000,353400000,0,40400000.0,0,0.009,0.52,198200000.0,238600000.0,0.126,238600000.0,198200000.0,167900000.0,2.6,2.57,2.6,795200000,774150000.0,795200000,2607422487.0,13.0,10.928,150300000.0,3.63,1.0,765600000.0,0.406,791800000,30300000.0,686700000,672650000.0,159000000,0,0,0,802700000,292200000,510500000,2434622487.0,55100000.0,-13700000.0,-59700000.0,0.0,-22400000.0,-76200000.0,-33400000.0,0.0,170000000.0,-5300000.0,110700000.0,110700000.0,110700000.0,0.0,0.0,0.059,570000000.0,195600000.0,189400000,0.2,3.062,21.993,22.115,133400000,0.0,57.5,1.291,1.262,257600000,579500000.0,1886500000.0,1886500000.0,0.0,0.069,0.143,0.295,0.105,4200000.0,560700000.0,1.0,42341187,41400000.0,41900000.0,45.568,806100000,17500000,57200000.0,37700000,19.471,350500000
38,AYI,ART,2011-12-31,2012-01-09,2011-11-30,2021-08-25,-62900000,1595000000,1580100000.0,639200000,955800000,1.168,18.578,-19700000.0,172700000,172700000,1097400000.0,111100000.0,2.014,1.084,353400000,0,353400000,353400000,0,40600000.0,0,0.009,0.52,196800000.0,237400000.0,0.129,237400000.0,196800000.0,166700000.0,2.6,2.56,2.6,765400000,762350000.0,765400000,2494041768.0,13.0,10.506,163800000.0,3.976,1.0,747500000.0,0.405,792600000,30100000.0,665700000,674450000.0,162500000,0,0,0,829600000,317400000,512200000,2313341768.0,20500000.0,-58000000.0,-63300000.0,0.0,-22500000.0,-82300000.0,-77700000.0,0.0,183500000.0,-3000000.0,111100000.0,111100000.0,111100000.0,0.0,0.0,0.06,553700000.0,193800000.0,198900000,0.2,3.022,20.822,21.131,133600000,0.0,54.94,1.254,1.227,262600000,565500000.0,1844900000.0,1844900000.0,0.0,0.07,0.146,0.292,0.107,5100000.0,551000000.0,1.0,42106694,41200000.0,41700000.0,44.779,802400000,17700000,55600000.0,36300000,19.476,321800000
39,AYI,ART,2011-09-30,2011-10-28,2011-08-31,2021-08-25,-53800000,1597400000,1561700000.0,630500000,966900000,1.15,17.938,-22100000.0,170200000,170200000,1065700000.0,105500000.0,1.903,1.11,353400000,0,353400000,353400000,0,40100000.0,0,0.011,0.52,187500000.0,227600000.0,0.127,227600000.0,187500000.0,157600000.0,2.46,2.42,2.46,757000000,751675000.0,757000000,2225430540.0,12.0,9.778,139000000.0,3.294,1.0,730000000.0,0.407,793400000,29900000.0,655800000,678000000.0,165900000,0,0,0,840400000,331400000,509000000,2042230540.0,-20800000.0,-90400000.0,-54500000.0,0.0,-22600000.0,-71800000.0,-112500000.0,0.0,161100000.0,2400000.0,105500000.0,105500000.0,105500000.0,0.0,0.0,0.059,541300000.0,188700000.0,203800000,0.211,2.698,19.358,19.711,143200000,0.0,48.49,1.137,1.14,262600000,541000000.0,1795700000.0,1795700000.0,0.0,0.068,0.14,0.277,0.104,3100000.0,541300000.0,1.0,42116530,42200000.0,42800000.0,42.552,804000000,18000000,52100000.0,36400000,19.052,299100000
40,AYI,ART,2011-06-30,2011-06-29,2011-05-31,2021-08-25,-57400000,1591000000,1538250000.0,626500000,964500000,1.133,18.329,-22100000.0,160800000,160800000,1029600000.0,98600000.0,2.0,1.042,353400000,0,353400000,353400000,0,38500000.0,0,0.009,0.52,178000000.0,216500000.0,0.124,216500000.0,178000000.0,148200000.0,2.29,2.25,2.29,779000000,736025000.0,779000000,2587512532.0,15.0,11.952,123000000.0,2.894,1.0,714000000.0,0.409,787900000,29800000.0,682400000,671425000.0,178000000,0,0,0,812000000,313300000,498700000,2394912532.0,-33700000.0,-113000000.0,-31600000.0,0.0,-22500000.0,-47700000.0,-135100000.0,0.0,145100000.0,4000000.0,98600000.0,98600000.0,98600000.0,0.0,0.0,0.057,533100000.0,180900000.0,188300000,0.227,3.074,24.289,24.131,147000000,0.0,55.26,1.374,1.347,255300000,512500000.0,1743600000.0,1743600000.0,0.0,0.064,0.134,0.265,0.102,7800000.0,529900000.0,1.0,43338989,42500000.0,43100000.0,41.026,803100000,20000000,49600000.0,14500000,18.896,313200000
41,AYI,ART,2011-03-31,2011-03-30,2011-02-28,2021-08-25,-61500000,1537000000,1507675000.0,581900000,955100000,1.123,17.683,-24000000.0,125500000,125500000,1005000000.0,92800000.0,2.026,1.055,353400000,0,353400000,353400000,0,36900000.0,0,0.009,0.52,168900000.0,205800000.0,0.122,205800000.0,168900000.0,139300000.0,2.15,2.11,2.15,748000000,720500000.0,748000000,2692015098.0,16.0,13.081,117800000.0,2.785,1.0,687900000.0,0.406,783800000,29600000.0,693900000,665125000.0,174100000,0,0,0,789000000,287200000,501800000,2464115098.0,-30300000.0,-103100000.0,-30100000.0,0.0,-22500000.0,-46600000.0,-127100000.0,0.0,141800000.0,1600000.0,92800000.0,92800000.0,92800000.0,0.0,0.0,0.055,518000000.0,169900000.0,175700000,0.242,3.294,26.553,26.465,145100000,0.0,56.9,1.456,1.422,243700000,491000000.0,1692900000.0,1692900000.0,0.0,0.062,0.129,0.254,0.1,4900000.0,515100000.0,1.0,43306065,42300000.0,43000000.0,40.021,753200000,20100000,46500000.0,15100000,17.806,294700000
42,AYI,ART,2010-12-31,2011-01-10,2010-11-30,2021-08-25,-66800000,1521400000,1481750000.0,613400000,908000000,1.12,17.207,-24000000.0,152200000,152200000,983900000.0,80700000.0,2.021,1.105,353400000,0,353400000,353400000,0,36700000.0,0,0.009,0.52,150900000.0,187600000.0,0.113,187600000.0,150900000.0,120700000.0,1.87,1.83,1.87,722700000,708225000.0,722700000,2622073921.0,17.0,13.977,100800000.0,2.4,1.0,676400000.0,0.407,739200000,30200000.0,679900000,661025000.0,173700000,0,0,0,798700000,303500000,495200000,2420873921.0,103900000.0,-58800000.0,-30000000.0,111000000.0,-22600000.0,64000000.0,-82800000.0,0.0,124800000.0,-2100000.0,80700000.0,80700000.0,80700000.0,-600000.0,0.0,0.049,515900000.0,160500000.0,184600000,0.278,3.35,29.998,29.968,143500000,0.0,56.04,1.458,1.418,249400000,477800000.0,1660300000.0,1660300000.0,0.0,0.054,0.114,0.228,0.091,3400000.0,507600000.0,1.0,43199035,42000000.0,42800000.0,39.531,782200000,20100000,40000000.0,8400000,18.624,309900000
43,AYI,ART,2010-09-30,2010-10-29,2010-08-31,2021-08-25,-71300000,1503600000,1430675000.0,626300000,877300000,1.137,16.339,-21700000.0,191000000,191000000,965400000.0,79600000.0,1.949,1.165,353300000,0,353300000,353300000,0,36500000.0,0,0.01,0.52,148800000.0,185300000.0,0.114,185300000.0,148800000.0,119400000.0,1.84,1.8,1.84,694400000,701100000.0,694400000,2305691253.0,15.0,12.443,138800000.0,3.266,1.0,661500000.0,0.407,715100000,29400000.0,629500000,571550000.0,149000000,0,0,0,809200000,321300000,487900000,2143391253.0,172300000.0,-22600000.0,-29600000.0,108600000.0,-22600000.0,59200000.0,-44300000.0,0.0,160500000.0,-3100000.0,79600000.0,79600000.0,79600000.0,-600000.0,0.0,0.049,503800000.0,157700000.0,195000000,0.283,3.087,26.927,27.212,138400000,0.0,50.07,1.317,1.308,255100000,459000000.0,1626900000.0,1626900000.0,0.0,0.056,0.114,0.26,0.091,6200000.0,495400000.0,1.0,42807894,42500000.0,43300000.0,38.28,788500000,21000000,39800000.0,10200000,18.553,305000000
44,AYI,ART,2010-06-30,2010-06-30,2010-05-31,2021-08-25,-60400000,1468700000,1377425750.0,608300000,860400000,1.166,16.789,-21828000.0,194500000,194500000,962841000.0,81499000.0,2.17,1.049,353300000,0,353300000,353300000,0,37310000.0,0,0.014,0.52,150755000.0,188065000.0,0.117,188065000.0,150755000.0,121995000.0,1.91,1.87,1.91,716900000,695535000.0,716900000,1742996095.0,12.0,9.268,140470000.0,3.29,1.0,642571000.0,0.4,690000000,28760000.0,657200000,497181000.0,143300000,0,0,0,751800000,280300000,471500000,1584196095.0,166193000.0,333000.0,5122000.0,45405000.0,-22633000.0,29220000.0,-21495000.0,0.0,162298000.0,-3841000.0,81499000.0,81499000.0,81499000.0,-611000.0,0.0,0.051,482951000.0,159620000.0,164200000,0.272,2.21,19.438,19.047,141100000,0.0,36.38,0.987,0.968,236000000,438500000.0,1605412000.0,1605412000.0,0.0,0.059,0.117,0.303,0.094,-1326000.0,477649000.0,1.0,43545797,42700000.0,43500000.0,37.597,778700000,20000000,40496000.0,11400000,18.237,328000000
45,AYI,ART,2010-03-31,2010-03-31,2010-02-28,2021-08-25,-56600000,1433300000,1340531750.0,572000000,861300000,1.189,16.445,-18957000.0,155800000,155800000,961864000.0,82226000.0,2.196,1.051,353300000,0,353300000,353300000,0,37111000.0,0,0.012,0.52,149719000.0,186830000.0,0.117,186830000.0,149719000.0,121887000.0,1.96,1.92,1.96,698900000,680947500.0,698900000,2033416648.0,14.0,10.884,125042000.0,2.942,1.0,632576000.0,0.397,692800000,27832000.0,677500000,472268500.0,147900000,0,0,0,734400000,260500000,473900000,1835916648.0,83473000.0,-130696000.0,3265000.0,106205000.0,-22291000.0,87290000.0,-149653000.0,0.0,143999000.0,2125000.0,82226000.0,82226000.0,82226000.0,-312000.0,0.0,0.052,470673000.0,161903000.0,157500000,0.265,2.627,22.328,21.536,142500000,0.0,42.21,1.151,1.125,224600000,422900000.0,1594440000.0,1594440000.0,0.0,0.061,0.121,0.317,0.094,-111000.0,465065000.0,1.0,43494827,42500000.0,43300000.0,37.516,740500000,19600000,39661000.0,11500000,17.424,311500000
46,AYI,ART,2009-12-31,2010-01-06,2009-11-30,2021-08-25,-53700000,1317100000,1274672000.0,450000000,867100000,1.253,16.411,-20943000.0,48300000,48300000,975405000.0,88794000.0,0.937,0.897,229300000,209700000,19600000,229300000,0,36316000.0,0,0.014,0.52,159859000.0,196175000.0,0.123,196175000.0,159859000.0,132619000.0,2.14,2.1,2.14,694200000,651470500.0,694200000,1780871530.0,11.0,9.078,120979000.0,2.86,1.0,621674000.0,0.389,695600000,27240000.0,322000000,433461750.0,145300000,0,0,0,622900000,480500000,142400000,1599871530.0,-216351000.0,-154081000.0,1449000.0,-164795000.0,-21929000.0,-184979000.0,-175024000.0,0.0,141922000.0,2018000.0,88794000.0,88794000.0,88794000.0,288000.0,0.0,0.056,458958000.0,162716000.0,164000000,0.243,2.305,18.018,17.22,148500000,0.0,36.85,1.002,0.976,220100000,421800000.0,1597079000.0,1597079000.0,0.0,0.07,0.136,0.369,0.1,-296000.0,454182000.0,1.0,43415781,42300000.0,43100000.0,37.756,621500000,19300000,43825000.0,12900000,14.693,-30500000
47,AYI,ART,2009-09-30,2009-10-30,2009-08-31,2021-08-25,-57423000,1290603000,1285360250.0,422900000,867703000,1.289,16.482,-21065000.0,18683000,18683000,1022308000.0,84909000.0,0.888,0.92,231582000,209535000,22047000,231582000,0,35736000.0,0,0.016,0.52,155577000.0,191313000.0,0.115,191313000.0,155577000.0,127035000.0,2.08,2.04,2.08,672140000,620073750.0,672140000,1583341390.0,10.0,8.276,71665000.0,1.757,1.0,635096000.0,0.383,695389000,28542000.0,332024000,480351500.0,140797000,0,0,0,618463000,476089000,142374000,1370442390.0,-278413000.0,-162081000.0,3038000.0,-162395000.0,-21634000.0,-180610000.0,-183146000.0,0.0,92730000.0,-7099000.0,84909000.0,84909000.0,84909000.0,288000.0,0.0,0.051,481343000.0,153753000.0,162299000,0.25,2.039,16.14,15.221,145829000,0.0,31.66,0.827,0.779,227371000,404169000.0,1657404000.0,1657404000.0,0.0,0.066,0.137,0.324,0.094,-381000.0,454606000.0,1.0,43286241,40781000.0,41557000.0,40.642,595214000,19336000,42126000.0,12962000,14.595,-53189000
48,AYI,ART,2009-06-30,2009-07-02,2009-05-31,2021-08-25,-40706000,1321124000,1314882250.0,455781000,865343000,1.337,16.088,-20631000.0,28290000,28290000,1075445000.0,97715000.0,1.368,1.006,294771000,70310000,224461000,294771000,0,35158000.0,0,0.02,0.52,178824000.0,213982000.0,0.122,213982000.0,178824000.0,149801000.0,2.44,2.38,2.44,658550000,595925250.0,658550000,1412576926.0,8.0,6.601,118012000.0,2.883,1.0,682104000.0,0.388,696789000,29023000.0,557550000,517411000.0,158129000,0,0,0,662574000,333266000,329308000,1146095926.0,-188024000.0,-162414000.0,-15991000.0,-99202000.0,-21335000.0,-135647000.0,-183045000.0,0.0,138643000.0,-8349000.0,97715000.0,97715000.0,97715000.0,299000.0,0.0,0.056,504550000.0,177554000.0,157174000,0.213,1.74,11.729,10.902,144971000,0.0,26.6,0.652,0.62,221477000,380109000.0,1757549000.0,1757549000.0,0.0,0.074,0.164,0.346,0.102,-881000.0,477914000.0,1.0,43086313,40934000.0,41718000.0,42.936,624335000,24252000,52086000.0,22912000,15.252,122515000
49,AYI,ART,2009-03-31,2009-04-08,2009-02-28,2021-08-25,-53935000,1169861000,1326111250.0,509431000,660430000,1.413,14.453,-24059000.0,72310000,72310000,1136668000.0,116821000.0,1.826,1.014,203965000,0,203965000,203965000,0,34673000.0,0,0.024,0.52,209247000.0,243920000.0,0.13,243920000.0,209247000.0,179422000.0,2.93,2.85,2.93,580992000,572638000.0,580992000,1012921128.0,5.0,4.153,138304000.0,3.44,1.0,736691000.0,0.393,500213000,29825000.0,522273000,513189750.0,165333000,0,0,0,588869000,279030000,309839000,881266128.0,-112756000.0,-34885000.0,-20713000.0,-160004000.0,-21323000.0,-204763000.0,-58944000.0,0.0,162363000.0,-11560000.0,116821000.0,116821000.0,116821000.0,525000.0,0.0,0.062,528916000.0,207775000.0,159622000,0.177,1.517,7.544,7.352,138657000,0.0,21.54,0.47,0.462,215883000,389589000.0,1873359000.0,1873359000.0,0.0,0.088,0.204,0.408,0.112,-1398000.0,502286000.0,1.0,40913005,40200000.0,40784000.0,46.601,669648000,26230000,62601000.0,22676000,16.658,230401000
50,AYI,ART,2008-12-31,2009-01-06,2008-11-30,2021-08-25,-47116000,1359853000,1362089500.0,729617000,630236000,1.446,14.24,-25131000.0,264634000,264634000,1182475000.0,136597000.0,1.511,1.392,363952000,159993000,203959000,363952000,0,34284000.0,0,0.015,0.52,241144000.0,275428000.0,0.14,275428000.0,241144000.0,211720000.0,3.41,3.32,3.41,568613000,559068750.0,568613000,1518016897.0,6.0,5.511,162116000.0,4.06,1.0,787329000.0,0.4,466877000,29424000.0,509559000,516229500.0,162120000,0,0,0,791240000,482735000,308505000,1418698897.0,62925000.0,-11500000.0,-57088000.0,-6000.0,-21354000.0,-77972000.0,-36631000.0,0.0,187247000.0,-9867000.0,136597000.0,136597000.0,136597000.0,525000.0,0.0,0.069,547438000.0,239891000.0,180193000,0.152,2.495,10.386,10.293,143076000,0.0,35.1,0.72,0.712,244296000,380559000.0,1969804000.0,1969804000.0,0.0,0.1,0.244,0.467,0.122,-4597000.0,525376000.0,1.0,40418772,39930000.0,40765000.0,49.331,892976000,26260000,75123000.0,22856000,22.364,246882000
51,AYI,ART,2008-09-30,2008-10-27,2008-08-31,2021-08-25,-22819000,1408691000,1359144500.0,756147000,652544000,1.491,14.157,-26968000.0,297096000,297096000,1210849000.0,148255000.0,1.447,1.448,363936000,159983000,203953000,363936000,0,33840000.0,0,0.016,0.52,258588000.0,292428000.0,0.144,292428000.0,258588000.0,230173000.0,3.65,3.56,3.65,575546000,548460000.0,575546000,1356937712.0,5.0,4.64,194835000.0,4.792,1.0,815795000.0,0.403,472703000,28415000.0,480262000,559803250.0,145725000,0,0,0,833145000,522566000,310579000,1290097712.0,83422000.0,-3500000.0,-151102000.0,-8000.0,-22466000.0,-110175000.0,-30468000.0,0.0,221803000.0,755000.0,148255000.0,148255000.0,148255000.0,377000.0,0.0,0.073,554735000.0,261060000.0,205776000,0.142,2.242,8.702,8.756,161506000,0.0,31.96,0.637,0.641,268971000,366904000.0,2026644000.0,2026644000.0,0.0,0.109,0.27,0.462,0.128,-5022000.0,540097000.0,1.0,40366011,40655000.0,41609000.0,49.85,935988000,20477000,81918000.0,23983000,23.023,233581000
52,AYI,ART,2008-06-30,2008-07-02,2008-05-31,2021-08-25,-12636000,1366040000,1410098750.0,706378000,659662000,1.558,14.068,-31728000.0,216314000,216314000,1295561000.0,157802000.0,1.424,1.416,363921000,159972000,203949000,363921000,0,34697000.0,0,0.014,0.56,270794000.0,305491000.0,0.139,305491000.0,270794000.0,242741000.0,3.82,3.71,3.82,565401000,572565000.0,565401000,1797934663.0,7.0,5.885,196600000.0,4.892,1.0,901296000.0,0.41,476903000,28053000.0,540665000,635820500.0,150294000,0,0,0,800639000,496079000,304560000,1650327663.0,47065000.0,-46982000.0,-146165000.0,-322000.0,-23812000.0,-106129000.0,-78710000.0,0.0,228328000.0,2742000.0,157802000.0,157802000.0,157802000.0,378000.0,0.0,0.072,629821000.0,271475000.0,188683000,0.147,2.919,10.458,10.626,164167000,0.0,40.59,0.751,0.743,288725000,329616000.0,2196857000.0,2196857000.0,0.0,0.112,0.276,0.426,0.123,-5791000.0,615183000.0,1.0,40658479,40190000.0,41247000.0,54.662,889137000,23619000,84939000.0,28115000,22.123,210299000
53,AYI,ART,2008-03-31,2008-04-03,2008-02-29,2021-08-25,-16251000,1313774000,1452619250.0,658954000,654820000,1.606,13.023,-33615000.0,185066000,185066000,1365647000.0,155345000.0,1.361,1.494,363907000,159962000,203945000,363907000,0,35724000.0,0,0.013,0.58,269052000.0,304776000.0,0.131,304776000.0,269052000.0,240807000.0,3.69,3.59,3.69,526715000,591115500.0,526715000,2040861974.0,8.0,6.696,202243000.0,5.0,1.0,966598000.0,0.414,473892000,28245000.0,534432000,710228750.0,146650000,0,0,0,787059000,484291000,302768000,1862020974.0,71153000.0,-43441000.0,-137072000.0,-379000.0,-25131000.0,-92799000.0,-77056000.0,0.0,235858000.0,3791000.0,155345000.0,155345000.0,155345000.0,-147000.0,0.0,0.067,699392000.0,267206000.0,179223000,0.157,3.535,11.986,12.428,163377000,0.0,45.86,0.798,0.795,270770000,293863000.0,2332245000.0,2332245000.0,0.0,0.107,0.263,0.379,0.115,-7283000.0,684754000.0,1.0,40602289,40446000.0,41475000.0,57.663,839882000,25476000,85462000.0,25256000,20.766,174663000
54,AYI,ART,2007-12-31,2008-01-08,2007-11-30,2021-08-25,-18601000,1348073000,1483284500.0,689182000,658891000,1.635,12.593,-33617000.0,201709000,201709000,1410981000.0,145559000.0,1.958,1.562,363892000,0,363892000,363892000,0,37061000.0,0,0.016,0.6,253547000.0,290608000.0,0.12,290608000.0,253547000.0,224553000.0,3.42,3.32,3.42,526178000,607166500.0,526178000,1740391630.0,7.0,5.989,196454000.0,4.702,1.0,1014064000.0,0.418,474348000,28994000.0,683854000,787632750.0,146881000,0,0,0,821895000,352054000,469841000,1578208630.0,108130000.0,-43400000.0,-93078000.0,-677000.0,-26293000.0,-49392000.0,-77017000.0,0.0,230071000.0,3109000.0,145559000.0,145559000.0,145559000.0,-147000.0,0.0,0.06,762559000.0,251505000.0,189263000,0.175,2.999,10.842,11.249,161911000,0.0,38.47,0.651,0.663,284531000,265087000.0,2425045000.0,2425045000.0,0.0,0.098,0.24,0.322,0.105,-8156000.0,747921000.0,1.0,41024399,41783000.0,42936000.0,58.039,873725000,23978000,78994000.0,24255000,20.911,337128000
55,AYI,ART,2007-09-30,2007-10-30,2007-08-31,2021-08-25,-9513000,1612508000,1501741250.0,867985000,744523000,1.685,15.779,-35124000.0,222816000,222816000,1460775000.0,148054000.0,1.845,1.4,371323000,296000,371027000,371323000,0,38405000.0,0,0.013,0.6,258027000.0,296432000.0,0.117,296432000.0,258027000.0,227887000.0,3.48,3.37,3.48,671966000,616077250.0,671966000,2099448338.0,8.0,7.082,206037000.0,4.838,1.0,1069893000.0,0.423,506288000,30140000.0,784331000,826701500.0,192070000,0,0,0,940542000,470396000,470146000,1950941338.0,134168000.0,-43359000.0,-18466000.0,-648000.0,-26359000.0,-30113000.0,-78483000.0,0.0,241161000.0,1603000.0,148054000.0,148054000.0,148054000.0,0.0,0.0,0.059,812958000.0,256935000.0,247176000,0.172,2.903,13.177,13.27,213738000,0.0,46.18,0.771,0.777,388646000,313850000.0,2530668000.0,2530668000.0,0.0,0.099,0.24,0.312,0.102,-15360000.0,812958000.0,1.0,42246456,42585000.0,43897000.0,59.426,1106220000,23937000,79833000.0,12491000,25.977,397589000
56,AYI,ART,2007-06-30,2007-07-10,2007-05-31,2021-08-25,-11612000,1536122000,1459643250.0,836883000,699239000,1.721,14.923,-36068000.0,178391000,178391000,1459628000.0,137968000.0,1.965,1.402,371613000,596000,371017000,371613000,0,38084000.0,0,0.01,0.6,245353000.0,283437000.0,0.113,283437000.0,245353000.0,213597000.0,3.23,3.11,3.23,639603000,583650500.0,639603000,2813780675.0,11.0,9.927,179367000.0,4.185,1.0,1052521000.0,0.419,465171000,31756000.0,838298000,838892250.0,206082000,0,0,0,896519000,425875000,470644000,2620558675.0,106816000.0,164000.0,-61867000.0,-560000.0,-26370000.0,-73785000.0,-35904000.0,0.0,215435000.0,1070000.0,137968000.0,137968000.0,137968000.0,0.0,0.0,0.055,806744000.0,245777000.0,231706000,0.186,4.097,18.994,18.588,210841000,0.0,60.04,1.043,1.024,383885000,269077000.0,2512149000.0,2512149000.0,0.0,0.095,0.236,0.292,0.098,-15012000.0,806452000.0,1.0,43646880,42861000.0,44118000.0,58.612,1070951000,28646000,75629000.0,13034000,24.987,411008000
57,AYI,ART,2007-03-31,2007-04-04,2007-02-28,2021-08-25,-18602000,1436435000,1429027000.0,743335000,693100000,1.727,13.89,-33679000.0,123055000,123055000,1439519000.0,128004000.0,1.975,1.431,371656000,655000,371001000,371656000,0,38098000.0,0,0.01,0.6,229604000.0,267702000.0,0.108,267702000.0,229604000.0,196932000.0,2.98,2.86,2.98,590919000,555397750.0,590919000,2877179604.0,13.0,10.748,167142000.0,3.929,1.0,1028069000.0,0.417,464677000,32672000.0,844048000,844383250.0,209482000,0,0,0,845516000,376311000,469205000,2628578604.0,53243000.0,165000.0,-107630000.0,-424000.0,-26378000.0,-115103000.0,-33514000.0,0.0,200821000.0,1039000.0,128004000.0,128004000.0,128004000.0,0.0,0.0,0.052,797488000.0,230581000.0,216653000,0.201,4.448,20.535,20.305,208805000,0.0,60.51,1.065,1.043,338595000,237066000.0,2467588000.0,2467588000.0,0.0,0.09,0.23,0.272,0.093,-19329000.0,797196000.0,1.0,43440400,42544000.0,43911000.0,58.001,971758000,27231000,68928000.0,13033000,22.841,367024000
58,AYI,ART,2006-12-31,2007-01-04,2006-11-30,2021-08-25,-16473000,1421900000,1416556750.0,722285000,699615000,1.724,13.312,-30749000.0,102721000,102721000,1437937000.0,118153000.0,1.875,1.531,371939000,661000,371278000,371939000,0,38528000.0,0,0.011,0.6,214921000.0,253449000.0,0.104,253449000.0,214921000.0,181791000.0,2.74,2.63,2.74,561821000,542911000.0,561821000,2538977320.0,12.0,10.018,150050000.0,3.555,1.0,1003822000.0,0.411,465796000,33130000.0,840129000,853347750.0,211886000,0,0,0,860079000,385193000,474886000,2269759320.0,-2476000.0,151000.0,-150364000.0,-380000.0,-26577000.0,-154636000.0,-30598000.0,0.0,180799000.0,1959000.0,118153000.0,118153000.0,118153000.0,0.0,0.0,0.048,788066000.0,215756000.0,213222000,0.219,4.04,19.21,19.095,210004000,0.0,52.32,0.93,0.904,337324000,219238000.0,2441759000.0,2441759000.0,0.0,0.083,0.218,0.252,0.088,-25096000.0,787774000.0,1.0,43382250,42204000.0,43732000.0,57.856,956104000,28144000,63638000.0,13029000,22.654,337092000
59,AYI,ART,2006-09-30,2006-11-02,2006-08-31,2021-08-25,-16492000,1444116000,1418562250.0,737645000,706471000,1.687,12.357,-23809000.0,88648000,88648000,1423096000.0,106562000.0,1.724,1.663,371895000,643000,371252000,371895000,0,39012000.0,0,0.012,0.6,196984000.0,235996000.0,0.099,235996000.0,196984000.0,163753000.0,2.43,2.34,2.43,542259000,541767500.0,542259000,2389581041.0,12.0,10.126,132074000.0,3.01,1.0,970027000.0,0.405,466475000,33231000.0,833094000,857820750.0,209319000,0,0,0,901857000,427794000,474063000,2106334041.0,-9885000.0,151000.0,-133384000.0,-473000.0,-26854000.0,-143429000.0,-23658000.0,0.0,155883000.0,1319000.0,106562000.0,106562000.0,106562000.0,0.0,0.0,0.045,772618000.0,197409000.0,243593000,0.247,3.884,19.766,20.136,211269000,0.0,48.93,0.88,0.897,379622000,192155000.0,2393123000.0,2393123000.0,0.0,0.075,0.197,0.23,0.082,-17282000.0,772326000.0,1.0,43047906,43884000.0,45579000.0,54.533,977641000,28208000,57191000.0,12974000,22.278,309851000
60,AYI,ART,2006-06-30,2006-07-06,2006-05-31,2021-08-25,-33374000,1413657000,1418087000.0,712347000,701310000,1.633,11.953,-16588000.0,71575000,71575000,1407862000.0,93004000.0,1.842,1.685,372107000,587000,371520000,372107000,0,40244000.0,0,0.014,0.6,170975000.0,211219000.0,0.091,211219000.0,170975000.0,137430000.0,2.12,2.05,2.12,526592000,541651000.0,526592000,2184060914.0,13.0,10.34,123199000.0,2.797,1.0,908014000.0,0.392,467127000,33545000.0,860262000,861598250.0,217811000,0,0,0,887065000,386800000,500265000,1883528914.0,27325000.0,151000.0,-68686000.0,-18705000.0,-26859000.0,-97715000.0,-16437000.0,0.0,139787000.0,1690000.0,93004000.0,93004000.0,93004000.0,0.0,0.0,0.04,739337000.0,168677000.0,219393000,0.283,3.577,20.252,20.283,206001000,0.0,43.0,0.813,0.818,358022000,157479000.0,2315876000.0,2315876000.0,0.0,0.066,0.172,0.198,0.074,-16535000.0,730978000.0,1.0,43802998,44054000.0,45504000.0,52.569,946530000,27157000,44426000.0,4829000,21.486,325547000
61,AYI,ART,2006-03-31,2006-04-05,2006-02-28,2021-08-25,-33745000,1386554000,1411917250.0,681296000,705258000,1.599,12.179,-17253000.0,69812000,69812000,1382902000.0,83984000.0,1.992,1.563,372013000,549000,371464000,372013000,0,40677000.0,0,0.014,0.6,157559000.0,198236000.0,0.088,198236000.0,157559000.0,123302000.0,1.92,1.86,1.92,540972000,538649250.0,540972000,2195609078.0,14.0,11.076,128942000.0,2.903,1.0,875036000.0,0.388,466772000,34257000.0,879906000,870812750.0,216816000,0,0,0,845582000,342077000,503505000,1893408078.0,60298000.0,190000.0,-18104000.0,-33410000.0,-26817000.0,-68107000.0,-17063000.0,0.0,146195000.0,-727000.0,83984000.0,83984000.0,83984000.0,0.0,0.0,0.037,719818000.0,155218000.0,184883000,0.312,3.5,22.545,21.964,210199000,0.0,42.17,0.839,0.83,324399000,135440000.0,2257938000.0,2257938000.0,0.0,0.059,0.156,0.181,0.07,-10224000.0,710092000.0,1.0,44899409,44419000.0,45826000.0,50.833,919782000,27648000,39318000.0,4650000,20.707,339219000
62,AYI,ART,2005-12-31,2006-01-04,2005-11-30,2021-08-25,-35328000,1429922000,1401019250.0,717949000,711973000,1.58,12.587,-19013000.0,105197000,105197000,1358517000.0,61040000.0,1.931,1.566,372254000,545000,371709000,372254000,0,41187000.0,0,0.018,0.6,123238000.0,164425000.0,0.074,164425000.0,123238000.0,88211000.0,1.39,1.34,1.39,557247000,526460500.0,557247000,1724355955.0,14.0,10.487,148472000.0,3.354,1.0,854987000.0,0.386,467127000,35027000.0,858021000,881301000.0,225834000,0,0,0,872675000,371831000,500844000,1457298955.0,101394000.0,204000.0,20185000.0,-41703000.0,-26658000.0,-45765000.0,-18809000.0,0.0,167485000.0,-1517000.0,61040000.0,61040000.0,61040000.0,0.0,0.0,0.028,734469000.0,120518000.0,204018000,0.432,2.615,23.874,23.374,213721000,0.0,32.49,0.658,0.65,326662000,127663000.0,2213504000.0,2213504000.0,0.0,0.044,0.116,0.14,0.056,0.0,705670000.0,1.0,44853769,44271000.0,45620000.0,49.999,962795000,28209000,27171000.0,4633000,21.748,346118000
63,AYI,ART,2005-09-30,2005-11-01,2005-08-31,2021-08-25,-34602000,1442215000,1387642500.0,717774000,724441000,1.566,12.56,-29649000.0,98533000,98533000,1324311000.0,52229000.0,1.797,1.662,372303000,567000,371736000,372303000,0,41075000.0,0,0.022,0.6,110563000.0,151638000.0,0.07,151638000.0,110563000.0,74832000.0,1.21,1.17,1.21,541793000,512310750.0,541793000,1514331670.0,14.0,9.986,107438000.0,2.491,1.0,848543000.0,0.391,468309000,35731000.0,848204000,904155000.0,215590000,0,0,0,900422000,399472000,500950000,1240561670.0,84398000.0,251000.0,27108000.0,-23486000.0,-26342000.0,-22720000.0,-29398000.0,0.0,137087000.0,-571000.0,52229000.0,52229000.0,52229000.0,0.0,0.0,0.024,741798000.0,106745000.0,221844000,0.496,2.29,23.752,22.777,219194000,0.0,27.56,0.571,0.547,345770000,112447000.0,2172854000.0,2172854000.0,0.0,0.038,0.102,0.122,0.051,0.0,710263000.0,1.0,45013123,43135000.0,44752000.0,50.373,973906000,29122000,22603000.0,4707000,22.578,318302000
64,AYI,ART,2005-06-30,2005-07-08,2005-05-31,2021-08-25,-25762000,1388978000,1368221000.0,669553000,719425000,1.563,11.866,-46730000.0,44250000,44250000,1273613000.0,51186000.0,1.81,1.699,390745000,18733000,372012000,390745000,0,39763000.0,0,0.023,0.6,112896000.0,152659000.0,0.071,152659000.0,112896000.0,77390000.0,1.19,1.16,1.19,514585000,496356750.0,514585000,1487301809.0,13.0,9.743,78349000.0,1.807,1.0,865401000.0,0.405,468524000,35506000.0,897120000,920510750.0,220763000,0,0,0,874393000,369829000,504564000,1140806809.0,34664000.0,297000.0,21745000.0,-38920000.0,-26049000.0,-43224000.0,-46433000.0,0.0,125079000.0,-758000.0,51186000.0,51186000.0,51186000.0,0.0,0.0,0.024,755368000.0,110033000.0,200926000,0.504,2.217,22.287,21.555,221546000,0.0,25.65,0.533,0.52,325236000,91334000.0,2139014000.0,2139014000.0,0.0,0.037,0.103,0.123,0.053,0.0,723802000.0,1.0,44475899,43367000.0,44634000.0,49.324,920454000,38106000,26204000.0,24857000,21.225,299724000
65,AYI,ART,2005-03-31,2005-04-04,2005-02-28,2021-08-25,-23145000,1342962000,1353610000.0,619874000,723088000,1.571,11.467,-51555000.0,9514000,9514000,1254224000.0,49506000.0,1.789,1.728,405357000,33274000,372083000,405357000,0,40609000.0,0,0.022,0.6,110049000.0,150658000.0,0.071,150658000.0,110049000.0,74789000.0,1.17,1.14,1.17,492217000,479003250.0,492217000,1620418282.0,15.0,10.756,44832000.0,1.044,1.0,871689000.0,0.41,470428000,35260000.0,921859000,925225250.0,217393000,0,0,0,850745000,346518000,504227000,1224575282.0,2015000.0,301000.0,14934000.0,-32193000.0,-25789000.0,-43048000.0,-51254000.0,0.0,96387000.0,-70000.0,49506000.0,49506000.0,49506000.0,0.0,0.0,0.023,763022000.0,108667000.0,170541000,0.513,2.488,24.736,23.718,223815000,0.0,27.75,0.576,0.56,311128000,78274000.0,2125913000.0,2125913000.0,0.0,0.037,0.103,0.119,0.052,0.0,732823000.0,1.0,44128839,42926000.0,42926000.0,49.525,872534000,38062000,25283000.0,24947000,20.326,273356000
66,AYI,ART,2004-12-31,2005-01-06,2004-11-30,2021-08-25,-23310000,1376415000,1340431000.0,641330000,735085000,1.575,11.79,-54879000.0,3803000,3803000,1233900000.0,67462000.0,1.755,1.749,413890000,41519000,372371000,413890000,0,41679000.0,0,0.022,0.6,137822000.0,179501000.0,0.085,179501000.0,137822000.0,102719000.0,1.6,1.56,1.6,500648000,464472250.0,500648000,1593227780.0,12.0,8.876,36119000.0,0.851,1.0,877931000.0,0.416,471600000,35103000.0,949437000,922764000.0,230849000,0,0,0,875767000,365465000,510302000,1183140780.0,-9253000.0,365000.0,15590000.0,-35932000.0,-25588000.0,-45930000.0,-54514000.0,0.0,90998000.0,193000.0,67462000.0,67462000.0,67462000.0,0.0,0.0,0.032,740387000.0,137544000.0,181287000,0.375,2.363,17.538,17.069,225965000,0.0,27.31,0.56,0.549,336286000,93281000.0,2111831000.0,2111831000.0,0.0,0.05,0.145,0.149,0.065,0.0,729261000.0,1.0,43322621,42462000.0,43946000.0,49.735,904815000,31708000,35257000.0,24937000,21.309,275865000
67,AYI,ART,2004-09-30,2004-10-29,2004-08-31,2021-08-25,-29207000,1364529000,1322622750.0,633586000,730943000,1.591,11.406,-52060000.0,14135000,14135000,1230308000.0,67214000.0,1.749,1.855,395721000,5511000,390210000,395721000,0,42960000.0,0,0.023,0.6,137493000.0,180453000.0,0.086,180453000.0,137493000.0,102617000.0,1.6,1.56,1.6,477977000,444765250.0,477977000,1507102387.0,11.0,8.352,61194000.0,1.46,1.0,873859000.0,0.415,470253000,34876000.0,913627000,911788250.0,222260000,0,0,0,886552000,362235000,524317000,1125516387.0,-1918000.0,2477000.0,9664000.0,-50153000.0,-25409000.0,-65898000.0,-49583000.0,0.0,113254000.0,309000.0,67214000.0,67214000.0,67214000.0,0.0,0.0,0.032,735932000.0,137927000.0,206064000,0.375,2.355,16.745,16.581,226299000,0.0,26.53,0.535,0.528,331157000,86560000.0,2104167000.0,2104167000.0,0.0,0.051,0.151,0.151,0.065,0.0,727542000.0,1.0,42424289,41906000.0,43201000.0,50.212,894276000,29500000,35403000.0,24844000,21.34,271351000
68,AYI,ART,2004-06-30,2004-07-06,2004-05-31,2021-08-25,-38579000,1330534000,1303545250.0,607091000,723443000,1.591,10.595,-40085000.0,9586000,9586000,1205346000.0,54737000.0,1.688,1.989,429598000,38937000,390661000,429598000,0,44606000.0,0,0.024,0.6,119642000.0,164248000.0,0.079,164248000.0,119642000.0,84390000.0,1.31,1.28,1.31,445171000,427344500.0,445171000,1503818141.0,13.0,9.156,79447000.0,1.891,1.0,869111000.0,0.419,474875000,35252000.0,915978000,904132500.0,217849000,0,0,0,885363000,359693000,525670000,1083806141.0,-828000.0,2298000.0,9394000.0,-64856000.0,-25252000.0,-82021000.0,-37787000.0,0.0,119532000.0,-552000.0,54737000.0,54737000.0,54737000.0,0.0,0.0,0.026,746847000.0,122264000.0,185784000,0.458,2.435,19.8,19.427,216910000,0.0,25.45,0.522,0.515,313544000,66197000.0,2074457000.0,2074457000.0,0.0,0.042,0.128,0.132,0.058,0.0,744932000.0,1.0,42585703,42018000.0,43343000.0,49.371,855659000,27293000,29653000.0,15311000,20.364,247398000
69,AYI,ART,2004-03-31,2004-04-06,2004-02-29,2021-08-25,-34756000,1290246000,1303599750.0,565272000,724974000,1.583,10.374,-33530000.0,7499000,7499000,1197889000.0,52047000.0,1.703,1.972,437485000,46655000,390830000,437485000,0,45516000.0,0,0.025,0.6,116980000.0,162496000.0,0.079,162496000.0,116980000.0,81246000.0,1.25,1.23,1.25,434093000,423177750.0,434093000,1452031256.0,12.0,8.936,96516000.0,2.306,1.0,865383000.0,0.419,476264000,35734000.0,912014000,910447250.0,201563000,0,0,0,856153000,331954000,524199000,1022045256.0,-1971000.0,2213000.0,6872000.0,-82166000.0,-25109000.0,-101331000.0,-31317000.0,0.0,130046000.0,631000.0,52047000.0,52047000.0,52047000.0,0.0,0.0,0.025,747817000.0,117566000.0,159247000,0.48,2.354,19.637,19.2,219828000,0.0,24.0,0.495,0.487,293877000,54556000.0,2063272000.0,2063272000.0,0.0,0.04,0.123,0.128,0.057,0.0,745902000.0,1.0,42585219,41846000.0,43291000.0,49.306,813982000,26988000,29199000.0,15437000,19.452,233318000
70,AYI,ART,2003-12-31,2004-01-14,2003-11-30,2021-08-25,-37706000,1305182000,1310332000.0,578525000,726657000,1.573,10.145,-28008000.0,13056000,13056000,1202352000.0,50209000.0,1.608,2.094,449754000,58398000,391356000,449754000,0,45646000.0,0,0.024,0.6,114700000.0,160346000.0,0.078,160346000.0,114700000.0,78374000.0,1.21,1.2,1.21,421820000,416754500.0,421820000,1489326620.0,13.0,9.288,122618000.0,2.949,1.0,859268000.0,0.417,476528000,36326000.0,905534000,918871250.0,202377000,0,0,0,883362000,359818000,523544000,1052628620.0,8382000.0,2108000.0,2758000.0,-94119000.0,-24960000.0,-116760000.0,-25900000.0,0.0,150626000.0,416000.0,50209000.0,50209000.0,50209000.0,0.0,0.0,0.024,746676000.0,112592000.0,153562000,0.496,2.495,20.965,20.736,220302000,0.0,25.09,0.511,0.506,308926000,51407000.0,2061620000.0,2061620000.0,0.0,0.038,0.12,0.125,0.056,0.0,744761000.0,1.0,41954110,41581000.0,42594000.0,49.581,828654000,25413000,28165000.0,15317000,19.929,218707000
71,AYI,ART,2003-09-30,2003-10-31,2003-08-31,2021-08-25,-42765000,1288219000,1318481000.0,558552000,729667000,1.554,9.848,-26247000.0,16053000,16053000,1197787000.0,47782000.0,1.554,2.155,445808000,54339000,391469000,445808000,0,46039000.0,0,0.028,0.6,111964000.0,158003000.0,0.077,158003000.0,111964000.0,74581000.0,1.15,1.15,1.15,408294000,412659250.0,408294000,1327874178.0,12.0,8.404,134098000.0,3.234,1.0,851521000.0,0.416,475519000,37383000.0,883004000,936388750.0,188799000,0,0,0,879925000,359451000,520474000,898119178.0,13359000.0,-92000.0,1794000.0,-97313000.0,-24911000.0,-120430000.0,-26339000.0,0.0,160345000.0,-217000.0,47782000.0,47782000.0,47782000.0,0.0,0.0,0.023,741245000.0,110276000.0,165656000,0.522,2.2,18.796,18.696,222558000,0.0,21.5,0.438,0.435,302276000,44755000.0,2049308000.0,2049308000.0,0.0,0.036,0.116,0.12,0.055,0.0,739330000.0,1.0,41772985,41459000.0,41721000.0,49.43,812700000,23047000,26799000.0,15190000,19.602,199101000
72,AYI,ART,2003-06-30,2003-07-14,2003-05-31,2021-08-25,-13632000,1330752000,1335914750.0,583385000,747367000,1.52,10.33,-20598000.0,10414000,10414000,1197457000.0,48854000.0,1.474,2.106,494405000,102328000,392077000,494405000,0,45177000.0,0,0.033,0.6,114250000.0,159427000.0,0.078,159427000.0,114250000.0,76030000.0,1.18,,1.18,428504000,411073750.0,428504000,1236855709.0,11.0,7.758,118377000.0,2.854,1.0,833481000.0,0.41,477695000,38220000.0,941237000,963219250.0,196249000,0,0,0,902248000,395811000,506437000,752864709.0,11769000.0,0.0,-415000.0,-81170000.0,-24872000.0,-104319000.0,-23651000.0,0.0,138975000.0,764000.0,48854000.0,48854000.0,48854000.0,0.0,0.0,0.024,725082000.0,108399000.0,156013000,0.508,1.757,15.411,15.356,226401000,0.0,18.12,0.371,0.37,319486000,36714000.0,2030938000.0,2030938000.0,0.0,0.037,0.119,0.119,0.056,0.0,722591000.0,1.0,41548825,41480000.0,,48.962,853057000,26085000,27176000.0,24916000,20.566,187574000
73,AYI,ART,2003-03-31,2003-04-14,2003-02-28,2021-08-25,-23683000,1317175000,1336564750.0,571055000,746120000,1.509,9.854,-22133000.0,9470000,9470000,1195193000.0,48103000.0,1.41,2.225,519616000,127530000,392086000,519616000,0,47023000.0,0,0.041,0.6,114874000.0,161897000.0,0.08,161897000.0,114874000.0,75595000.0,1.16,,1.16,408400000,401608000.0,408400000,1116277308.0,10.0,6.895,129692000.0,3.129,1.0,822280000.0,0.408,476575000,39279000.0,945710000,987612250.0,196966000,0,0,0,908775000,405036000,503739000,606131308.0,10576000.0,0.0,0.0,-89113000.0,-24846000.0,-112200000.0,-28954000.0,0.0,151825000.0,-95000.0,48103000.0,48103000.0,48103000.0,0.0,0.0,0.024,712802000.0,109478000.0,157451000,0.517,1.484,12.601,12.586,228575000,0.0,14.6,0.3,0.3,311289000,27618000.0,2017473000.0,2017473000.0,0.0,0.036,0.12,0.116,0.057,0.0,709987000.0,1.0,41515843,41443000.0,,48.681,840600000,24140000,27492000.0,24867000,20.283,166019000
74,AYI,ART,2002-12-31,2003-01-14,2002-11-30,2021-08-25,-24694000,1337778000,1342480000.0,579138000,758640000,1.487,9.795,-23241000.0,4674000,4674000,1182529000.0,50980000.0,1.363,2.3,543859000,153405000,390454000,543859000,0,48504000.0,0,0.054,0.75,120569000.0,169073000.0,0.085,169073000.0,120569000.0,80626000.0,1.23,,1.23,405439000,394422750.0,405439000,1113236769.0,9.0,6.584,118100000.0,2.853,1.0,813802000.0,0.408,476373000,39943000.0,975604000,1027606250.0,216459000,0,0,0,932339000,424986000,507353000,574051769.0,-8422000.0,1622000.0,0.0,-99795000.0,-24822000.0,-123257000.0,-26119000.0,0.0,141341000.0,-387000.0,50980000.0,50980000.0,50980000.0,0.0,0.0,0.026,696514000.0,117288000.0,149507000,0.61,1.416,11.26,11.252,235558000,0.0,13.84,0.288,0.287,307826000,26158000.0,1996331000.0,1996331000.0,0.0,0.038,0.129,0.117,0.06,0.0,692608000.0,1.0,41477729,41391000.0,,48.231,861405000,24174000,29646000.0,24826000,20.811,154152000
75,AYI,ART,2002-09-30,2002-11-12,2002-08-31,2021-08-25,-23235000,1357954000,1348574500.0,590997000,766957000,1.463,9.736,-25124000.0,2694000,2694000,1169282000.0,52024000.0,1.372,2.378,543121000,132491000,410630000,543121000,0,49494000.0,0,0.049,0.6,123526000.0,173020000.0,0.088,173020000.0,123526000.0,82836000.0,1.26,,1.26,401952000,387246250.0,401952000,1048028486.0,8.0,6.057,121717000.0,2.948,1.0,803514000.0,0.407,477248000,40690000.0,990326000,1040126000.0,216942000,0,0,0,956002000,430807000,525195000,507601486.0,-5312000.0,-24765000.0,0.0,-65709000.0,-18606000.0,-102117000.0,-49889000.0,0.0,146841000.0,-147000.0,52024000.0,52024000.0,52024000.0,0.0,0.0,0.026,683387000.0,120127000.0,161713000,0.476,1.263,9.757,9.722,240679000,0.0,12.25,0.257,0.256,322735000,21884000.0,1972796000.0,1972796000.0,0.0,0.039,0.134,0.119,0.063,0.0,679071000.0,1.0,41436856,41286000.0,,47.784,880706000,24247000,30812000.0,23480000,21.332,160190000
76,AYI,ART,2002-06-30,2002-07-12,2002-05-31,2021-08-25,-17312000,1333352000,1341729750.0,564706000,768646000,1.459,9.457,-30299000.0,976000,976000,1161890000.0,43062000.0,1.418,2.413,575575000,146324000,429251000,575575000,0,53549000.0,0,0.02,0.3,111782000.0,165331000.0,0.084,165331000.0,111782000.0,69803000.0,,,,390641000,382582750.0,390641000,1180379025.0,11.0,7.139,150606000.0,3.646,1.0,795365000.0,0.406,471009000,41979000.0,1038809000,1047058750.0,213985000,0,0,0,942711000,398133000,544578000,605780025.0,-12803000.0,-24932000.0,415000.0,-62444000.0,-12399000.0,-139271000.0,-54992000.0,0.0,180905000.0,555000.0,43062000.0,43062000.0,43062000.0,0.0,0.0,0.022,683583000.0,111782000.0,136495000,,1.551,14.068,,242966000,0.0,14.64,0.31,0.309,313160000,12730000.0,1957255000.0,1957255000.0,0.0,0.032,0.113,0.107,0.057,0.0,670337000.0,1.0,41378417,41308000.0,,47.382,862343000,16656000,26741000.0,28281000,20.876,166573000
77,AYI,ART,2002-03-31,2002-04-12,2002-02-28,2021-08-25,-19447000,1340836000,1351043000.0,571622000,769214000,,9.199,,1225000,1225000,,,1.538,2.532,608729000,135039000,473690000,608729000,0,,0,0.017,0.3,,,,,,,,,,379659000,389639500.0,379659000,1347610467.0,,,,,1.0,,,471092000,,1105686000,1053640500.0,214902000,0,0,0,961177000,371562000,589615000,740106467.0,,,,,,,,,,,,,,,,,,,124377000,,1.949,,,248978000,,17.9,,,311418000,4361000.0,,,,,,,,,,1.0,41346730,41273000.0,,,869744000,16059000,,28254000,21.073,200060000
78,AYI,ART,2001-12-31,2002-01-14,2001-11-30,2021-08-25,-17550000,1362156000,,587824000,774332000,,9.139,,15427000,15427000,,,1.189,2.616,643652000,272337000,371315000,643652000,0,,0,0.0,0.0,,,,,,,,,,376733000,,376733000,1231785562.0,,,,,1.0,,,470456000,,1025683000,,224884000,0,0,0,985423000,494242000,491181000,603560562.0,,,,,,,,,,,,,,,,,,,104113000,,1.602,,,254462000,,14.61,,,300418000,,,,,,,,,,,1.0,41311469,41221000.0,,,891700000,17069000,,28728000,21.632,93582000
79,AYI,ART,2001-09-30,2001-11-09,2001-08-31,2021-08-25,-16998000,1330575000,,559116000,771459000,,9.333,-45774000.0,10337000,10337000,1140391000.0,40503000.0,1.265,2.471,608830000,235123000,373707000,608830000,0,62911000.0,0,,0.0,117848000.0,180759000.0,0.091,180759000.0,117848000.0,69152000.0,0.99,,0.99,383298000,,383298000,,,,137921000.0,3.358,1.0,842309000.0,0.425,468944000,48696000.0,1018057000,,210783000,0,0,0,947277000,442067000,505210000,,8827000.0,1632000.0,0.0,-28751000.0,0.0,-132137000.0,-42904000.0,0.0,183695000.0,173000.0,40503000.0,40503000.0,40503000.0,0.0,0.0,0.02,709904000.0,132405000.0,108380000,0.0,,,,248423000,0.0,,,,297762000,,1982700000.0,1982700000.0,0.0,,,,0.059,0.0,684939000.0,1.0,41311469,41068000.0,,48.278,861631000,16326000,28649000.0,31759000,20.981,117049000
80,AYI,ART,2001-09-30,2001-10-29,2001-08-31,2021-08-25,-16998000,1330575000,,559116000,771459000,,9.333,-45774000.0,10337000,10337000,1140391000.0,40503000.0,1.265,2.471,608830000,235123000,373707000,608830000,0,62911000.0,0,,0.0,117848000.0,180759000.0,0.091,180759000.0,117848000.0,69152000.0,0.99,,0.99,383298000,,383298000,,,,137921000.0,3.358,1.0,842309000.0,0.425,468944000,48696000.0,1018057000,,210783000,0,0,0,947277000,442067000,505210000,,8827000.0,1632000.0,0.0,-28751000.0,0.0,-132137000.0,-42904000.0,0.0,183695000.0,173000.0,40503000.0,40503000.0,40503000.0,0.0,0.0,0.02,709904000.0,132405000.0,108380000,0.0,,,,248423000,0.0,,,,297762000,,1982700000.0,1982700000.0,0.0,,,,0.059,0.0,684939000.0,1.0,41311469,41068000.0,,48.278,861631000,16326000,28649000.0,31759000,20.981,117049000
81,AYI,ART,2001-06-30,2001-09-27,2001-05-31,2021-08-25,-13628000,1370605000,,590757000,779848000,,,,13779000,13779000,,,1.31,2.272,637557000,254344000,383213000,637557000,0,,0,,,,,,,,,,,,418868000,,418868000,,,,,,1.0,,,478257000,,1065136000,,232274000,0,0,0,951737000,450990000,500747000,,,,,,,,,,,,,,,,,,,,102953000,,,,,246265000,,,,,312140000,,,,,,,,,,,1.0,41311469,,,,892348000,6222000,,25108000,,139767000
82,AYI,ART,2001-06-30,2001-09-06,2001-05-31,2021-08-25,-13628000,1370605000,,590757000,779848000,,,,13779000,13779000,,,1.31,2.272,637557000,254344000,383213000,637557000,0,,0,,,,,,,,,,,,418868000,,418868000,,,,,,1.0,,,478257000,,1065136000,,232274000,0,0,0,951737000,450990000,500747000,,,,,,,,,,,,,,,,,,,,102953000,,,,,246265000,,,,,312140000,,,,,,,,,,,1.0,41311469,,,,892348000,6222000,,25108000,,139767000
83,AYI,ART,2001-06-30,2001-07-03,2001-05-31,2021-08-25,-13628000,1370605000,,590757000,779848000,,,,13779000,13779000,,,1.31,2.272,637557000,254344000,383213000,637557000,0,,0,,,,,,,,,,,,418868000,,418868000,,,,,,1.0,,,478257000,,1065136000,,232274000,0,0,0,951737000,450990000,500747000,,,,,,,,,,,,,,,,,,,,102953000,,,,,246265000,,,,,312140000,,,,,,,,,,,1.0,41311469,,,,892348000,6222000,,25108000,,139767000
