None,ticker,dimension,calendardate,datekey,reportperiod,lastupdated,accoci,assets,assetsavg,assetsc,assetsnc,assetturnover,bvps,capex,cashneq,cashnequsd,cor,consolinc,currentratio,de,debt,debtc,debtnc,debtusd,deferredrev,depamor,deposits,divyield,dps,ebit,ebitda,ebitdamargin,ebitdausd,ebitusd,ebt,eps,epsdil,epsusd,equity,equityavg,equityusd,ev,evebit,evebitda,fcf,fcfps,fxusd,gp,grossmargin,intangibles,intexp,invcap,invcapavg,inventory,investments,investmentsc,investmentsnc,liabilities,liabilitiesc,liabilitiesnc,marketcap,ncf,ncfbus,ncfcommon,ncfdebt,ncfdiv,ncff,ncfi,ncfinv,ncfo,ncfx,netinc,netinccmn,netinccmnusd,netincdis,netincnci,netmargin,opex,opinc,payables,payoutratio,pb,pe,pe1,ppnenet,prefdivis,price,ps,ps1,receivables,retearn,revenue,revenueusd,rnd,roa,roe,roic,ros,sbcomp,sgna,sharefactor,sharesbas,shareswa,shareswadil,sps,tangibles,taxassets,taxexp,taxliabilities,tbvps,workingcapital
0,SPLS,MRY,2016-12-31,2017-01-28,2017-01-28,2019-05-07,-1053000000.0,8271000000.0,9989000000.0,5266000000.0,3005000000.0,1.827,5.669,-241000000.0,1137000000.0,1137000000.0,13489000000.0,-1497000000.0,1.44,1.241,1047000000.0,519000000.0,528000000.0,1047000000.0,0.0,436000000.0,0.0,0.052,0.48,-1309000000.0,-873000000.0,-0.048,-873000000.0,-1309000000.0,-1390000000.0,-2.31,-2.31,-2.31,3688000000.0,4595000000.0,3688000000.0,5930004081.0,-5.0,-6.793,693000000.0,1.065,1.0,4758000000.0,0.261,1471000000.0,81000000.0,3053000000.0,4463000000.0,1644000000.0,0.0,0.0,0.0,4575000000.0,3657000000.0,918000000.0,5959004081.0,312000000.0,11000000.0,17000000.0,-24000000.0,-311000000.0,-318000000.0,-311000000.0,-15000000.0,934000000.0,7000000.0,-1497000000.0,-1497000000.0,-1497000000.0,1038000000.0,0.0,-0.082,4967000000.0,-209000000.0,1528000000.0,-0.208,1.616,-3.981,-3.965,1121000000.0,0.0,9.16,0.327,0.327,1337000000.0,5092000000.0,18247000000.0,18247000000.0,0.0,-0.15,-0.326,-0.293,-0.072,61000000.0,3845000000.0,1.0,650546297.0,650546297.0,,28.049,6800000000.0,0.0,107000000.0,0.0,10.453,1609000000.0
1,SPLS,MRY,2015-12-31,2016-01-30,2016-01-30,2019-05-07,-1116000000.0,10172000000.0,10313500000.0,5112000000.0,5060000000.0,1.819,8.353,-354000000.0,825000000.0,825000000.0,13857000000.0,379000000.0,1.566,0.891,1031000000.0,15000000.0,1016000000.0,1031000000.0,0.0,455000000.0,0.0,0.054,0.48,620000000.0,1075000000.0,0.057,1075000000.0,620000000.0,481000000.0,0.59,0.59,0.59,5376000000.0,5314500000.0,5376000000.0,5994115983.0,10.0,5.576,624000000.0,0.97,1.0,4907000000.0,0.262,2267000000.0,139000000.0,4846000000.0,4483500000.0,1791000000.0,0.0,0.0,0.0,4788000000.0,3265000000.0,1523000000.0,5741115983.0,198000000.0,-20000000.0,17000000.0,-92000000.0,-308000000.0,-378000000.0,-374000000.0,0.0,978000000.0,-28000000.0,379000000.0,379000000.0,379000000.0,83000000.0,0.0,0.02,4189000000.0,718000000.0,1685000000.0,0.814,1.068,15.148,15.119,1286000000.0,0.0,8.92,0.306,0.306,1543000000.0,6900000000.0,18764000000.0,18764000000.0,0.0,0.037,0.071,0.138,0.033,58000000.0,3993000000.0,1.0,643622868.0,643622868.0,,29.154,7905000000.0,0.0,102000000.0,0.0,12.282,1847000000.0
2,SPLS,MRY,2014-12-31,2015-01-31,2015-01-31,2019-05-07,-1041000000.0,10308000000.0,11083471750.0,4951000000.0,5357000000.0,1.776,8.292,-356000000.0,627000000.0,627000000.0,14646000000.0,135000000.0,1.505,0.942,1110000000.0,92000000.0,1018000000.0,1110000000.0,0.0,467000000.0,0.0,0.028,0.48,311000000.0,778000000.0,0.04,778000000.0,311000000.0,263000000.0,0.21,0.21,0.21,5305000000.0,5888826500.0,5305000000.0,11256880202.0,36.0,14.469,687000000.0,1.074,1.0,5038000000.0,0.256,3015000000.0,48000000.0,4487000000.0,4618510250.0,2144000000.0,0.0,0.0,0.0,4995000000.0,3289000000.0,1706000000.0,10908621202.0,127000000.0,-19000000.0,-159000000.0,-27000000.0,-307000000.0,-493000000.0,-375000000.0,0.0,1043000000.0,-48000000.0,135000000.0,135000000.0,135000000.0,-10000000.0,0.0,0.007,4771000000.0,267000000.0,1867000000.0,2.286,2.056,80.805,81.19,1706000000.0,0.0,17.05,0.554,0.554,1928000000.0,6829000000.0,19684000000.0,19684000000.0,0.0,0.012,0.023,0.067,0.016,63000000.0,4096000000.0,1.0,639801830.0,639801830.0,,30.766,7293000000.0,0.0,128000000.0,0.0,11.399,1662000000.0
3,SPLS,MRY,2013-12-31,2014-02-01,2014-02-01,2019-05-07,-507154000.0,11174876000.0,11902537000.0,5239558000.0,5935318000.0,1.942,9.381,-358000000.0,492532000.0,492532000.0,17082000000.0,620000000.0,1.555,0.821,1104187000.0,103982000.0,1000205000.0,1104187000.0,0.0,458000000.0,0.0,0.036,0.48,1095000000.0,1553000000.0,0.067,1553000000.0,1095000000.0,976000000.0,0.95,0.94,0.95,6132263000.0,6076035500.0,6132263000.0,9184690594.0,8.0,5.914,750000000.0,1.147,1.0,6032000000.0,0.261,3616297000.0,119000000.0,4801784000.0,4800031750.0,2328299000.0,0.0,0.0,0.0,5034041000.0,3368450000.0,1665591000.0,8602376594.0,-833000000.0,-122000000.0,-259000000.0,-872000000.0,-313000000.0,-1442000000.0,-479000000.0,0.0,1108000000.0,-20000000.0,620000000.0,620000000.0,620000000.0,87000000.0,0.0,0.027,4854000000.0,1178000000.0,1997494000.0,0.505,1.403,13.875,13.853,1870719000.0,0.0,13.16,0.372,0.372,1838714000.0,7001755000.0,23114000000.0,23114000000.0,0.0,0.052,0.102,0.228,0.047,79000000.0,4735000000.0,1.0,653676033.0,653676033.0,,35.36,7558579000.0,179566000.0,356000000.0,0.0,11.563,1871108000.0
4,SPLS,MRY,2012-12-31,2013-02-02,2013-02-02,2019-05-07,-388773000.0,12280005000.0,12695835250.0,6200437000.0,6079568000.0,1.92,9.094,-340074000.0,1334302000.0,1334302000.0,17889249000.0,-210825000.0,1.403,1.003,1989104000.0,987161000.0,1001943000.0,1989104000.0,0.0,487313000.0,0.0,0.033,0.44,378041000.0,865354000.0,0.035,865354000.0,378041000.0,215564000.0,-0.31,-0.31,-0.31,6128153000.0,6544380000.0,6128153000.0,9744930037.0,26.0,11.261,879114000.0,1.305,1.0,6491261000.0,0.266,3605771000.0,162477000.0,4910411000.0,5516362250.0,2314058000.0,0.0,0.0,0.0,6143911000.0,4418625000.0,1725286000.0,9104141037.0,70153000.0,-1941000.0,-422942000.0,-87451000.0,-294147000.0,-812265000.0,-342015000.0,0.0,1219188000.0,5245000.0,-210706000.0,-210706000.0,-210706000.0,0.0,-119000.0,-0.009,5981196000.0,510065000.0,1896040000.0,-1.419,1.486,-43.208,-43.581,1963175000.0,0.0,13.51,0.373,0.373,1815586000.0,6694207000.0,24380510000.0,24380510000.0,0.0,-0.017,-0.032,0.069,0.016,117628000.0,4884284000.0,1.0,673881646.0,673881646.0,,36.179,8674234000.0,218899000.0,426270000.0,0.0,12.872,1781812000.0
5,SPLS,MRY,2011-12-31,2012-01-28,2012-01-28,2019-05-07,-319743000.0,13430622000.0,13625178000.0,6290820000.0,7139802000.0,1.81,10.03,-383654000.0,1264149000.0,1264149000.0,17974884000.0,983833000.0,1.544,0.914,2038180000.0,439143000.0,1599037000.0,2038180000.0,0.0,482056000.0,0.0,0.025,0.4,1635297000.0,2117353000.0,0.086,2117353000.0,1635297000.0,1461903000.0,1.42,1.4,1.42,7015151000.0,7141941750.0,7015151000.0,12124639883.0,7.0,5.726,1192821000.0,1.705,1.0,6689868000.0,0.271,4431911000.0,173394000.0,5698464000.0,6053856750.0,2431845000.0,0.0,0.0,0.0,6408409000.0,4074278000.0,2334131000.0,11197756883.0,-197108000.0,0.0,-555175000.0,-518788000.0,-277936000.0,-1360094000.0,-383654000.0,0.0,1576475000.0,-29835000.0,984656000.0,984656000.0,984656000.0,0.0,-823000.0,0.04,5056097000.0,1633771000.0,2220414000.0,0.282,1.596,11.372,11.275,2080361000.0,0.0,16.01,0.454,0.454,2033680000.0,7199060000.0,24664752000.0,24664752000.0,0.0,0.072,0.138,0.27,0.066,150017000.0,4991195000.0,1.0,699422666.0,699422666.0,,35.264,8998711000.0,305611000.0,477247000.0,0.0,12.866,2216542000.0
6,SPLS,MRY,2010-12-31,2011-01-29,2011-01-29,2019-05-07,-96933000.0,13911667000.0,13643221500.0,6468167000.0,7443500000.0,1.769,9.601,-408889000.0,1461257000.0,1461257000.0,17600006000.0,888569000.0,1.506,1.002,2601763000.0,587356000.0,2014407000.0,2601763000.0,0.0,498863000.0,0.0,0.016,0.36,1563935000.0,2062798000.0,0.085,2062798000.0,1563935000.0,1349525000.0,1.23,1.21,1.23,6943710000.0,6738167250.0,6943710000.0,17416398337.0,11.0,8.443,1037602000.0,1.435,1.0,6535247000.0,0.271,4595884000.0,214410000.0,6162696000.0,6139235500.0,2359173000.0,0.0,0.0,0.0,6960486000.0,4293593000.0,2666893000.0,16141718337.0,45438000.0,-63066000.0,-313153000.0,-5912000.0,-258746000.0,-938406000.0,-471955000.0,0.0,1446491000.0,9308000.0,881948000.0,881948000.0,881948000.0,0.0,6621000.0,0.037,4951898000.0,1583349000.0,2208386000.0,0.293,2.325,18.302,18.146,2147771000.0,0.0,22.32,0.669,0.669,1970483000.0,6492340000.0,24135253000.0,24135253000.0,0.0,0.065,0.131,0.255,0.065,146879000.0,4832444000.0,1.0,723195266.0,723195266.0,,33.373,9315783000.0,295232000.0,467577000.0,0.0,12.881,2174574000.0
7,SPLS,MRY,2009-12-31,2010-01-30,2010-01-30,2019-05-07,-89337000.0,13717334000.0,13434234500.0,6174767000.0,7542567000.0,1.807,9.355,-313228000.0,1415819000.0,1415819000.0,17801548000.0,757111000.0,1.633,1.013,2567598000.0,67269000.0,2500329000.0,2567598000.0,0.0,552441000.0,0.0,0.014,0.33,1374479000.0,1926920000.0,0.079,1926920000.0,1374479000.0,1137454000.0,1.04,1.02,1.04,6771886000.0,6302277750.0,6771886000.0,18512051471.0,13.0,9.607,1770980000.0,2.446,1.0,6473903000.0,0.267,4664045000.0,237025000.0,6422749000.0,6555090500.0,2261149000.0,0.0,0.0,0.0,6862394000.0,3782319000.0,3080075000.0,16982614471.0,782045000.0,0.0,120297000.0,-929466000.0,-236874000.0,-1037280000.0,-313228000.0,0.0,2084208000.0,48345000.0,738671000.0,738671000.0,738671000.0,0.0,18440000.0,0.03,5091558000.0,1382345000.0,2111696000.0,0.317,2.508,22.991,22.558,2164533000.0,0.0,23.46,0.7,0.7,1811365000.0,5869138000.0,24275451000.0,24275451000.0,0.0,0.055,0.117,0.21,0.057,165928000.0,4907236000.0,1.0,723896610.0,723896610.0,,33.534,9053289000.0,353329000.0,398783000.0,0.0,12.506,2392448000.0
8,SPLS,MRY,2008-12-31,2009-01-31,2009-01-31,2019-05-07,-494327000.0,13073055000.0,12844133000.0,5797258000.0,7275797000.0,1.797,7.8,-378329000.0,633774000.0,633774000.0,16836839000.0,814221000.0,1.196,1.339,3442176000.0,1473248000.0,1968928000.0,3442176000.0,0.0,548911000.0,0.0,0.021,0.33,1383901000.0,1932812000.0,0.084,1932812000.0,1383901000.0,1234127000.0,1.15,1.13,1.15,5564207000.0,5653795000.0,5564207000.0,14573672714.0,11.0,7.54,1307501000.0,1.833,1.0,6246936000.0,0.271,4482087000.0,149774000.0,6553816000.0,5667307000.0,2404174000.0,0.0,0.0,0.0,7450624000.0,4845554000.0,2605070000.0,11371395714.0,-611674000.0,-4381811000.0,63368000.0,2668290000.0,-231465000.0,2506042000.0,-4733124000.0,27016000.0,1685830000.0,-70422000.0,805264000.0,805264000.0,805264000.0,0.0,8957000.0,0.035,4875008000.0,1371928000.0,1967597000.0,0.287,2.044,14.121,13.861,2290626000.0,0.0,15.94,0.493,0.493,1841231000.0,5367341000.0,23083775000.0,23083775000.0,0.0,0.063,0.142,0.244,0.06,174803000.0,4631219000.0,1.0,713387435.0,713387435.0,,32.358,8590968000.0,281101000.0,428863000.0,0.0,12.042,951704000.0
9,SPLS,MRY,2007-12-31,2008-02-02,2008-02-02,2019-05-07,476399000.0,9036344000.0,8686702750.0,4555382000.0,4480962000.0,2.23,8.087,-470377000.0,1245448000.0,1245448000.0,13822011000.0,994868000.0,1.745,0.58,365975000.0,23806000.0,342169000.0,365975000.0,0.0,388895000.0,0.0,0.012,0.29,1593619000.0,1982514000.0,0.102,1982514000.0,1593619000.0,1555284000.0,1.41,1.38,1.41,5718007000.0,5336180250.0,5718007000.0,16340493958.0,10.0,8.242,890639000.0,1.26,1.0,5550671000.0,0.287,1996238000.0,38335000.0,3550735000.0,3636929500.0,2053163000.0,27016000.0,27016000.0,0.0,3318337000.0,2609898000.0,708439000.0,16920974958.0,227777000.0,-178077000.0,-582473000.0,-194719000.0,-207552000.0,-966187000.0,-217710000.0,430744000.0,1361016000.0,50658000.0,995670000.0,995670000.0,995670000.0,0.0,-802000.0,0.051,4002422000.0,1548249000.0,1560728000.0,0.206,2.959,16.995,16.972,2161139000.0,0.0,23.93,0.873,0.873,822254000.0,4793542000.0,19372682000.0,19372682000.0,0.0,0.115,0.187,0.438,0.082,154786000.0,3986758000.0,1.0,707103007.0,707103007.0,,27.397,7040106000.0,173545000.0,559614000.0,0.0,9.956,1945484000.0
10,SPLS,MRY,2006-12-31,2007-02-03,2007-02-03,2019-05-07,189115000.0,8397265000.0,7911858250.0,4431363000.0,3965902000.0,2.295,6.949,-528475000.0,1017671000.0,1017671000.0,12966788000.0,973677000.0,1.589,0.672,531630000.0,215165000.0,316465000.0,531630000.0,0.0,339299000.0,0.0,0.008,0.22,1519459000.0,1858758000.0,0.102,1858758000.0,1519459000.0,1471649000.0,1.35,1.32,1.35,5021665000.0,4689803000.0,5021665000.0,18831498318.0,12.0,10.131,622526000.0,0.861,1.0,5194001000.0,0.286,1687496000.0,47810000.0,3435345000.0,3415233250.0,1919714000.0,457759000.0,457759000.0,0.0,3375600000.0,2788383000.0,587217000.0,19113605318.0,39849000.0,-31750000.0,-580559000.0,8797000.0,-160883000.0,-696576000.0,-424904000.0,135321000.0,1151001000.0,10328000.0,973677000.0,973677000.0,973677000.0,0.0,0.0,0.054,3730932000.0,1463069000.0,1486188000.0,0.163,3.806,19.63,19.593,1974121000.0,0.0,26.45,1.052,1.052,720797000.0,4005424000.0,18160789000.0,18160789000.0,0.0,0.123,0.208,0.445,0.084,132667000.0,3716517000.0,1.0,722631581.0,722631581.0,,25.131,6709769000.0,141108000.0,497972000.0,0.0,9.285,1642980000.0
11,SPLS,MRY,2005-12-31,2006-01-28,2006-01-28,2019-05-07,87085000.0,7732720000.0,7200880500.0,4144544000.0,3588176000.0,2.233,6.128,-456103000.0,977822000.0,977822000.0,11496234000.0,784117000.0,1.671,0.725,530497000.0,2891000.0,527606000.0,530497000.0,0.0,303900000.0,0.0,0.007,0.167,1291775000.0,1595675000.0,0.099,1595675000.0,1291775000.0,1235001000.0,1.07,1.04,1.07,4481601000.0,4167533250.0,4481601000.0,17047603928.0,13.0,10.684,742518000.0,1.015,1.0,4582618000.0,0.285,1619147000.0,56774000.0,3186341000.0,3077249000.0,1706372000.0,593082000.0,593082000.0,0.0,3251119000.0,2479907000.0,771212000.0,17290066928.0,-19488000.0,-57196000.0,-481148000.0,-16200000.0,-123402000.0,-584002000.0,-634149000.0,-120850000.0,1198621000.0,42000.0,784117000.0,784117000.0,784117000.0,0.0,0.0,0.049,3348537000.0,1234081000.0,1435815000.0,0.156,3.858,22.05,22.093,1758394000.0,0.0,23.64,1.075,1.075,576672000.0,3192630000.0,16078852000.0,16078852000.0,0.0,0.109,0.188,0.42,0.08,93058000.0,3335529000.0,1.0,731390310.0,731390310.0,,21.984,6113573000.0,149257000.0,450884000.0,5845000.0,8.359,1664637000.0
12,SPLS,MRY,2004-12-31,2005-01-29,2005-01-29,2019-05-07,114427000.0,7071448000.0,6771430750.0,3781612000.0,3289836000.0,2.134,5.51,-335435000.0,997310000.0,997310000.0,10346056000.0,664575000.0,1.721,0.718,559171000.0,1244000.0,557927000.0,559171000.0,0.0,278845000.0,0.0,0.006,0.133,1086463000.0,1365308000.0,0.094,1365308000.0,1086463000.0,1046575000.0,0.9,0.87,0.9,4115196000.0,3838580250.0,4115196000.0,15647643158.0,14.0,11.461,802568000.0,1.075,1.0,4102322000.0,0.284,1543984000.0,39888000.0,2892464000.0,2954795250.0,1602530000.0,472231000.0,472231000.0,0.0,2956252000.0,2196861000.0,759391000.0,16002612158.0,539845000.0,-140987000.0,-305336000.0,-235081000.0,-99527000.0,-598739000.0,-14378000.0,462044000.0,1138003000.0,14959000.0,664575000.0,664575000.0,664575000.0,0.0,0.0,0.046,3045446000.0,1056876000.0,1241433000.0,0.148,3.889,24.079,23.807,1600874000.0,0.0,21.427,1.108,1.108,485126000.0,2818163000.0,14448378000.0,14448378000.0,0.0,0.098,0.173,0.368,0.075,73656000.0,3036703000.0,1.0,746854955.0,746854955.0,,19.346,5527464000.0,86041000.0,382000000.0,23314000.0,7.401,1584751000.0
13,SPLS,MRY,2003-12-31,2004-01-31,2004-01-31,2019-05-07,81002000.0,6503046000.0,5966194500.0,3478904000.0,3024142000.0,2.173,4.932,-277793000.0,457465000.0,457465000.0,9468890000.0,490211000.0,1.638,0.775,757583000.0,190150000.0,567433000.0,757583000.0,0.0,282811000.0,0.0,0.0,0.0,809687000.0,1092498000.0,0.084,1092498000.0,809687000.0,778112000.0,0.68,0.66,0.68,3662900000.0,3216215250.0,3662900000.0,12866056831.0,16.0,11.777,741939000.0,0.999,1.0,3498132000.0,0.27,1411548000.0,31575000.0,3268382000.0,2812354750.0,1465989000.0,934275000.0,934275000.0,0.0,2840146000.0,2123234000.0,716912000.0,13175854831.0,-38424000.0,-2910000.0,385506000.0,-350235000.0,0.0,35271000.0,-1114803000.0,-834100000.0,1019732000.0,21376000.0,490211000.0,490211000.0,490211000.0,0.0,0.0,0.038,2699844000.0,798288000.0,1110631000.0,0.0,3.597,26.878,26.088,1505301000.0,0.0,17.74,1.016,1.016,410330000.0,2209302000.0,12967022000.0,12967022000.0,0.0,0.082,0.152,0.288,0.062,0.0,2691858000.0,1.0,742720115.0,742720115.0,,17.459,5091498000.0,96247000.0,287901000.0,7563000.0,6.855,1355670000.0
14,SPLS,MRY,2002-12-31,2003-02-01,2003-02-01,2019-05-07,11481000.0,5721388000.0,4922491250.0,2717476000.0,3003912000.0,2.356,3.767,-264692000.0,495889000.0,495889000.0,8652593000.0,446100000.0,1.249,1.152,1059712000.0,327671000.0,732041000.0,1059712000.0,0.0,267209000.0,0.0,0.0,0.0,692740000.0,959949000.0,0.083,959949000.0,692740000.0,662063000.0,0.64,0.627,0.64,2658892000.0,2398673250.0,2658892000.0,8914659444.0,13.0,9.287,649658000.0,0.92,1.0,2943482000.0,0.254,1424215000.0,30677000.0,2685670000.0,2580374250.0,1555205000.0,100175000.0,100175000.0,0.0,3062496000.0,2175326000.0,887170000.0,8080016444.0,101065000.0,-1171187000.0,78421000.0,635662000.0,0.0,714083000.0,-1536401000.0,-100175000.0,914350000.0,9033000.0,446100000.0,446100000.0,446100000.0,0.0,0.0,0.038,2260810000.0,682672000.0,1092172000.0,0.0,3.039,18.113,17.885,1447752000.0,0.0,11.447,0.697,0.697,364419000.0,1719091000.0,11596075000.0,11596075000.0,0.0,0.091,0.186,0.268,0.06,0.0,2249929000.0,1.0,705883790.0,705883790.0,,16.428,4297173000.0,96229000.0,215963000.0,0.0,6.088,542150000.0
15,SPLS,MRY,2001-12-31,2002-02-02,2002-02-02,2019-05-07,-27129000.0,4093035000.0,4002500750.0,2402827000.0,1690208000.0,2.684,2.967,-340118000.0,394824000.0,394824000.0,8173880000.0,264970000.0,1.506,0.993,355208000.0,4983000.0,350225000.0,355208000.0,0.0,248965000.0,0.0,0.0,0.0,458064000.0,707029000.0,0.066,707029000.0,458064000.0,430845000.0,0.267,0.267,0.267,2054174000.0,1909678000.0,2054174000.0,8715032456.0,19.0,12.326,430790000.0,0.622,1.0,2570493000.0,0.239,223718000.0,27219000.0,2234002000.0,2568229000.0,1459792000.0,0.0,0.0,0.0,2038861000.0,1595699000.0,443162000.0,8276780456.0,131264000.0,0.0,27466000.0,-364193000.0,0.0,-318700000.0,-315747000.0,26939000.0,770908000.0,-5197000.0,264970000.0,264970000.0,264970000.0,0.0,0.0,0.025,2112429000.0,458064000.0,935442000.0,0.0,4.029,31.237,44.769,1358752000.0,0.0,11.953,0.77,0.77,338581000.0,1272991000.0,10744373000.0,10744373000.0,0.0,0.066,0.139,0.178,0.043,0.0,2031351000.0,1.0,692424467.0,692424467.0,,15.517,3869317000.0,117560000.0,165875000.0,0.0,5.588,807128000.0
16,SPLS,MRY,2000-12-31,2001-02-03,2001-02-03,2019-05-07,-14354000.0,3983923000.0,4092567250.0,2356111000.0,1627812000.0,2.608,2.575,-450217000.0,263560000.0,263560000.0,8097166000.0,59712000.0,1.377,1.277,625762000.0,184505000.0,441257000.0,625762000.0,0.0,223510000.0,0.0,0.0,0.0,289343000.0,512853000.0,0.048,512853000.0,289343000.0,244185000.0,0.0,0.0,0.0,1749424000.0,1847499250.0,1749424000.0,8037012129.0,28.0,15.671,132180000.0,0.195,1.0,2576505000.0,0.241,238536000.0,45158000.0,2396310000.0,2822065500.0,1639698000.0,0.0,0.0,0.0,2234499000.0,1711279000.0,523220000.0,7360849129.0,153077000.0,0.0,-157572000.0,232183000.0,0.0,74611000.0,-500424000.0,-49991000.0,582397000.0,-3507000.0,59712000.0,59712000.0,59712000.0,0.0,0.0,0.006,2287162000.0,289343000.0,983851000.0,,4.208,123.273,,1300525000.0,0.0,10.833,0.69,0.69,297916000.0,1008021000.0,10673671000.0,10673671000.0,0.0,0.015,0.032,0.103,0.027,0.0,2052737000.0,1.0,679462997.0,679462997.0,,15.709,3745387000.0,43955000.0,184473000.0,0.0,5.512,644832000.0
17,SPLS,MRY,1999-12-31,2000-01-29,2000-01-29,2019-05-07,2178000.0,3846076000.0,3558803500.0,2193451000.0,1652625000.0,2.511,2.595,-355081000.0,110483000.0,110483000.0,6721563000.0,314988000.0,1.508,1.103,513122000.0,12219000.0,500903000.0,513122000.0,0.0,172658000.0,0.0,0.0,0.0,533475000.0,706133000.0,0.079,706133000.0,533475000.0,516374000.0,0.28,0.273,0.28,1828813000.0,1738702000.0,1828813000.0,10525376900.0,20.0,14.906,-55556000.0,-0.079,1.0,2215246000.0,0.248,387595000.0,17101000.0,2406216000.0,2125352000.0,1607516000.0,0.0,0.0,0.0,2017263000.0,1454904000.0,562359000.0,10100798900.0,-247510000.0,-244021000.0,-220999000.0,281468000.0,0.0,60469000.0,-609030000.0,-7504000.0,299525000.0,1526000.0,314988000.0,314988000.0,314988000.0,0.0,0.0,0.035,1681771000.0,533475000.0,897523000.0,0.0,5.523,32.067,51.19,1094762000.0,0.0,14.333,1.13,1.13,360901000.0,948309000.0,8936809000.0,8936809000.0,0.0,0.089,0.181,0.251,0.06,0.0,1653272000.0,1.0,704706900.0,704706900.0,,12.682,3458481000.0,74642000.0,201386000.0,0.0,4.908,738547000.0
18,SPLS,MRY,1998-12-31,1999-01-30,1999-01-30,2019-05-07,-11668000.0,3179266000.0,2795790250.0,2064100000.0,1115166000.0,2.548,2.396,-350029000.0,357993000.0,357993000.0,5396923000.0,185370000.0,1.631,0.919,237609000.0,32594000.0,205015000.0,237609000.0,0.0,126928000.0,0.0,0.0,0.0,323766000.0,450694000.0,0.063,450694000.0,323766000.0,306396000.0,0.287,0.273,0.287,1656886000.0,1242079500.0,1656886000.0,13538839397.0,42.0,30.04,56028000.0,0.081,1.0,1726266000.0,0.242,148201000.0,17370000.0,1645349000.0,1849302000.0,1340432000.0,17428000.0,17428000.0,0.0,1522380000.0,1265332000.0,257048000.0,13197304397.0,-23095000.0,-13500000.0,8002000.0,-25062000.0,0.0,-32964000.0,-395628000.0,3875000.0,406057000.0,-560000.0,185370000.0,185370000.0,185370000.0,0.0,0.0,0.026,1402635000.0,323631000.0,794427000.0,0.0,7.965,71.194,66.504,840289000.0,0.0,19.087,1.853,1.853,221836000.0,633321000.0,7123189000.0,7123189000.0,0.0,0.066,0.149,0.175,0.045,0.0,1294354000.0,1.0,691441027.0,691441027.0,,10.302,3031065000.0,103996000.0,121026000.0,0.0,4.384,798768000.0
19,SPLS,MRY,1997-12-31,1998-01-31,1998-01-31,2019-05-07,-9259000.0,2638862000.0,2213307000.0,1786140000.0,852722000.0,2.59,1.929,-190659000.0,381088000.0,381088000.0,4377690000.0,167914000.0,1.818,1.411,562460000.0,43501000.0,518959000.0,562460000.0,0.0,90714000.0,0.0,0.0,0.0,271793000.0,362507000.0,0.063,362507000.0,271793000.0,249838000.0,0.273,0.26,0.273,1094485000.0,928085500.0,1094485000.0,,,,202161000.0,0.356,1.0,1354455000.0,0.236,139753000.0,21955000.0,1698001000.0,1551155500.0,1124642000.0,22352000.0,5902000.0,16450000.0,1544377000.0,982480000.0,561897000.0,4580807913.0,264053000.0,-83113000.0,48043000.0,135903000.0,0.0,158771000.0,-284818000.0,3669000.0,392820000.0,-2720000.0,167914000.0,167914000.0,167914000.0,0.0,0.0,0.029,1076793000.0,277662000.0,672956000.0,0.0,4.185,27.281,29.575,610262000.0,0.0,8.074,0.799,0.799,203143000.0,510040000.0,5732145000.0,5732145000.0,0.0,0.076,0.181,0.175,0.047,0.0,1034104000.0,1.0,567347769.0,567347769.0,,10.103,2499109000.0,48559000.0,81924000.0,0.0,4.405,803660000.0
20,SPLS,MRY,1996-12-31,1997-02-01,1997-02-01,2019-05-07,-117000.0,1787752000.0,,1151348000.0,636404000.0,,,-212007000.0,98143000.0,98143000.0,3410263000.0,144742000.0,1.911,1.347,398562000.0,7220000.0,391342000.0,398562000.0,0.0,61497000.0,0.0,0.0,0.0,234325000.0,295822000.0,0.066,295822000.0,234325000.0,211363000.0,0.24,0.233,0.24,761686000.0,,761686000.0,,,,-23261000.0,,1.0,1083326000.0,0.241,81306000.0,22962000.0,1404310000.0,,813661000.0,48528000.0,7986000.0,40542000.0,1026066000.0,602555000.0,423511000.0,,-7586000.0,-18629000.0,21773000.0,50504000.0,0.0,47369000.0,-244344000.0,-10831000.0,188746000.0,643000.0,144742000.0,144742000.0,144742000.0,0.0,0.0,0.032,837928000.0,245398000.0,421051000.0,0.0,,,25.309,442857000.0,0.0,6.074,,,167072000.0,253183000.0,4493589000.0,4493589000.0,0.0,,,,0.052,0.0,827338000.0,1.0,,,,,1706446000.0,47910000.0,66621000.0,0.0,,548793000.0
21,SPLS,MRY,1995-12-31,1996-02-03,1996-02-03,2019-05-07,,,,,,,,-116295000.0,,,2366183000.0,73705000.0,,,,,,,,43551000.0,,0.0,0.0,135660000.0,179211000.0,0.058,179211000.0,135660000.0,119845000.0,0.142,0.138,0.142,,,,,,,-156439000.0,,1.0,701878000.0,0.229,,15815000.0,,,,,,,,,,,56320000.0,-22088000.0,16964000.0,201985000.0,0.0,218949000.0,-122627000.0,16519000.0,-40144000.0,142000.0,73705000.0,73705000.0,73705000.0,0.0,0.0,0.024,554065000.0,147813000.0,,0.0,,,35.472,,0.0,5.037,,,,,3068061000.0,3068061000.0,0.0,,,,0.044,0.0,546491000.0,,,,,,,,46140000.0,,,
0,SPLS,MRQ,2017-06-30,2017-07-29,2017-07-29,2019-05-07,-471000000.0,7666000000.0,,4754000000.0,2912000000.0,,5.186,-45000000.0,1199000000.0,1199000000.0,2908000000.0,55000000.0,1.434,1.261,1048000000.0,524000000.0,524000000.0,1048000000.0,0.0,85000000.0,0.0,0.047,0.12,104000000.0,189000000.0,0.048,189000000.0,104000000.0,94000000.0,0.08,0.08,0.08,3387000000.0,,3387000000.0,6380098991.0,-5.0,-7.632,-24000000.0,-0.037,1.0,997000000.0,0.255,1457000000.0,10000000.0,2742000000.0,,1870000000.0,0.0,0.0,0.0,4271000000.0,3316000000.0,955000000.0,6623098991.0,-91000000.0,-7000000.0,-3000000.0,1000000.0,-79000000.0,-68000000.0,-52000000.0,0.0,21000000.0,8000000.0,55000000.0,55000000.0,55000000.0,8000000.0,0.0,0.014,895000000.0,102000000.0,1732000000.0,1.5,1.955,-4.32,-4.297,1057000000.0,0.0,10.14,0.403,0.403,1342000000.0,4174000000.0,3905000000.0,3905000000.0,0.0,,,,,13000000.0,881000000.0,1.0,653165581.0,653165581.0,,5.979,6209000000.0,0.0,39000000.0,0.0,9.506,1438000000.0
1,SPLS,MRQ,2017-03-31,2017-04-29,2017-04-29,2019-05-07,-497000000.0,7510000000.0,,4585000000.0,2925000000.0,,5.149,-21000000.0,1290000000.0,1290000000.0,3071000000.0,-815000000.0,1.436,1.233,1047000000.0,521000000.0,526000000.0,1047000000.0,0.0,91000000.0,0.0,0.049,0.12,-752000000.0,-661000000.0,-0.159,-661000000.0,-752000000.0,-762000000.0,-1.25,-1.24,-1.25,3360000000.0,,3360000000.0,6286216351.0,-3.0,-3.57,237000000.0,0.363,1.0,1078000000.0,0.26,1460000000.0,10000000.0,2613000000.0,,1623000000.0,0.0,0.0,0.0,4142000000.0,3194000000.0,948000000.0,6375216351.0,153000000.0,6000000.0,0.0,-2000000.0,-78000000.0,-80000000.0,-15000000.0,0.0,258000000.0,-10000000.0,-815000000.0,-815000000.0,-815000000.0,920000000.0,0.0,-0.196,914000000.0,164000000.0,1655000000.0,-0.096,1.897,-2.708,-2.699,1071000000.0,0.0,9.77,0.385,0.385,1342000000.0,4196000000.0,4149000000.0,4149000000.0,0.0,,,,,11000000.0,897000000.0,1.0,652529821.0,652529821.0,,6.358,6050000000.0,0.0,53000000.0,0.0,9.272,1391000000.0
2,SPLS,MRQ,2016-12-31,2017-01-28,2017-01-28,2019-05-07,-1053000000.0,8271000000.0,,5266000000.0,3005000000.0,,5.669,-83000000.0,1137000000.0,1137000000.0,2204000000.0,-952000000.0,1.44,1.241,1047000000.0,519000000.0,528000000.0,1047000000.0,0.0,104000000.0,0.0,0.052,0.12,-872000000.0,-768000000.0,-0.253,-768000000.0,-872000000.0,-882000000.0,-1.47,-1.47,-1.47,3688000000.0,,3688000000.0,5930004081.0,-5.0,-6.793,221000000.0,0.34,1.0,835000000.0,0.275,1471000000.0,10000000.0,3053000000.0,,1644000000.0,0.0,0.0,0.0,4575000000.0,3657000000.0,918000000.0,5959004081.0,61000000.0,-72000000.0,15000000.0,-11000000.0,-78000000.0,-74000000.0,-170000000.0,-15000000.0,304000000.0,1000000.0,-952000000.0,-952000000.0,-952000000.0,1038000000.0,0.0,-0.313,675000000.0,160000000.0,1528000000.0,-0.082,1.616,-3.981,-3.965,1121000000.0,0.0,9.16,0.327,0.327,1337000000.0,5092000000.0,3039000000.0,3039000000.0,0.0,,,,,14000000.0,568000000.0,1.0,650546297.0,650546297.0,,4.671,6800000000.0,0.0,70000000.0,0.0,10.453,1609000000.0
3,SPLS,MRQ,2016-09-30,2016-10-29,2016-10-29,2019-05-07,-1096000000.0,9387000000.0,,5334000000.0,4053000000.0,,7.145,-56000000.0,1076000000.0,1076000000.0,3912000000.0,179000000.0,1.646,1.018,1047000000.0,23000000.0,1024000000.0,1047000000.0,0.0,109000000.0,0.0,0.065,0.12,295000000.0,404000000.0,0.075,404000000.0,295000000.0,284000000.0,0.28,0.27,0.28,4647000000.0,,4647000000.0,5227612519.0,-16.0,43.203,585000000.0,0.899,1.0,1443000000.0,0.269,2212000000.0,11000000.0,3905000000.0,,2019000000.0,0.0,0.0,0.0,4732000000.0,3241000000.0,1491000000.0,4780612519.0,301000000.0,0.0,-2000000.0,-193000000.0,-78000000.0,-273000000.0,-56000000.0,0.0,641000000.0,-11000000.0,179000000.0,179000000.0,179000000.0,0.0,0.0,0.033,1143000000.0,300000000.0,2025000000.0,0.429,1.029,-10.393,-10.352,1412000000.0,0.0,7.35,0.286,0.286,1865000000.0,6122000000.0,5355000000.0,5355000000.0,0.0,,,,,14000000.0,1078000000.0,1.0,650423472.0,650423472.0,,8.233,7175000000.0,0.0,105000000.0,0.0,11.031,2093000000.0
4,SPLS,MRQ,2016-06-30,2016-07-30,2016-07-30,2019-05-07,-1068000000.0,9483000000.0,,5248000000.0,4235000000.0,,7.062,-58000000.0,775000000.0,775000000.0,3007000000.0,-766000000.0,1.544,1.076,1222000000.0,207000000.0,1015000000.0,1222000000.0,0.0,110000000.0,0.0,0.052,0.12,-846000000.0,-736000000.0,-0.183,-736000000.0,-846000000.0,-864000000.0,-1.18,-1.18,-1.18,4564000000.0,,4564000000.0,6064008153.0,-20.0,43.626,-345000000.0,-0.534,1.0,1025000000.0,0.254,2260000000.0,18000000.0,4271000000.0,,2233000000.0,0.0,0.0,0.0,4911000000.0,3399000000.0,1512000000.0,6004008153.0,-171000000.0,83000000.0,-9000000.0,185000000.0,-77000000.0,115000000.0,14000000.0,0.0,-287000000.0,-13000000.0,-766000000.0,-766000000.0,-766000000.0,659000000.0,0.0,-0.19,1176000000.0,-151000000.0,2049000000.0,-0.102,1.316,-13.615,-13.662,1465000000.0,0.0,9.29,0.354,0.354,1808000000.0,6021000000.0,4032000000.0,4032000000.0,0.0,,,,,16000000.0,900000000.0,1.0,646287207.0,646287207.0,,6.239,7223000000.0,0.0,-98000000.0,0.0,11.176,1849000000.0
5,SPLS,MRQ,2016-03-31,2016-04-30,2016-04-30,2019-05-07,-982000000.0,12815000000.0,,5289000000.0,7526000000.0,,8.488,-44000000.0,3446000000.0,3446000000.0,3251000000.0,41000000.0,1.593,1.337,3506000000.0,17000000.0,3489000000.0,3506000000.0,0.0,113000000.0,0.0,0.047,0.12,109000000.0,222000000.0,0.051,222000000.0,109000000.0,67000000.0,0.06,0.06,0.06,5481000000.0,,5481000000.0,6796721624.0,11.0,6.293,232000000.0,0.359,1.0,1112000000.0,0.255,2932000000.0,42000000.0,6623000000.0,,2082000000.0,0.0,0.0,0.0,7326000000.0,3320000000.0,4006000000.0,6586721624.0,121000000.0,0.0,-3000000.0,-5000000.0,-78000000.0,-86000000.0,-99000000.0,0.0,276000000.0,30000000.0,41000000.0,41000000.0,41000000.0,19000000.0,0.0,0.009,958000000.0,154000000.0,2031000000.0,2.0,1.202,18.246,18.214,1552000000.0,0.0,10.2,0.369,0.369,1846000000.0,6864000000.0,4363000000.0,4363000000.0,0.0,,,,,17000000.0,937000000.0,1.0,645757022.0,645757022.0,,6.756,9883000000.0,0.0,26000000.0,0.0,15.305,1969000000.0
6,SPLS,MRQ,2015-12-31,2016-01-30,2016-01-30,2019-05-07,-1116000000.0,10172000000.0,,5112000000.0,5060000000.0,,8.353,-148000000.0,825000000.0,825000000.0,2198000000.0,86000000.0,1.566,0.891,1031000000.0,15000000.0,1016000000.0,1031000000.0,0.0,112000000.0,0.0,0.054,0.12,119000000.0,231000000.0,0.078,231000000.0,119000000.0,70000000.0,0.13,0.14,0.13,5376000000.0,,5376000000.0,5994115983.0,10.0,5.576,127000000.0,0.197,1.0,775000000.0,0.261,2267000000.0,49000000.0,4846000000.0,,1791000000.0,0.0,0.0,0.0,4788000000.0,3265000000.0,1523000000.0,5741115983.0,43000000.0,1000000.0,16000000.0,-7000000.0,-77000000.0,-68000000.0,-147000000.0,0.0,275000000.0,-17000000.0,86000000.0,86000000.0,86000000.0,83000000.0,0.0,0.029,562000000.0,213000000.0,1685000000.0,0.923,1.068,15.148,15.119,1286000000.0,0.0,8.92,0.306,0.306,1543000000.0,6900000000.0,2973000000.0,2973000000.0,0.0,,,,,14000000.0,527000000.0,1.0,643622868.0,643622868.0,,4.619,7905000000.0,0.0,-16000000.0,0.0,12.282,1847000000.0
7,SPLS,MRQ,2015-09-30,2015-10-31,2015-10-31,2019-05-07,-1113000000.0,10318000000.0,,5439000000.0,4879000000.0,,8.296,-76000000.0,782000000.0,782000000.0,4071000000.0,198000000.0,1.636,0.931,1035000000.0,19000000.0,1016000000.0,1035000000.0,0.0,111000000.0,0.0,0.037,0.12,311000000.0,422000000.0,0.075,422000000.0,311000000.0,271000000.0,0.31,0.31,0.31,5339000000.0,,5339000000.0,8856919638.0,29.0,11.563,327000000.0,0.508,1.0,1522000000.0,0.272,2955000000.0,40000000.0,4291000000.0,,2156000000.0,0.0,0.0,0.0,4971000000.0,3325000000.0,1646000000.0,8359919638.0,171000000.0,0.0,-1000000.0,-74000000.0,-78000000.0,-152000000.0,-76000000.0,0.0,403000000.0,-4000000.0,198000000.0,198000000.0,198000000.0,0.0,0.0,0.035,1204000000.0,318000000.0,2022000000.0,0.387,1.566,253.331,259.8,1570000000.0,0.0,12.99,0.448,0.448,1967000000.0,6892000000.0,5593000000.0,5593000000.0,0.0,,,,,14000000.0,1163000000.0,1.0,643565792.0,643565792.0,,8.691,7363000000.0,199000000.0,73000000.0,0.0,11.441,2114000000.0
8,SPLS,MRQ,2015-06-30,2015-08-01,2015-08-01,2019-05-07,-1104000000.0,10326000000.0,,5374000000.0,4952000000.0,,8.14,-76000000.0,611000000.0,611000000.0,3673000000.0,36000000.0,1.575,0.979,1108000000.0,90000000.0,1018000000.0,1108000000.0,0.0,114000000.0,0.0,0.033,0.12,91000000.0,205000000.0,0.042,205000000.0,91000000.0,56000000.0,0.06,0.06,0.06,5215000000.0,,5215000000.0,9742013779.0,31.0,12.379,-76000000.0,-0.119,1.0,1264000000.0,0.256,2972000000.0,35000000.0,4439000000.0,,2360000000.0,0.0,0.0,0.0,5103000000.0,3412000000.0,1691000000.0,9424013779.0,-184000000.0,-12000000.0,0.0,-7000000.0,-77000000.0,-80000000.0,-88000000.0,0.0,0.0,-16000000.0,36000000.0,36000000.0,36000000.0,0.0,0.0,0.007,1172000000.0,92000000.0,2129000000.0,2.0,1.807,181.231,183.875,1597000000.0,0.0,14.71,0.496,0.496,1862000000.0,6771000000.0,4937000000.0,4937000000.0,0.0,,,,,14000000.0,1131000000.0,1.0,640653554.0,640653554.0,,7.706,7354000000.0,214000000.0,20000000.0,0.0,11.479,1962000000.0
9,SPLS,MRQ,2015-03-31,2015-05-02,2015-05-02,2019-05-07,-1018000000.0,10438000000.0,,5381000000.0,5057000000.0,,8.319,-54000000.0,795000000.0,795000000.0,3915000000.0,59000000.0,1.587,0.958,1113000000.0,93000000.0,1020000000.0,1113000000.0,0.0,118000000.0,0.0,0.029,0.12,100000000.0,218000000.0,0.041,218000000.0,100000000.0,84000000.0,0.09,0.09,0.09,5328000000.0,,5328000000.0,11062983120.0,44.0,15.365,246000000.0,0.384,1.0,1347000000.0,0.256,3007000000.0,16000000.0,4358000000.0,,2211000000.0,0.0,0.0,0.0,5102000000.0,3391000000.0,1711000000.0,10574442120.0,168000000.0,-9000000.0,2000000.0,-4000000.0,-76000000.0,-78000000.0,-63000000.0,0.0,300000000.0,9000000.0,59000000.0,59000000.0,59000000.0,0.0,0.0,0.011,1249000000.0,98000000.0,2030000000.0,1.333,1.985,107.902,110.067,1644000000.0,0.0,16.51,0.548,0.548,1865000000.0,6811000000.0,5262000000.0,5262000000.0,0.0,,,,,16000000.0,1172000000.0,1.0,640487106.0,640487106.0,,8.216,7431000000.0,220000000.0,25000000.0,0.0,11.602,1990000000.0
10,SPLS,MRQ,2014-12-31,2015-01-31,2015-01-31,2019-05-07,-1041000000.0,10308000000.0,,4951000000.0,5357000000.0,,8.292,-158000000.0,627000000.0,627000000.0,2125000000.0,-260000000.0,1.505,0.942,1110000000.0,92000000.0,1018000000.0,1110000000.0,0.0,121000000.0,0.0,0.028,0.12,-200000000.0,-79000000.0,-0.028,-79000000.0,-200000000.0,-211000000.0,-0.41,-0.4,-0.41,5305000000.0,,5305000000.0,11256880202.0,36.0,14.469,-23000000.0,-0.036,1.0,723000000.0,0.254,3015000000.0,11000000.0,4487000000.0,,2144000000.0,0.0,0.0,0.0,4995000000.0,3289000000.0,1706000000.0,10908621202.0,-142000000.0,-10000000.0,4000000.0,-1000000.0,-77000000.0,-74000000.0,-168000000.0,0.0,135000000.0,-35000000.0,-260000000.0,-260000000.0,-260000000.0,-10000000.0,0.0,-0.091,936000000.0,-213000000.0,1867000000.0,-0.293,2.056,80.805,81.19,1706000000.0,0.0,17.05,0.554,0.554,1928000000.0,6829000000.0,2848000000.0,2848000000.0,0.0,,,,,12000000.0,469000000.0,1.0,639801830.0,639801830.0,,4.451,7293000000.0,0.0,49000000.0,0.0,11.399,1662000000.0
11,SPLS,MRQ,2014-09-30,2014-11-01,2014-11-01,2019-05-07,-643764000.0,11304403000.0,,5598635000.0,5705768000.0,,9.351,-91000000.0,770007000.0,770007000.0,4366000000.0,217000000.0,1.546,0.875,1118266000.0,92526000.0,1025740000.0,1118266000.0,0.0,116000000.0,0.0,0.038,0.12,327000000.0,443000000.0,0.074,443000000.0,327000000.0,314000000.0,0.34,0.34,0.34,6024089000.0,,6024089000.0,8878785531.0,10.0,6.746,513000000.0,0.796,1.0,1596000000.0,0.268,3541607000.0,13000000.0,4490333000.0,,2349721000.0,0.0,0.0,0.0,5271813000.0,3620722000.0,1651091000.0,8168470531.0,352000000.0,9000000.0,-57000000.0,-25000000.0,-76000000.0,-158000000.0,-83000000.0,0.0,604000000.0,-11000000.0,217000000.0,217000000.0,217000000.0,0.0,0.0,0.036,1274000000.0,322000000.0,2201050000.0,0.353,1.356,13.45,13.489,1730093000.0,0.0,12.68,0.36,0.36,1964553000.0,7166108000.0,5962000000.0,5962000000.0,0.0,,,,,14000000.0,1224000000.0,1.0,644201146.0,644201146.0,,9.255,7762796000.0,195464000.0,97000000.0,0.0,12.05,1977913000.0
12,SPLS,MRQ,2014-06-30,2014-08-02,2014-08-02,2019-05-07,-506919000.0,11278024000.0,,5431874000.0,5846150000.0,,9.377,-59000000.0,417206000.0,417206000.0,3912000000.0,82000000.0,1.544,0.859,1127521000.0,111822000.0,1015699000.0,1127521000.0,0.0,113000000.0,0.0,0.042,0.12,25000000.0,138000000.0,0.026,138000000.0,25000000.0,12000000.0,0.13,0.13,0.13,6063378000.0,,6063378000.0,7803592872.0,10.0,6.128,-114000000.0,-0.176,1.0,1308000000.0,0.251,3632308000.0,13000000.0,4836983000.0,,2541191000.0,0.0,0.0,0.0,5206234000.0,3519048000.0,1687186000.0,7397324872.0,-375000000.0,-68000000.0,-36000000.0,-75000000.0,-77000000.0,-188000000.0,-126000000.0,0.0,-55000000.0,-6000000.0,82000000.0,82000000.0,82000000.0,0.0,0.0,0.016,1288000000.0,20000000.0,2171912000.0,0.923,1.22,14.076,14.123,1776144000.0,0.0,11.44,0.324,0.324,1841614000.0,7026061000.0,5220000000.0,5220000000.0,0.0,,,,,16000000.0,1180000000.0,1.0,646619307.0,646619307.0,,8.073,7645716000.0,189838000.0,-70000000.0,0.0,11.824,1912826000.0
13,SPLS,MRQ,2014-03-31,2014-05-03,2014-05-03,2019-05-07,-435538000.0,11443460000.0,,5530295000.0,5913165000.0,,9.471,-48000000.0,792901000.0,792901000.0,4244000000.0,96000000.0,1.551,0.856,1199169000.0,182272000.0,1016897000.0,1199169000.0,0.0,117000000.0,0.0,0.038,0.12,160000000.0,277000000.0,0.049,277000000.0,160000000.0,148000000.0,0.15,0.15,0.15,6162839000.0,,6162839000.0,8823747660.0,9.0,6.157,311000000.0,0.478,1.0,1410000000.0,0.249,3624254000.0,12000000.0,4659725000.0,,2336369000.0,0.0,0.0,0.0,5272326000.0,3565749000.0,1706577000.0,8212092660.0,292000000.0,50000000.0,-70000000.0,74000000.0,-77000000.0,-73000000.0,2000000.0,0.0,359000000.0,4000000.0,96000000.0,96000000.0,96000000.0,0.0,0.0,0.017,1273000000.0,137000000.0,2088482000.0,0.8,1.333,15.038,15.024,1825723000.0,0.0,12.62,0.358,0.358,1849060000.0,7020914000.0,5654000000.0,5654000000.0,0.0,,,,,21000000.0,1223000000.0,1.0,650720496.0,650720496.0,,8.689,7819206000.0,189399000.0,52000000.0,0.0,12.016,1964546000.0
14,SPLS,MRQ,2013-12-31,2014-02-01,2014-02-01,2019-05-07,-507154000.0,11174876000.0,,5239558000.0,5935318000.0,,9.381,-166637000.0,492532000.0,492532000.0,4366242000.0,212314000.0,1.555,0.821,1104187000.0,103982000.0,1000205000.0,1104187000.0,0.0,116101000.0,0.0,0.036,0.12,342090000.0,458191000.0,0.078,458191000.0,342090000.0,314772000.0,0.32,0.32,0.32,6132263000.0,,6132263000.0,9184690594.0,8.0,5.914,66224000.0,0.101,1.0,1506768000.0,0.257,3616297000.0,27318000.0,4801784000.0,,2328299000.0,0.0,0.0,0.0,5034041000.0,3368450000.0,1665591000.0,8602376594.0,-890574000.0,-334000.0,-11892000.0,-863751000.0,-78061000.0,-953772000.0,-165971000.0,0.0,232861000.0,-3692000.0,212314000.0,212314000.0,212314000.0,65000.0,0.0,0.036,1168158000.0,338610000.0,1997494000.0,0.375,1.403,13.875,13.853,1870719000.0,0.0,13.16,0.372,0.372,1838714000.0,7001755000.0,5873010000.0,5873010000.0,0.0,,,,,19051000.0,1153794000.0,1.0,653676033.0,653676033.0,,8.985,7558579000.0,179566000.0,102458000.0,0.0,11.563,1871108000.0
15,SPLS,MRQ,2013-09-30,2013-11-02,2013-11-02,2019-05-07,-444116000.0,12179506000.0,,6249367000.0,5930139000.0,,9.167,-75715000.0,1391171000.0,1391171000.0,4456969000.0,135228000.0,1.402,1.01,1973485000.0,972969000.0,1000516000.0,1973485000.0,0.0,113122000.0,0.0,0.029,0.12,287033000.0,400155000.0,0.065,400155000.0,287033000.0,256587000.0,0.21,0.21,0.21,6054858000.0,,6054858000.0,11465234347.0,12.0,7.969,451859000.0,0.684,1.0,1654726000.0,0.271,3646557000.0,30446000.0,4658191000.0,,2421873000.0,0.0,0.0,0.0,6116122000.0,4457072000.0,1659050000.0,10686790347.0,199827000.0,-87368000.0,-101559000.0,10613000.0,-78022000.0,-168649000.0,-163083000.0,0.0,527574000.0,3985000.0,135228000.0,135228000.0,135228000.0,84857000.0,0.0,0.022,1288130000.0,366596000.0,2114917000.0,0.571,1.765,22.001,21.573,1826624000.0,0.0,16.18,0.449,0.449,1895679000.0,6866954000.0,6111695000.0,6111695000.0,0.0,,,,,14761000.0,1210251000.0,1.0,660493841.0,660493841.0,,9.253,8532949000.0,218033000.0,121359000.0,0.0,12.919,1792295000.0
16,SPLS,MRQ,2013-06-30,2013-08-03,2013-08-03,2019-05-07,-499966000.0,11999640000.0,,6114235000.0,5885405000.0,,9.082,-74552000.0,1186612000.0,1186612000.0,3955228000.0,102531000.0,1.426,0.989,1965056000.0,964720000.0,1000336000.0,1965056000.0,0.0,114836000.0,0.0,0.027,0.12,182924000.0,297760000.0,0.056,297760000.0,182924000.0,152660000.0,0.16,0.16,0.16,6029367000.0,,6029367000.0,11819171786.0,39.0,15.076,-74556000.0,-0.112,1.0,1359496000.0,0.256,3538107000.0,30264000.0,4952571000.0,,2515695000.0,0.0,0.0,0.0,5961799000.0,4287406000.0,1674393000.0,11286562786.0,-244579000.0,0.0,-83389000.0,-1939000.0,-78161000.0,-161741000.0,-74552000.0,0.0,-4000.0,-8282000.0,102531000.0,102531000.0,102531000.0,1584000.0,0.0,0.019,1171789000.0,187707000.0,2036545000.0,0.75,1.872,-45.929,-48.571,1840184000.0,0.0,17.0,0.469,0.469,1699510000.0,6809748000.0,5314724000.0,5314724000.0,0.0,,,,,18911000.0,1158415000.0,1.0,663915458.0,663915458.0,,8.005,8461533000.0,212709000.0,50129000.0,0.0,12.745,1826829000.0
17,SPLS,MRQ,2013-03-31,2013-05-04,2013-05-04,2019-05-07,-482985000.0,12256126000.0,,6323205000.0,5932921000.0,,9.108,-41096000.0,1435453000.0,1435453000.0,4303561000.0,169927000.0,1.42,1.012,1968062000.0,967633000.0,1000429000.0,1968062000.0,0.0,113941000.0,0.0,0.033,0.12,282953000.0,396894000.0,0.068,396894000.0,282953000.0,251981000.0,0.26,0.26,0.26,6087654000.0,,6087654000.0,9690912725.0,29.0,11.766,306473000.0,0.459,1.0,1511010000.0,0.26,3547144000.0,30972000.0,4787581000.0,,2388086000.0,0.0,0.0,0.0,6160035000.0,4454010000.0,1706025000.0,9036110725.0,102326000.0,-34298000.0,-62160000.0,-16923000.0,-78756000.0,-157838000.0,-75394000.0,0.0,347569000.0,-12011000.0,169927000.0,169927000.0,169927000.0,494000.0,0.0,0.029,1225923000.0,285087000.0,2058433000.0,0.462,1.484,-39.66,-40.97,1881317000.0,0.0,13.52,0.374,0.374,1744074000.0,6785378000.0,5814571000.0,5814571000.0,0.0,,,,,26277000.0,1212540000.0,1.0,668351385.0,668351385.0,,8.7,8708982000.0,221449000.0,82054000.0,0.0,13.031,1869195000.0
18,SPLS,MRQ,2012-12-31,2013-02-02,2013-02-02,2019-05-07,-388773000.0,12280005000.0,,6200437000.0,6079568000.0,,9.094,-145411000.0,1334302000.0,1334302000.0,4848571000.0,78056000.0,1.403,1.003,1989104000.0,987161000.0,1001943000.0,1989104000.0,0.0,125007000.0,0.0,0.033,0.11,218828000.0,343835000.0,0.052,343835000.0,218828000.0,180546000.0,0.12,0.12,0.12,6128153000.0,,6128153000.0,9744930037.0,26.0,11.261,178391000.0,0.265,1.0,1719409000.0,0.262,3605771000.0,38282000.0,4910411000.0,,2314058000.0,0.0,0.0,0.0,6143911000.0,4418625000.0,1725286000.0,9104141037.0,313618000.0,0.0,-65761000.0,265821000.0,-72465000.0,125342000.0,-145411000.0,0.0,323802000.0,9885000.0,78056000.0,78056000.0,78056000.0,0.0,0.0,0.012,1405740000.0,313669000.0,1896040000.0,0.917,1.486,-43.208,-43.581,1963175000.0,0.0,13.51,0.373,0.373,1815586000.0,6694207000.0,6567980000.0,6567980000.0,0.0,,,,,27401000.0,1210686000.0,1.0,673881646.0,673881646.0,,9.746,8674234000.0,218899000.0,102490000.0,0.0,12.872,1781812000.0
19,SPLS,MRQ,2012-09-30,2012-10-27,2012-10-27,2019-05-07,-380313000.0,12151985000.0,,6083348000.0,6068637000.0,,9.044,-68443000.0,1020043000.0,1020043000.0,4601286000.0,-596291000.0,1.618,0.968,1660832000.0,119046000.0,1541786000.0,1660832000.0,0.0,130698000.0,0.0,0.038,0.11,-385206000.0,-254508000.0,-0.04,-254508000.0,-385206000.0,-425549000.0,-0.89,-0.89,-0.89,6171553000.0,,6171553000.0,8863242613.0,14.0,7.952,570163000.0,0.836,1.0,1751854000.0,0.276,3564764000.0,40343000.0,5468190000.0,,2417366000.0,0.0,0.0,0.0,5973256000.0,3759820000.0,2213436000.0,7806371613.0,36018000.0,-1941000.0,-109447000.0,-375430000.0,-73137000.0,-559016000.0,-70384000.0,0.0,638606000.0,26812000.0,-596252000.0,-596252000.0,-596252000.0,0.0,-39000.0,-0.094,2109001000.0,-357147000.0,2170422000.0,-0.124,1.265,-1509.644,-572.0,1916412000.0,0.0,11.44,0.323,0.323,1892390000.0,6688614000.0,6353140000.0,6353140000.0,0.0,,,,,27276000.0,1237196000.0,1.0,682375141.0,682375141.0,,9.31,8587221000.0,281481000.0,170703000.0,0.0,12.584,2323528000.0
20,SPLS,MRQ,2012-06-30,2012-07-28,2012-07-28,2019-05-07,-514791000.0,12993083000.0,,6121944000.0,6871139000.0,,9.852,-74143000.0,984666000.0,984666000.0,4014554000.0,120395000.0,1.556,0.913,2041537000.0,498987000.0,1542550000.0,2041537000.0,0.0,115078000.0,0.0,0.034,0.11,222366000.0,337444000.0,0.062,337444000.0,222366000.0,180662000.0,0.18,0.18,0.18,6789705000.0,,6789705000.0,9423530544.0,6.0,4.677,35780000.0,0.052,1.0,1419415000.0,0.261,4273850000.0,41704000.0,5842300000.0,,2629598000.0,0.0,0.0,0.0,6196330000.0,3933804000.0,2262526000.0,8594004544.0,-219855000.0,0.0,-156310000.0,16841000.0,-73796000.0,-217226000.0,-74143000.0,0.0,109923000.0,-38409000.0,120429000.0,120429000.0,120429000.0,0.0,-34000.0,0.022,1192450000.0,226965000.0,2236141000.0,0.611,1.266,9.367,9.306,1970695000.0,0.0,12.47,0.353,0.353,1855933000.0,7358003000.0,5433969000.0,5433969000.0,0.0,,,,,32042000.0,1177655000.0,1.0,689174382.0,689174382.0,,7.885,8719233000.0,297423000.0,60233000.0,0.0,12.652,2188140000.0
21,SPLS,MRQ,2012-03-31,2012-04-28,2012-04-28,2019-05-07,-297801000.0,13358268000.0,,6245810000.0,7112458000.0,,10.212,-52077000.0,1204521000.0,1204521000.0,4424838000.0,187013000.0,1.599,0.884,2034047000.0,438115000.0,1595932000.0,2034047000.0,0.0,116530000.0,0.0,0.026,0.11,322051000.0,438581000.0,0.073,438581000.0,322051000.0,279903000.0,0.27,0.27,0.27,7088109000.0,,7088109000.0,11713085659.0,7.0,5.632,94780000.0,0.137,1.0,1600583000.0,0.266,4436003000.0,42148000.0,5844548000.0,,2502834000.0,0.0,0.0,0.0,6262997000.0,3907243000.0,2355754000.0,10939054659.0,-59628000.0,0.0,-91424000.0,5317000.0,-74749000.0,-161365000.0,-52077000.0,0.0,146857000.0,6957000.0,187059000.0,187059000.0,187059000.0,0.0,-46000.0,0.031,1274005000.0,326578000.0,2194416000.0,0.407,1.543,11.237,11.177,2030997000.0,0.0,15.76,0.443,0.443,1953502000.0,7311324000.0,6025421000.0,6025421000.0,0.0,,,,,30909000.0,1258747000.0,1.0,694102453.0,694102453.0,,8.681,8922265000.0,301506000.0,92844000.0,0.0,12.854,2338567000.0
22,SPLS,MRQ,2011-12-31,2012-01-28,2012-01-28,2019-05-07,-319743000.0,13430622000.0,,6290820000.0,7139802000.0,,10.03,-139914000.0,1264149000.0,1264149000.0,4655424000.0,283521000.0,1.544,0.914,2038180000.0,439143000.0,1599037000.0,2038180000.0,0.0,121423000.0,0.0,0.025,0.1,471657000.0,593080000.0,0.093,593080000.0,471657000.0,429685000.0,0.42,0.41,0.42,7015151000.0,,7015151000.0,12124639883.0,7.0,5.726,340929000.0,0.487,1.0,1718882000.0,0.27,4431911000.0,41972000.0,5698464000.0,,2431845000.0,0.0,0.0,0.0,6408409000.0,4074278000.0,2334131000.0,11197756883.0,203785000.0,0.0,-75668000.0,56474000.0,-68332000.0,-93153000.0,-139914000.0,0.0,480843000.0,-43991000.0,283593000.0,283593000.0,283593000.0,0.0,-72000.0,0.044,1250061000.0,468821000.0,2220414000.0,0.238,1.596,11.372,11.275,2080361000.0,0.0,16.01,0.454,0.454,2033680000.0,7199060000.0,6374306000.0,6374306000.0,0.0,,,,,33968000.0,1234602000.0,1.0,699422666.0,699422666.0,,9.114,8998711000.0,305611000.0,146092000.0,0.0,12.866,2216542000.0
23,SPLS,MRQ,2011-09-30,2011-10-29,2011-10-29,2019-05-07,7086000.0,13615017000.0,,6334398000.0,7280619000.0,,10.114,-79591000.0,1060364000.0,1060364000.0,4660041000.0,326330000.0,1.506,0.897,1987247000.0,430184000.0,1557063000.0,1987247000.0,0.0,115597000.0,0.0,0.026,0.1,529998000.0,645595000.0,0.1,645595000.0,529998000.0,489092000.0,0.47,0.47,0.47,7172925000.0,,7172925000.0,11992587622.0,8.0,5.777,713877000.0,1.007,1.0,1820982000.0,0.281,4619498000.0,40906000.0,5716943000.0,,2526976000.0,0.0,0.0,0.0,6435020000.0,4205459000.0,2229561000.0,10524370622.0,237240000.0,0.0,-145863000.0,-249731000.0,-68961000.0,-468065000.0,-79591000.0,0.0,793468000.0,-8572000.0,326380000.0,326380000.0,326380000.0,0.0,-50000.0,0.05,1291742000.0,529240000.0,2337331000.0,0.213,1.467,10.785,10.754,2090690000.0,0.0,14.84,0.43,0.43,2125028000.0,6983799000.0,6481023000.0,6481023000.0,0.0,,,,,35521000.0,1275785000.0,1.0,709189395.0,709189395.0,,9.139,8995519000.0,283294000.0,162712000.0,0.0,12.684,2128939000.0
24,SPLS,MRQ,2011-06-30,2011-07-30,2011-07-30,2019-05-07,90056000.0,13681220000.0,,6185415000.0,7495805000.0,,9.974,-101532000.0,823124000.0,823124000.0,4279232000.0,176300000.0,1.571,0.923,2291341000.0,360725000.0,1930616000.0,2291341000.0,0.0,123193000.0,0.0,0.024,0.1,279427000.0,402620000.0,0.069,402620000.0,279427000.0,237542000.0,0.25,0.25,0.25,7112676000.0,,7112676000.0,12641176605.0,8.0,6.112,-9634000.0,-0.014,1.0,1540380000.0,0.265,4671638000.0,41885000.0,6541774000.0,,2683876000.0,0.0,0.0,0.0,6561568000.0,3936025000.0,2625543000.0,11453254605.0,-109391000.0,0.0,-190003000.0,170964000.0,-69707000.0,-88191000.0,-101532000.0,0.0,91898000.0,-11566000.0,176438000.0,176438000.0,176438000.0,0.0,-138000.0,0.03,1262241000.0,278139000.0,2300633000.0,0.4,1.61,12.209,12.26,2130151000.0,0.0,16.06,0.467,0.467,1965860000.0,6726380000.0,5819612000.0,5819612000.0,0.0,,,,,45519000.0,1246047000.0,1.0,713154085.0,713154085.0,,8.16,9009582000.0,293710000.0,61104000.0,0.0,12.633,2249390000.0
25,SPLS,MRQ,2011-03-31,2011-04-30,2011-04-30,2019-05-07,207322000.0,13773853000.0,,6145935000.0,7627918000.0,,10.101,-62617000.0,932515000.0,932515000.0,4536545000.0,197682000.0,1.56,0.894,2120437000.0,243576000.0,1876861000.0,2120437000.0,0.0,121843000.0,0.0,0.018,0.1,351161000.0,473004000.0,0.077,473004000.0,351161000.0,302368000.0,0.28,0.28,0.28,7267015000.0,,7267015000.0,16350024956.0,11.0,7.973,147649000.0,0.205,1.0,1636393000.0,0.265,4764290000.0,48793000.0,6258246000.0,,2569364000.0,0.0,0.0,0.0,6499814000.0,3939239000.0,2560575000.0,15209518956.0,-528742000.0,0.0,-143641000.0,-496495000.0,-70936000.0,-710685000.0,-62617000.0,0.0,210266000.0,34294000.0,198245000.0,198245000.0,198245000.0,0.0,-563000.0,0.032,1288066000.0,348327000.0,2288800000.0,0.357,2.093,17.062,17.048,2158596000.0,0.0,21.14,0.627,0.627,1977565000.0,6619649000.0,6172938000.0,6172938000.0,0.0,,,,,35009000.0,1270774000.0,1.0,719466365.0,719466365.0,,8.58,9009563000.0,296072000.0,104123000.0,0.0,12.523,2206696000.0
26,SPLS,MRQ,2010-12-31,2011-01-29,2011-01-29,2019-05-07,-96933000.0,13911667000.0,,6468167000.0,7443500000.0,,9.601,-163087000.0,1461257000.0,1461257000.0,4355806000.0,274749000.0,1.506,1.002,2601763000.0,587356000.0,2014407000.0,2601763000.0,0.0,127584000.0,0.0,0.016,0.09,427018000.0,554602000.0,0.092,554602000.0,427018000.0,374026000.0,0.38,0.38,0.38,6943710000.0,,6943710000.0,17416398337.0,11.0,8.443,279316000.0,0.386,1.0,1649736000.0,0.275,4595884000.0,52992000.0,6162696000.0,,2359173000.0,0.0,0.0,0.0,6960486000.0,4293593000.0,2666893000.0,16141718337.0,91536000.0,-24001000.0,-71308000.0,-29879000.0,-63890000.0,-165077000.0,-187088000.0,0.0,442403000.0,1298000.0,274742000.0,274742000.0,274742000.0,0.0,7000.0,0.046,1211271000.0,438465000.0,2208386000.0,0.237,2.325,18.302,18.146,2147771000.0,0.0,22.32,0.669,0.669,1970483000.0,6492340000.0,6005542000.0,6005542000.0,0.0,,,,,37670000.0,1189275000.0,1.0,723195266.0,723195266.0,,8.304,9315783000.0,295232000.0,99284000.0,0.0,12.881,2174574000.0
27,SPLS,MRQ,2010-09-30,2010-10-30,2010-10-30,2019-05-07,-86992000.0,13880762000.0,,6435368000.0,7445394000.0,,9.28,-95083000.0,1369721000.0,1369721000.0,4733928000.0,288670000.0,1.457,1.048,2644401000.0,589643000.0,2054758000.0,2644401000.0,0.0,123314000.0,0.0,0.017,0.09,514656000.0,637970000.0,0.098,637970000.0,514656000.0,461881000.0,0.4,0.4,0.4,6775455000.0,,6775455000.0,16688972180.0,11.0,8.076,663579000.0,0.909,1.0,1803748000.0,0.276,4645178000.0,52775000.0,6093863000.0,,2432273000.0,0.0,0.0,0.0,7097997000.0,4416401000.0,2681596000.0,14981902180.0,497761000.0,205000.0,-151543000.0,41405000.0,-64756000.0,-189526000.0,-94878000.0,0.0,758662000.0,23503000.0,288680000.0,288680000.0,288680000.0,0.0,-10000.0,0.044,1289323000.0,514425000.0,2289351000.0,0.225,2.211,17.812,17.538,2104350000.0,0.0,20.52,0.611,0.611,1995066000.0,6281488000.0,6537676000.0,6537676000.0,0.0,,,,,39580000.0,1264676000.0,1.0,730112192.0,730112192.0,,8.954,9235584000.0,282435000.0,173201000.0,0.0,12.65,2018967000.0
28,SPLS,MRQ,2010-06-30,2010-07-31,2010-07-31,2019-05-07,-301354000.0,13234004000.0,,5866489000.0,7367515000.0,,8.838,-101726000.0,871960000.0,871960000.0,4071532000.0,132669000.0,1.422,1.05,2579030000.0,574187000.0,2004843000.0,2579030000.0,0.0,122554000.0,0.0,0.017,0.09,262527000.0,385081000.0,0.07,385081000.0,262527000.0,209358000.0,0.18,0.18,0.18,6450691000.0,,6450691000.0,15902612890.0,11.0,7.795,-49147000.0,-0.067,1.0,1462708000.0,0.264,4523713000.0,53169000.0,6292595000.0,,2514009000.0,0.0,0.0,0.0,6772648000.0,4124766000.0,2647882000.0,14839245890.0,-661430000.0,-39270000.0,-104176000.0,-42201000.0,-64862000.0,-558387000.0,-140996000.0,0.0,52579000.0,-14626000.0,129756000.0,129756000.0,129756000.0,0.0,2913000.0,0.023,1194555000.0,268153000.0,2176746000.0,0.5,2.3,18.057,17.678,2082199000.0,0.0,20.33,0.605,0.605,1781307000.0,6057564000.0,5534240000.0,5534240000.0,0.0,,,,,37049000.0,1158025000.0,1.0,729918637.0,729918637.0,,7.582,8710291000.0,297145000.0,79602000.0,0.0,11.933,1741723000.0
29,SPLS,MRQ,2010-03-31,2010-05-01,2010-05-01,2019-05-07,-250352000.0,13546453000.0,,6236870000.0,7309583000.0,,9.304,-48993000.0,1533390000.0,1533390000.0,4438740000.0,192482000.0,1.537,0.985,2596757000.0,567283000.0,2029474000.0,2596757000.0,0.0,125411000.0,0.0,0.014,0.09,359734000.0,485145000.0,0.08,485145000.0,359734000.0,304260000.0,0.26,0.26,0.26,6782813000.0,,6782813000.0,18310549465.0,13.0,9.17,143854000.0,0.197,1.0,1619055000.0,0.267,4544747000.0,55474000.0,6007788000.0,,2292504000.0,0.0,0.0,0.0,6678512000.0,4057285000.0,2621227000.0,17158770465.0,117571000.0,0.0,13874000.0,24763000.0,-65238000.0,-25416000.0,-48993000.0,0.0,192847000.0,-867000.0,188770000.0,188770000.0,188770000.0,0.0,3712000.0,0.031,1256749000.0,362306000.0,2056384000.0,0.346,2.53,21.873,21.398,2093980000.0,0.0,23.538,0.7,0.7,1791750000.0,5992670000.0,6057795000.0,6057795000.0,0.0,,,,,32580000.0,1220468000.0,1.0,728997152.0,728997152.0,,8.31,9001706000.0,313391000.0,115490000.0,0.0,12.348,2179585000.0
30,SPLS,MRQ,2009-12-31,2010-01-30,2010-01-30,2019-05-07,-89337000.0,13717334000.0,,6174767000.0,7542567000.0,,9.355,-122079000.0,1415819000.0,1415819000.0,4648533000.0,238804000.0,1.633,1.013,2567598000.0,67269000.0,2500329000.0,2567598000.0,0.0,141111000.0,0.0,0.014,0.083,417274000.0,558385000.0,0.087,558385000.0,417274000.0,359696000.0,0.33,0.32,0.33,6771886000.0,,6771886000.0,18512051471.0,13.0,9.607,374842000.0,0.518,1.0,1757541000.0,0.274,4664045000.0,57578000.0,6422749000.0,,2261149000.0,0.0,0.0,0.0,6862394000.0,3782319000.0,3080075000.0,16982614471.0,380672000.0,0.0,78618000.0,1740000.0,-59551000.0,27409000.0,-122079000.0,0.0,496921000.0,-21579000.0,233915000.0,233915000.0,233915000.0,0.0,4889000.0,0.037,1335602000.0,421939000.0,2111696000.0,0.252,2.508,22.991,22.558,2164533000.0,0.0,23.46,0.7,0.7,1811365000.0,5869138000.0,6406074000.0,6406074000.0,0.0,,,,,35550000.0,1291187000.0,1.0,723896610.0,723896610.0,,8.849,9053289000.0,353329000.0,125781000.0,0.0,12.506,2392448000.0
31,SPLS,MRQ,2009-09-30,2009-10-31,2009-10-31,2019-05-07,8639000.0,13673335000.0,,6012695000.0,7660640000.0,,9.094,-61284000.0,1035147000.0,1035147000.0,4751836000.0,274167000.0,1.535,1.069,2564584000.0,61717000.0,2502867000.0,2564584000.0,0.0,139571000.0,0.0,0.011,0.083,471806000.0,611377000.0,0.094,611377000.0,471806000.0,413790000.0,0.38,0.37,0.38,6568933000.0,,6568933000.0,18006059281.0,13.0,9.312,828039000.0,1.146,1.0,1766203000.0,0.271,4865020000.0,58016000.0,6420977000.0,,2375898000.0,0.0,0.0,0.0,7024937000.0,3916775000.0,3108162000.0,15674827281.0,401705000.0,0.0,20416000.0,-417058000.0,-59275000.0,-453756000.0,-61284000.0,0.0,889323000.0,27422000.0,269381000.0,269381000.0,269381000.0,0.0,4786000.0,0.041,1299241000.0,466962000.0,2238087000.0,0.218,2.386,19.821,19.55,2200119000.0,0.0,21.7,0.652,0.652,1957793000.0,5694774000.0,6518039000.0,6518039000.0,0.0,,,,,39820000.0,1256479000.0,1.0,722342271.0,722342271.0,,9.023,8808315000.0,303102000.0,144409000.0,0.0,12.194,2095920000.0
32,SPLS,MRQ,2009-06-30,2009-08-01,2009-08-01,2019-05-07,-170542000.0,13296848000.0,,5716696000.0,7580152000.0,,8.538,-76148000.0,633442000.0,633442000.0,4109522000.0,97161000.0,1.377,1.165,2964674000.0,603161000.0,2361513000.0,2964674000.0,0.0,137397000.0,0.0,0.008,0.083,204520000.0,341917000.0,0.062,341917000.0,204520000.0,143587000.0,0.13,0.13,0.13,6107768000.0,,6107768000.0,17518973899.0,14.0,9.308,183582000.0,0.257,1.0,1424257000.0,0.257,4789434000.0,60933000.0,6685857000.0,,2523153000.0,0.0,0.0,0.0,7115945000.0,4152789000.0,2963156000.0,15036321899.0,-104919000.0,0.0,13968000.0,-276845000.0,-59070000.0,-321947000.0,-76148000.0,0.0,259730000.0,33446000.0,92411000.0,92411000.0,92411000.0,0.0,4750000.0,0.017,1217677000.0,206580000.0,2095691000.0,0.638,2.462,22.173,22.126,2240205000.0,0.0,21.02,0.614,0.614,1798411000.0,5484668000.0,5533779000.0,5533779000.0,0.0,,,,,55221000.0,1161400000.0,1.0,715334058.0,715334058.0,,7.736,8507414000.0,271949000.0,51176000.0,0.0,11.893,1563907000.0
33,SPLS,MRQ,2009-03-31,2009-05-02,2009-05-02,2019-05-07,-423225000.0,13049421000.0,,5712350000.0,7337071000.0,,8.058,-53717000.0,738361000.0,738361000.0,4291657000.0,146979000.0,1.339,1.255,3221013000.0,858894000.0,2362119000.0,3221013000.0,0.0,134362000.0,0.0,0.004,0.083,280879000.0,415241000.0,0.071,415241000.0,280879000.0,220381000.0,0.2,0.2,0.2,5760524000.0,,5760524000.0,17191413388.0,13.0,9.006,384517000.0,0.538,1.0,1525902000.0,0.262,4574051000.0,60498000.0,6690779000.0,,2350910000.0,0.0,0.0,0.0,7227641000.0,4267243000.0,2960398000.0,14383011388.0,104587000.0,0.0,7295000.0,-237303000.0,-58978000.0,-288986000.0,-53717000.0,0.0,438234000.0,9056000.0,142964000.0,142964000.0,142964000.0,0.0,4015000.0,0.025,1239038000.0,286864000.0,1980143000.0,0.415,2.497,19.544,19.346,2225870000.0,0.0,20.12,0.599,0.599,1783457000.0,5451326000.0,5817559000.0,5817559000.0,0.0,,,,,35337000.0,1198170000.0,1.0,714861401.0,714861401.0,,8.138,8475370000.0,277990000.0,77417000.0,0.0,11.856,1445107000.0
34,SPLS,MRQ,2008-12-31,2009-01-31,2009-01-31,2019-05-07,-494327000.0,13073055000.0,,5797258000.0,7275797000.0,,7.8,-134552000.0,633774000.0,633774000.0,4513190000.0,289144000.0,1.196,1.339,3442176000.0,1473248000.0,1968928000.0,3442176000.0,0.0,152321000.0,0.0,0.021,0.0,412747000.0,565068000.0,0.092,565068000.0,412747000.0,351321000.0,0.4,0.4,0.4,5564207000.0,,5564207000.0,14573672714.0,11.0,7.54,386172000.0,0.541,1.0,1660378000.0,0.269,4482087000.0,61426000.0,6553816000.0,,2404174000.0,0.0,0.0,0.0,7450624000.0,4845554000.0,2605070000.0,11371395714.0,-253926000.0,0.0,16812000.0,-666077000.0,-5000.0,-649413000.0,-134552000.0,0.0,520724000.0,9315000.0,286046000.0,286046000.0,286046000.0,0.0,3098000.0,0.046,1245538000.0,414840000.0,1967597000.0,0.0,2.044,14.121,13.861,2290626000.0,0.0,15.94,0.493,0.493,1841231000.0,5367341000.0,6173568000.0,6173568000.0,0.0,,,,,46599000.0,1180620000.0,1.0,713387435.0,713387435.0,,8.654,8590968000.0,281101000.0,65275000.0,0.0,12.042,951704000.0
35,SPLS,MRQ,2008-09-30,2008-11-01,2008-11-01,2019-05-07,-331446000.0,14033218000.0,,6179842000.0,7853376000.0,,7.569,-75114000.0,887700000.0,887700000.0,5086799000.0,160694000.0,0.927,1.607,4089977000.0,2940332000.0,1149645000.0,4089977000.0,0.0,171684000.0,0.0,0.017,0.0,388249000.0,559933000.0,0.081,559933000.0,388249000.0,328347000.0,0.22,0.22,0.22,5382058000.0,,5382058000.0,17999181447.0,12.0,9.005,902072000.0,1.269,1.0,1864134000.0,0.268,4490149000.0,59902000.0,6077465000.0,,2668289000.0,0.0,0.0,0.0,8651160000.0,6667881000.0,1983279000.0,13815499447.0,629256000.0,-31000.0,55692000.0,-241257000.0,0.0,-181994000.0,-75145000.0,0.0,977186000.0,-90791000.0,156703000.0,156703000.0,156703000.0,0.0,3991000.0,0.023,1474427000.0,389707000.0,2497903000.0,0.0,2.567,16.208,15.926,2341743000.0,0.0,19.43,0.621,0.621,2096663000.0,5081290000.0,6950933000.0,6950933000.0,0.0,,,,,43828000.0,1314134000.0,1.0,711039601.0,711039601.0,,9.776,9543069000.0,242279000.0,171644000.0,0.0,13.421,-488039000.0
36,SPLS,MRQ,2008-06-30,2008-08-02,2008-08-02,2019-05-07,489931000.0,15208744000.0,,5860139000.0,9348605000.0,,8.461,-94769000.0,258444000.0,258444000.0,3723218000.0,152215000.0,0.793,1.56,4442126000.0,3577283000.0,864843000.0,4442126000.0,0.0,119619000.0,0.0,0.015,0.0,249123000.0,368742000.0,0.073,368742000.0,249123000.0,227933000.0,0.22,0.21,0.22,5940873000.0,,5940873000.0,15065237729.0,10.0,7.626,-206047000.0,-0.293,1.0,1351502000.0,0.266,5518615000.0,21190000.0,6479346000.0,,2934892000.0,0.0,0.0,0.0,9267871000.0,7394465000.0,1873406000.0,15903050729.0,-946286000.0,-4381780000.0,51958000.0,3571890000.0,0.0,3625278000.0,-4459522000.0,17027000.0,-111278000.0,-764000.0,150233000.0,150233000.0,150233000.0,0.0,1982000.0,0.03,1106086000.0,245416000.0,2799763000.0,0.0,2.677,16.391,16.295,2589506000.0,0.0,22.65,0.778,0.778,2230032000.0,4924590000.0,5074720000.0,5074720000.0,0.0,,,,,52005000.0,1091664000.0,1.0,702121445.0,702121445.0,,7.228,9690129000.0,167173000.0,77700000.0,0.0,13.801,-1534326000.0
37,SPLS,MRQ,2008-03-31,2008-05-03,2008-05-03,2019-05-07,532205000.0,9061515000.0,,4556057000.0,4505458000.0,,8.171,-73894000.0,1204730000.0,1204730000.0,3513632000.0,212168000.0,1.737,0.582,366917000.0,28537000.0,338380000.0,366917000.0,0.0,105287000.0,0.0,0.014,0.33,333782000.0,439069000.0,0.09,439069000.0,333782000.0,326526000.0,0.31,0.3,0.31,5728042000.0,,5728042000.0,15488452100.0,10.0,7.782,225304000.0,0.321,1.0,1370922000.0,0.281,2042473000.0,7256000.0,3558601000.0,,2044491000.0,17027000.0,17027000.0,0.0,3333473000.0,2622628000.0,710845000.0,16367925100.0,-40718000.0,0.0,-61094000.0,3734000.0,-231460000.0,-287829000.0,-63905000.0,9989000.0,299198000.0,11818000.0,212282000.0,212282000.0,212282000.0,0.0,-114000.0,0.043,1048957000.0,321965000.0,1638284000.0,1.065,2.858,16.387,16.444,2144730000.0,0.0,23.35,0.832,0.832,894652000.0,4774364000.0,4884554000.0,4884554000.0,0.0,,,,,32371000.0,1044801000.0,1.0,700981803.0,700981803.0,,6.968,7019042000.0,174693000.0,114244000.0,0.0,10.013,1933429000.0
38,SPLS,MRQ,2007-12-31,2008-02-02,2008-02-02,2019-05-07,476399000.0,9036344000.0,,4555382000.0,4480962000.0,,8.087,-154472000.0,1245448000.0,1245448000.0,3774751000.0,332379000.0,1.745,0.58,365975000.0,23806000.0,342169000.0,365975000.0,0.0,102955000.0,0.0,0.012,0.0,528170000.0,631125000.0,0.119,631125000.0,528170000.0,520502000.0,0.47,0.46,0.47,5718007000.0,,5718007000.0,16340493958.0,10.0,8.242,364721000.0,0.516,1.0,1549691000.0,0.291,1996238000.0,7668000.0,3550735000.0,,2053163000.0,27016000.0,27016000.0,0.0,3318337000.0,2609898000.0,708439000.0,16920974958.0,334727000.0,218000.0,-130017000.0,-531000.0,0.0,-129386000.0,-59778000.0,94476000.0,519193000.0,4698000.0,333181000.0,333181000.0,333181000.0,0.0,-802000.0,0.063,1032832000.0,516859000.0,1560728000.0,0.0,2.959,16.995,16.972,2161139000.0,0.0,23.93,0.873,0.873,822254000.0,4793542000.0,5324442000.0,5324442000.0,0.0,,,,,38985000.0,1028849000.0,1.0,707103007.0,707103007.0,,7.53,7040106000.0,173545000.0,187321000.0,0.0,9.956,1945484000.0
39,SPLS,MRQ,2007-09-30,2007-11-03,2007-11-03,2019-05-07,435107000.0,8796321000.0,,4388747000.0,4407574000.0,,7.608,-110331000.0,910721000.0,910721000.0,3662677000.0,274518000.0,1.648,0.619,330240000.0,3113000.0,327127000.0,330240000.0,0.0,99305000.0,0.0,0.013,0.0,437269000.0,536574000.0,0.104,536574000.0,437269000.0,428803000.0,0.39,0.38,0.39,5431776000.0,,5431776000.0,15465899690.0,10.0,7.812,525268000.0,0.736,1.0,1505674000.0,0.291,1971644000.0,8466000.0,3580352000.0,,2142494000.0,121491000.0,121491000.0,0.0,3364545000.0,2663844000.0,700701000.0,15635104690.0,218805000.0,0.0,-167622000.0,-208199000.0,0.0,-374399000.0,-66579000.0,43752000.0,635599000.0,24184000.0,274518000.0,274518000.0,274518000.0,0.0,0.0,0.053,1077369000.0,428305000.0,1687235000.0,0.0,2.878,15.651,15.643,2113776000.0,0.0,21.9,0.809,0.809,873457000.0,4460361000.0,5168351000.0,5168351000.0,0.0,,,,,48656000.0,1072998000.0,1.0,713931721.0,713931721.0,,7.239,6824677000.0,142869000.0,154285000.0,9640000.0,9.559,1724903000.0
40,SPLS,MRQ,2007-06-30,2007-08-04,2007-08-04,2019-05-07,311933000.0,8553258000.0,,4235857000.0,4317401000.0,,7.202,-141473000.0,691916000.0,691916000.0,3080057000.0,178828000.0,1.59,0.661,522711000.0,203391000.0,319320000.0,522711000.0,0.0,93075000.0,0.0,0.012,0.0,290386000.0,383461000.0,0.089,383461000.0,290386000.0,279321000.0,0.25,0.25,0.25,5150708000.0,,5150708000.0,16260955044.0,10.0,8.369,-114297000.0,-0.16,1.0,1210367000.0,0.282,1920275000.0,11065000.0,3799156000.0,,2252317000.0,165244000.0,165244000.0,0.0,3402550000.0,2664622000.0,737928000.0,16621833044.0,-191552000.0,-170996000.0,-153165000.0,535000.0,-1000.0,-149213000.0,-73776000.0,238693000.0,27176000.0,4261000.0,178828000.0,178828000.0,178828000.0,0.0,0.0,0.042,929893000.0,280474000.0,1615749000.0,0.0,3.227,16.386,16.482,2050316000.0,0.0,23.24,0.878,0.878,790527000.0,4185843000.0,4290424000.0,4290424000.0,0.0,,,,,45440000.0,926016000.0,1.0,715225174.0,715225174.0,,5.999,6632983000.0,134705000.0,100493000.0,9349000.0,9.274,1571235000.0
41,SPLS,MRQ,2007-03-31,2007-05-05,2007-05-05,2019-05-07,283467000.0,8360888000.0,,4337371000.0,4023517000.0,,7.035,-64101000.0,883468000.0,883468000.0,3304526000.0,209143000.0,1.635,0.658,522590000.0,202035000.0,320555000.0,522590000.0,0.0,93560000.0,0.0,0.011,0.29,337793000.0,431353000.0,0.094,431353000.0,337793000.0,326658000.0,0.29,0.29,0.29,5044230000.0,,5044230000.0,17625680010.0,11.0,9.252,114947000.0,0.16,1.0,1284939000.0,0.28,1728936000.0,11135000.0,3617475000.0,,1997586000.0,403938000.0,403938000.0,0.0,3316658000.0,2653599000.0,663059000.0,18125709010.0,-134203000.0,-7299000.0,-131669000.0,13476000.0,-207551000.0,-313189000.0,-17577000.0,53823000.0,179048000.0,17515000.0,209143000.0,209143000.0,209143000.0,0.0,0.0,0.046,962328000.0,322611000.0,1493181000.0,1.0,3.593,18.185,18.319,1977972000.0,0.0,25.28,0.979,0.979,738832000.0,4007016000.0,4589465000.0,4589465000.0,0.0,,,,,21705000.0,958895000.0,1.0,716997983.0,716997983.0,,6.401,6631952000.0,126924000.0,117515000.0,9176000.0,9.25,1683772000.0
42,SPLS,MRQ,2006-12-31,2007-02-03,2007-02-03,2019-05-07,189115000.0,8397265000.0,,4431363000.0,3965902000.0,,6.949,-176289000.0,1017671000.0,1017671000.0,3739977000.0,336498000.0,1.589,0.672,531630000.0,215165000.0,316465000.0,531630000.0,0.0,91467000.0,0.0,0.008,0.0,536860000.0,628327000.0,0.119,628327000.0,536860000.0,525728000.0,0.47,0.46,0.47,5021665000.0,,5021665000.0,18831498318.0,12.0,10.131,345907000.0,0.479,1.0,1545942000.0,0.292,1687496000.0,11132000.0,3435345000.0,,1919714000.0,457759000.0,457759000.0,0.0,3375600000.0,2788383000.0,587217000.0,19113605318.0,212927000.0,-29154000.0,-186197000.0,11901000.0,0.0,-163750000.0,-146969000.0,58474000.0,522196000.0,1450000.0,336498000.0,336498000.0,336498000.0,0.0,0.0,0.064,1023230000.0,522712000.0,1486188000.0,0.0,3.806,19.63,19.593,1974121000.0,0.0,26.45,1.052,1.052,720797000.0,4005424000.0,5285919000.0,5285919000.0,0.0,,,,,27278000.0,1018482000.0,1.0,722631581.0,722631581.0,,7.315,6709769000.0,141108000.0,189230000.0,0.0,9.285,1642980000.0
43,SPLS,MRQ,2006-09-30,2006-10-28,2006-10-28,2019-05-07,119898000.0,8031319000.0,,4231550000.0,3799769000.0,,6.541,-98457000.0,804744000.0,804744000.0,3394092000.0,289928000.0,1.575,0.69,522637000.0,201997000.0,320640000.0,522637000.0,0.0,85337000.0,0.0,0.009,0.0,414417000.0,499754000.0,0.105,499754000.0,414417000.0,403483000.0,0.4,0.39,0.4,4752023000.0,,4752023000.0,18503790334.0,13.0,10.493,401704000.0,0.553,1.0,1362458000.0,0.286,1604586000.0,10934000.0,3458277000.0,,1909252000.0,516234000.0,516234000.0,0.0,3279296000.0,2686349000.0,592947000.0,18721792334.0,70030000.0,-2596000.0,-121973000.0,-807000.0,0.0,-118331000.0,-310632000.0,-209579000.0,500161000.0,-1168000.0,289928000.0,289928000.0,289928000.0,0.0,0.0,0.061,960277000.0,402181000.0,1525562000.0,0.0,3.94,20.486,20.452,1885250000.0,0.0,25.77,1.08,1.08,717769000.0,3668926000.0,4756550000.0,4756550000.0,0.0,,,,,52476000.0,956856000.0,1.0,726495628.0,726495628.0,,6.547,6426733000.0,128180000.0,113555000.0,8050000.0,8.846,1545201000.0
44,SPLS,MRQ,2006-06-30,2006-07-29,2006-07-29,2019-05-07,119140000.0,7561763000.0,,3868231000.0,3693532000.0,,6.21,-139172000.0,734714000.0,734714000.0,2784070000.0,161177000.0,1.715,0.672,516712000.0,2070000.0,514642000.0,516712000.0,0.0,82791000.0,0.0,0.01,0.0,262928000.0,345719000.0,0.089,345719000.0,262928000.0,251839000.0,0.22,0.22,0.22,4521249000.0,,4521249000.0,15472789121.0,11.0,9.067,-178843000.0,-0.246,1.0,1096604000.0,0.283,1605421000.0,11089000.0,3482366000.0,,1903665000.0,306655000.0,306655000.0,0.0,3040514000.0,2255974000.0,784540000.0,15829210121.0,-140398000.0,0.0,-159008000.0,-810000.0,-393000.0,-153993000.0,52477000.0,191649000.0,-39671000.0,789000.0,161177000.0,161177000.0,161177000.0,0.0,0.0,0.042,844342000.0,252262000.0,1403642000.0,0.0,3.501,18.657,18.581,1866003000.0,0.0,21.74,0.941,0.941,631201000.0,3378998000.0,3880674000.0,3880674000.0,0.0,,,,,32807000.0,841299000.0,1.0,728114541.0,728114541.0,,5.33,5956342000.0,135542000.0,90662000.0,6660000.0,8.181,1612257000.0
45,SPLS,MRQ,2006-03-31,2006-04-29,2006-04-29,2019-05-07,108542000.0,7657086000.0,,4026286000.0,3630800000.0,,6.127,-114557000.0,875112000.0,875112000.0,3048649000.0,186074000.0,1.673,0.715,518691000.0,2221000.0,516470000.0,518691000.0,0.0,79704000.0,0.0,0.008,0.22,305255000.0,384959000.0,0.091,384959000.0,305255000.0,290599000.0,0.26,0.25,0.26,4464275000.0,,4464275000.0,18797105428.0,14.0,11.291,53758000.0,0.074,1.0,1188997000.0,0.281,1609325000.0,14656000.0,3284945000.0,,1751349000.0,498304000.0,498304000.0,0.0,3192811000.0,2406395000.0,786416000.0,19244430428.0,-102710000.0,0.0,-113381000.0,-1487000.0,-160490000.0,-260502000.0,-19780000.0,94777000.0,168315000.0,9257000.0,186074000.0,186074000.0,186074000.0,0.0,0.0,0.044,903083000.0,285914000.0,1438500000.0,0.846,4.311,23.399,23.372,1803110000.0,0.0,26.41,1.172,1.172,606554000.0,3218214000.0,4237646000.0,4237646000.0,0.0,,,,,20106000.0,899880000.0,1.0,728679683.0,728679683.0,,5.816,6047761000.0,149013000.0,104525000.0,6286000.0,8.3,1619891000.0
46,SPLS,MRQ,2005-12-31,2006-01-28,2006-01-28,2019-05-07,87085000.0,7732720000.0,,4144544000.0,3588176000.0,,6.128,-166765000.0,977822000.0,977822000.0,3151635000.0,276712000.0,1.671,0.725,530497000.0,2891000.0,527606000.0,530497000.0,0.0,80471000.0,0.0,0.007,0.0,452620000.0,533091000.0,0.119,533091000.0,452620000.0,435794000.0,0.38,0.37,0.38,4481601000.0,,4481601000.0,17047603928.0,13.0,10.684,299054000.0,0.409,1.0,1310682000.0,0.294,1619147000.0,16826000.0,3186341000.0,,1706372000.0,593082000.0,593082000.0,0.0,3251119000.0,2479907000.0,771212000.0,17290066928.0,207552000.0,0.0,-79856000.0,2650000.0,0.0,-61551000.0,-200989000.0,-34224000.0,465819000.0,4273000.0,276712000.0,276712000.0,276712000.0,0.0,0.0,0.062,876375000.0,434307000.0,1435815000.0,0.0,3.858,22.05,22.093,1758394000.0,0.0,23.64,1.075,1.075,576672000.0,3192630000.0,4462317000.0,4462317000.0,0.0,,,,,20674000.0,873388000.0,1.0,731390310.0,731390310.0,,6.101,6113573000.0,149257000.0,159082000.0,5845000.0,8.359,1664637000.0
47,SPLS,MRQ,2005-09-30,2005-10-29,2005-10-29,2019-05-07,76039000.0,7256623000.0,,3854406000.0,3402217000.0,,5.668,-115833000.0,770270000.0,770270000.0,3024821000.0,224486000.0,1.665,0.742,527807000.0,1352000.0,526455000.0,527807000.0,0.0,74254000.0,0.0,0.008,0.0,368462000.0,442716000.0,0.104,442716000.0,368462000.0,353552000.0,0.31,0.3,0.31,4165085000.0,,4165085000.0,16024594414.0,14.0,10.873,329641000.0,0.449,1.0,1220698000.0,0.288,1615687000.0,14910000.0,3083930000.0,,1708701000.0,558858000.0,558858000.0,0.0,3091538000.0,2314543000.0,776995000.0,16166993414.0,88537000.0,-53324000.0,-133359000.0,-19110000.0,3000.0,-144933000.0,-216203000.0,-47046000.0,445474000.0,4199000.0,224486000.0,224486000.0,224486000.0,0.0,0.0,0.053,867184000.0,353514000.0,1365968000.0,0.0,3.882,22.614,22.68,1661563000.0,0.0,22.0,1.03,1.03,568430000.0,3239188000.0,4245519000.0,4245519000.0,0.0,,,,,25495000.0,864006000.0,1.0,734863337.0,734863337.0,,5.777,5640936000.0,115153000.0,129066000.0,22616000.0,7.676,1539863000.0
48,SPLS,MRQ,2005-06-30,2005-07-30,2005-07-30,2019-05-07,70443000.0,6948377000.0,,3671965000.0,3276412000.0,,5.473,-110057000.0,681733000.0,681733000.0,2482578000.0,135177000.0,1.714,0.723,539334000.0,2533000.0,536801000.0,539334000.0,0.0,75990000.0,0.0,0.007,0.0,227997000.0,303987000.0,0.088,303987000.0,227997000.0,212946000.0,0.18,0.18,0.18,4031617000.0,,4031617000.0,16498987888.0,14.0,11.452,19706000.0,0.027,1.0,989386000.0,0.285,1548410000.0,15051000.0,3115097000.0,,1729901000.0,511810000.0,511810000.0,0.0,2916760000.0,2142471000.0,774289000.0,16772842888.0,-134447000.0,0.0,-100934000.0,897000.0,-489000.0,-93066000.0,-165749000.0,-55692000.0,129763000.0,-5395000.0,135177000.0,135177000.0,135177000.0,0.0,0.0,0.039,775572000.0,213814000.0,1335488000.0,0.0,4.16,23.985,24.223,1602662000.0,0.0,22.77,1.098,1.098,517663000.0,3001363000.0,3471964000.0,3471964000.0,0.0,,,,,22637000.0,772131000.0,1.0,736620241.0,736620241.0,,4.713,5399967000.0,101297000.0,77769000.0,29552000.0,7.331,1529494000.0
49,SPLS,MRQ,2005-03-31,2005-04-30,2005-04-30,2019-05-07,100830000.0,6865802000.0,,3594351000.0,3271451000.0,,5.373,-63448000.0,816180000.0,816180000.0,2837200000.0,147742000.0,1.71,0.72,542325000.0,1165000.0,541160000.0,542325000.0,0.0,73185000.0,0.0,0.009,0.167,242697000.0,315882000.0,0.081,315882000.0,242697000.0,232709000.0,0.2,0.2,0.2,3991830000.0,,3991830000.0,13728711342.0,12.0,9.754,94117000.0,0.127,1.0,1061852000.0,0.272,1565906000.0,9988000.0,2923628000.0,,1564987000.0,456119000.0,456119000.0,0.0,2873972000.0,2102413000.0,771559000.0,14166850342.0,-181130000.0,-3872000.0,-166999000.0,-637000.0,-122916000.0,-284452000.0,-51208000.0,16112000.0,157565000.0,-3035000.0,147742000.0,147742000.0,147742000.0,0.0,0.0,0.038,829406000.0,232446000.0,1212831000.0,0.835,3.549,20.634,20.505,1588657000.0,0.0,19.07,0.951,0.951,523492000.0,2854673000.0,3899052000.0,3899052000.0,0.0,,,,,24252000.0,826004000.0,1.0,742886751.0,742886751.0,,5.249,5299896000.0,100256000.0,84967000.0,34096000.0,7.134,1491938000.0
50,SPLS,MRQ,2004-12-31,2005-01-29,2005-01-29,2019-05-07,114427000.0,7071448000.0,,3781612000.0,3289836000.0,,5.51,-134773000.0,997310000.0,997310000.0,2876709000.0,207511000.0,1.721,0.718,559171000.0,1244000.0,557927000.0,559171000.0,0.0,72464000.0,0.0,0.006,0.0,338700000.0,411164000.0,0.101,411164000.0,338700000.0,326789000.0,0.28,0.27,0.28,4115196000.0,,4115196000.0,15647643158.0,14.0,11.461,171618000.0,0.23,1.0,1199796000.0,0.294,1543984000.0,11911000.0,2892464000.0,,1602530000.0,472231000.0,472231000.0,0.0,2956252000.0,2196861000.0,759391000.0,16002612158.0,-116182000.0,-44947000.0,-108656000.0,-231865000.0,0.0,-299316000.0,-123135000.0,56585000.0,306391000.0,-122000.0,207511000.0,207511000.0,207511000.0,0.0,0.0,0.051,872908000.0,326888000.0,1241433000.0,0.0,3.889,24.079,23.807,1600874000.0,0.0,21.427,1.108,1.108,485126000.0,2818163000.0,4076505000.0,4076505000.0,0.0,,,,,73656000.0,870312000.0,1.0,746854955.0,746854955.0,,5.458,5527464000.0,86041000.0,119278000.0,23314000.0,7.401,1584751000.0
51,SPLS,MRQ,2004-09-30,2004-10-30,2004-10-30,2019-05-07,113332000.0,7152071000.0,,3983143000.0,3168928000.0,,5.27,-65076000.0,1113492000.0,1113492000.0,2734250000.0,208866000.0,1.607,0.818,758523000.0,192948000.0,565575000.0,758523000.0,0.0,69981000.0,0.0,0.007,0.0,339700000.0,409681000.0,0.107,409681000.0,339700000.0,328923000.0,0.28,0.28,0.28,3933592000.0,,3933592000.0,14656877819.0,13.0,10.711,500516000.0,0.671,1.0,1096216000.0,0.286,1509527000.0,10777000.0,2808632000.0,,1633774000.0,528816000.0,528816000.0,0.0,3218479000.0,2478943000.0,739536000.0,14797826819.0,236752000.0,-96040000.0,-51616000.0,570000.0,4000.0,-51042000.0,-295823000.0,-134707000.0,565592000.0,18025000.0,208866000.0,208866000.0,208866000.0,0.0,0.0,0.055,764471000.0,331745000.0,1394355000.0,0.0,3.762,22.121,21.716,1533342000.0,0.0,19.827,1.058,1.058,477068000.0,2566839000.0,3830466000.0,3830466000.0,0.0,,,,,0.0,762174000.0,1.0,746359793.0,746359793.0,,5.132,5642544000.0,95672000.0,120057000.0,0.0,7.56,1504200000.0
52,SPLS,MRQ,2004-06-30,2004-07-31,2004-07-31,2019-05-07,71937000.0,6468209000.0,,3460053000.0,3008156000.0,,4.975,-80446000.0,876740000.0,876740000.0,2218567000.0,122466000.0,1.698,0.743,735791000.0,181799000.0,553992000.0,735791000.0,0.0,68761000.0,0.0,0.007,0.0,201948000.0,270709000.0,0.088,270709000.0,201948000.0,192860000.0,0.17,0.16,0.17,3711837000.0,,3711837000.0,14705911656.0,14.0,11.316,2726000.0,0.004,1.0,870685000.0,0.282,1408038000.0,9088000.0,2881232000.0,,1591150000.0,394101000.0,394101000.0,0.0,2756372000.0,2037990000.0,718382000.0,14364938656.0,486922000.0,0.0,-53377000.0,-1229000.0,-99531000.0,-154137000.0,553925000.0,634371000.0,83172000.0,3962000.0,122466000.0,122466000.0,122466000.0,0.0,0.0,0.04,674357000.0,196328000.0,1171873000.0,0.0,3.87,22.952,22.388,1496009000.0,0.0,19.253,1.057,1.057,401377000.0,2357969000.0,3089252000.0,3089252000.0,0.0,,,,,0.0,672496000.0,1.0,746101385.0,746101385.0,,4.141,5060171000.0,97934000.0,70394000.0,0.0,6.782,1422063000.0
53,SPLS,MRQ,2004-03-31,2004-05-01,2004-05-01,2019-05-07,61373000.0,6393995000.0,,3406856000.0,2987139000.0,,4.798,-55140000.0,389818000.0,389818000.0,2516530000.0,125731000.0,1.631,0.779,730791000.0,180920000.0,549871000.0,730791000.0,0.0,67639000.0,0.0,0.008,0.133,206113000.0,273752000.0,0.079,273752000.0,206113000.0,198002000.0,0.17,0.17,0.17,3593696000.0,,3593696000.0,13148120273.0,14.0,10.567,127708000.0,0.171,1.0,935625000.0,0.271,1409560000.0,8111000.0,3236853000.0,,1377415000.0,1028475000.0,1028475000.0,0.0,2800299000.0,2088555000.0,711744000.0,12848002273.0,-67647000.0,0.0,-91687000.0,-2557000.0,0.0,-94244000.0,-149345000.0,-94205000.0,182848000.0,-6906000.0,125731000.0,125731000.0,125731000.0,0.0,0.0,0.036,733711000.0,201914000.0,1058596000.0,0.782,3.575,21.733,21.177,1475252000.0,0.0,17.153,0.964,0.964,411490000.0,2235480000.0,3452155000.0,3452155000.0,0.0,,,,,0.0,731722000.0,1.0,749009072.0,749009072.0,,4.609,4984435000.0,98011000.0,72271000.0,12888000.0,6.655,1318301000.0
54,SPLS,MRQ,2003-12-31,2004-01-31,2004-01-31,2019-05-07,81002000.0,6503046000.0,,3478904000.0,3024142000.0,,4.932,-86984000.0,457465000.0,457465000.0,2544565000.0,211888000.0,1.638,0.775,757583000.0,190150000.0,567433000.0,757583000.0,0.0,70062000.0,0.0,0.0,0.0,344188000.0,414250000.0,0.115,414250000.0,344188000.0,336330000.0,0.293,0.28,0.293,3662900000.0,,3662900000.0,12866056831.0,16.0,11.777,317826000.0,0.428,1.0,1068627000.0,0.296,1411548000.0,7858000.0,3268382000.0,,1465989000.0,934275000.0,934275000.0,0.0,2840146000.0,2123234000.0,716912000.0,13175854831.0,166344000.0,0.0,32057000.0,-13409000.0,0.0,18648000.0,-263809000.0,-176825000.0,404810000.0,6695000.0,211888000.0,211888000.0,211888000.0,0.0,0.0,0.059,727800000.0,340827000.0,1110631000.0,0.0,3.597,26.878,26.088,1505301000.0,0.0,17.74,1.016,1.016,410330000.0,2209302000.0,3613192000.0,3613192000.0,0.0,,,,,0.0,731737000.0,1.0,742720115.0,742720115.0,,4.865,5091498000.0,96247000.0,124442000.0,7563000.0,6.855,1355670000.0
55,SPLS,MRQ,2003-09-30,2003-11-01,2003-11-01,2019-05-07,62678000.0,6324894000.0,,3313543000.0,3011351000.0,,4.605,-81245000.0,1048571000.0,1048571000.0,2477418000.0,165774000.0,1.623,0.868,738773000.0,3608000.0,735165000.0,738773000.0,0.0,70727000.0,0.0,0.0,0.0,270101000.0,340828000.0,0.099,340828000.0,270101000.0,263134000.0,0.227,0.22,0.227,3386301000.0,,3386301000.0,13241377347.0,18.0,12.889,400463000.0,0.545,1.0,957345000.0,0.279,1421263000.0,6967000.0,2551711000.0,,1619294000.0,0.0,0.0,0.0,2938593000.0,2042122000.0,896471000.0,13098725347.0,-3514000.0,0.0,65631000.0,-8670000.0,0.0,56961000.0,-550120000.0,-468875000.0,481708000.0,7937000.0,165774000.0,165774000.0,165774000.0,0.0,0.0,0.048,690357000.0,266988000.0,1276506000.0,0.0,3.868,29.57,28.731,1476196000.0,0.0,17.813,1.032,1.032,408862000.0,1997414000.0,3434763000.0,3434763000.0,0.0,,,,,0.0,685967000.0,1.0,735332636.0,735332636.0,,4.671,4903631000.0,133197000.0,97360000.0,27700000.0,6.669,1271421000.0
56,SPLS,MRQ,2003-06-30,2003-08-02,2003-08-02,2019-05-07,31411000.0,5740795000.0,,2764569000.0,2976226000.0,,4.352,-65688000.0,583210000.0,583210000.0,2067698000.0,87792000.0,1.58,0.852,725862000.0,716000.0,725146000.0,725862000.0,0.0,71224000.0,0.0,0.0,0.0,144238000.0,215462000.0,0.076,215462000.0,144238000.0,139353000.0,0.12,0.12,0.12,3100551000.0,,3100551000.0,10241945363.0,15.0,10.648,87860000.0,0.123,1.0,760081000.0,0.269,1423127000.0,4885000.0,2710717000.0,,1578683000.0,0.0,0.0,0.0,2640244000.0,1749603000.0,890641000.0,9721755362.0,73616000.0,-2910000.0,271969000.0,-1729000.0,0.0,270240000.0,-352173000.0,-283575000.0,153548000.0,2001000.0,87792000.0,87792000.0,87792000.0,0.0,0.0,0.031,615843000.0,144238000.0,1091850000.0,0.0,3.135,23.991,23.816,1441148000.0,0.0,13.647,0.788,0.788,357642000.0,1831639000.0,2827779000.0,2827779000.0,0.0,,,,,0.0,611491000.0,1.0,712390476.0,712390476.0,,3.969,4317668000.0,133502000.0,51561000.0,35951000.0,6.061,1014966000.0
57,SPLS,MRQ,2003-03-31,2003-05-03,2003-05-03,2019-05-07,14255000.0,5296043000.0,,2303779000.0,2992264000.0,,3.824,-43876000.0,226019000.0,226019000.0,2379211000.0,24756000.0,1.375,0.951,746209000.0,2017000.0,744192000.0,746209000.0,0.0,70798000.0,0.0,0.0,0.0,46235000.0,117033000.0,0.038,117033000.0,46235000.0,39295000.0,0.033,0.033,0.033,2715109000.0,,2715109000.0,9561056501.0,15.0,10.524,-64210000.0,-0.09,1.0,712077000.0,0.23,1422317000.0,6940000.0,2718609000.0,,1452633000.0,0.0,0.0,0.0,2580934000.0,1675307000.0,905627000.0,9097408501.0,-274870000.0,0.0,15849000.0,-326427000.0,0.0,-310578000.0,51299000.0,95175000.0,-20334000.0,4743000.0,24756000.0,24756000.0,24756000.0,0.0,0.0,0.008,665842000.0,46235000.0,1008625000.0,0.0,3.351,24.132,23.728,1439967000.0,0.0,12.813,0.762,0.762,396051000.0,1743847000.0,3091288000.0,3091288000.0,0.0,,,,,0.0,662662000.0,1.0,709995461.0,709995461.0,,4.354,3873726000.0,133935000.0,14539000.0,53122000.0,5.456,628472000.0
58,SPLS,MRQ,2002-12-31,2003-02-01,2003-02-01,2019-05-07,11481000.0,5721388000.0,,2717476000.0,3003912000.0,,3.767,-72250000.0,495889000.0,495889000.0,2452321000.0,164658000.0,1.249,1.152,1059712000.0,327671000.0,732041000.0,1059712000.0,0.0,72112000.0,0.0,0.0,0.0,281880000.0,353992000.0,0.106,353992000.0,281880000.0,261362000.0,0.24,0.227,0.24,2658892000.0,,2658892000.0,8914659444.0,13.0,9.287,341018000.0,0.483,1.0,882788000.0,0.265,1424215000.0,20518000.0,2685670000.0,,1555205000.0,100175000.0,100175000.0,0.0,3062496000.0,2175326000.0,887170000.0,8080016444.0,269700000.0,0.0,32757000.0,-9208000.0,0.0,23549000.0,-173396000.0,-100175000.0,413268000.0,6279000.0,164658000.0,164658000.0,164658000.0,0.0,0.0,0.049,610976000.0,271812000.0,1092172000.0,0.0,3.039,18.113,17.885,1447752000.0,0.0,11.447,0.697,0.697,364419000.0,1719091000.0,3335109000.0,3335109000.0,0.0,,,,,0.0,606720000.0,1.0,705883790.0,705883790.0,,4.725,4297173000.0,96229000.0,96704000.0,0.0,6.088,542150000.0
59,SPLS,MRQ,2002-09-30,2002-11-02,2002-11-02,2019-05-07,-2388000.0,5378209000.0,,2453930000.0,2924279000.0,,3.272,-59185000.0,226189000.0,226189000.0,2286911000.0,128018000.0,1.165,1.204,1060832000.0,332346000.0,728486000.0,1060832000.0,0.0,66771000.0,0.0,0.0,0.0,208610000.0,275381000.0,0.089,275381000.0,208610000.0,203204000.0,0.18,0.18,0.18,2440183000.0,,2440183000.0,7953011784.0,14.0,9.608,371444000.0,0.498,1.0,802814000.0,0.26,1354332000.0,5406000.0,2751598000.0,,1615222000.0,0.0,0.0,0.0,2938026000.0,2106922000.0,831104000.0,7652082784.0,51309000.0,-787995000.0,3026000.0,460399000.0,0.0,463425000.0,-846153000.0,0.0,430629000.0,3408000.0,128018000.0,128018000.0,128018000.0,0.0,0.0,0.041,594204000.0,208610000.0,1121668000.0,0.0,3.136,20.393,19.25,1430277000.0,0.0,10.26,0.684,0.684,431866000.0,1554433000.0,3089725000.0,3089725000.0,0.0,,,,,0.0,591811000.0,1.0,745817036.0,745817036.0,,4.143,4023877000.0,87428000.0,75186000.0,0.0,5.395,347008000.0
60,SPLS,MRQ,2002-06-30,2002-08-03,2002-08-03,2019-05-07,-13482000.0,4396800000.0,,2303774000.0,2093026000.0,,3.27,-70313000.0,174880000.0,174880000.0,1828513000.0,59555000.0,1.485,0.917,475809000.0,16189000.0,459620000.0,475809000.0,0.0,65209000.0,0.0,0.0,0.0,96912000.0,162121000.0,0.067,162121000.0,96912000.0,94531000.0,0.087,0.087,0.087,2293153000.0,,2293153000.0,6757765766.0,13.0,8.76,-129587000.0,-0.185,1.0,597962000.0,0.246,567221000.0,2381000.0,2579452000.0,,1696132000.0,0.0,0.0,0.0,2103647000.0,1551056000.0,552591000.0,6882045766.0,-312876000.0,-383192000.0,18707000.0,183723000.0,0.0,202430000.0,-453632000.0,0.0,-59274000.0,-2400000.0,59555000.0,59555000.0,59555000.0,0.0,0.0,0.025,501050000.0,96912000.0,979731000.0,0.0,3.001,20.329,20.151,1390427000.0,0.0,9.813,0.629,0.629,242445000.0,1426414000.0,2426475000.0,2426475000.0,0.0,,,,,29000000.0,498704000.0,1.0,701295425.0,701295425.0,,3.46,3829579000.0,103406000.0,34976000.0,0.0,5.461,752718000.0
61,SPLS,MRQ,2002-03-31,2002-05-04,2002-05-04,2019-05-07,-16163000.0,4193568000.0,,2496701000.0,1696867000.0,,3.152,-62944000.0,487756000.0,487756000.0,2084848000.0,93869000.0,1.62,0.904,363476000.0,6699000.0,356777000.0,363476000.0,0.0,63117000.0,0.0,0.0,0.0,105338000.0,168455000.0,0.061,168455000.0,105338000.0,102966000.0,0.133,0.133,0.133,2202465000.0,,2202465000.0,9347354492.0,19.0,12.556,66783000.0,0.096,1.0,659918000.0,0.24,223718000.0,2372000.0,2304777000.0,,1480162000.0,0.0,0.0,0.0,1991103000.0,1540793000.0,450310000.0,9386970492.0,92932000.0,0.0,23931000.0,748000.0,0.0,24679000.0,-63220000.0,0.0,129727000.0,1746000.0,93869000.0,93869000.0,93869000.0,0.0,0.0,0.034,554580000.0,105338000.0,922136000.0,0.0,4.262,29.396,33.583,1366427000.0,0.0,13.433,0.867,0.867,331529000.0,1366860000.0,2744766000.0,2744766000.0,0.0,,,,,-29000000.0,552694000.0,1.0,698781923.0,698781923.0,,3.928,3969850000.0,110861000.0,9097000.0,0.0,5.681,955908000.0
62,SPLS,MRQ,2001-12-31,2002-02-02,2002-02-02,2019-05-07,-27129000.0,4093035000.0,,2402827000.0,1690208000.0,,2.967,-81886000.0,394824000.0,394824000.0,2212188000.0,93798000.0,1.506,0.993,355208000.0,4983000.0,350225000.0,355208000.0,0.0,65515000.0,0.0,0.0,0.0,156304000.0,221819000.0,0.076,221819000.0,156304000.0,152517000.0,0.133,0.133,0.133,2054174000.0,,2054174000.0,8715032456.0,19.0,12.326,412221000.0,0.595,1.0,717019000.0,0.245,223718000.0,3787000.0,2234002000.0,,1459792000.0,0.0,0.0,0.0,2038861000.0,1595699000.0,443162000.0,8276780456.0,283509000.0,0.0,27190000.0,-191394000.0,0.0,-146177000.0,-67342000.0,16597000.0,494107000.0,2921000.0,93798000.0,93798000.0,93798000.0,0.0,0.0,0.032,560715000.0,156304000.0,935442000.0,0.0,4.029,31.237,44.769,1358752000.0,0.0,11.953,0.77,0.77,338581000.0,1272991000.0,2929207000.0,2929207000.0,0.0,,,,,0.0,496967000.0,1.0,692424467.0,692424467.0,,4.23,3869317000.0,117560000.0,58719000.0,0.0,5.588,807128000.0
63,SPLS,MRQ,2001-09-30,2001-11-03,2001-11-03,2019-05-07,-22609000.0,4067636000.0,,2352319000.0,1715317000.0,,2.787,-75167000.0,111315000.0,111315000.0,2146724000.0,91312000.0,1.391,1.111,549567000.0,177142000.0,372425000.0,549567000.0,0.0,64131000.0,0.0,0.0,0.0,154912000.0,219043000.0,0.077,219043000.0,154912000.0,148475000.0,0.133,0.133,0.133,1926600000.0,,1926600000.0,7801248187.0,29.0,15.382,214000000.0,0.31,1.0,687137000.0,0.242,233598000.0,6437000.0,2581145000.0,,1580922000.0,0.0,0.0,0.0,2141036000.0,1691145000.0,449891000.0,7190508187.0,51245000.0,0.0,-10553000.0,-209235000.0,0.0,-158679000.0,-73582000.0,1654000.0,289167000.0,-5661000.0,91312000.0,91312000.0,91312000.0,0.0,0.0,0.032,532225000.0,154912000.0,956736000.0,0.0,3.732,120.855,78.195,1361457000.0,0.0,10.4,0.658,0.658,473451000.0,1179193000.0,2833861000.0,2833861000.0,0.0,,,,,0.0,527334000.0,1.0,691395018.0,691395018.0,,4.099,3834038000.0,66242000.0,57163000.0,0.0,5.545,661174000.0
64,SPLS,MRQ,2001-06-30,2001-08-04,2001-08-04,2019-05-07,-19664000.0,4001712000.0,,2299817000.0,1701895000.0,,2.689,-94733000.0,60070000.0,60070000.0,1764499000.0,40353000.0,1.429,1.171,670810000.0,212959000.0,457851000.0,670810000.0,0.0,60761000.0,0.0,0.0,0.0,74376000.0,135137000.0,0.058,135137000.0,74376000.0,65614000.0,0.0,0.0,0.0,1843302000.0,,1843302000.0,7459564834.0,28.0,14.738,-46467000.0,-0.068,1.0,549730000.0,0.238,235243000.0,8762000.0,2767901000.0,,1681809000.0,0.0,0.0,0.0,2158410000.0,1609308000.0,549102000.0,6851315834.0,18222000.0,0.0,13100000.0,17758000.0,0.0,55858000.0,-85990000.0,8688000.0,48266000.0,88000.0,40353000.0,40353000.0,40353000.0,0.0,0.0,0.017,475354000.0,74376000.0,915064000.0,,3.717,129.647,,1349210000.0,0.0,9.993,0.629,0.629,376482000.0,1087881000.0,2314229000.0,2314229000.0,0.0,,,,,0.0,469737000.0,1.0,685588643.0,685588643.0,,3.376,3766469000.0,49907000.0,25261000.0,0.0,5.494,690509000.0
65,SPLS,MRQ,2001-03-31,2001-05-05,2001-05-05,2019-05-07,6931000.0,3847620000.0,,2167453000.0,1680167000.0,,2.657,-88332000.0,41848000.0,41848000.0,2050469000.0,39507000.0,1.417,1.12,650097000.0,220596000.0,429501000.0,650097000.0,0.0,58558000.0,0.0,0.0,0.0,72472000.0,131030000.0,0.049,131030000.0,72472000.0,64239000.0,0.0,0.0,0.0,1814636000.0,,1814636000.0,7739578012.0,28.0,15.088,-148964000.0,-0.218,1.0,616607000.0,0.231,236890000.0,8233000.0,2689868000.0,,1575491000.0,0.0,0.0,0.0,2032984000.0,1529111000.0,503873000.0,7377376012.0,-221712000.0,0.0,-2271000.0,18678000.0,0.0,-69702000.0,-88833000.0,0.0,-60632000.0,-2545000.0,39507000.0,39507000.0,39507000.0,0.0,0.0,0.015,544135000.0,72472000.0,824660000.0,,4.065,134.007,,1320983000.0,0.0,10.8,0.684,0.684,370520000.0,1047528000.0,2667076000.0,2667076000.0,0.0,,,,,0.0,537313000.0,1.0,683090372.0,683090372.0,,3.904,3610730000.0,54864000.0,24732000.0,0.0,5.286,638342000.0
66,SPLS,MRQ,2000-12-31,2001-02-03,2001-02-03,2019-05-07,-14354000.0,3983923000.0,,2356111000.0,1627812000.0,,2.575,-122585000.0,263560000.0,263560000.0,2370908000.0,-111675000.0,1.377,1.277,625762000.0,184505000.0,441257000.0,625762000.0,0.0,54916000.0,0.0,0.0,0.0,-32952000.0,21964000.0,0.007,21964000.0,-32952000.0,-46301000.0,0.0,0.0,0.0,1749424000.0,,1749424000.0,8037012129.0,28.0,15.671,223552000.0,0.329,1.0,743911000.0,0.239,238536000.0,13349000.0,2396310000.0,,1639698000.0,0.0,0.0,0.0,2234499000.0,1711279000.0,523220000.0,7360849129.0,158291000.0,0.0,-19190000.0,-59467000.0,0.0,-78657000.0,-113043000.0,6897000.0,346137000.0,3854000.0,-111675000.0,-111675000.0,-111675000.0,0.0,0.0,-0.036,776863000.0,-32952000.0,983851000.0,,4.208,123.273,,1300525000.0,0.0,10.833,0.69,0.69,297916000.0,1008021000.0,3114819000.0,3114819000.0,0.0,,,,,0.0,565496000.0,1.0,679462997.0,679462997.0,,4.584,3745387000.0,43955000.0,65374000.0,0.0,5.512,644832000.0
67,SPLS,MRQ,2000-09-30,2000-10-28,2000-10-28,2019-05-07,-18363000.0,4253949000.0,,2425954000.0,1827995000.0,,2.73,-128240000.0,105269000.0,105269000.0,2125486000.0,84661000.0,1.57,1.287,781432000.0,1843000.0,779589000.0,781432000.0,0.0,60814000.0,0.0,0.0,0.0,157211000.0,218025000.0,0.078,218025000.0,157211000.0,143493000.0,0.0,0.0,0.0,1859820000.0,,1859820000.0,6631843164.0,13.0,8.964,117563000.0,0.173,1.0,676283000.0,0.241,382260000.0,13718000.0,3002573000.0,,1667932000.0,68372000.0,1028000.0,67344000.0,2394129000.0,1545279000.0,848850000.0,5848735164.0,27744000.0,0.0,-16944000.0,-67471000.0,0.0,-84415000.0,-129055000.0,1894000.0,245803000.0,-4589000.0,84661000.0,84661000.0,84661000.0,0.0,0.0,0.03,519072000.0,157211000.0,1013417000.0,,3.145,20.114,,1246865000.0,0.0,8.587,0.574,0.574,525387000.0,1119696000.0,2801769000.0,2801769000.0,0.0,,,,,0.0,510387000.0,1.0,681141518.0,681141518.0,,4.113,3871689000.0,76301000.0,58832000.0,0.0,5.684,880675000.0
68,SPLS,MRQ,2000-06-30,2000-07-29,2000-07-29,2019-05-07,33710000.0,4151673000.0,,2309754000.0,1841919000.0,,2.677,-117988000.0,77525000.0,77525000.0,1654633000.0,42559000.0,1.623,1.262,860633000.0,34065000.0,826568000.0,860633000.0,0.0,57872000.0,0.0,0.0,0.0,84086000.0,141958000.0,0.064,141958000.0,84086000.0,72134000.0,,,,1835269000.0,,1835269000.0,6968790050.0,13.0,9.638,-105387000.0,-0.154,1.0,546664000.0,0.248,385927000.0,11952000.0,3125606000.0,,1676571000.0,153199000.0,1049000.0,152150000.0,2316404000.0,1423248000.0,893156000.0,6398162050.0,76874000.0,0.0,-92392000.0,288980000.0,0.0,196588000.0,-127039000.0,-8865000.0,12601000.0,-5276000.0,42559000.0,42559000.0,42559000.0,0.0,0.0,0.019,462578000.0,84086000.0,907418000.0,,3.486,21.423,,1185947000.0,0.0,9.333,0.654,0.654,445564000.0,1035035000.0,2201297000.0,2201297000.0,0.0,,,,,0.0,452510000.0,1.0,685517363.0,685517363.0,,3.211,3765746000.0,43009000.0,29575000.0,0.0,5.493,886506000.0
69,SPLS,MRQ,2000-03-31,2000-04-29,2000-04-29,2019-05-07,95554000.0,3980724000.0,,2112868000.0,1867856000.0,,2.832,-81404000.0,651000.0,651000.0,1946139000.0,44167000.0,1.511,1.046,571279000.0,27498000.0,543781000.0,571279000.0,0.0,49908000.0,0.0,0.0,0.0,80998000.0,130906000.0,0.051,130906000.0,80998000.0,74859000.0,,,,1945484000.0,,1945484000.0,9131021316.0,17.0,12.705,-103548000.0,-0.151,1.0,609647000.0,0.239,389406000.0,6139000.0,2763773000.0,,1547780000.0,245516000.0,1047000.0,244469000.0,2035240000.0,1398173000.0,637067000.0,8728382316.0,-109832000.0,0.0,-29046000.0,70141000.0,0.0,41095000.0,-131287000.0,-49917000.0,-22144000.0,2504000.0,44167000.0,44167000.0,44167000.0,0.0,0.0,0.017,528649000.0,80998000.0,842113000.0,,4.486,28.262,,1131598000.0,0.0,12.707,0.927,0.927,438383000.0,992476000.0,2555786000.0,2555786000.0,0.0,,,,,0.0,524344000.0,1.0,686913614.0,686913614.0,,3.721,3591318000.0,40095000.0,30692000.0,29223000.0,5.228,714695000.0
70,SPLS,MRQ,1999-12-31,2000-01-29,2000-01-29,2019-05-07,2178000.0,3846076000.0,,2193451000.0,1652625000.0,,2.595,-103967000.0,110483000.0,110483000.0,1959135000.0,119396000.0,1.508,1.103,513122000.0,12219000.0,500903000.0,513122000.0,0.0,46638000.0,0.0,0.0,0.0,202278000.0,248916000.0,0.095,248916000.0,202278000.0,195731000.0,0.0,0.0,0.0,1828813000.0,,1828813000.0,10525376900.0,20.0,14.906,35893000.0,0.051,1.0,671687000.0,0.255,387595000.0,6547000.0,2406216000.0,,1607516000.0,0.0,0.0,0.0,2017263000.0,1454904000.0,562359000.0,10100798900.0,20319000.0,-2081000.0,-16744000.0,6131000.0,0.0,-10613000.0,-110445000.0,67000.0,139860000.0,1517000.0,119396000.0,119396000.0,119396000.0,0.0,0.0,0.045,469409000.0,202278000.0,897523000.0,,5.523,32.067,51.19,1094762000.0,0.0,14.333,1.13,1.13,360901000.0,948309000.0,2630822000.0,2630822000.0,0.0,,,,,0.0,463205000.0,1.0,704706900.0,704706900.0,,3.733,3458481000.0,74642000.0,76335000.0,0.0,4.908,738547000.0
71,SPLS,MRQ,1999-09-30,1999-10-30,1999-10-30,2019-05-07,-8653000.0,3735645000.0,,2173503000.0,1562142000.0,,2.443,-105273000.0,90164000.0,90164000.0,1799564000.0,92534000.0,1.452,1.213,514742000.0,21832000.0,492910000.0,514742000.0,0.0,44443000.0,0.0,0.0,0.0,156857000.0,201300000.0,0.084,201300000.0,156857000.0,151695000.0,0.133,0.133,0.133,1687740000.0,,1687740000.0,10613619620.0,24.0,17.268,140097000.0,0.203,1.0,594247000.0,0.248,378093000.0,5162000.0,2285650000.0,,1534439000.0,26876000.0,1211000.0,25665000.0,2047905000.0,1496480000.0,551425000.0,10306062620.0,90164000.0,-104315000.0,-151252000.0,206679000.0,0.0,55427000.0,-210415000.0,-2779000.0,245370000.0,-218000.0,92534000.0,92534000.0,92534000.0,0.0,0.0,0.039,437390000.0,156857000.0,935855000.0,0.0,6.106,38.621,38.226,1031171000.0,0.0,14.793,1.229,1.219,433123000.0,828914000.0,2393811000.0,2393811000.0,0.0,,,,,0.0,429760000.0,1.0,696669398.0,690821256.0,708516161.0,3.465,3357552000.0,78709000.0,59161000.0,0.0,4.86,677023000.0
72,SPLS,MRQ,1999-06-30,1999-07-31,1999-07-31,2019-05-07,-12803000.0,3405246000.0,,2029231000.0,1376015000.0,,2.499,-85874000.0,0.0,0.0,1385551000.0,52744000.0,1.501,0.964,307557000.0,43997000.0,263560000.0,307557000.0,0.0,47121000.0,0.0,0.0,0.0,90442000.0,137563000.0,0.075,137563000.0,90442000.0,86466000.0,0.073,0.073,0.073,1733678000.0,,1733678000.0,13512179765.0,33.0,23.995,-174461000.0,-0.252,1.0,454559000.0,0.247,301323000.0,3976000.0,2059381000.0,,1518768000.0,22158000.0,1252000.0,20906000.0,1671568000.0,1352099000.0,319469000.0,13423797765.0,-151670000.0,0.0,-43197000.0,67422000.0,0.0,24225000.0,-87052000.0,1287000.0,-88587000.0,-256000.0,52744000.0,52744000.0,52744000.0,0.0,0.0,0.029,364117000.0,90442000.0,863878000.0,0.0,7.743,55.128,53.481,926563000.0,0.0,19.253,1.702,1.693,378114000.0,736378000.0,1840110000.0,1840110000.0,0.0,,,,,0.0,356247000.0,1.0,697219413.0,693632708.0,714048351.0,2.653,3103923000.0,110216000.0,33722000.0,0.0,4.475,677132000.0
73,SPLS,MRQ,1999-03-31,1999-05-01,1999-05-01,2019-05-07,-8512000.0,3248247000.0,,1938089000.0,1310158000.0,,2.455,-59967000.0,151670000.0,151670000.0,1577313000.0,50314000.0,1.508,0.906,240052000.0,35782000.0,204270000.0,240052000.0,0.0,34456000.0,0.0,0.0,0.0,83898000.0,118354000.0,0.057,118354000.0,83898000.0,82482000.0,0.073,0.073,0.073,1704577000.0,,1704577000.0,13796062380.0,40.0,28.756,-57085000.0,-0.082,1.0,494753000.0,0.239,300981000.0,1416000.0,1750161000.0,,1305170000.0,23498000.0,23498000.0,0.0,1543670000.0,1285487000.0,258183000.0,13916446380.0,-206323000.0,-137625000.0,-9806000.0,1236000.0,0.0,-8570000.0,-201118000.0,-6079000.0,2882000.0,483000.0,50314000.0,50314000.0,50314000.0,0.0,0.0,0.024,410855000.0,83898000.0,778251000.0,0.0,8.164,69.675,66.667,884106000.0,0.0,20.0,1.849,1.845,342675000.0,683635000.0,2072066000.0,2072066000.0,0.0,,,,,0.0,404060000.0,1.0,695822319.0,694248713.0,715201520.0,2.985,2947266000.0,106925000.0,32168000.0,0.0,4.245,652602000.0
74,SPLS,MRQ,1998-12-31,1999-01-30,1999-01-30,2019-05-07,-11668000.0,3179266000.0,,2064100000.0,1115166000.0,,2.396,-95889000.0,357993000.0,357993000.0,1547716000.0,71260000.0,1.631,0.919,237609000.0,32594000.0,205015000.0,237609000.0,0.0,37246000.0,0.0,0.0,0.0,120194000.0,157440000.0,0.076,157440000.0,120194000.0,117784000.0,0.107,0.1,0.107,1656886000.0,,1656886000.0,13538839397.0,42.0,30.04,172299000.0,0.249,1.0,529387000.0,0.255,148201000.0,2410000.0,1645349000.0,,1340432000.0,17428000.0,17428000.0,0.0,1522380000.0,1265332000.0,257048000.0,13197304397.0,164348000.0,-13500000.0,22163000.0,2365000.0,0.0,24528000.0,-127684000.0,-17032000.0,268188000.0,-684000.0,71260000.0,71260000.0,71260000.0,0.0,0.0,0.034,409193000.0,120194000.0,794427000.0,0.0,7.965,71.194,66.504,840289000.0,0.0,19.087,1.853,1.853,221836000.0,633321000.0,2077103000.0,2077103000.0,0.0,,,,,0.0,356259000.0,1.0,691441027.0,691441027.0,,3.004,3031065000.0,103996000.0,46524000.0,0.0,4.384,798768000.0
75,SPLS,MRQ,1998-09-30,1998-10-31,1998-10-31,2019-05-07,-13661000.0,2894677000.0,,1864933000.0,1029744000.0,,1.858,-104503000.0,193645000.0,193645000.0,1431596000.0,69186000.0,1.657,1.437,535180000.0,3420000.0,531760000.0,535180000.0,0.0,31033000.0,0.0,0.0,0.0,118729000.0,149762000.0,0.079,149762000.0,118729000.0,114357000.0,0.107,0.1,0.107,1187813000.0,,1187813000.0,9686748782.0,30.0,22.309,65845000.0,0.103,1.0,468174000.0,0.246,134917000.0,4372000.0,1975594000.0,,1303329000.0,1459000.0,1459000.0,0.0,1706864000.0,1125701000.0,581163000.0,9270132782.0,99883000.0,0.0,6252000.0,24617000.0,0.0,30566000.0,-100907000.0,-2000.0,170348000.0,-124000.0,69186000.0,69186000.0,69186000.0,0.0,0.0,0.036,349445000.0,118729000.0,726537000.0,0.0,7.804,49.452,48.021,776898000.0,0.0,14.502,1.375,1.375,270421000.0,562120000.0,1899770000.0,1899770000.0,0.0,,,,,0.0,344533000.0,1.0,639221537.0,639275517.0,704652189.0,2.972,2759760000.0,0.0,45171000.0,0.0,4.317,739232000.0
76,SPLS,MRQ,1998-06-30,1998-08-01,1998-08-01,2019-05-07,-12790000.0,2674868000.0,,1724325000.0,950543000.0,,1.736,-98712000.0,93762000.0,93762000.0,1127778000.0,8974000.0,1.697,1.423,510378000.0,4443000.0,505935000.0,510378000.0,0.0,29997000.0,0.0,0.0,0.0,24213000.0,54210000.0,0.037,54210000.0,24213000.0,18293000.0,0.013,0.013,0.013,1104086000.0,,1104086000.0,9591679078.0,33.0,24.393,-105670000.0,-0.166,1.0,347927000.0,0.236,135818000.0,5920000.0,1939502000.0,,1293654000.0,1443000.0,1443000.0,0.0,1570782000.0,1016164000.0,554618000.0,9296969078.0,-162890000.0,0.0,-33880000.0,-27135000.0,0.0,-76616000.0,-79110000.0,15489000.0,-6958000.0,-206000.0,8974000.0,8974000.0,8974000.0,0.0,0.0,0.006,323824000.0,24103000.0,701198000.0,0.0,8.421,54.591,52.947,701801000.0,0.0,14.613,1.454,1.454,254641000.0,492977000.0,1475705000.0,1475705000.0,0.0,,,,,0.0,277665000.0,1.0,636197702.0,635938785.0,654824987.0,2.321,2539050000.0,0.0,9319000.0,0.0,3.993,708161000.0
77,SPLS,MRQ,1998-03-31,1998-05-02,1998-05-02,2019-05-07,-8115000.0,2434350000.0,,1592740000.0,841610000.0,,1.622,-50925000.0,229131000.0,229131000.0,1289833000.0,35950000.0,1.844,1.388,523841000.0,15499000.0,508342000.0,523841000.0,0.0,28652000.0,0.0,0.0,0.0,60655000.0,89307000.0,0.053,89307000.0,60655000.0,55961000.0,0.06,0.053,0.06,1019533000.0,,1019533000.0,6623358382.0,22.0,16.401,-76446000.0,-0.122,1.0,380778000.0,0.228,28752000.0,4694000.0,1836763000.0,,1101303000.0,137912000.0,1167000.0,136745000.0,1414817000.0,863545000.0,551272000.0,6429941382.0,-124436000.0,0.0,13467000.0,-24909000.0,0.0,-11442000.0,-87927000.0,5420000.0,-25521000.0,454000.0,35950000.0,35950000.0,35950000.0,0.0,0.0,0.022,320173000.0,60605000.0,591732000.0,0.0,6.307,34.929,38.031,596965000.0,0.0,11.333,1.052,1.166,184191000.0,415432000.0,1670611000.0,1670611000.0,0.0,,,,,0.0,315897000.0,1.0,567347769.0,628540992.0,692424552.0,2.658,2405598000.0,0.0,20011000.0,0.0,3.827,729195000.0
78,SPLS,MRQ,1997-12-31,1998-01-31,1998-01-31,2019-05-07,-9259000.0,2638862000.0,,1786140000.0,852722000.0,,1.929,-48676000.0,381088000.0,381088000.0,1306995000.0,73348000.0,1.818,1.411,562460000.0,43501000.0,518959000.0,562460000.0,0.0,21442000.0,0.0,0.0,0.0,119494000.0,140936000.0,0.083,140936000.0,119494000.0,113579000.0,0.122,0.109,0.122,1094485000.0,,1094485000.0,,,,152805000.0,0.269,1.0,387697000.0,0.229,139753000.0,5915000.0,1698001000.0,,1124642000.0,22352000.0,5902000.0,16450000.0,1544377000.0,982480000.0,561897000.0,4580807913.0,133590000.0,-5305000.0,19802000.0,-1971000.0,0.0,12359000.0,-79613000.0,-8357000.0,201481000.0,-637000.0,73348000.0,73348000.0,73348000.0,0.0,0.0,0.043,268216000.0,119481000.0,672956000.0,0.0,4.185,27.281,29.575,610262000.0,0.0,8.074,0.799,0.799,203143000.0,510040000.0,1694692000.0,1694692000.0,0.0,,,,,0.0,265772000.0,1.0,567347769.0,567347769.0,,2.987,2499109000.0,48559000.0,40231000.0,0.0,4.405,803660000.0
79,SPLS,MRQ,1997-09-30,1997-11-01,1997-11-01,2019-05-07,,,,,,,,-63163000.0,,,1176922000.0,52030000.0,,,,,,,,23329000.0,,0.0,0.0,85440000.0,108769000.0,0.07,108769000.0,85440000.0,79228000.0,0.08,0.08,0.08,,,,,,,55152000.0,0.09,1.0,375471000.0,0.242,,6212000.0,,,,,,,,,,,123975000.0,1606000.0,16741000.0,52335000.0,0.0,63630000.0,-56614000.0,2040000.0,118315000.0,-1356000.0,52030000.0,52030000.0,52030000.0,0.0,0.0,0.034,290046000.0,85425000.0,,0.0,,,,,0.0,7.778,,,,,1552393000.0,1552393000.0,0.0,,,,,0.0,286265000.0,1.0,,613846368.0,678527633.0,2.529,,,27198000.0,,,
80,SPLS,MRQ,1997-06-30,1997-08-02,1997-08-02,2019-05-07,,,,,,,,-42646000.0,,,905718000.0,22759000.0,,,,,,,,27054000.0,,0.0,0.0,37771000.0,64825000.0,0.054,64825000.0,37771000.0,31879000.0,0.036,0.036,0.036,,,,,,,-8555000.0,-0.014,1.0,286621000.0,0.24,,5892000.0,,,,,,,,,,,-62164000.0,-77744000.0,7987000.0,21173000.0,0.0,14903000.0,-111504000.0,6863000.0,34091000.0,346000.0,22759000.0,22759000.0,22759000.0,0.0,0.0,0.019,248906000.0,37715000.0,,0.0,,,,,0.0,7.52,,,,,1192339000.0,1192339000.0,0.0,,,,,0.0,236438000.0,1.0,,607849027.0,628180934.0,1.962,,,9120000.0,,,
81,SPLS,MRQ,1997-03-31,1997-05-03,1997-05-03,2019-05-07,,,,,,,,-36174000.0,,,886239000.0,8406000.0,,,,,,,,18889000.0,,0.0,0.0,18000000.0,36889000.0,0.032,36889000.0,18000000.0,13781000.0,0.018,0.013,0.018,,,,,,,2759000.0,0.005,1.0,268755000.0,0.233,,4219000.0,,,,,,,,,,,68652000.0,-1670000.0,3513000.0,64366000.0,0.0,67879000.0,-37087000.0,3123000.0,38933000.0,-1073000.0,8406000.0,8406000.0,8406000.0,0.0,0.0,0.007,224240000.0,44515000.0,,0.0,,,,,0.0,5.852,,,,,1154994000.0,1154994000.0,0.0,,,,,0.0,220806000.0,1.0,,546878585.0,565562786.0,2.112,,,5375000.0,,,
82,SPLS,MRQ,1996-12-31,1997-02-01,1997-02-01,2019-05-07,-117000.0,1787752000.0,,1151348000.0,636404000.0,,,,98143000.0,98143000.0,,,1.911,1.347,398562000.0,7220000.0,391342000.0,398562000.0,0.0,,0.0,0.0,0.0,,,,,,,,,,761686000.0,,761686000.0,,,,,,1.0,,,81306000.0,,1404310000.0,,813661000.0,48528000.0,7986000.0,40542000.0,1026066000.0,602555000.0,423511000.0,,,,,,,,,,,,,,,,,,,,421051000.0,,,,25.309,442857000.0,,6.074,,,167072000.0,253183000.0,,,,,,,,,,1.0,,,,,1706446000.0,47910000.0,,0.0,,548793000.0
0,SPLS,MRT,2017-06-30,2017-07-29,2017-07-29,2019-05-07,-471000000.0,7666000000.0,8208500000.0,4754000000.0,2912000000.0,2.004,5.186,-205000000.0,1199000000.0,1199000000.0,12095000000.0,-1533000000.0,1.434,1.261,1048000000.0,524000000.0,524000000.0,1048000000.0,0.0,389000000.0,0.0,0.047,0.48,-1225000000.0,-836000000.0,-0.051,-836000000.0,-1225000000.0,-1266000000.0,-2.36,-2.36,-2.36,3387000000.0,3770500000.0,3387000000.0,6380098991.0,-5.0,-7.632,1019000000.0,1.56,1.0,4353000000.0,0.265,1457000000.0,41000000.0,2742000000.0,3078250000.0,1870000000.0,0.0,0.0,0.0,4271000000.0,3316000000.0,955000000.0,6623098991.0,424000000.0,-73000000.0,10000000.0,-205000000.0,-313000000.0,-495000000.0,-293000000.0,-15000000.0,1224000000.0,-12000000.0,-1533000000.0,-1533000000.0,-1533000000.0,1966000000.0,0.0,-0.093,3627000000.0,726000000.0,1732000000.0,-0.203,1.955,-4.32,-4.297,1057000000.0,0.0,10.14,0.403,0.403,1342000000.0,4174000000.0,16448000000.0,16448000000.0,0.0,-0.187,-0.407,-0.398,-0.074,52000000.0,3424000000.0,1.0,653165581.0,653165581.0,,25.182,6209000000.0,0.0,267000000.0,0.0,9.506,1438000000.0
1,SPLS,MRT,2017-03-31,2017-04-29,2017-04-29,2019-05-07,-497000000.0,7510000000.0,8662750000.0,4585000000.0,2925000000.0,1.913,5.149,-218000000.0,1290000000.0,1290000000.0,12194000000.0,-2354000000.0,1.436,1.233,1047000000.0,521000000.0,526000000.0,1047000000.0,0.0,414000000.0,0.0,0.049,0.48,-2175000000.0,-1761000000.0,-0.106,-1761000000.0,-2175000000.0,-2224000000.0,-3.62,-3.62,-3.62,3360000000.0,4064750000.0,3360000000.0,6286216351.0,-3.0,-3.57,698000000.0,1.07,1.0,4381000000.0,0.264,1460000000.0,49000000.0,2613000000.0,3460500000.0,1623000000.0,0.0,0.0,0.0,4142000000.0,3194000000.0,948000000.0,6375216351.0,344000000.0,17000000.0,4000000.0,-21000000.0,-311000000.0,-312000000.0,-227000000.0,-15000000.0,916000000.0,-33000000.0,-2354000000.0,-2354000000.0,-2354000000.0,2617000000.0,0.0,-0.142,3908000000.0,473000000.0,1655000000.0,-0.133,1.897,-2.708,-2.699,1071000000.0,0.0,9.77,0.385,0.385,1342000000.0,4196000000.0,16575000000.0,16575000000.0,0.0,-0.272,-0.579,-0.629,-0.131,55000000.0,3443000000.0,1.0,652529821.0,652529821.0,,25.401,6050000000.0,0.0,130000000.0,0.0,9.272,1391000000.0
2,SPLS,MRT,2016-12-31,2017-01-28,2017-01-28,2019-05-07,-1053000000.0,8271000000.0,9989000000.0,5266000000.0,3005000000.0,1.827,5.669,-241000000.0,1137000000.0,1137000000.0,13489000000.0,-1497000000.0,1.44,1.241,1047000000.0,519000000.0,528000000.0,1047000000.0,0.0,436000000.0,0.0,0.052,0.48,-1309000000.0,-873000000.0,-0.048,-873000000.0,-1309000000.0,-1390000000.0,-2.31,-2.31,-2.31,3688000000.0,4595000000.0,3688000000.0,5930004081.0,-5.0,-6.793,693000000.0,1.065,1.0,4758000000.0,0.261,1471000000.0,81000000.0,3053000000.0,4463000000.0,1644000000.0,0.0,0.0,0.0,4575000000.0,3657000000.0,918000000.0,5959004081.0,312000000.0,11000000.0,17000000.0,-24000000.0,-311000000.0,-318000000.0,-311000000.0,-15000000.0,934000000.0,7000000.0,-1497000000.0,-1497000000.0,-1497000000.0,1038000000.0,0.0,-0.082,4967000000.0,-209000000.0,1528000000.0,-0.208,1.616,-3.981,-3.965,1121000000.0,0.0,9.16,0.327,0.327,1337000000.0,5092000000.0,18247000000.0,18247000000.0,0.0,-0.15,-0.326,-0.293,-0.072,61000000.0,3845000000.0,1.0,650546297.0,650546297.0,,28.049,6800000000.0,0.0,107000000.0,0.0,10.453,1609000000.0
3,SPLS,MRT,2016-09-30,2016-10-29,2016-10-29,2019-05-07,-1096000000.0,9387000000.0,10464250000.0,5334000000.0,4053000000.0,1.598,7.145,-306000000.0,1076000000.0,1076000000.0,12368000000.0,-460000000.0,1.646,1.018,1047000000.0,23000000.0,1024000000.0,1047000000.0,0.0,444000000.0,0.0,0.065,0.48,-323000000.0,121000000.0,0.007,121000000.0,-323000000.0,-443000000.0,-0.71,-0.71,-0.71,4647000000.0,5017000000.0,4647000000.0,5227612519.0,-16.0,43.203,599000000.0,0.921,1.0,4355000000.0,0.26,2212000000.0,120000000.0,3905000000.0,4911250000.0,2019000000.0,0.0,0.0,0.0,4732000000.0,3241000000.0,1491000000.0,4780612519.0,294000000.0,84000000.0,2000000.0,-20000000.0,-310000000.0,-312000000.0,-288000000.0,0.0,905000000.0,-11000000.0,-460000000.0,-460000000.0,-460000000.0,761000000.0,0.0,-0.028,3839000000.0,516000000.0,2025000000.0,-0.676,1.029,-10.393,-10.352,1412000000.0,0.0,7.35,0.286,0.286,1865000000.0,6122000000.0,16723000000.0,16723000000.0,0.0,-0.044,-0.092,-0.066,-0.019,61000000.0,3442000000.0,1.0,650423472.0,650423472.0,,25.711,7175000000.0,0.0,17000000.0,0.0,11.031,2093000000.0
4,SPLS,MRT,2016-06-30,2016-07-30,2016-07-30,2019-05-07,-1068000000.0,9483000000.0,10697000000.0,5248000000.0,4235000000.0,1.586,7.062,-326000000.0,775000000.0,775000000.0,12527000000.0,-441000000.0,1.544,1.076,1222000000.0,207000000.0,1015000000.0,1222000000.0,0.0,446000000.0,0.0,0.052,0.48,-307000000.0,139000000.0,0.008,139000000.0,-307000000.0,-456000000.0,-0.68,-0.67,-0.68,4564000000.0,5190000000.0,4564000000.0,6064008153.0,-20.0,43.626,341000000.0,0.528,1.0,4434000000.0,0.261,2260000000.0,149000000.0,4271000000.0,5007750000.0,2233000000.0,0.0,0.0,0.0,4911000000.0,3399000000.0,1512000000.0,6004008153.0,164000000.0,84000000.0,3000000.0,99000000.0,-310000000.0,-191000000.0,-308000000.0,0.0,667000000.0,-4000000.0,-441000000.0,-441000000.0,-441000000.0,761000000.0,0.0,-0.026,3900000000.0,534000000.0,2049000000.0,-0.706,1.316,-13.615,-13.662,1465000000.0,0.0,9.29,0.354,0.354,1808000000.0,6021000000.0,16961000000.0,16961000000.0,0.0,-0.041,-0.085,-0.061,-0.018,61000000.0,3527000000.0,1.0,646287207.0,646287207.0,,26.244,7223000000.0,0.0,-15000000.0,0.0,11.176,1849000000.0
5,SPLS,MRT,2016-03-31,2016-04-30,2016-04-30,2019-05-07,-982000000.0,12815000000.0,10907750000.0,5289000000.0,7526000000.0,1.638,8.488,-344000000.0,3446000000.0,3446000000.0,13193000000.0,361000000.0,1.593,1.337,3506000000.0,17000000.0,3489000000.0,3506000000.0,0.0,450000000.0,0.0,0.047,0.48,630000000.0,1080000000.0,0.06,1080000000.0,630000000.0,464000000.0,0.56,0.57,0.56,5481000000.0,5352750000.0,5481000000.0,6796721624.0,11.0,6.293,610000000.0,0.945,1.0,4673000000.0,0.262,2932000000.0,166000000.0,6623000000.0,5049750000.0,2082000000.0,0.0,0.0,0.0,7326000000.0,3320000000.0,4006000000.0,6586721624.0,151000000.0,-11000000.0,12000000.0,-93000000.0,-310000000.0,-386000000.0,-410000000.0,0.0,954000000.0,-7000000.0,361000000.0,361000000.0,361000000.0,102000000.0,0.0,0.02,3896000000.0,777000000.0,2031000000.0,0.857,1.202,18.246,18.214,1552000000.0,0.0,10.2,0.369,0.369,1846000000.0,6864000000.0,17866000000.0,17866000000.0,0.0,0.033,0.067,0.125,0.035,59000000.0,3758000000.0,1.0,645757022.0,645757022.0,,27.667,9883000000.0,0.0,103000000.0,0.0,15.305,1969000000.0
6,SPLS,MRT,2015-12-31,2016-01-30,2016-01-30,2019-05-07,-1116000000.0,10172000000.0,10313500000.0,5112000000.0,5060000000.0,1.819,8.353,-354000000.0,825000000.0,825000000.0,13857000000.0,379000000.0,1.566,0.891,1031000000.0,15000000.0,1016000000.0,1031000000.0,0.0,455000000.0,0.0,0.054,0.48,620000000.0,1075000000.0,0.057,1075000000.0,620000000.0,481000000.0,0.59,0.59,0.59,5376000000.0,5314500000.0,5376000000.0,5994115983.0,10.0,5.576,624000000.0,0.97,1.0,4907000000.0,0.262,2267000000.0,139000000.0,4846000000.0,4483500000.0,1791000000.0,0.0,0.0,0.0,4788000000.0,3265000000.0,1523000000.0,5741115983.0,198000000.0,-20000000.0,17000000.0,-92000000.0,-308000000.0,-378000000.0,-374000000.0,0.0,978000000.0,-28000000.0,379000000.0,379000000.0,379000000.0,83000000.0,0.0,0.02,4189000000.0,718000000.0,1685000000.0,0.814,1.068,15.148,15.119,1286000000.0,0.0,8.92,0.306,0.306,1543000000.0,6900000000.0,18764000000.0,18764000000.0,0.0,0.037,0.071,0.138,0.033,58000000.0,3993000000.0,1.0,643622868.0,643622868.0,,29.154,7905000000.0,0.0,102000000.0,0.0,12.282,1847000000.0
7,SPLS,MRT,2015-09-30,2015-10-31,2015-10-31,2019-05-07,-1113000000.0,10318000000.0,10347500000.0,5439000000.0,4879000000.0,1.801,8.296,-364000000.0,782000000.0,782000000.0,13784000000.0,33000000.0,1.636,0.931,1035000000.0,19000000.0,1016000000.0,1035000000.0,0.0,464000000.0,0.0,0.037,0.48,302000000.0,766000000.0,0.041,766000000.0,302000000.0,200000000.0,0.05,0.06,0.05,5339000000.0,5296750000.0,5339000000.0,8856919638.0,29.0,11.563,474000000.0,0.737,1.0,4856000000.0,0.261,2955000000.0,102000000.0,4291000000.0,4393750000.0,2156000000.0,0.0,0.0,0.0,4971000000.0,3325000000.0,1646000000.0,8359919638.0,13000000.0,-31000000.0,5000000.0,-86000000.0,-308000000.0,-384000000.0,-395000000.0,0.0,838000000.0,-46000000.0,33000000.0,33000000.0,33000000.0,-10000000.0,0.0,0.002,4561000000.0,295000000.0,2022000000.0,9.6,1.566,253.331,259.8,1570000000.0,0.0,12.99,0.448,0.448,1967000000.0,6892000000.0,18640000000.0,18640000000.0,0.0,0.003,0.006,0.069,0.016,56000000.0,3935000000.0,1.0,643565792.0,643565792.0,,28.964,7363000000.0,199000000.0,167000000.0,0.0,11.441,2114000000.0
8,SPLS,MRT,2015-06-30,2015-08-01,2015-08-01,2019-05-07,-1104000000.0,10326000000.0,10594100750.0,5374000000.0,4952000000.0,1.794,8.14,-379000000.0,611000000.0,611000000.0,14079000000.0,52000000.0,1.575,0.979,1108000000.0,90000000.0,1018000000.0,1108000000.0,0.0,469000000.0,0.0,0.033,0.48,318000000.0,787000000.0,0.041,787000000.0,318000000.0,243000000.0,0.08,0.09,0.08,5215000000.0,5468022250.0,5215000000.0,9742013779.0,31.0,12.379,660000000.0,1.03,1.0,4930000000.0,0.259,2972000000.0,75000000.0,4439000000.0,4443583250.0,2360000000.0,0.0,0.0,0.0,5103000000.0,3412000000.0,1691000000.0,9424013779.0,194000000.0,-22000000.0,-51000000.0,-37000000.0,-306000000.0,-390000000.0,-402000000.0,0.0,1039000000.0,-53000000.0,52000000.0,52000000.0,52000000.0,-10000000.0,0.0,0.003,4631000000.0,299000000.0,2129000000.0,6.0,1.807,181.231,183.875,1597000000.0,0.0,14.71,0.496,0.496,1862000000.0,6771000000.0,19009000000.0,19009000000.0,0.0,0.005,0.01,0.072,0.017,56000000.0,3996000000.0,1.0,640653554.0,640653554.0,,29.671,7354000000.0,214000000.0,191000000.0,0.0,11.479,1962000000.0
9,SPLS,MRT,2015-03-31,2015-05-02,2015-05-02,2019-05-07,-1018000000.0,10438000000.0,10832106750.0,5381000000.0,5057000000.0,1.781,8.319,-362000000.0,795000000.0,795000000.0,14318000000.0,98000000.0,1.587,0.958,1113000000.0,93000000.0,1020000000.0,1113000000.0,0.0,468000000.0,0.0,0.029,0.48,252000000.0,720000000.0,0.037,720000000.0,252000000.0,199000000.0,0.15,0.16,0.15,5328000000.0,5680116750.0,5328000000.0,11062983120.0,44.0,15.365,622000000.0,0.971,1.0,4974000000.0,0.258,3007000000.0,53000000.0,4358000000.0,4543079000.0,2211000000.0,0.0,0.0,0.0,5102000000.0,3391000000.0,1711000000.0,10574442120.0,3000000.0,-78000000.0,-87000000.0,-105000000.0,-306000000.0,-498000000.0,-440000000.0,0.0,984000000.0,-43000000.0,98000000.0,98000000.0,98000000.0,-10000000.0,0.0,0.005,4747000000.0,227000000.0,2030000000.0,3.2,1.985,107.902,110.067,1644000000.0,0.0,16.51,0.548,0.548,1865000000.0,6811000000.0,19292000000.0,19292000000.0,0.0,0.009,0.017,0.055,0.013,58000000.0,4045000000.0,1.0,640487106.0,640487106.0,,30.121,7431000000.0,220000000.0,101000000.0,0.0,11.602,1990000000.0
10,SPLS,MRT,2014-12-31,2015-01-31,2015-01-31,2019-05-07,-1041000000.0,10308000000.0,11083471750.0,4951000000.0,5357000000.0,1.776,8.292,-356000000.0,627000000.0,627000000.0,14646000000.0,135000000.0,1.505,0.942,1110000000.0,92000000.0,1018000000.0,1110000000.0,0.0,467000000.0,0.0,0.028,0.48,311000000.0,778000000.0,0.04,778000000.0,311000000.0,263000000.0,0.21,0.21,0.21,5305000000.0,5888826500.0,5305000000.0,11256880202.0,36.0,14.469,687000000.0,1.074,1.0,5038000000.0,0.256,3015000000.0,48000000.0,4487000000.0,4618510250.0,2144000000.0,0.0,0.0,0.0,4995000000.0,3289000000.0,1706000000.0,10908621202.0,127000000.0,-19000000.0,-159000000.0,-27000000.0,-307000000.0,-493000000.0,-375000000.0,0.0,1043000000.0,-48000000.0,135000000.0,135000000.0,135000000.0,-10000000.0,0.0,0.007,4771000000.0,267000000.0,1867000000.0,2.286,2.056,80.805,81.19,1706000000.0,0.0,17.05,0.554,0.554,1928000000.0,6829000000.0,19684000000.0,19684000000.0,0.0,0.012,0.023,0.067,0.016,63000000.0,4096000000.0,1.0,639801830.0,639801830.0,,30.766,7293000000.0,0.0,128000000.0,0.0,11.399,1662000000.0
11,SPLS,MRT,2014-09-30,2014-11-01,2014-11-01,2019-05-07,-643764000.0,11304403000.0,11300190750.0,5598635000.0,5705768000.0,2.01,9.351,-364637000.0,770007000.0,770007000.0,16888242000.0,607314000.0,1.546,0.875,1118266000.0,92526000.0,1025740000.0,1118266000.0,0.0,462101000.0,0.0,0.038,0.48,854090000.0,1316191000.0,0.058,1316191000.0,854090000.0,788772000.0,0.94,0.94,0.94,6024089000.0,6095642250.0,6024089000.0,8878785531.0,10.0,6.746,776224000.0,1.205,1.0,5820768000.0,0.256,3541607000.0,65318000.0,4490333000.0,4697206250.0,2349721000.0,0.0,0.0,0.0,5271813000.0,3620722000.0,1651091000.0,8168470531.0,-621574000.0,-9334000.0,-174892000.0,-889751000.0,-308061000.0,-1372772000.0,-372971000.0,0.0,1140861000.0,-16692000.0,607314000.0,607314000.0,607314000.0,65000.0,0.0,0.027,5003158000.0,817610000.0,2201050000.0,0.511,1.356,13.45,13.489,1730093000.0,0.0,12.68,0.36,0.36,1964553000.0,7166108000.0,22709010000.0,22709010000.0,0.0,0.054,0.1,0.182,0.038,70051000.0,4780794000.0,1.0,644201146.0,644201146.0,,35.251,7762796000.0,195464000.0,181458000.0,0.0,12.05,1977913000.0
12,SPLS,MRT,2014-06-30,2014-08-02,2014-08-02,2019-05-07,-506919000.0,11278024000.0,11518966500.0,5431874000.0,5846150000.0,1.984,9.377,-349352000.0,417206000.0,417206000.0,16979211000.0,525542000.0,1.544,0.859,1127521000.0,111822000.0,1015699000.0,1127521000.0,0.0,459223000.0,0.0,0.042,0.48,814123000.0,1273346000.0,0.056,1273346000.0,814123000.0,731359000.0,0.81,0.81,0.81,6063378000.0,6103334500.0,6063378000.0,7803592872.0,10.0,6.128,715083000.0,1.106,1.0,5879494000.0,0.257,3632308000.0,82764000.0,4836983000.0,4739170750.0,2541191000.0,0.0,0.0,0.0,5206234000.0,3519048000.0,1687186000.0,7397324872.0,-773747000.0,-105702000.0,-219451000.0,-854138000.0,-310083000.0,-1383421000.0,-453054000.0,0.0,1064435000.0,-1707000.0,525542000.0,525542000.0,525542000.0,84922000.0,0.0,0.023,5017288000.0,862206000.0,2171912000.0,0.593,1.22,14.076,14.123,1776144000.0,0.0,11.44,0.324,0.324,1841614000.0,7026061000.0,22858705000.0,22858705000.0,0.0,0.046,0.086,0.172,0.036,70812000.0,4767045000.0,1.0,646619307.0,646619307.0,,35.351,7645716000.0,189838000.0,205817000.0,0.0,11.824,1912826000.0
13,SPLS,MRT,2014-03-31,2014-05-03,2014-05-03,2019-05-07,-435538000.0,11443460000.0,11699370500.0,5530295000.0,5913165000.0,1.962,9.471,-364904000.0,792901000.0,792901000.0,17022439000.0,546073000.0,1.551,0.856,1199169000.0,182272000.0,1016897000.0,1199169000.0,0.0,461059000.0,0.0,0.038,0.48,972047000.0,1433106000.0,0.062,1433106000.0,972047000.0,872019000.0,0.84,0.84,0.84,6162839000.0,6094831750.0,6162839000.0,8823747660.0,9.0,6.157,754527000.0,1.16,1.0,5930990000.0,0.258,3624254000.0,100028000.0,4659725000.0,4768067750.0,2336369000.0,0.0,0.0,0.0,5272326000.0,3565749000.0,1706577000.0,8212092660.0,-643326000.0,-37702000.0,-266840000.0,-781077000.0,-311244000.0,-1357162000.0,-401606000.0,0.0,1119431000.0,-3989000.0,546073000.0,546073000.0,546073000.0,86506000.0,0.0,0.024,4901077000.0,1029913000.0,2088482000.0,0.571,1.333,15.038,15.024,1825723000.0,0.0,12.62,0.358,0.358,1849060000.0,7020914000.0,22953429000.0,22953429000.0,0.0,0.047,0.09,0.204,0.042,73723000.0,4745460000.0,1.0,650720496.0,650720496.0,,35.274,7819206000.0,189399000.0,325946000.0,0.0,12.016,1964546000.0
14,SPLS,MRT,2013-12-31,2014-02-01,2014-02-01,2019-05-07,-507154000.0,11174876000.0,11902537000.0,5239558000.0,5935318000.0,1.942,9.381,-358000000.0,492532000.0,492532000.0,17082000000.0,620000000.0,1.555,0.821,1104187000.0,103982000.0,1000205000.0,1104187000.0,0.0,458000000.0,0.0,0.036,0.48,1095000000.0,1553000000.0,0.067,1553000000.0,1095000000.0,976000000.0,0.95,0.94,0.95,6132263000.0,6076035500.0,6132263000.0,9184690594.0,8.0,5.914,750000000.0,1.147,1.0,6032000000.0,0.261,3616297000.0,119000000.0,4801784000.0,4800031750.0,2328299000.0,0.0,0.0,0.0,5034041000.0,3368450000.0,1665591000.0,8602376594.0,-833000000.0,-122000000.0,-259000000.0,-872000000.0,-313000000.0,-1442000000.0,-479000000.0,0.0,1108000000.0,-20000000.0,620000000.0,620000000.0,620000000.0,87000000.0,0.0,0.027,4854000000.0,1178000000.0,1997494000.0,0.505,1.403,13.875,13.853,1870719000.0,0.0,13.16,0.372,0.372,1838714000.0,7001755000.0,23114000000.0,23114000000.0,0.0,0.052,0.102,0.228,0.047,79000000.0,4735000000.0,1.0,653676033.0,653676033.0,,35.36,7558579000.0,179566000.0,356000000.0,0.0,11.563,1871108000.0
15,SPLS,MRT,2013-09-30,2013-11-02,2013-11-02,2019-05-07,-444116000.0,12179506000.0,12178819250.0,6249367000.0,5930139000.0,1.955,9.167,-336774000.0,1391171000.0,1391171000.0,17564329000.0,485742000.0,1.402,1.01,1973485000.0,972969000.0,1000516000.0,1973485000.0,0.0,466906000.0,0.0,0.029,0.47,971738000.0,1438644000.0,0.06,1438644000.0,971738000.0,841774000.0,0.75,0.75,0.75,6054858000.0,6075008000.0,6054858000.0,11465234347.0,12.0,7.969,862167000.0,1.305,1.0,6244641000.0,0.262,3646557000.0,129964000.0,4658191000.0,4827188500.0,2421873000.0,0.0,0.0,0.0,6116122000.0,4457072000.0,1659050000.0,10686790347.0,371192000.0,-121666000.0,-312869000.0,257572000.0,-307404000.0,-362886000.0,-458440000.0,0.0,1198941000.0,-6423000.0,485742000.0,485742000.0,485742000.0,86935000.0,0.0,0.02,5091582000.0,1153059000.0,2114917000.0,0.627,1.765,22.001,21.573,1826624000.0,0.0,16.18,0.449,0.449,1895679000.0,6866954000.0,23808970000.0,23808970000.0,0.0,0.04,0.08,0.201,0.041,87350000.0,4791892000.0,1.0,660493841.0,660493841.0,,36.047,8532949000.0,218033000.0,356032000.0,0.0,12.919,1792295000.0
16,SPLS,MRT,2013-06-30,2013-08-03,2013-08-03,2019-05-07,-499966000.0,11999640000.0,12171939000.0,6114235000.0,5885405000.0,1.976,9.082,-329502000.0,1186612000.0,1186612000.0,17708646000.0,-245777000.0,1.426,0.989,1965056000.0,964720000.0,1000336000.0,1965056000.0,0.0,484482000.0,0.0,0.027,0.46,299499000.0,783981000.0,0.033,783981000.0,299499000.0,159638000.0,-0.35,-0.35,-0.35,6029367000.0,6104181750.0,6029367000.0,11819171786.0,39.0,15.076,980471000.0,1.477,1.0,6341769000.0,0.264,3538107000.0,139861000.0,4952571000.0,5029688250.0,2515695000.0,0.0,0.0,0.0,5961799000.0,4287406000.0,1674393000.0,11286562786.0,207383000.0,-36239000.0,-320757000.0,-128471000.0,-302519000.0,-753253000.0,-365741000.0,0.0,1309973000.0,16404000.0,-245738000.0,-245738000.0,-245738000.0,2078000.0,-39000.0,-0.01,5912453000.0,429316000.0,2036545000.0,-1.314,1.872,-45.929,-48.571,1840184000.0,0.0,17.0,0.469,0.469,1699510000.0,6809748000.0,24050415000.0,24050415000.0,0.0,-0.02,-0.04,0.06,0.012,99865000.0,4818837000.0,1.0,663915458.0,663915458.0,,36.225,8461533000.0,212709000.0,405376000.0,0.0,12.745,1826829000.0
17,SPLS,MRT,2013-03-31,2013-05-04,2013-05-04,2019-05-07,-482985000.0,12256126000.0,12420299750.0,6323205000.0,5932921000.0,1.946,9.108,-329093000.0,1435453000.0,1435453000.0,17767972000.0,-227913000.0,1.42,1.012,1968062000.0,967633000.0,1000429000.0,1968062000.0,0.0,484724000.0,0.0,0.033,0.45,338941000.0,823665000.0,0.034,823665000.0,338941000.0,187640000.0,-0.33,-0.33,-0.33,6087654000.0,6294266250.0,6087654000.0,9690912725.0,29.0,11.766,1090807000.0,1.632,1.0,6401688000.0,0.265,3547144000.0,151301000.0,4787581000.0,5252120500.0,2388086000.0,0.0,0.0,0.0,6160035000.0,4454010000.0,1706025000.0,9036110725.0,232107000.0,-36239000.0,-393678000.0,-109691000.0,-298154000.0,-808738000.0,-365332000.0,0.0,1419900000.0,-13723000.0,-227840000.0,-227840000.0,-227840000.0,494000.0,-73000.0,-0.009,5933114000.0,468574000.0,2058433000.0,-1.364,1.484,-39.66,-40.97,1881317000.0,0.0,13.52,0.374,0.374,1744074000.0,6785378000.0,24169660000.0,24169660000.0,0.0,-0.018,-0.036,0.065,0.014,112996000.0,4838077000.0,1.0,668351385.0,668351385.0,,36.163,8708982000.0,221449000.0,415480000.0,0.0,13.031,1869195000.0
18,SPLS,MRT,2012-12-31,2013-02-02,2013-02-02,2019-05-07,-388773000.0,12280005000.0,12695835250.0,6200437000.0,6079568000.0,1.92,9.094,-340074000.0,1334302000.0,1334302000.0,17889249000.0,-210825000.0,1.403,1.003,1989104000.0,987161000.0,1001943000.0,1989104000.0,0.0,487313000.0,0.0,0.033,0.44,378041000.0,865354000.0,0.035,865354000.0,378041000.0,215564000.0,-0.31,-0.31,-0.31,6128153000.0,6544380000.0,6128153000.0,9744930037.0,26.0,11.261,879114000.0,1.305,1.0,6491261000.0,0.266,3605771000.0,162477000.0,4910411000.0,5516362250.0,2314058000.0,0.0,0.0,0.0,6143911000.0,4418625000.0,1725286000.0,9104141037.0,70153000.0,-1941000.0,-422942000.0,-87451000.0,-294147000.0,-812265000.0,-342015000.0,0.0,1219188000.0,5245000.0,-210706000.0,-210706000.0,-210706000.0,0.0,-119000.0,-0.009,5981196000.0,510065000.0,1896040000.0,-1.419,1.486,-43.208,-43.581,1963175000.0,0.0,13.51,0.373,0.373,1815586000.0,6694207000.0,24380510000.0,24380510000.0,0.0,-0.017,-0.032,0.069,0.016,117628000.0,4884284000.0,1.0,673881646.0,673881646.0,,36.179,8674234000.0,218899000.0,426270000.0,0.0,12.872,1781812000.0
19,SPLS,MRT,2012-09-30,2012-10-27,2012-10-27,2019-05-07,-380313000.0,12151985000.0,12983489500.0,6083348000.0,6068637000.0,1.863,9.044,-334577000.0,1020043000.0,1020043000.0,17696102000.0,-5362000.0,1.618,0.968,1660832000.0,119046000.0,1541786000.0,1660832000.0,0.0,483729000.0,0.0,0.038,0.43,630868000.0,1114597000.0,0.046,1114597000.0,630868000.0,464701000.0,-0.02,-0.03,-0.02,6171553000.0,6766129500.0,6171553000.0,8863242613.0,14.0,7.952,1041652000.0,1.527,1.0,6490734000.0,0.268,3564764000.0,166167000.0,5468190000.0,5713375500.0,2417366000.0,0.0,0.0,0.0,5973256000.0,3759820000.0,2213436000.0,7806371613.0,-39680000.0,-1941000.0,-432849000.0,-296798000.0,-290014000.0,-1030760000.0,-336518000.0,0.0,1376229000.0,-48631000.0,-5171000.0,-5171000.0,-5171000.0,0.0,-191000.0,0.0,5825517000.0,665217000.0,2170422000.0,-21.5,1.265,-1509.644,-572.0,1916412000.0,0.0,11.44,0.323,0.323,1892390000.0,6688614000.0,24186836000.0,24186836000.0,0.0,0.0,-0.001,0.11,0.026,124195000.0,4908200000.0,1.0,682375141.0,682375141.0,,35.445,8587221000.0,281481000.0,469872000.0,0.0,12.584,2323528000.0
20,SPLS,MRT,2012-06-30,2012-07-28,2012-07-28,2019-05-07,-514791000.0,12993083000.0,13349247500.0,6121944000.0,6871139000.0,1.821,9.852,-345725000.0,984666000.0,984666000.0,17754857000.0,917259000.0,1.556,0.913,2041537000.0,498987000.0,1542550000.0,2041537000.0,0.0,468628000.0,0.0,0.034,0.42,1546072000.0,2014700000.0,0.083,2014700000.0,1546072000.0,1379342000.0,1.34,1.33,1.34,6789705000.0,7016472500.0,6789705000.0,9423530544.0,6.0,4.677,1185366000.0,1.72,1.0,6559862000.0,0.27,4273850000.0,166730000.0,5842300000.0,5775563750.0,2629598000.0,0.0,0.0,0.0,6196330000.0,3933804000.0,2262526000.0,8594004544.0,161542000.0,0.0,-469265000.0,-171099000.0,-285838000.0,-939809000.0,-345725000.0,0.0,1531091000.0,-84015000.0,917461000.0,917461000.0,917461000.0,0.0,-202000.0,0.038,5008258000.0,1551604000.0,2236141000.0,0.313,1.266,9.367,9.306,1970695000.0,0.0,12.47,0.353,0.353,1855933000.0,7358003000.0,24314719000.0,24314719000.0,0.0,0.069,0.131,0.268,0.064,132440000.0,4946789000.0,1.0,689174382.0,689174382.0,,35.281,8719233000.0,297423000.0,461881000.0,0.0,12.652,2188140000.0
21,SPLS,MRT,2012-03-31,2012-04-28,2012-04-28,2019-05-07,-297801000.0,13358268000.0,13521281750.0,6245810000.0,7112458000.0,1.827,10.212,-373114000.0,1204521000.0,1204521000.0,18019535000.0,973164000.0,1.599,0.884,2034047000.0,438115000.0,1595932000.0,2034047000.0,0.0,476743000.0,0.0,0.026,0.41,1603133000.0,2079876000.0,0.084,2079876000.0,1603133000.0,1436222000.0,1.41,1.4,1.41,7088109000.0,7097215250.0,7088109000.0,11713085659.0,7.0,5.632,1139952000.0,1.642,1.0,6680827000.0,0.27,4436003000.0,166911000.0,5844548000.0,5950432250.0,2502834000.0,0.0,0.0,0.0,6262997000.0,3907243000.0,2355754000.0,10939054659.0,272006000.0,0.0,-502958000.0,-16976000.0,-281749000.0,-810774000.0,-373114000.0,0.0,1513066000.0,-57172000.0,973470000.0,973470000.0,973470000.0,0.0,-306000.0,0.039,5078049000.0,1602778000.0,2194416000.0,0.291,1.543,11.237,11.177,2030997000.0,0.0,15.76,0.443,0.443,1953502000.0,7311324000.0,24700362000.0,24700362000.0,0.0,0.072,0.137,0.269,0.065,145917000.0,5015181000.0,1.0,694102453.0,694102453.0,,35.586,8922265000.0,301506000.0,462752000.0,0.0,12.854,2338567000.0
22,SPLS,MRT,2011-12-31,2012-01-28,2012-01-28,2019-05-07,-319743000.0,13430622000.0,13625178000.0,6290820000.0,7139802000.0,1.81,10.03,-383654000.0,1264149000.0,1264149000.0,17974884000.0,983833000.0,1.544,0.914,2038180000.0,439143000.0,1599037000.0,2038180000.0,0.0,482056000.0,0.0,0.025,0.4,1635297000.0,2117353000.0,0.086,2117353000.0,1635297000.0,1461903000.0,1.42,1.4,1.42,7015151000.0,7141941750.0,7015151000.0,12124639883.0,7.0,5.726,1192821000.0,1.705,1.0,6689868000.0,0.271,4431911000.0,173394000.0,5698464000.0,6053856750.0,2431845000.0,0.0,0.0,0.0,6408409000.0,4074278000.0,2334131000.0,11197756883.0,-197108000.0,0.0,-555175000.0,-518788000.0,-277936000.0,-1360094000.0,-383654000.0,0.0,1576475000.0,-29835000.0,984656000.0,984656000.0,984656000.0,0.0,-823000.0,0.04,5056097000.0,1633771000.0,2220414000.0,0.282,1.596,11.372,11.275,2080361000.0,0.0,16.01,0.454,0.454,2033680000.0,7199060000.0,24664752000.0,24664752000.0,0.0,0.072,0.138,0.27,0.066,150017000.0,4991195000.0,1.0,699422666.0,699422666.0,,35.264,8998711000.0,305611000.0,477247000.0,0.0,12.866,2216542000.0
23,SPLS,MRT,2011-09-30,2011-10-29,2011-10-29,2019-05-07,7086000.0,13615017000.0,13745439250.0,6334398000.0,7280619000.0,1.781,10.114,-406827000.0,1060364000.0,1060364000.0,17831624000.0,975061000.0,1.506,0.897,1987247000.0,430184000.0,1557063000.0,1987247000.0,0.0,488217000.0,0.0,0.026,0.39,1587604000.0,2075821000.0,0.085,2075821000.0,1587604000.0,1403028000.0,1.38,1.38,1.38,7172925000.0,7124081500.0,7172925000.0,11992587622.0,8.0,5.777,1131208000.0,1.595,1.0,6647491000.0,0.272,4619498000.0,184576000.0,5716943000.0,6169914750.0,2526976000.0,0.0,0.0,0.0,6435020000.0,4205459000.0,2229561000.0,10524370622.0,-309357000.0,-24001000.0,-550815000.0,-605141000.0,-273494000.0,-1432018000.0,-430828000.0,0.0,1538035000.0,15454000.0,975805000.0,975805000.0,975805000.0,0.0,-744000.0,0.04,5053320000.0,1594171000.0,2337331000.0,0.283,1.467,10.785,10.754,2090690000.0,0.0,14.84,0.43,0.43,2125028000.0,6983799000.0,24479115000.0,24479115000.0,0.0,0.071,0.137,0.257,0.065,153719000.0,4981881000.0,1.0,709189395.0,709189395.0,,34.517,8995519000.0,283294000.0,427223000.0,0.0,12.684,2128939000.0
24,SPLS,MRT,2011-06-30,2011-07-30,2011-07-30,2019-05-07,90056000.0,13681220000.0,13811875500.0,6185415000.0,7495805000.0,1.776,9.974,-422319000.0,823124000.0,823124000.0,17905511000.0,937401000.0,1.571,0.923,2291341000.0,360725000.0,1930616000.0,2291341000.0,0.0,495934000.0,0.0,0.024,0.38,1572262000.0,2068196000.0,0.084,2068196000.0,1572262000.0,1375817000.0,1.31,1.31,1.31,7112676000.0,7024714000.0,7112676000.0,12641176605.0,8.0,6.112,1080910000.0,1.516,1.0,6630257000.0,0.27,4671638000.0,196445000.0,6541774000.0,6264144750.0,2683876000.0,0.0,0.0,0.0,6561568000.0,3936025000.0,2625543000.0,11453254605.0,-48836000.0,-23796000.0,-556495000.0,-314005000.0,-269289000.0,-1153479000.0,-446115000.0,0.0,1503229000.0,47529000.0,938105000.0,938105000.0,938105000.0,0.0,-704000.0,0.038,5050901000.0,1579356000.0,2300633000.0,0.29,1.61,12.209,12.26,2130151000.0,0.0,16.06,0.467,0.467,1965860000.0,6726380000.0,24535768000.0,24535768000.0,0.0,0.068,0.134,0.251,0.064,157778000.0,4970772000.0,1.0,713154085.0,713154085.0,,34.405,9009582000.0,293710000.0,437712000.0,0.0,12.633,2249390000.0
25,SPLS,MRT,2011-03-31,2011-04-30,2011-04-30,2019-05-07,207322000.0,13773853000.0,13700071500.0,6145935000.0,7627918000.0,1.77,10.101,-422513000.0,932515000.0,932515000.0,17697811000.0,893770000.0,1.56,0.894,2120437000.0,243576000.0,1876861000.0,2120437000.0,0.0,495295000.0,0.0,0.018,0.37,1555362000.0,2050657000.0,0.085,2050657000.0,1555362000.0,1347633000.0,1.24,1.24,1.24,7267015000.0,6859217750.0,7267015000.0,16350024956.0,11.0,7.973,1041397000.0,1.447,1.0,6552585000.0,0.27,4764290000.0,207729000.0,6258246000.0,6201850000.0,2569364000.0,0.0,0.0,0.0,6499814000.0,3939239000.0,2560575000.0,15209518956.0,-600875000.0,-63066000.0,-470668000.0,-527170000.0,-264444000.0,-1623675000.0,-485579000.0,0.0,1463910000.0,44469000.0,891423000.0,891423000.0,891423000.0,0.0,2347000.0,0.037,4983215000.0,1569370000.0,2288800000.0,0.298,2.093,17.062,17.048,2158596000.0,0.0,21.14,0.627,0.627,1977565000.0,6619649000.0,24250396000.0,24250396000.0,0.0,0.065,0.13,0.251,0.064,149308000.0,4882750000.0,1.0,719466365.0,719466365.0,,33.706,9009563000.0,296072000.0,456210000.0,0.0,12.523,2206696000.0
26,SPLS,MRT,2010-12-31,2011-01-29,2011-01-29,2019-05-07,-96933000.0,13911667000.0,13643221500.0,6468167000.0,7443500000.0,1.769,9.601,-408889000.0,1461257000.0,1461257000.0,17600006000.0,888569000.0,1.506,1.002,2601763000.0,587356000.0,2014407000.0,2601763000.0,0.0,498863000.0,0.0,0.016,0.36,1563935000.0,2062798000.0,0.085,2062798000.0,1563935000.0,1349525000.0,1.23,1.21,1.23,6943710000.0,6738167250.0,6943710000.0,17416398337.0,11.0,8.443,1037602000.0,1.435,1.0,6535247000.0,0.271,4595884000.0,214410000.0,6162696000.0,6139235500.0,2359173000.0,0.0,0.0,0.0,6960486000.0,4293593000.0,2666893000.0,16141718337.0,45438000.0,-63066000.0,-313153000.0,-5912000.0,-258746000.0,-938406000.0,-471955000.0,0.0,1446491000.0,9308000.0,881948000.0,881948000.0,881948000.0,0.0,6621000.0,0.037,4951898000.0,1583349000.0,2208386000.0,0.293,2.325,18.302,18.146,2147771000.0,0.0,22.32,0.669,0.669,1970483000.0,6492340000.0,24135253000.0,24135253000.0,0.0,0.065,0.131,0.255,0.065,146879000.0,4832444000.0,1.0,723195266.0,723195266.0,,33.373,9315783000.0,295232000.0,467577000.0,0.0,12.881,2174574000.0
27,SPLS,MRT,2010-09-30,2010-10-30,2010-10-30,2019-05-07,-86992000.0,13880762000.0,13594638250.0,6435368000.0,7445394000.0,1.805,9.28,-367881000.0,1369721000.0,1369721000.0,17892733000.0,852625000.0,1.457,1.048,2644401000.0,589643000.0,2054758000.0,2644401000.0,0.0,512390000.0,0.0,0.017,0.353,1554191000.0,2066581000.0,0.084,2066581000.0,1554191000.0,1335195000.0,1.17,1.16,1.17,6775455000.0,6695211250.0,6775455000.0,16688972180.0,11.0,8.076,1133128000.0,1.552,1.0,6643052000.0,0.271,4645178000.0,218996000.0,6093863000.0,6204248750.0,2432273000.0,0.0,0.0,0.0,7097997000.0,4416401000.0,2681596000.0,14981902180.0,334574000.0,-39065000.0,-163227000.0,25707000.0,-254407000.0,-745920000.0,-406946000.0,0.0,1501009000.0,-13569000.0,841121000.0,841121000.0,841121000.0,0.0,11504000.0,0.034,5076229000.0,1566823000.0,2289351000.0,0.302,2.211,17.812,17.538,2104350000.0,0.0,20.52,0.611,0.611,1995066000.0,6281488000.0,24535785000.0,24535785000.0,0.0,0.062,0.126,0.251,0.063,144759000.0,4934356000.0,1.0,730112192.0,730112192.0,,33.605,9235584000.0,282435000.0,494074000.0,0.0,12.65,2018967000.0
28,SPLS,MRT,2010-06-30,2010-07-31,2010-07-31,2019-05-07,-301354000.0,13234004000.0,13542781500.0,5866489000.0,7367515000.0,1.81,8.838,-334082000.0,871960000.0,871960000.0,17910641000.0,838122000.0,1.422,1.05,2579030000.0,574187000.0,2004843000.0,2579030000.0,0.0,528647000.0,0.0,0.017,0.345,1511341000.0,2039988000.0,0.083,2039988000.0,1511341000.0,1287104000.0,1.15,1.13,1.15,6450691000.0,6643580750.0,6450691000.0,15902612890.0,11.0,7.795,1297588000.0,1.778,1.0,6605507000.0,0.269,4523713000.0,224237000.0,6292595000.0,6286027250.0,2514009000.0,0.0,0.0,0.0,6772648000.0,4124766000.0,2647882000.0,14839245890.0,238518000.0,-39270000.0,8732000.0,-432756000.0,-248926000.0,-1010150000.0,-373352000.0,0.0,1631670000.0,-9650000.0,821822000.0,821822000.0,821822000.0,0.0,16300000.0,0.034,5086147000.0,1519360000.0,2176746000.0,0.3,2.3,18.057,17.678,2082199000.0,0.0,20.33,0.605,0.605,1781307000.0,6057564000.0,24516148000.0,24516148000.0,0.0,0.061,0.124,0.24,0.062,144999000.0,4926159000.0,1.0,729918637.0,729918637.0,,33.588,8710291000.0,297145000.0,465282000.0,0.0,11.933,1741723000.0
29,SPLS,MRT,2010-03-31,2010-05-01,2010-05-01,2019-05-07,-250352000.0,13546453000.0,13558492500.0,6236870000.0,7309583000.0,1.808,9.304,-308504000.0,1533390000.0,1533390000.0,17948631000.0,802614000.0,1.537,0.985,2596757000.0,567283000.0,2029474000.0,2596757000.0,0.0,543490000.0,0.0,0.014,0.338,1453334000.0,1996824000.0,0.081,1996824000.0,1453334000.0,1221333000.0,1.1,1.08,1.1,6782813000.0,6557850000.0,6782813000.0,18310549465.0,13.0,9.17,1530317000.0,2.099,1.0,6567056000.0,0.268,4544747000.0,232001000.0,6007788000.0,6384342750.0,2292504000.0,0.0,0.0,0.0,6678512000.0,4057285000.0,2621227000.0,17158770465.0,795029000.0,0.0,126876000.0,-667400000.0,-243134000.0,-773710000.0,-308504000.0,0.0,1838821000.0,38422000.0,784477000.0,784477000.0,784477000.0,0.0,18137000.0,0.032,5109269000.0,1457787000.0,2056384000.0,0.307,2.53,21.873,21.398,2093980000.0,0.0,23.538,0.7,0.7,1791750000.0,5992670000.0,24515687000.0,24515687000.0,0.0,0.058,0.12,0.228,0.059,163171000.0,4929534000.0,1.0,728997152.0,728997152.0,,33.629,9001706000.0,313391000.0,436856000.0,0.0,12.348,2179585000.0
30,SPLS,MRT,2009-12-31,2010-01-30,2010-01-30,2019-05-07,-89337000.0,13717334000.0,13434234500.0,6174767000.0,7542567000.0,1.807,9.355,-313228000.0,1415819000.0,1415819000.0,17801548000.0,757111000.0,1.633,1.013,2567598000.0,67269000.0,2500329000.0,2567598000.0,0.0,552441000.0,0.0,0.014,0.33,1374479000.0,1926920000.0,0.079,1926920000.0,1374479000.0,1137454000.0,1.04,1.02,1.04,6771886000.0,6302277750.0,6771886000.0,18512051471.0,13.0,9.607,1770980000.0,2.446,1.0,6473903000.0,0.267,4664045000.0,237025000.0,6422749000.0,6555090500.0,2261149000.0,0.0,0.0,0.0,6862394000.0,3782319000.0,3080075000.0,16982614471.0,782045000.0,0.0,120297000.0,-929466000.0,-236874000.0,-1037280000.0,-313228000.0,0.0,2084208000.0,48345000.0,738671000.0,738671000.0,738671000.0,0.0,18440000.0,0.03,5091558000.0,1382345000.0,2111696000.0,0.317,2.508,22.991,22.558,2164533000.0,0.0,23.46,0.7,0.7,1811365000.0,5869138000.0,24275451000.0,24275451000.0,0.0,0.055,0.117,0.21,0.057,165928000.0,4907236000.0,1.0,723896610.0,723896610.0,,33.534,9053289000.0,353329000.0,398783000.0,0.0,12.506,2392448000.0
31,SPLS,MRT,2009-09-30,2009-10-31,2009-10-31,2019-05-07,8639000.0,13673335000.0,13273164750.0,6012695000.0,7660640000.0,1.811,9.094,-325701000.0,1035147000.0,1035147000.0,17666205000.0,807451000.0,1.535,1.069,2564584000.0,61717000.0,2502867000.0,2564584000.0,0.0,563651000.0,0.0,0.011,0.247,1369952000.0,1933603000.0,0.08,1933603000.0,1369952000.0,1129079000.0,1.11,1.1,1.11,6568933000.0,6000358000.0,6568933000.0,18006059281.0,13.0,9.312,1782310000.0,2.467,1.0,6376740000.0,0.265,4865020000.0,240873000.0,6420977000.0,6587857250.0,2375898000.0,0.0,0.0,0.0,7024937000.0,3916775000.0,3108162000.0,15674827281.0,147447000.0,0.0,58491000.0,-1597283000.0,-177328000.0,-1714102000.0,-325701000.0,0.0,2108011000.0,79239000.0,790802000.0,790802000.0,790802000.0,0.0,16649000.0,0.033,5001494000.0,1375246000.0,2238087000.0,0.223,2.386,19.821,19.55,2200119000.0,0.0,21.7,0.652,0.652,1957793000.0,5694774000.0,24042945000.0,24042945000.0,0.0,0.06,0.132,0.208,0.057,176977000.0,4796669000.0,1.0,722342271.0,722342271.0,,33.285,8808315000.0,303102000.0,338277000.0,0.0,12.194,2095920000.0
32,SPLS,MRT,2009-06-30,2009-08-01,2009-08-01,2019-05-07,-170542000.0,13296848000.0,13363135500.0,5716696000.0,7580152000.0,1.832,8.538,-339531000.0,633442000.0,633442000.0,18001168000.0,693978000.0,1.377,1.165,2964674000.0,603161000.0,2361513000.0,2964674000.0,0.0,595764000.0,0.0,0.008,0.165,1286395000.0,1882159000.0,0.077,1882159000.0,1286395000.0,1043636000.0,0.95,0.95,0.95,6107768000.0,5703639250.0,6107768000.0,17518973899.0,14.0,9.308,1856343000.0,2.595,1.0,6474671000.0,0.265,4789434000.0,242759000.0,6685857000.0,6501979250.0,2523153000.0,0.0,0.0,0.0,7115945000.0,4152789000.0,2963156000.0,15036321899.0,374998000.0,-31000.0,93767000.0,-1421482000.0,-118053000.0,-1442340000.0,-339562000.0,0.0,2195874000.0,-38974000.0,678124000.0,678124000.0,678124000.0,0.0,15854000.0,0.028,5176680000.0,1297991000.0,2095691000.0,0.174,2.462,22.173,22.126,2240205000.0,0.0,21.02,0.614,0.614,1798411000.0,5484668000.0,24475839000.0,24475839000.0,0.0,0.051,0.119,0.198,0.053,180985000.0,4854324000.0,1.0,715334058.0,715334058.0,,34.216,8507414000.0,271949000.0,365512000.0,0.0,11.893,1563907000.0
33,SPLS,MRT,2009-03-31,2009-05-02,2009-05-02,2019-05-07,-423225000.0,13049421000.0,13841109500.0,5712350000.0,7337071000.0,1.735,8.058,-358152000.0,738361000.0,738361000.0,17614864000.0,749032000.0,1.339,1.255,3221013000.0,858894000.0,2362119000.0,3221013000.0,0.0,577986000.0,0.0,0.004,0.083,1330998000.0,1908984000.0,0.079,1908984000.0,1330998000.0,1127982000.0,1.04,1.03,1.04,5760524000.0,5661915500.0,5760524000.0,17191413388.0,13.0,9.006,1466714000.0,2.052,1.0,6401916000.0,0.267,4574051000.0,203016000.0,6690779000.0,6450351500.0,2350910000.0,0.0,0.0,0.0,7227641000.0,4267243000.0,2960398000.0,14383011388.0,-466369000.0,-4381811000.0,131757000.0,2427253000.0,-58983000.0,2504885000.0,-4722936000.0,17027000.0,1824866000.0,-73184000.0,735946000.0,735946000.0,735946000.0,0.0,13086000.0,0.031,5065089000.0,1336827000.0,1980143000.0,0.08,2.497,19.544,19.346,2225870000.0,0.0,20.12,0.599,0.599,1783457000.0,5451326000.0,24016780000.0,24016780000.0,0.0,0.053,0.13,0.206,0.055,177769000.0,4784588000.0,1.0,714861401.0,714861401.0,,33.596,8475370000.0,277990000.0,392036000.0,0.0,11.856,1445107000.0
34,SPLS,MRT,2008-12-31,2009-01-31,2009-01-31,2019-05-07,-494327000.0,13073055000.0,12844133000.0,5797258000.0,7275797000.0,1.797,7.8,-378329000.0,633774000.0,633774000.0,16836839000.0,814221000.0,1.196,1.339,3442176000.0,1473248000.0,1968928000.0,3442176000.0,0.0,548911000.0,0.0,0.021,0.33,1383901000.0,1932812000.0,0.084,1932812000.0,1383901000.0,1234127000.0,1.15,1.13,1.15,5564207000.0,5653795000.0,5564207000.0,14573672714.0,11.0,7.54,1307501000.0,1.833,1.0,6246936000.0,0.271,4482087000.0,149774000.0,6553816000.0,5667307000.0,2404174000.0,0.0,0.0,0.0,7450624000.0,4845554000.0,2605070000.0,11371395714.0,-611674000.0,-4381811000.0,63368000.0,2668290000.0,-231465000.0,2506042000.0,-4733124000.0,27016000.0,1685830000.0,-70422000.0,805264000.0,805264000.0,805264000.0,0.0,8957000.0,0.035,4875008000.0,1371928000.0,1967597000.0,0.287,2.044,14.121,13.861,2290626000.0,0.0,15.94,0.493,0.493,1841231000.0,5367341000.0,23083775000.0,23083775000.0,0.0,0.063,0.142,0.244,0.06,174803000.0,4631219000.0,1.0,713387435.0,713387435.0,,32.358,8590968000.0,281101000.0,428863000.0,0.0,12.042,951704000.0
35,SPLS,MRT,2008-09-30,2008-11-01,2008-11-01,2019-05-07,-331446000.0,14033218000.0,11834955250.0,6179842000.0,7853376000.0,1.879,7.569,-398249000.0,887700000.0,887700000.0,16098400000.0,857456000.0,0.927,1.607,4089977000.0,2940332000.0,1149645000.0,4089977000.0,0.0,499545000.0,0.0,0.017,0.33,1499324000.0,1998869000.0,0.09,1998869000.0,1499324000.0,1403308000.0,1.22,1.19,1.22,5382058000.0,5692245000.0,5382058000.0,17999181447.0,12.0,9.005,1286050000.0,1.809,1.0,6136249000.0,0.276,4490149000.0,96016000.0,6077465000.0,4916536750.0,2668289000.0,0.0,0.0,0.0,8651160000.0,6667881000.0,1983279000.0,13815499447.0,-23021000.0,-4381593000.0,-83461000.0,3333836000.0,-231460000.0,3026069000.0,-4658350000.0,121492000.0,1684299000.0,-75039000.0,852399000.0,852399000.0,852399000.0,0.0,5057000.0,0.038,4662302000.0,1473947000.0,2497903000.0,0.27,2.567,16.208,15.926,2341743000.0,0.0,19.43,0.621,0.621,2096663000.0,5081290000.0,22234649000.0,22234649000.0,0.0,0.072,0.15,0.305,0.067,167189000.0,4479448000.0,1.0,711039601.0,711039601.0,,31.271,9543069000.0,242279000.0,550909000.0,0.0,13.421,-488039000.0
36,SPLS,MRT,2008-06-30,2008-08-02,2008-08-02,2019-05-07,489931000.0,15208744000.0,10525731000.0,5860139000.0,9348605000.0,1.943,8.461,-433466000.0,258444000.0,258444000.0,14674278000.0,971280000.0,0.793,1.56,4442126000.0,3577283000.0,864843000.0,4442126000.0,0.0,427166000.0,0.0,0.015,0.33,1548344000.0,1975510000.0,0.097,1975510000.0,1548344000.0,1503764000.0,1.39,1.35,1.39,5940873000.0,5704674500.0,5940873000.0,15065237729.0,10.0,7.626,909246000.0,1.295,1.0,5777789000.0,0.283,5518615000.0,44580000.0,6479346000.0,4292258500.0,2934892000.0,0.0,0.0,0.0,9267871000.0,7394465000.0,1873406000.0,15903050729.0,-433472000.0,-4381562000.0,-306775000.0,3366894000.0,-231460000.0,2833664000.0,-4649784000.0,165244000.0,1342712000.0,39936000.0,970214000.0,970214000.0,970214000.0,0.0,1066000.0,0.047,4265244000.0,1512545000.0,2799763000.0,0.237,2.677,16.391,16.295,2589506000.0,0.0,22.65,0.778,0.778,2230032000.0,4924590000.0,20452067000.0,20452067000.0,0.0,0.092,0.17,0.361,0.076,172017000.0,4238312000.0,1.0,702121445.0,702121445.0,,29.129,9690129000.0,167173000.0,533550000.0,0.0,13.801,-1534326000.0
37,SPLS,MRT,2008-03-31,2008-05-03,2008-05-03,2019-05-07,532205000.0,9061515000.0,8861859500.0,4556057000.0,4505458000.0,2.219,8.171,-480170000.0,1204730000.0,1204730000.0,14031117000.0,997893000.0,1.737,0.582,366917000.0,28537000.0,338380000.0,366917000.0,0.0,400622000.0,0.0,0.014,0.33,1589607000.0,1990229000.0,0.101,1990229000.0,1589607000.0,1555152000.0,1.42,1.39,1.42,5728042000.0,5507133250.0,5728042000.0,15488452100.0,10.0,7.782,1000996000.0,1.428,1.0,5636654000.0,0.287,2042473000.0,34455000.0,3558601000.0,3622211000.0,2044491000.0,17027000.0,17027000.0,0.0,3333473000.0,2622628000.0,710845000.0,16367925100.0,321262000.0,-170778000.0,-511898000.0,-204461000.0,-231461000.0,-940827000.0,-264038000.0,386910000.0,1481166000.0,44961000.0,998809000.0,998809000.0,998809000.0,0.0,-916000.0,0.051,4089051000.0,1547603000.0,1638284000.0,0.232,2.858,16.387,16.444,2144730000.0,0.0,23.35,0.832,0.832,894652000.0,4774364000.0,19667771000.0,19667771000.0,0.0,0.113,0.181,0.439,0.081,165452000.0,4072664000.0,1.0,700981803.0,700981803.0,,28.057,7019042000.0,174693000.0,556343000.0,0.0,10.013,1933429000.0
38,SPLS,MRT,2007-12-31,2008-02-02,2008-02-02,2019-05-07,476399000.0,9036344000.0,8686702750.0,4555382000.0,4480962000.0,2.23,8.087,-470377000.0,1245448000.0,1245448000.0,13822011000.0,994868000.0,1.745,0.58,365975000.0,23806000.0,342169000.0,365975000.0,0.0,388895000.0,0.0,0.012,0.29,1593619000.0,1982514000.0,0.102,1982514000.0,1593619000.0,1555284000.0,1.41,1.38,1.41,5718007000.0,5336180250.0,5718007000.0,16340493958.0,10.0,8.242,890639000.0,1.26,1.0,5550671000.0,0.287,1996238000.0,38335000.0,3550735000.0,3636929500.0,2053163000.0,27016000.0,27016000.0,0.0,3318337000.0,2609898000.0,708439000.0,16920974958.0,227777000.0,-178077000.0,-582473000.0,-194719000.0,-207552000.0,-966187000.0,-217710000.0,430744000.0,1361016000.0,50658000.0,995670000.0,995670000.0,995670000.0,0.0,-802000.0,0.051,4002422000.0,1548249000.0,1560728000.0,0.206,2.959,16.995,16.972,2161139000.0,0.0,23.93,0.873,0.873,822254000.0,4793542000.0,19372682000.0,19372682000.0,0.0,0.115,0.187,0.438,0.082,154786000.0,3986758000.0,1.0,707103007.0,707103007.0,,27.397,7040106000.0,173545000.0,559614000.0,0.0,9.956,1945484000.0
39,SPLS,MRT,2007-09-30,2007-11-03,2007-11-03,2019-05-07,435107000.0,8796321000.0,8526933000.0,4388747000.0,4407574000.0,2.267,7.608,-492194000.0,910721000.0,910721000.0,13787237000.0,998987000.0,1.648,0.619,330240000.0,3113000.0,327127000.0,330240000.0,0.0,377407000.0,0.0,0.013,0.29,1602308000.0,1979715000.0,0.102,1979715000.0,1602308000.0,1560510000.0,1.4,1.38,1.4,5431776000.0,5162094750.0,5431776000.0,15465899690.0,10.0,7.812,871825000.0,1.221,1.0,5546922000.0,0.287,1971644000.0,41798000.0,3580352000.0,3608082000.0,2142494000.0,121491000.0,121491000.0,0.0,3364545000.0,2663844000.0,700701000.0,15635104690.0,105977000.0,-207449000.0,-638653000.0,-182287000.0,-207552000.0,-1000551000.0,-304901000.0,394742000.0,1364019000.0,47410000.0,998987000.0,998987000.0,998987000.0,0.0,0.0,0.052,3992820000.0,1554102000.0,1687235000.0,0.207,2.878,15.651,15.643,2113776000.0,0.0,21.9,0.809,0.809,873457000.0,4460361000.0,19334159000.0,19334159000.0,0.0,0.117,0.194,0.444,0.083,143079000.0,3976391000.0,1.0,713931721.0,713931721.0,,27.081,6824677000.0,142869000.0,561523000.0,9640000.0,9.559,1724903000.0
40,SPLS,MRT,2007-06-30,2007-08-04,2007-08-04,2019-05-07,311933000.0,8553258000.0,8335682500.0,4235857000.0,4317401000.0,2.27,7.202,-480320000.0,691916000.0,691916000.0,13518652000.0,1014397000.0,1.59,0.661,522711000.0,203391000.0,319320000.0,522711000.0,0.0,363439000.0,0.0,0.012,0.29,1579456000.0,1942895000.0,0.103,1942895000.0,1579456000.0,1535190000.0,1.41,1.39,1.41,5150708000.0,4992156500.0,5150708000.0,16260955044.0,10.0,8.369,748261000.0,1.046,1.0,5403706000.0,0.286,1920275000.0,44266000.0,3799156000.0,3577563250.0,2252317000.0,165244000.0,165244000.0,0.0,3402550000.0,2664622000.0,737928000.0,16621833044.0,-42798000.0,-210045000.0,-593004000.0,25105000.0,-207552000.0,-744483000.0,-548954000.0,141411000.0,1228581000.0,22058000.0,1014397000.0,1014397000.0,1014397000.0,0.0,0.0,0.054,3875728000.0,1527978000.0,1615749000.0,0.206,3.227,16.386,16.482,2050316000.0,0.0,23.24,0.878,0.878,790527000.0,4185843000.0,18922358000.0,18922358000.0,0.0,0.122,0.203,0.441,0.083,146899000.0,3860249000.0,1.0,715225174.0,715225174.0,,26.457,6632983000.0,134705000.0,520793000.0,9349000.0,9.274,1571235000.0
41,SPLS,MRT,2007-03-31,2007-05-05,2007-05-05,2019-05-07,283467000.0,8360888000.0,8087808750.0,4337371000.0,4023517000.0,2.289,7.035,-478019000.0,883468000.0,883468000.0,13222665000.0,996746000.0,1.635,0.658,522590000.0,202035000.0,320555000.0,522590000.0,0.0,353155000.0,0.0,0.011,0.29,1551998000.0,1905153000.0,0.103,1905153000.0,1551998000.0,1507708000.0,1.38,1.36,1.38,5044230000.0,4834791750.0,5044230000.0,17625680010.0,11.0,9.252,683715000.0,0.954,1.0,5289943000.0,0.286,1728936000.0,44290000.0,3617475000.0,3498365750.0,1997586000.0,403938000.0,403938000.0,0.0,3316658000.0,2653599000.0,663059000.0,18125709010.0,8356000.0,-39049000.0,-598847000.0,23760000.0,-207944000.0,-749263000.0,-422701000.0,94367000.0,1161734000.0,18586000.0,996746000.0,996746000.0,996746000.0,0.0,0.0,0.054,3790177000.0,1499766000.0,1493181000.0,0.21,3.593,18.185,18.319,1977972000.0,0.0,25.28,0.979,0.979,738832000.0,4007016000.0,18512608000.0,18512608000.0,0.0,0.123,0.206,0.444,0.084,134266000.0,3775532000.0,1.0,716997983.0,716997983.0,,25.82,6631952000.0,126924000.0,510962000.0,9176000.0,9.25,1683772000.0
42,SPLS,MRT,2006-12-31,2007-02-03,2007-02-03,2019-05-07,189115000.0,8397265000.0,7911858250.0,4431363000.0,3965902000.0,2.295,6.949,-528475000.0,1017671000.0,1017671000.0,12966788000.0,973677000.0,1.589,0.672,531630000.0,215165000.0,316465000.0,531630000.0,0.0,339299000.0,0.0,0.008,0.22,1519459000.0,1858758000.0,0.102,1858758000.0,1519459000.0,1471649000.0,1.35,1.32,1.35,5021665000.0,4689803000.0,5021665000.0,18831498318.0,12.0,10.131,622526000.0,0.861,1.0,5194001000.0,0.286,1687496000.0,47810000.0,3435345000.0,3415233250.0,1919714000.0,457759000.0,457759000.0,0.0,3375600000.0,2788383000.0,587217000.0,19113605318.0,39849000.0,-31750000.0,-580559000.0,8797000.0,-160883000.0,-696576000.0,-424904000.0,135321000.0,1151001000.0,10328000.0,973677000.0,973677000.0,973677000.0,0.0,0.0,0.054,3730932000.0,1463069000.0,1486188000.0,0.163,3.806,19.63,19.593,1974121000.0,0.0,26.45,1.052,1.052,720797000.0,4005424000.0,18160789000.0,18160789000.0,0.0,0.123,0.208,0.445,0.084,132667000.0,3716517000.0,1.0,722631581.0,722631581.0,,25.131,6709769000.0,141108000.0,497972000.0,0.0,9.285,1642980000.0
43,SPLS,MRT,2006-09-30,2006-10-28,2006-10-28,2019-05-07,119898000.0,8031319000.0,7745722000.0,4231550000.0,3799769000.0,2.238,6.541,-518951000.0,804744000.0,804744000.0,12378446000.0,913891000.0,1.575,0.69,522637000.0,201997000.0,320640000.0,522637000.0,0.0,328303000.0,0.0,0.009,0.22,1435220000.0,1763523000.0,0.102,1763523000.0,1435220000.0,1381715000.0,1.26,1.23,1.26,4752023000.0,4554787000.0,4752023000.0,18503790334.0,13.0,10.493,575673000.0,0.792,1.0,4958741000.0,0.286,1604586000.0,53505000.0,3458277000.0,3352982250.0,1909252000.0,516234000.0,516234000.0,0.0,3279296000.0,2686349000.0,592947000.0,18721792334.0,34474000.0,-2596000.0,-474218000.0,-454000.0,-160883000.0,-594377000.0,-478924000.0,42623000.0,1094624000.0,13151000.0,913891000.0,913891000.0,913891000.0,0.0,0.0,0.053,3584077000.0,1374664000.0,1525562000.0,0.175,3.94,20.486,20.452,1885250000.0,0.0,25.77,1.08,1.08,717769000.0,3668926000.0,17337187000.0,17337187000.0,0.0,0.118,0.201,0.428,0.083,126063000.0,3571423000.0,1.0,726495628.0,726495628.0,,23.864,6426733000.0,128180000.0,467824000.0,8050000.0,8.846,1545201000.0
44,SPLS,MRT,2006-06-30,2006-07-29,2006-07-29,2019-05-07,119140000.0,7561763000.0,7552048000.0,3868231000.0,3693532000.0,2.228,6.21,-536327000.0,734714000.0,734714000.0,12009175000.0,848449000.0,1.715,0.672,516712000.0,2070000.0,514642000.0,516712000.0,0.0,317220000.0,0.0,0.01,0.22,1389265000.0,1706485000.0,0.101,1706485000.0,1389265000.0,1331784000.0,1.17,1.14,1.17,4521249000.0,4408052500.0,4521249000.0,15472789121.0,11.0,9.067,503610000.0,0.692,1.0,4816981000.0,0.286,1605421000.0,57481000.0,3482366000.0,3259395500.0,1903665000.0,306655000.0,306655000.0,0.0,3040514000.0,2255974000.0,784540000.0,15829210121.0,52981000.0,-53324000.0,-485604000.0,-18757000.0,-160880000.0,-620979000.0,-384495000.0,205156000.0,1039937000.0,18518000.0,848449000.0,848449000.0,848449000.0,0.0,0.0,0.05,3490984000.0,1325997000.0,1403642000.0,0.188,3.501,18.657,18.581,1866003000.0,0.0,21.74,0.941,0.941,631201000.0,3378998000.0,16826156000.0,16826156000.0,0.0,0.112,0.192,0.426,0.083,99082000.0,3478573000.0,1.0,728114541.0,728114541.0,,23.109,5956342000.0,135542000.0,483335000.0,6660000.0,8.181,1612257000.0
45,SPLS,MRT,2006-03-31,2006-04-29,2006-04-29,2019-05-07,108542000.0,7657086000.0,7398701500.0,4026286000.0,3630800000.0,2.219,6.127,-507212000.0,875112000.0,875112000.0,11707683000.0,822449000.0,1.673,0.715,518691000.0,2221000.0,516470000.0,518691000.0,0.0,310419000.0,0.0,0.008,0.22,1354334000.0,1664753000.0,0.101,1664753000.0,1354334000.0,1292891000.0,1.13,1.1,1.13,4464275000.0,4285644500.0,4464275000.0,18797105428.0,14.0,11.291,702159000.0,0.964,1.0,4709763000.0,0.287,1609325000.0,61443000.0,3284945000.0,3167578250.0,1751349000.0,498304000.0,498304000.0,0.0,3192811000.0,2406395000.0,786416000.0,19244430428.0,58932000.0,-53324000.0,-427530000.0,-17050000.0,-160976000.0,-560052000.0,-602721000.0,-42185000.0,1209371000.0,12334000.0,822449000.0,822449000.0,822449000.0,0.0,0.0,0.05,3422214000.0,1287549000.0,1438500000.0,0.195,4.311,23.399,23.372,1803110000.0,0.0,26.41,1.172,1.172,606554000.0,3218214000.0,16417446000.0,16417446000.0,0.0,0.111,0.192,0.428,0.082,88912000.0,3409405000.0,1.0,728679683.0,728679683.0,,22.53,6047761000.0,149013000.0,470442000.0,6286000.0,8.3,1619891000.0
46,SPLS,MRT,2005-12-31,2006-01-28,2006-01-28,2019-05-07,87085000.0,7732720000.0,7200880500.0,4144544000.0,3588176000.0,2.233,6.128,-456103000.0,977822000.0,977822000.0,11496234000.0,784117000.0,1.671,0.725,530497000.0,2891000.0,527606000.0,530497000.0,0.0,303900000.0,0.0,0.007,0.167,1291775000.0,1595675000.0,0.099,1595675000.0,1291775000.0,1235001000.0,1.07,1.04,1.07,4481601000.0,4167533250.0,4481601000.0,17047603928.0,13.0,10.684,742518000.0,1.015,1.0,4582618000.0,0.285,1619147000.0,56774000.0,3186341000.0,3077249000.0,1706372000.0,593082000.0,593082000.0,0.0,3251119000.0,2479907000.0,771212000.0,17290066928.0,-19488000.0,-57196000.0,-481148000.0,-16200000.0,-123402000.0,-584002000.0,-634149000.0,-120850000.0,1198621000.0,42000.0,784117000.0,784117000.0,784117000.0,0.0,0.0,0.049,3348537000.0,1234081000.0,1435815000.0,0.156,3.858,22.05,22.093,1758394000.0,0.0,23.64,1.075,1.075,576672000.0,3192630000.0,16078852000.0,16078852000.0,0.0,0.109,0.188,0.42,0.08,93058000.0,3335529000.0,1.0,731390310.0,731390310.0,,21.984,6113573000.0,149257000.0,450884000.0,5845000.0,8.359,1664637000.0
47,SPLS,MRT,2005-09-30,2005-10-29,2005-10-29,2019-05-07,76039000.0,7256623000.0,7035562500.0,3854406000.0,3402217000.0,2.231,5.668,-424111000.0,770270000.0,770270000.0,11221308000.0,714916000.0,1.665,0.742,527807000.0,1352000.0,526455000.0,527807000.0,0.0,295893000.0,0.0,0.008,0.167,1177856000.0,1473749000.0,0.094,1473749000.0,1177856000.0,1125996000.0,0.97,0.95,0.97,4165085000.0,4075932000.0,4165085000.0,16024594414.0,14.0,10.873,615082000.0,0.837,1.0,4471732000.0,0.285,1615687000.0,51860000.0,3083930000.0,3003779750.0,1708701000.0,558858000.0,558858000.0,0.0,3091538000.0,2314543000.0,776995000.0,16166993414.0,-343222000.0,-102143000.0,-509948000.0,-250715000.0,-123402000.0,-821767000.0,-556295000.0,-30041000.0,1039193000.0,-4353000.0,714916000.0,714916000.0,714916000.0,0.0,0.0,0.046,3345070000.0,1126662000.0,1365968000.0,0.172,3.882,22.614,22.68,1661563000.0,0.0,22.0,1.03,1.03,568430000.0,3239188000.0,15693040000.0,15693040000.0,0.0,0.102,0.175,0.392,0.075,146040000.0,3332453000.0,1.0,734863337.0,734863337.0,,21.355,5640936000.0,115153000.0,411080000.0,22616000.0,7.676,1539863000.0
48,SPLS,MRT,2005-06-30,2005-07-30,2005-07-30,2019-05-07,70443000.0,6948377000.0,7009424500.0,3671965000.0,3276412000.0,2.18,5.473,-373354000.0,681733000.0,681733000.0,10930737000.0,699296000.0,1.714,0.723,539334000.0,2533000.0,536801000.0,539334000.0,0.0,291620000.0,0.0,0.007,0.167,1149094000.0,1440714000.0,0.094,1440714000.0,1149094000.0,1101367000.0,0.94,0.93,0.94,4031617000.0,4018058750.0,4031617000.0,16498987888.0,14.0,11.452,785957000.0,1.067,1.0,4347250000.0,0.285,1548410000.0,47727000.0,3115097000.0,2934955250.0,1729901000.0,511810000.0,511810000.0,0.0,2916760000.0,2142471000.0,774289000.0,16772842888.0,-195007000.0,-144859000.0,-428205000.0,-231035000.0,-123401000.0,-727876000.0,-635915000.0,-117702000.0,1159311000.0,9473000.0,699296000.0,699296000.0,699296000.0,0.0,0.0,0.046,3242357000.0,1104893000.0,1335488000.0,0.178,4.16,23.985,24.223,1602662000.0,0.0,22.77,1.098,1.098,517663000.0,3001363000.0,15277987000.0,15277987000.0,0.0,0.1,0.174,0.392,0.075,120545000.0,3230621000.0,1.0,736620241.0,736620241.0,,20.741,5399967000.0,101297000.0,402071000.0,29552000.0,7.331,1529494000.0
49,SPLS,MRT,2005-03-31,2005-04-30,2005-04-30,2019-05-07,100830000.0,6865802000.0,6889382500.0,3594351000.0,3271451000.0,2.162,5.373,-343743000.0,816180000.0,816180000.0,10666726000.0,686585000.0,1.71,0.72,542325000.0,1165000.0,541160000.0,542325000.0,0.0,284391000.0,0.0,0.009,0.167,1123045000.0,1407436000.0,0.094,1407436000.0,1123045000.0,1081281000.0,0.93,0.91,0.93,3991830000.0,3938113750.0,3991830000.0,13728711342.0,12.0,9.754,768977000.0,1.035,1.0,4228549000.0,0.284,1565906000.0,41764000.0,2923628000.0,2876489000.0,1564987000.0,456119000.0,456119000.0,0.0,2873972000.0,2102413000.0,771559000.0,14166850342.0,426362000.0,-144859000.0,-380648000.0,-233161000.0,-222443000.0,-788947000.0,83759000.0,572361000.0,1112720000.0,18830000.0,686585000.0,686585000.0,686585000.0,0.0,0.0,0.046,3141142000.0,1087407000.0,1212831000.0,0.18,3.549,20.634,20.505,1588657000.0,0.0,19.07,0.951,0.951,523492000.0,2854673000.0,14895275000.0,14895275000.0,0.0,0.1,0.174,0.39,0.075,97908000.0,3130986000.0,1.0,742886751.0,742886751.0,,20.051,5299896000.0,100256000.0,394696000.0,34096000.0,7.134,1491938000.0
50,SPLS,MRT,2004-12-31,2005-01-29,2005-01-29,2019-05-07,114427000.0,7071448000.0,6771430750.0,3781612000.0,3289836000.0,2.134,5.51,-335435000.0,997310000.0,997310000.0,10346056000.0,664575000.0,1.721,0.718,559171000.0,1244000.0,557927000.0,559171000.0,0.0,278845000.0,0.0,0.006,0.133,1086463000.0,1365308000.0,0.094,1365308000.0,1086463000.0,1046575000.0,0.9,0.87,0.9,4115196000.0,3838580250.0,4115196000.0,15647643158.0,14.0,11.461,802568000.0,1.075,1.0,4102322000.0,0.284,1543984000.0,39888000.0,2892464000.0,2954795250.0,1602530000.0,472231000.0,472231000.0,0.0,2956252000.0,2196861000.0,759391000.0,16002612158.0,539845000.0,-140987000.0,-305336000.0,-235081000.0,-99527000.0,-598739000.0,-14378000.0,462044000.0,1138003000.0,14959000.0,664575000.0,664575000.0,664575000.0,0.0,0.0,0.046,3045446000.0,1056876000.0,1241433000.0,0.148,3.889,24.079,23.807,1600874000.0,0.0,21.427,1.108,1.108,485126000.0,2818163000.0,14448378000.0,14448378000.0,0.0,0.098,0.173,0.368,0.075,73656000.0,3036703000.0,1.0,746854955.0,746854955.0,,19.346,5527464000.0,86041000.0,382000000.0,23314000.0,7.401,1584751000.0
51,SPLS,MRT,2004-09-30,2004-10-30,2004-10-30,2019-05-07,113332000.0,7152071000.0,6629330250.0,3983143000.0,3168928000.0,2.11,5.27,-287646000.0,1113492000.0,1113492000.0,10013912000.0,668951000.0,1.607,0.818,758523000.0,192948000.0,565575000.0,758523000.0,0.0,276443000.0,0.0,0.007,0.133,1091949000.0,1368392000.0,0.098,1368392000.0,1091949000.0,1056115000.0,0.913,0.89,0.913,3933592000.0,3725506250.0,3933592000.0,14656877819.0,13.0,10.711,948776000.0,1.271,1.0,3971153000.0,0.284,1509527000.0,35834000.0,2808632000.0,3048774750.0,1633774000.0,528816000.0,528816000.0,0.0,3218479000.0,2478943000.0,739536000.0,14797826819.0,822371000.0,-96040000.0,-164623000.0,-16625000.0,-99527000.0,-280775000.0,-155052000.0,228634000.0,1236422000.0,21776000.0,668951000.0,668951000.0,668951000.0,0.0,0.0,0.048,2900339000.0,1070814000.0,1394355000.0,0.146,3.762,22.121,21.716,1533342000.0,0.0,19.827,1.058,1.058,477068000.0,2566839000.0,13985065000.0,13985065000.0,0.0,0.101,0.18,0.358,0.078,0.0,2898129000.0,1.0,746359793.0,746359793.0,,18.738,5642544000.0,95672000.0,387164000.0,0.0,7.56,1504200000.0
52,SPLS,MRT,2004-06-30,2004-07-31,2004-07-31,2019-05-07,71937000.0,6468209000.0,6422536000.0,3460053000.0,3008156000.0,2.116,4.975,-303815000.0,876740000.0,876740000.0,9757080000.0,625859000.0,1.698,0.743,735791000.0,181799000.0,553992000.0,735791000.0,0.0,277189000.0,0.0,0.007,0.133,1022350000.0,1299539000.0,0.096,1299539000.0,1022350000.0,990326000.0,0.86,0.83,0.86,3711837000.0,3588683500.0,3711837000.0,14705911656.0,14.0,11.316,848723000.0,1.138,1.0,3832282000.0,0.282,1408038000.0,32024000.0,2881232000.0,2984544500.0,1591150000.0,394101000.0,394101000.0,0.0,2756372000.0,2037990000.0,718382000.0,14364938656.0,582105000.0,0.0,-47376000.0,-25865000.0,-99531000.0,-172772000.0,-409349000.0,-105534000.0,1152538000.0,11688000.0,625859000.0,625859000.0,625859000.0,0.0,0.0,0.046,2826225000.0,1006057000.0,1171873000.0,0.155,3.87,22.952,22.388,1496009000.0,0.0,19.253,1.057,1.057,401377000.0,2357969000.0,13589362000.0,13589362000.0,0.0,0.097,0.174,0.343,0.075,0.0,2821922000.0,1.0,746101385.0,746101385.0,,18.214,5060171000.0,97934000.0,364467000.0,0.0,6.782,1422063000.0
53,SPLS,MRT,2004-03-31,2004-05-01,2004-05-01,2019-05-07,61373000.0,6393995000.0,6240682500.0,3406856000.0,2987139000.0,2.136,4.798,-289057000.0,389818000.0,389818000.0,9606211000.0,591185000.0,1.631,0.779,730791000.0,180920000.0,549871000.0,730791000.0,0.0,279652000.0,0.0,0.008,0.133,964640000.0,1244292000.0,0.093,1244292000.0,964640000.0,936819000.0,0.81,0.79,0.81,3593696000.0,3435862000.0,3593696000.0,13148120273.0,14.0,10.567,933857000.0,1.247,1.0,3721678000.0,0.279,1409560000.0,27821000.0,3236853000.0,2941915750.0,1377415000.0,1028475000.0,1028475000.0,0.0,2800299000.0,2088555000.0,711744000.0,12848002273.0,168799000.0,-2910000.0,277970000.0,-26365000.0,0.0,251605000.0,-1315447000.0,-1023480000.0,1222914000.0,9727000.0,591185000.0,591185000.0,591185000.0,0.0,0.0,0.044,2767711000.0,953967000.0,1058596000.0,0.164,3.575,21.733,21.177,1475252000.0,0.0,17.153,0.964,0.964,411490000.0,2235480000.0,13327889000.0,13327889000.0,0.0,0.095,0.172,0.328,0.072,0.0,2760917000.0,1.0,749009072.0,749009072.0,,17.794,4984435000.0,98011000.0,345634000.0,12888000.0,6.655,1318301000.0
54,SPLS,MRT,2003-12-31,2004-01-31,2004-01-31,2019-05-07,81002000.0,6503046000.0,5966194500.0,3478904000.0,3024142000.0,2.173,4.932,-277793000.0,457465000.0,457465000.0,9468890000.0,490211000.0,1.638,0.775,757583000.0,190150000.0,567433000.0,757583000.0,0.0,282811000.0,0.0,0.0,0.0,809687000.0,1092498000.0,0.084,1092498000.0,809687000.0,778112000.0,0.68,0.66,0.68,3662900000.0,3216215250.0,3662900000.0,12866056831.0,16.0,11.777,741939000.0,0.999,1.0,3498132000.0,0.27,1411548000.0,31575000.0,3268382000.0,2812354750.0,1465989000.0,934275000.0,934275000.0,0.0,2840146000.0,2123234000.0,716912000.0,13175854831.0,-38424000.0,-2910000.0,385506000.0,-350235000.0,0.0,35271000.0,-1114803000.0,-834100000.0,1019732000.0,21376000.0,490211000.0,490211000.0,490211000.0,0.0,0.0,0.038,2699844000.0,798288000.0,1110631000.0,0.0,3.597,26.878,26.088,1505301000.0,0.0,17.74,1.016,1.016,410330000.0,2209302000.0,12967022000.0,12967022000.0,0.0,0.082,0.152,0.288,0.062,0.0,2691858000.0,1.0,742720115.0,742720115.0,,17.459,5091498000.0,96247000.0,287901000.0,7563000.0,6.855,1355670000.0
55,SPLS,MRT,2003-09-30,2003-11-01,2003-11-01,2019-05-07,62678000.0,6324894000.0,5770780000.0,3313543000.0,3011351000.0,2.199,4.605,-263059000.0,1048571000.0,1048571000.0,9376648000.0,442980000.0,1.623,0.868,738773000.0,3608000.0,735165000.0,738773000.0,0.0,284861000.0,0.0,0.0,0.0,742454000.0,1027315000.0,0.081,1027315000.0,742454000.0,703144000.0,0.62,0.6,0.62,3386301000.0,2965213250.0,3386301000.0,13241377347.0,18.0,12.889,765131000.0,1.041,1.0,3312291000.0,0.261,1421263000.0,39310000.0,2551711000.0,2666676750.0,1619294000.0,0.0,0.0,0.0,2938593000.0,2042122000.0,896471000.0,13098725347.0,64932000.0,-2910000.0,386206000.0,-346034000.0,0.0,40172000.0,-1024390000.0,-757450000.0,1028190000.0,20960000.0,442980000.0,442980000.0,442980000.0,0.0,0.0,0.035,2583018000.0,729273000.0,1276506000.0,0.0,3.868,29.57,28.731,1476196000.0,0.0,17.813,1.032,1.032,408862000.0,1997414000.0,12688939000.0,12688939000.0,0.0,0.077,0.149,0.278,0.059,0.0,2566840000.0,1.0,735332636.0,735332636.0,,17.256,4903631000.0,133197000.0,260164000.0,27700000.0,6.669,1271421000.0
56,SPLS,MRT,2003-06-30,2003-08-02,2003-08-02,2019-05-07,31411000.0,5740795000.0,5534108750.0,2764569000.0,2976226000.0,2.231,4.352,-240999000.0,583210000.0,583210000.0,9186141000.0,405224000.0,1.58,0.852,725862000.0,716000.0,725146000.0,725862000.0,0.0,280905000.0,0.0,0.0,0.0,680963000.0,961868000.0,0.078,961868000.0,680963000.0,643214000.0,0.573,0.56,0.573,3100551000.0,2728683750.0,3100551000.0,10241945363.0,15.0,10.648,736112000.0,1.033,1.0,3157760000.0,0.256,1423127000.0,37749000.0,2710717000.0,2716648500.0,1578683000.0,0.0,0.0,0.0,2640244000.0,1749603000.0,890641000.0,9721755362.0,119755000.0,-790905000.0,323601000.0,123035000.0,0.0,446636000.0,-1320423000.0,-288575000.0,977111000.0,16431000.0,405224000.0,405224000.0,405224000.0,0.0,0.0,0.033,2486865000.0,670895000.0,1091850000.0,0.0,3.135,23.991,23.816,1441148000.0,0.0,13.647,0.788,0.788,357642000.0,1831639000.0,12343901000.0,12343901000.0,0.0,0.073,0.149,0.251,0.055,0.0,2472684000.0,1.0,712390476.0,712390476.0,,17.327,4317668000.0,133502000.0,237990000.0,35951000.0,6.061,1014966000.0
57,SPLS,MRT,2003-03-31,2003-05-03,2003-05-03,2019-05-07,14255000.0,5296043000.0,5198110000.0,2303779000.0,2992264000.0,2.297,3.824,-245624000.0,226019000.0,226019000.0,8946956000.0,376987000.0,1.375,0.951,746209000.0,2017000.0,744192000.0,746209000.0,0.0,274890000.0,0.0,0.0,0.0,633637000.0,908527000.0,0.076,908527000.0,633637000.0,598392000.0,0.54,0.527,0.54,2715109000.0,2526834250.0,2715109000.0,9561056501.0,15.0,10.524,518665000.0,0.731,1.0,2995641000.0,0.251,1422317000.0,35245000.0,2718609000.0,2683832250.0,1452633000.0,0.0,0.0,0.0,2580934000.0,1675307000.0,905627000.0,9097408501.0,-266737000.0,-1171187000.0,70339000.0,308487000.0,0.0,378826000.0,-1421882000.0,-5000000.0,764289000.0,12030000.0,376987000.0,376987000.0,376987000.0,0.0,0.0,0.032,2372072000.0,623569000.0,1008625000.0,0.0,3.351,24.132,23.728,1439967000.0,0.0,12.813,0.762,0.762,396051000.0,1743847000.0,11942597000.0,11942597000.0,0.0,0.073,0.149,0.236,0.053,29000000.0,2359897000.0,1.0,709995461.0,709995461.0,,16.821,3873726000.0,133935000.0,221405000.0,53122000.0,5.456,628472000.0
58,SPLS,MRT,2002-12-31,2003-02-01,2003-02-01,2019-05-07,11481000.0,5721388000.0,4922491250.0,2717476000.0,3003912000.0,2.356,3.767,-264692000.0,495889000.0,495889000.0,8652593000.0,446100000.0,1.249,1.152,1059712000.0,327671000.0,732041000.0,1059712000.0,0.0,267209000.0,0.0,0.0,0.0,692740000.0,959949000.0,0.083,959949000.0,692740000.0,662063000.0,0.64,0.627,0.64,2658892000.0,2398673250.0,2658892000.0,8914659444.0,13.0,9.287,649658000.0,0.92,1.0,2943482000.0,0.254,1424215000.0,30677000.0,2685670000.0,2580374250.0,1555205000.0,100175000.0,100175000.0,0.0,3062496000.0,2175326000.0,887170000.0,8080016444.0,101065000.0,-1171187000.0,78421000.0,635662000.0,0.0,714083000.0,-1536401000.0,-100175000.0,914350000.0,9033000.0,446100000.0,446100000.0,446100000.0,0.0,0.0,0.038,2260810000.0,682672000.0,1092172000.0,0.0,3.039,18.113,17.885,1447752000.0,0.0,11.447,0.697,0.697,364419000.0,1719091000.0,11596075000.0,11596075000.0,0.0,0.091,0.186,0.268,0.06,0.0,2249929000.0,1.0,705883790.0,705883790.0,,16.428,4297173000.0,96229000.0,215963000.0,0.0,6.088,542150000.0
59,SPLS,MRT,2002-09-30,2002-11-02,2002-11-02,2019-05-07,-2388000.0,5378209000.0,4515403000.0,2453930000.0,2924279000.0,2.478,3.272,-274328000.0,226189000.0,226189000.0,8412460000.0,375240000.0,1.165,1.204,1060832000.0,332346000.0,728486000.0,1060832000.0,0.0,260612000.0,0.0,0.0,0.0,567164000.0,827776000.0,0.074,827776000.0,567164000.0,553218000.0,0.533,0.533,0.533,2440183000.0,2247493750.0,2440183000.0,7953011784.0,14.0,9.608,720861000.0,0.967,1.0,2777713000.0,0.248,1354332000.0,13946000.0,2751598000.0,2467457250.0,1615222000.0,0.0,0.0,0.0,2938026000.0,2106922000.0,831104000.0,7652082784.0,114874000.0,-1171187000.0,72854000.0,453476000.0,0.0,544357000.0,-1430347000.0,16597000.0,995189000.0,5675000.0,375240000.0,375240000.0,375240000.0,0.0,0.0,0.034,2210549000.0,567164000.0,1121668000.0,0.0,3.136,20.393,19.25,1430277000.0,0.0,10.26,0.684,0.684,431866000.0,1554433000.0,11190173000.0,11190173000.0,0.0,0.083,0.167,0.23,0.051,0.0,2140176000.0,1.0,745817036.0,745817036.0,,15.004,4023877000.0,87428000.0,177978000.0,0.0,5.395,347008000.0
60,SPLS,MRT,2002-06-30,2002-08-03,2002-08-03,2019-05-07,-13482000.0,4396800000.0,4187759750.0,2303774000.0,2093026000.0,2.611,3.27,-290310000.0,174880000.0,174880000.0,8272273000.0,338534000.0,1.485,0.917,475809000.0,16189000.0,459620000.0,475809000.0,0.0,257972000.0,0.0,0.0,0.0,513466000.0,771438000.0,0.071,771438000.0,513466000.0,498489000.0,0.487,0.487,0.487,2293153000.0,2119098000.0,2293153000.0,6757765766.0,13.0,8.76,563417000.0,0.803,1.0,2662036000.0,0.243,567221000.0,14977000.0,2579452000.0,2424844000.0,1696132000.0,0.0,0.0,0.0,2103647000.0,1551056000.0,552591000.0,6882045766.0,114810000.0,-383192000.0,59275000.0,-216158000.0,0.0,-77747000.0,-657776000.0,18251000.0,853727000.0,-3394000.0,338534000.0,338534000.0,338534000.0,0.0,0.0,0.031,2148570000.0,513466000.0,979731000.0,0.0,3.001,20.329,20.151,1390427000.0,0.0,9.813,0.629,0.629,242445000.0,1426414000.0,10934309000.0,10934309000.0,0.0,0.081,0.16,0.212,0.047,0.0,2075699000.0,1.0,701295425.0,701295425.0,,15.592,3829579000.0,103406000.0,159955000.0,0.0,5.461,752718000.0
61,SPLS,MRT,2002-03-31,2002-05-04,2002-05-04,2019-05-07,-16163000.0,4193568000.0,4088987750.0,2496701000.0,1696867000.0,2.647,3.152,-314730000.0,487756000.0,487756000.0,8208259000.0,319332000.0,1.62,0.904,363476000.0,6699000.0,356777000.0,363476000.0,0.0,253524000.0,0.0,0.0,0.0,490930000.0,744454000.0,0.069,744454000.0,490930000.0,469572000.0,0.4,0.4,0.4,2202465000.0,2006635250.0,2202465000.0,9347354492.0,19.0,12.556,646537000.0,0.925,1.0,2613804000.0,0.242,223718000.0,21358000.0,2304777000.0,2471956250.0,1480162000.0,0.0,0.0,0.0,1991103000.0,1540793000.0,450310000.0,9386970492.0,445908000.0,0.0,53668000.0,-382123000.0,0.0,-224319000.0,-290134000.0,26939000.0,961267000.0,-906000.0,319332000.0,319332000.0,319332000.0,0.0,0.0,0.03,2122874000.0,490930000.0,922136000.0,0.0,4.262,29.396,33.583,1366427000.0,0.0,13.433,0.867,0.867,331529000.0,1366860000.0,10822063000.0,10822063000.0,0.0,0.078,0.159,0.199,0.045,-29000000.0,2046732000.0,1.0,698781923.0,698781923.0,,15.487,3969850000.0,110861000.0,150240000.0,0.0,5.681,955908000.0
62,SPLS,MRT,2001-12-31,2002-02-02,2002-02-02,2019-05-07,-27129000.0,4093035000.0,4002500750.0,2402827000.0,1690208000.0,2.684,2.967,-340118000.0,394824000.0,394824000.0,8173880000.0,264970000.0,1.506,0.993,355208000.0,4983000.0,350225000.0,355208000.0,0.0,248965000.0,0.0,0.0,0.0,458064000.0,707029000.0,0.066,707029000.0,458064000.0,430845000.0,0.267,0.267,0.267,2054174000.0,1909678000.0,2054174000.0,8715032456.0,19.0,12.326,430790000.0,0.622,1.0,2570493000.0,0.239,223718000.0,27219000.0,2234002000.0,2568229000.0,1459792000.0,0.0,0.0,0.0,2038861000.0,1595699000.0,443162000.0,8276780456.0,131264000.0,0.0,27466000.0,-364193000.0,0.0,-318700000.0,-315747000.0,26939000.0,770908000.0,-5197000.0,264970000.0,264970000.0,264970000.0,0.0,0.0,0.025,2112429000.0,458064000.0,935442000.0,0.0,4.029,31.237,44.769,1358752000.0,0.0,11.953,0.77,0.77,338581000.0,1272991000.0,10744373000.0,10744373000.0,0.0,0.066,0.139,0.178,0.043,0.0,2031351000.0,1.0,692424467.0,692424467.0,,15.517,3869317000.0,117560000.0,165875000.0,0.0,5.588,807128000.0
63,SPLS,MRT,2001-09-30,2001-11-03,2001-11-03,2019-05-07,-22609000.0,4067636000.0,3975222750.0,2352319000.0,1715317000.0,2.75,2.787,-380817000.0,111315000.0,111315000.0,8332600000.0,59497000.0,1.391,1.111,549567000.0,177142000.0,372425000.0,549567000.0,0.0,238366000.0,0.0,0.0,0.0,268808000.0,507174000.0,0.046,507174000.0,268808000.0,232027000.0,0.133,0.133,0.133,1926600000.0,1833490500.0,1926600000.0,7801248187.0,29.0,15.382,242121000.0,0.35,1.0,2597385000.0,0.238,233598000.0,36781000.0,2581145000.0,2608806000.0,1580922000.0,0.0,0.0,0.0,2141036000.0,1691145000.0,449891000.0,7190508187.0,6046000.0,0.0,-18914000.0,-232266000.0,0.0,-251180000.0,-361448000.0,17239000.0,622938000.0,-4264000.0,59497000.0,59497000.0,59497000.0,0.0,0.0,0.005,2328577000.0,268808000.0,956736000.0,0.0,3.732,120.855,78.195,1361457000.0,0.0,10.4,0.658,0.658,473451000.0,1179193000.0,10929985000.0,10929985000.0,0.0,0.015,0.032,0.103,0.025,0.0,2099880000.0,1.0,691395018.0,691395018.0,,15.809,3834038000.0,66242000.0,172530000.0,0.0,5.545,661174000.0
64,SPLS,MRT,2001-06-30,2001-08-04,2001-08-04,2019-05-07,-19664000.0,4001712000.0,4021801000.0,2299817000.0,1701895000.0,2.71,2.689,-433890000.0,60070000.0,60070000.0,8311362000.0,52846000.0,1.429,1.171,670810000.0,212959000.0,457851000.0,670810000.0,0.0,235049000.0,0.0,0.0,0.0,271107000.0,506156000.0,0.046,506156000.0,271107000.0,227045000.0,0.0,0.0,0.0,1843302000.0,1816795500.0,1843302000.0,7459564834.0,28.0,14.738,145684000.0,0.212,1.0,2586531000.0,0.237,235243000.0,44062000.0,2767901000.0,2714163000.0,1681809000.0,0.0,0.0,0.0,2158410000.0,1609308000.0,549102000.0,6851315834.0,-17455000.0,0.0,-25305000.0,-90502000.0,0.0,-176916000.0,-416921000.0,17479000.0,579574000.0,-3192000.0,52846000.0,52846000.0,52846000.0,0.0,0.0,0.005,2315424000.0,271107000.0,915064000.0,,3.717,129.647,,1349210000.0,0.0,9.993,0.629,0.629,376482000.0,1087881000.0,10897893000.0,10897893000.0,0.0,0.013,0.029,0.1,0.025,0.0,2082933000.0,1.0,685588643.0,685588643.0,,15.896,3766469000.0,49907000.0,174199000.0,0.0,5.494,690509000.0
65,SPLS,MRT,2001-03-31,2001-05-05,2001-05-05,2019-05-07,6931000.0,3847620000.0,4059291250.0,2167453000.0,1680167000.0,2.657,2.657,-457145000.0,41848000.0,41848000.0,8201496000.0,55052000.0,1.417,1.12,650097000.0,220596000.0,429501000.0,650097000.0,0.0,232160000.0,0.0,0.0,0.0,280817000.0,512977000.0,0.048,512977000.0,280817000.0,233565000.0,,,,1814636000.0,1814787250.0,1814636000.0,7739578012.0,28.0,15.088,86764000.0,0.127,1.0,2583465000.0,0.24,236890000.0,47252000.0,2689868000.0,2803589250.0,1575491000.0,0.0,0.0,0.0,2032984000.0,1529111000.0,503873000.0,7377376012.0,41197000.0,0.0,-130797000.0,180720000.0,0.0,-36186000.0,-457970000.0,-74000.0,543909000.0,-8556000.0,55052000.0,55052000.0,55052000.0,0.0,0.0,0.005,2302648000.0,280817000.0,824660000.0,,4.065,134.007,,1320983000.0,0.0,10.8,0.684,0.684,370520000.0,1047528000.0,10784961000.0,10784961000.0,0.0,0.014,0.03,0.1,0.026,0.0,2065706000.0,1.0,683090372.0,683090372.0,,15.788,3610730000.0,54864000.0,178513000.0,0.0,5.286,638342000.0
66,SPLS,MRT,2000-12-31,2001-02-03,2001-02-03,2019-05-07,-14354000.0,3983923000.0,4092567250.0,2356111000.0,1627812000.0,2.608,2.575,-450217000.0,263560000.0,263560000.0,8097166000.0,59712000.0,1.377,1.277,625762000.0,184505000.0,441257000.0,625762000.0,0.0,223510000.0,0.0,0.0,0.0,289343000.0,512853000.0,0.048,512853000.0,289343000.0,244185000.0,0.0,0.0,0.0,1749424000.0,1847499250.0,1749424000.0,8037012129.0,28.0,15.671,132180000.0,0.195,1.0,2576505000.0,0.241,238536000.0,45158000.0,2396310000.0,2822065500.0,1639698000.0,0.0,0.0,0.0,2234499000.0,1711279000.0,523220000.0,7360849129.0,153077000.0,0.0,-157572000.0,232183000.0,0.0,74611000.0,-500424000.0,-49991000.0,582397000.0,-3507000.0,59712000.0,59712000.0,59712000.0,0.0,0.0,0.006,2287162000.0,289343000.0,983851000.0,,4.208,123.273,,1300525000.0,0.0,10.833,0.69,0.69,297916000.0,1008021000.0,10673671000.0,10673671000.0,0.0,0.015,0.032,0.103,0.027,0.0,2052737000.0,1.0,679462997.0,679462997.0,,15.709,3745387000.0,43955000.0,184473000.0,0.0,5.512,644832000.0
67,SPLS,MRT,2000-09-30,2000-10-28,2000-10-28,2019-05-07,-18363000.0,4253949000.0,4058105500.0,2425954000.0,1827995000.0,2.511,2.73,-431599000.0,105269000.0,105269000.0,7685393000.0,290783000.0,1.57,1.287,781432000.0,1843000.0,779589000.0,781432000.0,0.0,215232000.0,0.0,0.0,0.0,524573000.0,739805000.0,0.073,739805000.0,524573000.0,486217000.0,,,,1859820000.0,1867346500.0,1859820000.0,6631843164.0,13.0,8.964,-55479000.0,-0.081,1.0,2504281000.0,0.246,382260000.0,38356000.0,3002573000.0,2824542000.0,1667932000.0,68372000.0,1028000.0,67344000.0,2394129000.0,1545279000.0,848850000.0,5848735164.0,15105000.0,-2081000.0,-155126000.0,297781000.0,0.0,142655000.0,-497826000.0,-56821000.0,376120000.0,-5844000.0,290783000.0,290783000.0,290783000.0,0.0,0.0,0.029,1979708000.0,524573000.0,1013417000.0,,3.145,20.114,,1246865000.0,0.0,8.587,0.574,0.574,525387000.0,1119696000.0,10189674000.0,10189674000.0,0.0,0.072,0.156,0.186,0.051,0.0,1950446000.0,1.0,681141518.0,681141518.0,,14.96,3871689000.0,76301000.0,195434000.0,0.0,5.684,880675000.0
68,SPLS,MRT,2000-06-30,2000-07-29,2000-07-29,2019-05-07,33710000.0,4151673000.0,3928529500.0,2309754000.0,1841919000.0,2.49,2.677,-408632000.0,77525000.0,77525000.0,7359471000.0,298656000.0,1.623,1.262,860633000.0,34065000.0,826568000.0,860633000.0,0.0,198861000.0,0.0,0.0,0.0,524219000.0,723080000.0,0.074,723080000.0,524219000.0,494419000.0,,,,1835269000.0,1824326500.0,1835269000.0,6968790050.0,13.0,9.638,-32945000.0,-0.048,1.0,2422245000.0,0.248,385927000.0,29800000.0,3125606000.0,2645311250.0,1676571000.0,153199000.0,1049000.0,152150000.0,2316404000.0,1423248000.0,893156000.0,6398162050.0,77525000.0,-106396000.0,-289434000.0,571931000.0,0.0,282497000.0,-579186000.0,-61494000.0,375687000.0,-1473000.0,298656000.0,298656000.0,298656000.0,0.0,0.0,0.031,1898026000.0,524219000.0,907418000.0,,3.486,21.423,,1185947000.0,0.0,9.333,0.654,0.654,445564000.0,1035035000.0,9781716000.0,9781716000.0,0.0,0.076,0.164,0.198,0.054,0.0,1869819000.0,1.0,685517363.0,685517363.0,,14.269,3765746000.0,43009000.0,195763000.0,0.0,5.493,886506000.0
69,SPLS,MRT,2000-03-31,2000-04-29,2000-04-29,2019-05-07,95554000.0,3980724000.0,3741922750.0,2112868000.0,1867856000.0,2.518,2.832,-376518000.0,651000.0,651000.0,7090389000.0,308841000.0,1.511,1.046,571279000.0,27498000.0,543781000.0,571279000.0,0.0,188110000.0,0.0,0.0,0.0,530575000.0,718685000.0,0.076,718685000.0,530575000.0,508751000.0,,,,1945484000.0,1798928750.0,1945484000.0,9131021316.0,17.0,12.705,-102019000.0,-0.149,1.0,2330140000.0,0.247,389406000.0,21824000.0,2763773000.0,2378755000.0,1547780000.0,245516000.0,1047000.0,244469000.0,2035240000.0,1398173000.0,637067000.0,8728382316.0,-151019000.0,-106396000.0,-240239000.0,350373000.0,0.0,110134000.0,-539199000.0,-51342000.0,274499000.0,3547000.0,308841000.0,308841000.0,308841000.0,0.0,0.0,0.033,1799565000.0,530575000.0,842113000.0,,4.486,28.262,,1131598000.0,0.0,12.707,0.927,0.927,438383000.0,992476000.0,9420529000.0,9420529000.0,0.0,0.083,0.172,0.223,0.056,0.0,1773556000.0,1.0,686913614.0,686913614.0,,13.714,3591318000.0,40095000.0,199910000.0,29223000.0,5.228,714695000.0
70,SPLS,MRT,1999-12-31,2000-01-29,2000-01-29,2019-05-07,2178000.0,3846076000.0,3558803500.0,2193451000.0,1652625000.0,2.511,2.595,-355081000.0,110483000.0,110483000.0,6721563000.0,314988000.0,1.508,1.103,513122000.0,12219000.0,500903000.0,513122000.0,0.0,172658000.0,0.0,0.0,0.0,533475000.0,706133000.0,0.079,706133000.0,533475000.0,516374000.0,0.28,0.273,0.28,1828813000.0,1738702000.0,1828813000.0,10525376900.0,20.0,14.906,-55556000.0,-0.079,1.0,2215246000.0,0.248,387595000.0,17101000.0,2406216000.0,2125352000.0,1607516000.0,0.0,0.0,0.0,2017263000.0,1454904000.0,562359000.0,10100798900.0,-247510000.0,-244021000.0,-220999000.0,281468000.0,0.0,60469000.0,-609030000.0,-7504000.0,299525000.0,1526000.0,314988000.0,314988000.0,314988000.0,0.0,0.0,0.035,1681771000.0,533475000.0,897523000.0,0.0,5.523,32.067,51.19,1094762000.0,0.0,14.333,1.13,1.13,360901000.0,948309000.0,8936809000.0,8936809000.0,0.0,0.089,0.181,0.251,0.06,0.0,1653272000.0,1.0,704706900.0,704706900.0,,12.682,3458481000.0,74642000.0,201386000.0,0.0,4.908,738547000.0
71,SPLS,MRT,1999-09-30,1999-10-30,1999-10-30,2019-05-07,-8653000.0,3735645000.0,3392101000.0,2173503000.0,1562142000.0,2.471,2.443,-347003000.0,90164000.0,90164000.0,6310144000.0,266852000.0,1.452,1.213,514742000.0,21832000.0,492910000.0,514742000.0,0.0,163266000.0,0.0,0.0,0.0,451391000.0,614657000.0,0.073,614657000.0,451391000.0,438427000.0,0.387,0.38,0.387,1687740000.0,1695720250.0,1687740000.0,10613619620.0,24.0,17.268,80850000.0,0.117,1.0,2072946000.0,0.247,378093000.0,12964000.0,2285650000.0,1935135250.0,1534439000.0,26876000.0,1211000.0,25665000.0,2047905000.0,1496480000.0,551425000.0,10306062620.0,-103481000.0,-255440000.0,-182092000.0,277702000.0,0.0,95610000.0,-626269000.0,-24603000.0,427853000.0,-675000.0,266852000.0,266852000.0,266852000.0,0.0,0.0,0.032,1621555000.0,451391000.0,935855000.0,0.0,6.106,38.621,38.226,1031171000.0,0.0,14.793,1.229,1.219,433123000.0,828914000.0,8383090000.0,8383090000.0,0.0,0.079,0.157,0.233,0.054,0.0,1546326000.0,1.0,696669398.0,690821256.0,,12.135,3357552000.0,78709000.0,171575000.0,0.0,4.86,677023000.0
72,SPLS,MRT,1999-06-30,1999-07-31,1999-07-31,2019-05-07,-12803000.0,3405246000.0,3181859000.0,2029231000.0,1376015000.0,2.479,2.499,-346233000.0,0.0,0.0,5942176000.0,243504000.0,1.501,0.964,307557000.0,43997000.0,263560000.0,307557000.0,0.0,149856000.0,0.0,0.0,0.0,413263000.0,563119000.0,0.071,563119000.0,413263000.0,401089000.0,0.36,0.347,0.36,1733678000.0,1570738500.0,1733678000.0,13512179765.0,33.0,23.995,6598000.0,0.01,1.0,1946873000.0,0.247,301323000.0,12174000.0,2059381000.0,1857621250.0,1518768000.0,22158000.0,1252000.0,20906000.0,1671568000.0,1352099000.0,319469000.0,13423797765.0,-93762000.0,-151125000.0,-24588000.0,95640000.0,0.0,70749000.0,-516761000.0,-21826000.0,352831000.0,-581000.0,243504000.0,243504000.0,243504000.0,0.0,0.0,0.031,1533610000.0,413263000.0,863878000.0,0.0,7.743,55.128,53.481,926563000.0,0.0,19.253,1.702,1.693,378114000.0,736378000.0,7889049000.0,7889049000.0,0.0,0.077,0.155,0.222,0.052,0.0,1461099000.0,1.0,697219413.0,693632708.0,,11.374,3103923000.0,110216000.0,157585000.0,0.0,4.475,677132000.0
73,SPLS,MRT,1999-03-31,1999-05-01,1999-05-01,2019-05-07,-8512000.0,3248247000.0,2999264500.0,1938089000.0,1310158000.0,2.509,2.455,-359071000.0,151670000.0,151670000.0,5684403000.0,199734000.0,1.508,0.906,240052000.0,35782000.0,204270000.0,240052000.0,0.0,132732000.0,0.0,0.0,0.0,347034000.0,479766000.0,0.064,479766000.0,347034000.0,332916000.0,0.3,0.287,0.3,1704577000.0,1413340500.0,1704577000.0,13796062380.0,40.0,28.756,75389000.0,0.109,1.0,1840241000.0,0.245,300981000.0,14118000.0,1750161000.0,1827651500.0,1305170000.0,23498000.0,23498000.0,0.0,1543670000.0,1285487000.0,258183000.0,13916446380.0,-104982000.0,-151125000.0,-15271000.0,1083000.0,0.0,-30092000.0,-508819000.0,-7624000.0,434460000.0,-531000.0,199734000.0,199734000.0,199734000.0,0.0,0.0,0.027,1493317000.0,346924000.0,778251000.0,0.0,8.164,69.675,66.667,884106000.0,0.0,20.0,1.849,1.845,342675000.0,683635000.0,7524644000.0,7524644000.0,0.0,0.067,0.141,0.19,0.046,0.0,1382517000.0,1.0,695822319.0,694248713.0,,10.839,2947266000.0,106925000.0,133182000.0,0.0,4.245,652602000.0
74,SPLS,MRT,1998-12-31,1999-01-30,1999-01-30,2019-05-07,-11668000.0,3179266000.0,2795790250.0,2064100000.0,1115166000.0,2.548,2.396,-350029000.0,357993000.0,357993000.0,5396923000.0,185370000.0,1.631,0.919,237609000.0,32594000.0,205015000.0,237609000.0,0.0,126928000.0,0.0,0.0,0.0,323766000.0,450694000.0,0.063,450694000.0,323766000.0,306396000.0,0.287,0.273,0.287,1656886000.0,1242079500.0,1656886000.0,13538839397.0,42.0,30.04,56028000.0,0.081,1.0,1726266000.0,0.242,148201000.0,17370000.0,1645349000.0,1849302000.0,1340432000.0,17428000.0,17428000.0,0.0,1522380000.0,1265332000.0,257048000.0,13197304397.0,-23095000.0,-13500000.0,8002000.0,-25062000.0,0.0,-32964000.0,-395628000.0,3875000.0,406057000.0,-560000.0,185370000.0,185370000.0,185370000.0,0.0,0.0,0.026,1402635000.0,323631000.0,794427000.0,0.0,7.965,71.194,66.504,840289000.0,0.0,19.087,1.853,1.853,221836000.0,633321000.0,7123189000.0,7123189000.0,0.0,0.066,0.149,0.175,0.045,0.0,1294354000.0,1.0,691441027.0,691441027.0,,10.302,3031065000.0,103996000.0,121026000.0,0.0,4.384,798768000.0
75,SPLS,MRT,1998-09-30,1998-10-31,1998-10-31,2019-05-07,-13661000.0,2894677000.0,2660689250.0,1864933000.0,1029744000.0,2.533,1.858,-302816000.0,193645000.0,193645000.0,5156202000.0,187458000.0,1.657,1.437,535180000.0,3420000.0,531760000.0,535180000.0,0.0,111124000.0,0.0,0.0,0.0,323091000.0,434215000.0,0.064,434215000.0,323091000.0,302190000.0,0.302,0.276,0.302,1187813000.0,1101479250.0,1187813000.0,9686748782.0,30.0,22.309,36534000.0,0.057,1.0,1584576000.0,0.235,134917000.0,20901000.0,1975594000.0,1862465000.0,1303329000.0,1459000.0,1459000.0,0.0,1706864000.0,1125701000.0,581163000.0,9270132782.0,-53853000.0,-5305000.0,5641000.0,-29398000.0,0.0,-45133000.0,-347557000.0,12550000.0,339350000.0,-513000.0,187458000.0,187458000.0,187458000.0,0.0,0.0,0.028,1261658000.0,322918000.0,726537000.0,0.0,7.804,49.452,48.021,776898000.0,0.0,14.502,1.375,1.375,270421000.0,562120000.0,6740778000.0,6740778000.0,0.0,0.07,0.17,0.173,0.048,0.0,1203867000.0,1.0,639221537.0,639275517.0,,10.544,2759760000.0,0.0,114732000.0,0.0,4.317,739232000.0
76,SPLS,MRT,1998-06-30,1998-08-01,1998-08-01,2019-05-07,-12790000.0,2674868000.0,,1724325000.0,950543000.0,,1.736,-261476000.0,93762000.0,93762000.0,4901528000.0,170302000.0,1.697,1.423,510378000.0,4443000.0,505935000.0,510378000.0,0.0,103420000.0,0.0,0.0,0.0,289802000.0,393222000.0,0.062,393222000.0,289802000.0,267061000.0,0.276,0.256,0.276,1104086000.0,,1104086000.0,9591679078.0,33.0,24.393,25841000.0,0.041,1.0,1491873000.0,0.233,135818000.0,22741000.0,1939502000.0,,1293654000.0,1443000.0,1443000.0,0.0,1570782000.0,1016164000.0,554618000.0,9296969078.0,-29761000.0,-3699000.0,16130000.0,-1680000.0,0.0,-12069000.0,-303264000.0,14592000.0,287317000.0,-1745000.0,170302000.0,170302000.0,170302000.0,0.0,0.0,0.027,1202259000.0,289614000.0,701198000.0,0.0,8.421,54.591,52.947,701801000.0,0.0,14.613,1.454,1.454,254641000.0,492977000.0,6393401000.0,6393401000.0,0.0,,,,0.045,0.0,1145599000.0,1.0,636197702.0,635938785.0,,10.053,2539050000.0,0.0,96759000.0,0.0,3.993,708161000.0
77,SPLS,MRT,1998-03-31,1998-05-02,1998-05-02,2019-05-07,-8115000.0,2434350000.0,,1592740000.0,841610000.0,,1.622,-205410000.0,229131000.0,229131000.0,4679468000.0,184087000.0,1.844,1.388,523841000.0,15499000.0,508342000.0,523841000.0,0.0,100477000.0,0.0,0.0,0.0,303360000.0,403837000.0,0.066,403837000.0,303360000.0,280647000.0,0.298,0.278,0.298,1019533000.0,,1019533000.0,6623358382.0,22.0,16.401,122956000.0,0.196,1.0,1430567000.0,0.234,28752000.0,22713000.0,1836763000.0,,1101303000.0,137912000.0,1167000.0,136745000.0,1414817000.0,863545000.0,551272000.0,6429941382.0,70965000.0,-81443000.0,57997000.0,46628000.0,0.0,79450000.0,-335658000.0,5966000.0,328366000.0,-1193000.0,184087000.0,184087000.0,184087000.0,0.0,0.0,0.03,1127341000.0,303226000.0,591732000.0,0.0,6.307,34.929,38.031,596965000.0,0.0,11.333,1.052,1.166,184191000.0,415432000.0,6110035000.0,6110035000.0,0.0,,,,0.05,0.0,1104372000.0,1.0,567347769.0,628540992.0,,9.721,2405598000.0,0.0,96560000.0,0.0,3.827,729195000.0
78,SPLS,MRT,1997-12-31,1998-01-31,1998-01-31,2019-05-07,-9259000.0,2638862000.0,2213307000.0,1786140000.0,852722000.0,2.59,1.929,-190659000.0,381088000.0,381088000.0,4377690000.0,167914000.0,1.818,1.411,562460000.0,43501000.0,518959000.0,562460000.0,0.0,90714000.0,0.0,0.0,0.0,271793000.0,362507000.0,0.063,362507000.0,271793000.0,249838000.0,0.273,0.26,0.273,1094485000.0,928085500.0,1094485000.0,,,,202161000.0,0.356,1.0,1354455000.0,0.236,139753000.0,21955000.0,1698001000.0,1551155500.0,1124642000.0,22352000.0,5902000.0,16450000.0,1544377000.0,982480000.0,561897000.0,4580807913.0,264053000.0,-83113000.0,48043000.0,135903000.0,0.0,158771000.0,-284818000.0,3669000.0,392820000.0,-2720000.0,167914000.0,167914000.0,167914000.0,0.0,0.0,0.029,1076793000.0,277662000.0,672956000.0,0.0,4.185,27.281,29.575,610262000.0,0.0,8.074,0.799,0.799,203143000.0,510040000.0,5732145000.0,5732145000.0,0.0,0.076,0.181,0.175,0.047,0.0,1034104000.0,1.0,567347769.0,567347769.0,,10.103,2499109000.0,48559000.0,81924000.0,0.0,4.405,803660000.0
79,SPLS,MRT,1997-09-30,1997-11-01,1997-11-01,2019-05-07,,,,,,,,,,,,,,,,,,,,,,0.0,0.0,,,,,,,,,,,,,,,,,,1.0,,,,,,,,,,,,,,,,,,,,,,,,,,,,,,,,,,,,,,,,7.778,,,,,,,,,,,,,,1.0,,613846368.0,,,,,,,,
80,SPLS,MRT,1997-06-30,1997-08-02,1997-08-02,2019-05-07,,,,,,,,,,,,,,,,,,,,,,0.0,0.0,,,,,,,,,,,,,,,,,,1.0,,,,,,,,,,,,,,,,,,,,,,,,,,,,,,,,,,,,,,,,7.52,,,,,,,,,,,,,,1.0,,607849027.0,,,,,,,,
81,SPLS,MRT,1997-03-31,1997-05-03,1997-05-03,2019-05-07,,,,,,,,,,,,,,,,,,,,,,0.0,0.0,,,,,,,,,,,,,,,,,,1.0,,,,,,,,,,,,,,,,,,,,,,,,,,,,,,,,,,,,,,,,5.852,,,,,,,,,,,,,,1.0,,546878585.0,,,,,,,,
82,SPLS,MRT,1996-12-31,1997-02-01,1997-02-01,2019-05-07,-117000.0,1787752000.0,,1151348000.0,636404000.0,,,-212007000.0,98143000.0,98143000.0,3410263000.0,144742000.0,1.911,1.347,398562000.0,7220000.0,391342000.0,398562000.0,0.0,61497000.0,0.0,0.0,0.0,234325000.0,295822000.0,0.066,295822000.0,234325000.0,211363000.0,0.24,0.233,0.24,761686000.0,,761686000.0,,,,-23261000.0,,1.0,1083326000.0,0.241,81306000.0,22962000.0,1404310000.0,,813661000.0,48528000.0,7986000.0,40542000.0,1026066000.0,602555000.0,423511000.0,,-7586000.0,-18629000.0,21773000.0,50504000.0,0.0,47369000.0,-244344000.0,-10831000.0,188746000.0,643000.0,144742000.0,144742000.0,144742000.0,0.0,0.0,0.032,837928000.0,245398000.0,421051000.0,0.0,,,25.309,442857000.0,0.0,6.074,,,167072000.0,253183000.0,4493589000.0,4493589000.0,0.0,,,,0.052,0.0,827338000.0,1.0,,,,,1706446000.0,47910000.0,66621000.0,0.0,,548793000.0
83,SPLS,MRT,1995-12-31,1996-02-03,1996-02-03,2019-05-07,,,,,,,,-116295000.0,,,2366183000.0,73705000.0,,,,,,,,43551000.0,,0.0,0.0,135660000.0,179211000.0,0.058,179211000.0,135660000.0,119845000.0,0.142,0.138,0.142,,,,,,,-156439000.0,,1.0,701878000.0,0.229,,15815000.0,,,,,,,,,,,56320000.0,-22088000.0,16964000.0,201985000.0,0.0,218949000.0,-122627000.0,16519000.0,-40144000.0,142000.0,73705000.0,73705000.0,73705000.0,0.0,0.0,0.024,554065000.0,147813000.0,,0.0,,,35.472,,0.0,5.037,,,,,3068061000.0,3068061000.0,0.0,,,,0.044,0.0,546491000.0,,,,,,,,46140000.0,,,
