None,ticker,dimension,calendardate,datekey,reportperiod,lastupdated,accoci,assets,assetsavg,assetsc,assetsnc,assetturnover,bvps,capex,cashneq,cashnequsd,cor,consolinc,currentratio,de,debt,debtc,debtnc,debtusd,deferredrev,depamor,deposits,divyield,dps,ebit,ebitda,ebitdamargin,ebitdausd,ebitusd,ebt,eps,epsdil,epsusd,equity,equityavg,equityusd,ev,evebit,evebitda,fcf,fcfps,fxusd,gp,grossmargin,intangibles,intexp,invcap,invcapavg,inventory,investments,investmentsc,investmentsnc,liabilities,liabilitiesc,liabilitiesnc,marketcap,ncf,ncfbus,ncfcommon,ncfdebt,ncfdiv,ncff,ncfi,ncfinv,ncfo,ncfx,netinc,netinccmn,netinccmnusd,netincdis,netincnci,netmargin,opex,opinc,payables,payoutratio,pb,pe,pe1,ppnenet,prefdivis,price,ps,ps1,receivables,retearn,revenue,revenueusd,rnd,roa,roe,roic,ros,sbcomp,sgna,sharefactor,sharesbas,shareswa,shareswadil,sps,tangibles,taxassets,taxexp,taxliabilities,tbvps,workingcapital
0,CHRS1,MRY,2011-12-31,2012-01-28,2012-01-28,2019-07-22,0.0,1017926000.0,1062718500.0,559319000.0,458607000.0,1.875,3.578,-27193000.0,168607000.0,168607000.0,1333435000.0,-2017000.0,2.135,1.441,138321000.0,4682000.0,133639000.0,138321000.0,0.0,58199000.0,0.0,0.0,0.0,19113000.0,77312000.0,0.039,77312000.0,19113000.0,5026000.0,-0.02,-0.02,-0.02,416946000.0,431594750.0,416946000.0,562169177.0,29.0,7.271,66008000.0,0.566,1.0,658936000.0,0.331,210568000.0,14087000.0,515093000.0,517773250.0,257180000.0,0.0,0.0,0.0,600980000.0,261979000.0,339001000.0,576839177.0,51125000.0,0.0,-612000.0,-13235000.0,0.0,-13847000.0,-28229000.0,0.0,93201000.0,0.0,-2017000.0,-2017000.0,-2017000.0,0.0,0.0,-0.001,640254000.0,18682000.0,111630000.0,0.0,1.383,-285.989,-247.5,229365000.0,0.0,4.95,0.29,0.29,39379000.0,236720000.0,1992371000.0,1992371000.0,0.0,-0.002,-0.005,0.037,0.01,5155000.0,577520000.0,1.0,116533167.0,116533167.0,,17.097,807358000.0,3570000.0,7043000.0,55526000.0,6.928,297340000.0
1,CHRS1,MRY,2010-12-31,2011-01-29,2011-01-29,2019-07-22,0.0,1022658000.0,1117023750.0,537909000.0,484749000.0,1.846,3.589,-34530000.0,117482000.0,117482000.0,1412515000.0,-53982000.0,2.058,1.468,139799000.0,11449000.0,128350000.0,139799000.0,0.0,70108000.0,0.0,0.0,0.0,-40969000.0,29139000.0,0.014,29139000.0,-40969000.0,-56856000.0,-0.47,-0.47,-0.47,414420000.0,447102750.0,414420000.0,388854524.0,-9.0,13.345,-29232000.0,-0.253,1.0,649304000.0,0.315,210568000.0,15887000.0,573074000.0,600266000.0,282248000.0,0.0,0.0,0.0,608238000.0,261333000.0,346905000.0,353338524.0,-69098000.0,0.0,354000.0,-44525000.0,0.0,-44171000.0,-30225000.0,200000.0,5298000.0,0.0,-53982000.0,-53982000.0,-53982000.0,0.0,0.0,-0.026,693299000.0,-43995000.0,107882000.0,0.0,0.853,-6.545,-6.511,255948000.0,0.0,3.06,0.171,0.171,36568000.0,238737000.0,2061819000.0,2061819000.0,0.0,-0.048,-0.121,-0.068,-0.02,4698000.0,599130000.0,1.0,115470106.0,115470106.0,,17.856,812090000.0,3153000.0,-2874000.0,51466000.0,7.033,276576000.0
2,CHRS1,MRY,2009-12-31,2010-01-30,2010-01-30,2019-07-22,0.0,1157489000.0,1240895250.0,617734000.0,539755000.0,1.664,4.022,-19472000.0,186580000.0,186580000.0,1431210000.0,-77962000.0,2.158,1.49,177823000.0,6265000.0,171558000.0,177823000.0,0.0,77922000.0,0.0,0.0,0.0,-72735000.0,5187000.0,0.003,5187000.0,-72735000.0,-91534000.0,-0.67,-0.67,-0.67,464934000.0,506477000.0,464934000.0,637709225.0,-9.0,122.944,94739000.0,0.82,1.0,633392000.0,0.307,210568000.0,18799000.0,651857000.0,760937000.0,267525000.0,0.0,0.0,0.0,692555000.0,286307000.0,406248000.0,671553225.0,92821000.0,0.0,484000.0,-65055000.0,0.0,-64571000.0,43181000.0,57590000.0,114211000.0,0.0,-77962000.0,-77962000.0,-77962000.0,0.0,0.0,-0.038,720940000.0,-87548000.0,126867000.0,0.0,1.444,-8.614,-8.672,305083000.0,0.0,5.81,0.325,0.325,33647000.0,292719000.0,2064602000.0,2064602000.0,0.0,-0.063,-0.154,-0.096,-0.035,6844000.0,582941000.0,1.0,115585753.0,115585753.0,,17.862,946921000.0,1729000.0,-13572000.0,48515000.0,8.192,331427000.0
3,CHRS1,MRY,2008-12-31,2009-01-31,2009-01-31,2019-07-22,5000.0,1277141000.0,1493670750.0,654921000.0,622220000.0,1.657,4.714,-50987000.0,93759000.0,93759000.0,1755228000.0,-255273000.0,2.4,1.379,239468000.0,6746000.0,232722000.0,239468000.0,0.0,94852000.0,0.0,0.0,0.0,-249301000.0,-154449000.0,-0.062,-154449000.0,-249301000.0,-268761000.0,-2.23,-2.23,-2.23,536855000.0,614250500.0,536855000.0,369415795.0,-1.0,-2.392,-1421000.0,-0.012,1.0,719670000.0,0.291,210801000.0,19460000.0,939152000.0,1099341500.0,268142000.0,100851000.0,100851000.0,0.0,740286000.0,272897000.0,467389000.0,122994795.0,31917000.0,34440000.0,-10803000.0,-8622000.0,0.0,-19425000.0,1776000.0,7224000.0,49566000.0,0.0,-255273000.0,-255273000.0,-255273000.0,74922000.0,0.0,-0.103,898479000.0,-178809000.0,99520000.0,0.0,0.229,-0.482,-0.484,383176000.0,0.0,1.08,0.05,0.05,33300000.0,370681000.0,2474898000.0,2474898000.0,0.0,-0.171,-0.416,-0.227,-0.101,5576000.0,690095000.0,1.0,113884069.0,113884069.0,,21.732,1066340000.0,3439000.0,-13488000.0,46197000.0,9.363,382024000.0
4,CHRS1,MRY,2007-12-31,2008-02-02,2008-02-02,2019-07-22,22000.0,1613304000.0,1771050000.0,841391000.0,771913000.0,1.537,6.259,-137709000.0,60978000.0,60978000.0,1861739000.0,-88290000.0,2.43,1.209,314996000.0,8827000.0,306169000.0,314996000.0,0.0,96976000.0,0.0,0.0,0.0,-59003000.0,37973000.0,0.014,37973000.0,-59003000.0,-77052000.0,-0.73,-0.73,-0.73,730444000.0,840856250.0,730444000.0,1082532113.0,-18.0,28.508,22136000.0,0.19,1.0,860723000.0,0.316,256228000.0,18049000.0,1264799000.0,1200588000.0,330224000.0,129276000.0,129276000.0,0.0,882860000.0,346295000.0,536565000.0,804024113.0,-81996000.0,0.0,-198212000.0,166387000.0,0.0,-31212000.0,-210629000.0,-62330000.0,159845000.0,0.0,-88290000.0,-88290000.0,-88290000.0,85039000.0,0.0,-0.032,844392000.0,16331000.0,130061000.0,0.0,1.101,-9.107,-9.438,459149000.0,0.0,6.89,0.295,0.295,33535000.0,644527000.0,2722462000.0,2722462000.0,0.0,-0.05,-0.105,-0.049,-0.022,6488000.0,717393000.0,1.0,116694356.0,116694356.0,,23.33,1357076000.0,9686000.0,11238000.0,37942000.0,11.629,495096000.0
5,CHRS1,MRY,2006-12-31,2007-02-03,2007-02-03,2019-07-22,1000.0,1705723000.0,1671753500.0,840838000.0,864885000.0,1.646,7.685,-133156000.0,143838000.0,143838000.0,1890565000.0,108923000.0,2.211,0.8,192011000.0,10887000.0,181124000.0,192011000.0,0.0,91244000.0,0.0,0.0,0.0,177508000.0,268752000.0,0.098,268752000.0,177508000.0,162762000.0,0.89,0.81,0.89,947538000.0,901490000.0,947538000.0,1690792934.0,10.0,6.291,53798000.0,0.436,1.0,861280000.0,0.313,402860000.0,14746000.0,970818000.0,898377000.0,429433000.0,62640000.0,62640000.0,0.0,758185000.0,380218000.0,377967000.0,1633777934.0,13706000.0,0.0,8758000.0,-64733000.0,0.0,-50856000.0,-122392000.0,25163000.0,186954000.0,0.0,108923000.0,108923000.0,108923000.0,-6964000.0,0.0,0.04,699009000.0,162271000.0,178629000.0,0.0,1.724,14.999,14.888,422446000.0,0.0,13.25,0.594,0.594,33366000.0,732938000.0,2751845000.0,2751845000.0,0.0,0.065,0.121,0.198,0.065,5267000.0,699009000.0,1.0,123303995.0,123303995.0,,22.318,1302863000.0,4469000.0,53839000.0,57340000.0,10.566,460620000.0
6,CHRS1,MRY,2005-12-31,2006-01-28,2006-01-28,2019-07-22,-3000.0,1572583000.0,1563882000.0,761394000.0,811189000.0,1.762,6.711,-100403000.0,130132000.0,130132000.0,1914347000.0,99391000.0,1.825,0.931,256744000.0,64765000.0,191979000.0,256744000.0,0.0,84297000.0,0.0,0.0,0.0,170312000.0,254609000.0,0.092,254609000.0,170312000.0,152401000.0,0.83,0.76,0.83,814348000.0,775619000.0,814348000.0,1688950425.0,10.0,6.634,64409000.0,0.531,1.0,841378000.0,0.305,404627000.0,17911000.0,877403000.0,860804250.0,376409000.0,86978000.0,86978000.0,0.0,758235000.0,417165000.0,341070000.0,1530150425.0,-142917000.0,-206717000.0,10065000.0,26371000.0,0.0,36436000.0,-344165000.0,-31781000.0,164812000.0,0.0,99391000.0,99391000.0,99391000.0,0.0,0.0,0.036,678753000.0,162625000.0,133236000.0,0.0,1.879,15.395,15.193,370953000.0,0.0,12.61,0.555,0.555,38603000.0,624015000.0,2755725000.0,2755725000.0,0.0,0.064,0.128,0.198,0.062,10431000.0,678753000.0,1.0,121344205.0,121344205.0,,22.71,1167956000.0,19436000.0,53010000.0,52377000.0,9.625,344229000.0
7,CHRS1,MRY,2004-12-31,2005-01-29,2005-01-29,2019-07-22,0.0,1303771000.0,1288284250.0,712908000.0,590863000.0,1.812,5.84,-60565000.0,273049000.0,273049000.0,1642650000.0,64526000.0,2.385,0.877,225064000.0,16419000.0,208645000.0,225064000.0,0.0,77069000.0,0.0,0.0,0.0,117278000.0,194347000.0,0.083,194347000.0,117278000.0,101668000.0,0.56,0.52,0.56,694464000.0,679733500.0,694464000.0,983695299.0,8.0,5.062,105375000.0,0.886,1.0,692086000.0,0.296,236484000.0,15610000.0,720383000.0,727520750.0,285120000.0,53097000.0,52857000.0,240000.0,609307000.0,298919000.0,310388000.0,960792299.0,149268000.0,0.0,33158000.0,-782000.0,0.0,32376000.0,-49048000.0,18501000.0,165940000.0,0.0,64526000.0,64526000.0,64526000.0,0.0,0.0,0.028,577906000.0,114180000.0,127819000.0,0.0,1.384,14.89,14.429,320663000.0,0.0,8.08,0.412,0.412,0.0,524624000.0,2334736000.0,2334736000.0,0.0,0.05,0.095,0.161,0.05,9006000.0,577301000.0,1.0,118909938.0,118909938.0,,19.634,1067287000.0,15500000.0,37142000.0,31645000.0,8.976,413989000.0
8,CHRS1,MRY,2003-12-31,2004-01-31,2004-01-31,2019-07-22,-365000.0,1173070000.0,1202819750.0,565666000.0,607404000.0,1.902,5.19,-53528000.0,123781000.0,123781000.0,1645499000.0,38042000.0,1.889,0.997,220097000.0,17278000.0,202819000.0,220097000.0,0.0,84534000.0,0.0,0.0,0.0,75274000.0,159808000.0,0.07,159808000.0,75274000.0,59665000.0,0.34,0.33,0.34,587409000.0,586203750.0,587409000.0,810589587.0,11.0,5.072,46134000.0,0.408,1.0,642864000.0,0.281,237434000.0,15609000.0,732464000.0,721449250.0,309995000.0,70209000.0,55688000.0,14521000.0,585661000.0,299488000.0,286173000.0,667765587.0,21755000.0,0.0,1173000.0,-14509000.0,0.0,-13336000.0,-64571000.0,-4339000.0,99662000.0,0.0,38042000.0,38042000.0,38042000.0,0.0,0.0,0.017,569782000.0,73082000.0,135777000.0,0.0,1.137,17.553,17.353,328009000.0,0.0,5.9,0.292,0.292,0.0,460098000.0,2288363000.0,2288363000.0,0.0,0.032,0.065,0.104,0.033,23000.0,558248000.0,1.0,113180608.0,113180608.0,,20.219,935636000.0,18708000.0,21623000.0,84482000.0,8.267,266178000.0
9,CHRS1,MRY,2002-12-31,2003-02-01,2003-02-01,2019-07-22,-550000.0,1131886000.0,1182778750.0,524806000.0,607080000.0,2.04,4.977,-80473000.0,102026000.0,102026000.0,1726306000.0,-6086000.0,1.584,1.015,215640000.0,12595000.0,203045000.0,215640000.0,0.0,88492000.0,0.0,0.0,0.0,41323000.0,129815000.0,0.054,129815000.0,41323000.0,21031000.0,-0.05,-0.01,-0.05,561634000.0,580078750.0,561634000.0,573400884.0,14.0,4.417,132490000.0,1.174,1.0,686103000.0,0.284,239732000.0,20292000.0,674479000.0,690347750.0,286472000.0,66488000.0,50286000.0,16202000.0,570252000.0,331289000.0,238963000.0,379142884.0,65386000.0,0.0,-79457000.0,20014000.0,0.0,-59443000.0,-88134000.0,-3511000.0,212963000.0,0.0,-6086000.0,-6086000.0,-6086000.0,0.0,0.0,-0.003,598689000.0,87414000.0,147952000.0,0.0,0.675,-62.298,-67.2,323081000.0,0.0,3.36,0.157,0.157,0.0,437135000.0,2412409000.0,2412409000.0,0.0,-0.005,-0.01,0.06,0.017,1505000.0,603502000.0,1.0,112840144.0,112840144.0,,21.379,892154000.0,11726000.0,27117000.0,43062000.0,7.906,193517000.0
10,CHRS1,MRY,2001-12-31,2002-02-02,2002-02-02,2019-07-22,-818000.0,1143917000.0,1063237250.0,484744000.0,659173000.0,1.875,4.947,-63046000.0,36640000.0,36640000.0,1455601000.0,-4406000.0,1.427,1.083,272166000.0,63675000.0,208491000.0,272166000.0,0.0,63902000.0,0.0,0.0,0.0,14175000.0,78077000.0,0.039,78077000.0,14175000.0,-4526000.0,-0.04,-0.04,-0.04,548802000.0,534656500.0,548802000.0,931058152.0,66.0,11.925,80785000.0,0.728,1.0,538242000.0,0.27,282037000.0,18701000.0,757709000.0,682228500.0,300407000.0,70366000.0,48351000.0,22015000.0,594115000.0,339697000.0,254418000.0,622338152.0,-19904000.0,-280841000.0,1394000.0,121005000.0,0.0,122399000.0,-286134000.0,55048000.0,143831000.0,0.0,-4406000.0,-4406000.0,-4406000.0,0.0,0.0,-0.002,528797000.0,9445000.0,107891000.0,0.0,1.134,-141.248,-140.25,316012000.0,0.0,5.61,0.312,0.312,0.0,439905000.0,1993843000.0,1993843000.0,0.0,-0.004,-0.008,0.021,0.007,20000.0,486204000.0,1.0,110933717.0,110933717.0,,17.973,861880000.0,21228000.0,-120000.0,44927000.0,7.769,145047000.0
11,CHRS1,MRY,2000-12-31,2001-02-03,2001-02-03,2019-07-22,74000.0,852767000.0,853511750.0,431914000.0,420853000.0,1.883,4.864,-57088000.0,56544000.0,56544000.0,1134554000.0,51098000.0,1.932,0.73,118494000.0,4954000.0,113540000.0,118494000.0,0.0,48282000.0,0.0,0.0,0.0,93006000.0,141288000.0,0.088,141288000.0,93006000.0,84112000.0,0.5,0.48,0.5,492269000.0,473751250.0,492269000.0,731228624.0,8.0,5.175,36181000.0,0.357,1.0,472525000.0,0.294,92520000.0,8894000.0,598672000.0,547458000.0,259127000.0,125278000.0,48817000.0,76461000.0,359498000.0,223525000.0,135973000.0,670525624.0,22245000.0,0.0,2431000.0,-3535000.0,0.0,-104000.0,-70920000.0,-7388000.0,93269000.0,0.0,51098000.0,51098000.0,51098000.0,0.0,0.0,0.032,387283000.0,85242000.0,94881000.0,0.0,1.362,13.122,13.25,217863000.0,0.0,6.625,0.417,0.417,0.0,444311000.0,1607079000.0,1607079000.0,0.0,0.06,0.108,0.17,0.058,215000.0,382398000.0,1.0,101211415.0,101211415.0,,15.878,760247000.0,10678000.0,33014000.0,21433000.0,7.511,208389000.0
12,CHRS1,MRY,1999-12-31,2000-01-29,2000-01-29,2019-07-22,-1423000.0,784796000.0,737977500.0,394321000.0,390475000.0,1.621,4.423,-28655000.0,34299000.0,34299000.0,854774000.0,45059000.0,1.693,0.799,107133000.0,1920000.0,105213000.0,107133000.0,0.0,32952000.0,0.0,0.0,0.0,79219000.0,112171000.0,0.094,112171000.0,79219000.0,71911000.0,0.46,0.43,0.46,436263000.0,413450250.0,436263000.0,724451715.0,9.0,6.458,29239000.0,0.296,1.0,341755000.0,0.286,97405000.0,7308000.0,527280000.0,572365750.0,260792000.0,115829000.0,41339000.0,74490000.0,348533000.0,232945000.0,115588000.0,641140715.0,-9490000.0,-145309000.0,6385000.0,-25030000.0,0.0,-18645000.0,-48739000.0,130152000.0,57894000.0,0.0,45059000.0,45059000.0,45059000.0,0.0,0.0,0.038,271466000.0,70289000.0,88721000.0,0.0,1.47,14.229,14.13,190924000.0,0.0,6.5,0.536,0.536,0.0,393213000.0,1196529000.0,1196529000.0,0.0,0.061,0.109,0.138,0.066,2048000.0,281637000.0,1.0,98637033.0,98637033.0,,12.131,687391000.0,10801000.0,26852000.0,10375000.0,6.969,161376000.0
13,CHRS1,MRY,1998-12-31,1999-01-30,1999-01-30,2019-07-22,267000.0,684649000.0,716589750.0,361540000.0,323109000.0,1.467,3.92,-32001000.0,43789000.0,43789000.0,771107000.0,-20135000.0,2.136,0.785,119491000.0,16000.0,119475000.0,119491000.0,0.0,35091000.0,0.0,0.0,0.0,-20937000.0,14154000.0,0.013,14154000.0,-20937000.0,-30989000.0,-0.2,-0.2,-0.2,383572000.0,393527750.0,383572000.0,450444965.0,-22.0,31.825,31370000.0,0.321,1.0,280056000.0,0.266,0.0,10052000.0,591085000.0,620089500.0,171327000.0,246625000.0,100743000.0,145882000.0,301077000.0,169266000.0,131811000.0,360782965.0,31440000.0,0.0,-13434000.0,-17806000.0,0.0,-31240000.0,-691000.0,45612000.0,63371000.0,0.0,-20135000.0,-20135000.0,-20135000.0,0.0,0.0,-0.019,300993000.0,-20937000.0,61806000.0,0.0,0.941,-17.918,-18.438,154583000.0,0.0,3.688,0.343,0.343,0.0,348154000.0,1051163000.0,1051163000.0,0.0,-0.028,-0.051,-0.034,-0.02,-389000.0,246747000.0,1.0,97839448.0,97839448.0,,10.744,684649000.0,15194000.0,-10854000.0,16888000.0,6.998,192274000.0
14,CHRS1,MRY,1997-12-31,1998-01-31,1998-01-31,2019-07-22,332000.0,709738000.0,710067500.0,305881000.0,403857000.0,1.454,4.138,-18436000.0,12349000.0,12349000.0,772709000.0,19334000.0,2.144,0.703,138132000.0,16000.0,138116000.0,138132000.0,0.0,40810000.0,0.0,0.0,0.0,39812000.0,80622000.0,0.078,80622000.0,39812000.0,29422000.0,,,,416810000.0,418922500.0,416810000.0,,,,65048000.0,0.646,1.0,259814000.0,0.252,0.0,10390000.0,692848000.0,660164000.0,175785000.0,292100000.0,84909000.0,207191000.0,292928000.0,142673000.0,150255000.0,409175646.0,-66630000.0,0.0,-23780000.0,-12000.0,0.0,-23792000.0,-126322000.0,-115794000.0,83484000.0,0.0,19334000.0,19334000.0,19334000.0,0.0,0.0,0.019,220002000.0,39812000.0,53623000.0,,0.982,21.164,,186004000.0,0.0,4.063,0.396,0.396,0.0,368289000.0,1032523000.0,1032523000.0,0.0,0.027,0.046,0.06,0.039,-78000.0,233020000.0,1.0,100720159.0,100720159.0,,10.251,709738000.0,863000.0,10088000.0,18262000.0,7.047,163208000.0
15,CHRS1,MRY,1996-12-31,1997-02-01,1997-02-01,2019-07-22,159000.0,710397000.0,,366226000.0,344171000.0,,,-2661000.0,78979000.0,78979000.0,782671000.0,-7237000.0,2.578,0.687,138144000.0,16000.0,138128000.0,138144000.0,0.0,45089000.0,0.0,0.0,0.0,-341000.0,44748000.0,0.044,44748000.0,-341000.0,-9920000.0,,,,421035000.0,,421035000.0,,,,128738000.0,,1.0,241090000.0,0.235,0.0,9579000.0,627480000.0,,193977000.0,175831000.0,55856000.0,119975000.0,289362000.0,142082000.0,147280000.0,,53862000.0,0.0,6644000.0,38211000.0,0.0,51855000.0,-129392000.0,-134107000.0,131399000.0,0.0,-7237000.0,-7237000.0,-7237000.0,0.0,0.0,-0.007,241431000.0,-341000.0,55501000.0,,,,,200394000.0,0.0,4.75,,,0.0,348955000.0,1023761000.0,1023761000.0,0.0,,,,0.0,-505000.0,241431000.0,1.0,,,,,710397000.0,7113000.0,-2683000.0,9152000.0,,224144000.0
16,CHRS1,MRY,1995-12-31,1996-02-03,1996-02-03,2019-07-22,,,,,,,,-30007000.0,,,917064000.0,-139241000.0,,,,,,,,46988000.0,,0.0,0.0,-211322000.0,-164334000.0,-0.148,-164334000.0,-211322000.0,-214988000.0,,,,,,,,,,-85441000.0,,1.0,190975000.0,0.172,,3666000.0,,,,,,,,,,,-18806000.0,0.0,562000.0,-9369000.0,-4634000.0,-20441000.0,57069000.0,78373000.0,-55434000.0,0.0,-139241000.0,-139241000.0,-139241000.0,0.0,0.0,-0.126,402297000.0,-211322000.0,,,,,,,0.0,3.0,,,,,1108039000.0,1108039000.0,0.0,,,,-0.191,-373000.0,299297000.0,,,,,,,,-75747000.0,,,
0,CHRS1,MRQ,2012-03-31,2012-04-28,2012-04-28,2019-07-22,0.0,1050865000.0,,594335000.0,456530000.0,,3.737,-13128000.0,214086000.0,214086000.0,300873000.0,17772000.0,2.174,1.411,138759000.0,4050000.0,134709000.0,138759000.0,0.0,14447000.0,0.0,0.0,0.0,27724000.0,42171000.0,0.088,42171000.0,27724000.0,24584000.0,0.15,0.15,0.15,435836000.0,,435836000.0,684656176.0,47.0,9.484,47125000.0,0.404,1.0,180390000.0,0.375,210568000.0,3140000.0,491636000.0,,278070000.0,0.0,0.0,0.0,615029000.0,273334000.0,341695000.0,714942176.0,45479000.0,0.0,-233000.0,-1389000.0,0.0,-1622000.0,-13152000.0,0.0,60253000.0,0.0,17772000.0,17772000.0,17772000.0,0.0,0.0,0.037,153014000.0,27376000.0,134817000.0,0.0,1.64,-69.527,-68.111,227116000.0,0.0,6.13,0.363,0.363,11576000.0,254492000.0,481263000.0,481263000.0,0.0,,,,,1351000.0,137779000.0,1.0,116630045.0,116630045.0,,4.126,840297000.0,3570000.0,6812000.0,56339000.0,7.205,321001000.0
1,CHRS1,MRQ,2011-12-31,2012-01-28,2012-01-28,2019-07-22,0.0,1017926000.0,,559319000.0,458607000.0,,3.578,-11981000.0,168607000.0,168607000.0,404070000.0,-13154000.0,2.135,1.441,138321000.0,4682000.0,133639000.0,138321000.0,0.0,14345000.0,0.0,0.0,0.0,-7735000.0,6610000.0,0.012,6610000.0,-7735000.0,-10916000.0,-0.12,-0.11,-0.12,416946000.0,,416946000.0,562169177.0,29.0,7.271,18252000.0,0.157,1.0,155035000.0,0.277,210568000.0,3181000.0,515093000.0,,257180000.0,0.0,0.0,0.0,600980000.0,261979000.0,339001000.0,576839177.0,10853000.0,0.0,93000.0,-6557000.0,0.0,-6464000.0,-12916000.0,0.0,30233000.0,0.0,-13154000.0,-13154000.0,-13154000.0,0.0,0.0,-0.024,162889000.0,-7854000.0,111630000.0,0.0,1.383,-285.989,-247.5,229365000.0,0.0,4.95,0.29,0.29,39379000.0,236720000.0,559105000.0,559105000.0,0.0,,,,,1359000.0,142308000.0,1.0,116533167.0,116533167.0,,4.798,807358000.0,3570000.0,2238000.0,55526000.0,6.928,297340000.0
2,CHRS1,MRQ,2011-09-30,2011-10-29,2011-10-29,2019-07-22,0.0,1088832000.0,,629541000.0,459291000.0,,3.68,-8153000.0,157754000.0,157754000.0,281025000.0,-12990000.0,1.945,1.54,143084000.0,10453000.0,132631000.0,143084000.0,0.0,13863000.0,0.0,0.0,0.0,-8944000.0,4919000.0,0.011,4919000.0,-8944000.0,-12176000.0,-0.11,-0.11,-0.11,428648000.0,,428648000.0,330094344.0,-206.0,5.432,-68374000.0,-0.587,1.0,148686000.0,0.346,210568000.0,3232000.0,539936000.0,,355614000.0,0.0,0.0,0.0,660184000.0,323658000.0,336526000.0,414648344.0,-69682000.0,0.0,82000.0,-1634000.0,0.0,-1552000.0,-7909000.0,0.0,-60221000.0,0.0,-12990000.0,-12990000.0,-12990000.0,0.0,0.0,-0.03,157705000.0,-9019000.0,168335000.0,0.0,0.967,-21.498,-20.941,231003000.0,0.0,3.56,0.206,0.206,6630000.0,249874000.0,429711000.0,429711000.0,0.0,,,,,1409000.0,139118000.0,1.0,116474254.0,116474254.0,,3.689,878264000.0,3153000.0,814000.0,54122000.0,7.54,305883000.0
3,CHRS1,MRQ,2011-06-30,2011-07-30,2011-07-30,2019-07-22,0.0,1070097000.0,,603685000.0,466412000.0,,3.786,-5692000.0,227436000.0,227436000.0,339897000.0,-1911000.0,2.086,1.431,142882000.0,10826000.0,132056000.0,142882000.0,0.0,14892000.0,0.0,0.0,0.0,3598000.0,18490000.0,0.037,18490000.0,3598000.0,-300000.0,-0.01,-0.02,-0.01,440147000.0,,440147000.0,436097335.0,-56.0,7.573,50153000.0,0.431,1.0,159305000.0,0.319,210568000.0,3898000.0,485609000.0,,271862000.0,0.0,0.0,0.0,629950000.0,289366000.0,340584000.0,476612335.0,47033000.0,0.0,-787000.0,-3433000.0,0.0,-3369000.0,-5443000.0,0.0,55845000.0,0.0,-1911000.0,-1911000.0,-1911000.0,0.0,0.0,-0.004,155803000.0,3502000.0,136222000.0,0.0,1.083,-18.982,-18.636,237185000.0,0.0,4.1,0.233,0.233,5395000.0,262864000.0,499202000.0,499202000.0,0.0,,,,,1356000.0,140847000.0,1.0,116246911.0,116246911.0,,4.294,859529000.0,3153000.0,1611000.0,53237000.0,7.394,314319000.0
4,CHRS1,MRQ,2011-03-31,2011-04-30,2011-04-30,2019-07-22,0.0,1074019000.0,,601187000.0,472832000.0,,3.808,-1367000.0,180403000.0,180403000.0,308443000.0,26038000.0,2.055,1.437,139888000.0,11073000.0,128815000.0,139888000.0,0.0,15099000.0,0.0,0.0,0.0,32194000.0,47293000.0,0.094,47293000.0,32194000.0,28418000.0,0.22,0.22,0.22,440638000.0,,440638000.0,546567653.0,-33.0,10.559,65977000.0,0.57,1.0,195910000.0,0.388,210568000.0,3776000.0,530455000.0,,304715000.0,0.0,0.0,0.0,633381000.0,292481000.0,340900000.0,524250653.0,62921000.0,0.0,-851000.0,-1611000.0,0.0,-2462000.0,-1961000.0,0.0,67344000.0,0.0,26038000.0,26038000.0,26038000.0,0.0,0.0,0.052,163857000.0,32053000.0,137783000.0,0.0,1.19,-16.466,-16.179,244006000.0,0.0,4.53,0.254,0.254,10178000.0,264775000.0,504353000.0,504353000.0,0.0,,,,,1031000.0,154587000.0,1.0,115728621.0,115728621.0,,4.358,863451000.0,3153000.0,2380000.0,52352000.0,7.461,308706000.0
5,CHRS1,MRQ,2010-12-31,2011-01-29,2011-01-29,2019-07-22,0.0,1022658000.0,,537909000.0,484749000.0,,3.589,-5631000.0,117482000.0,117482000.0,417149000.0,-30425000.0,2.058,1.468,139799000.0,11449000.0,128350000.0,139799000.0,0.0,18515000.0,0.0,0.0,0.0,-28449000.0,-9934000.0,-0.017,-9934000.0,-28449000.0,-31976000.0,-0.27,-0.27,-0.27,414420000.0,,414420000.0,388854524.0,-9.0,13.345,13584000.0,0.118,1.0,158682000.0,0.276,210568000.0,3527000.0,573074000.0,,282248000.0,0.0,0.0,0.0,608238000.0,261333000.0,346905000.0,353338524.0,13325000.0,0.0,127000.0,-1591000.0,0.0,-1464000.0,-4426000.0,0.0,19215000.0,0.0,-30425000.0,-30425000.0,-30425000.0,0.0,0.0,-0.053,187274000.0,-28592000.0,107882000.0,0.0,0.853,-6.545,-6.511,255948000.0,0.0,3.06,0.171,0.171,36568000.0,238737000.0,575831000.0,575831000.0,0.0,,,,,1032000.0,147962000.0,1.0,115470106.0,115470106.0,,4.987,812090000.0,3153000.0,-1551000.0,51466000.0,7.033,276576000.0
6,CHRS1,MRQ,2010-09-30,2010-10-30,2010-10-30,2019-07-22,0.0,1134143000.0,,621277000.0,512866000.0,,3.843,-12315000.0,104157000.0,104157000.0,314605000.0,-18810000.0,1.887,1.556,139673000.0,6477000.0,133196000.0,139673000.0,0.0,16897000.0,0.0,0.0,0.0,-15161000.0,1736000.0,0.004,1736000.0,-15161000.0,-18951000.0,-0.16,-0.16,-0.16,443686000.0,,443686000.0,332507793.0,-6.0,31.23,-108274000.0,-0.938,1.0,149014000.0,0.321,210568000.0,3790000.0,629852000.0,,394508000.0,0.0,0.0,0.0,690457000.0,329239000.0,361218000.0,402956793.0,-105898000.0,0.0,96000.0,-1574000.0,0.0,-1478000.0,-8461000.0,0.0,-95959000.0,0.0,-18810000.0,-18810000.0,-18810000.0,0.0,0.0,-0.041,164617000.0,-15603000.0,176922000.0,0.0,0.908,-7.812,-7.932,284027000.0,0.0,3.49,0.199,0.199,5441000.0,269162000.0,463619000.0,463619000.0,0.0,,,,,1656000.0,145016000.0,1.0,115460399.0,115460399.0,,4.015,923575000.0,7826000.0,-141000.0,54291000.0,7.999,292038000.0
7,CHRS1,MRQ,2010-06-30,2010-07-31,2010-07-31,2019-07-22,0.0,1130893000.0,,609342000.0,521551000.0,,3.977,-8821000.0,210055000.0,210055000.0,360321000.0,-8642000.0,1.986,1.454,139606000.0,6405000.0,133201000.0,139606000.0,0.0,17657000.0,0.0,0.0,0.0,-4989000.0,12668000.0,0.024,12668000.0,-4989000.0,-9085000.0,-0.07,-0.07,-0.07,460744000.0,,460744000.0,506163102.0,-6.0,-44.841,59035000.0,0.51,1.0,157243000.0,0.304,210568000.0,4096000.0,543089000.0,,289456000.0,0.0,0.0,0.0,670149000.0,306787000.0,363362000.0,519074102.0,18727000.0,0.0,131000.0,-39817000.0,0.0,-39344000.0,-9785000.0,0.0,67856000.0,0.0,-8642000.0,-8642000.0,-8642000.0,0.0,0.0,-0.017,164535000.0,-7292000.0,160049000.0,0.0,1.127,-6.398,-6.4,287950000.0,0.0,4.48,0.257,0.257,4761000.0,287972000.0,517564000.0,517564000.0,0.0,,,,,936000.0,146979000.0,1.0,115864755.0,115864755.0,,4.467,920325000.0,7556000.0,-443000.0,53424000.0,7.943,302555000.0
8,CHRS1,MRQ,2010-03-31,2010-05-01,2010-05-01,2019-07-22,0.0,1180401000.0,,649876000.0,530525000.0,,4.056,-7763000.0,191328000.0,191328000.0,320440000.0,3895000.0,2.153,1.514,178417000.0,6333000.0,172084000.0,178417000.0,0.0,17039000.0,0.0,0.0,0.0,7630000.0,24669000.0,0.049,24669000.0,7630000.0,3156000.0,0.03,0.03,0.03,469561000.0,,469561000.0,644208670.0,-9.0,104.698,6423000.0,0.055,1.0,184365000.0,0.365,210568000.0,4474000.0,655049000.0,,303199000.0,0.0,0.0,0.0,710840000.0,301873000.0,408967000.0,652965670.0,4748000.0,0.0,0.0,-1543000.0,0.0,-1885000.0,-7553000.0,200000.0,14186000.0,0.0,3895000.0,3895000.0,3895000.0,0.0,0.0,0.008,176873000.0,7492000.0,143972000.0,0.0,1.391,-9.673,-9.724,296021000.0,0.0,5.64,0.321,0.321,8691000.0,296614000.0,504805000.0,504805000.0,0.0,,,,,1074000.0,159173000.0,1.0,115774055.0,115774055.0,,4.36,969833000.0,7375000.0,-739000.0,52557000.0,8.377,348003000.0
9,CHRS1,MRQ,2009-12-31,2010-01-30,2010-01-30,2019-07-22,0.0,1157489000.0,,617734000.0,539755000.0,,4.022,-4878000.0,186580000.0,186580000.0,396210000.0,-28022000.0,2.158,1.49,177823000.0,6265000.0,171558000.0,177823000.0,0.0,19014000.0,0.0,0.0,0.0,-47440000.0,-28426000.0,-0.053,-28426000.0,-47440000.0,-51912000.0,-0.24,-0.24,-0.24,464934000.0,,464934000.0,637709225.0,-9.0,122.944,-25039000.0,-0.217,1.0,142802000.0,0.265,210568000.0,4472000.0,651857000.0,,267525000.0,0.0,0.0,0.0,692555000.0,286307000.0,406248000.0,671553225.0,-37364000.0,0.0,86000.0,-13317000.0,0.0,-13231000.0,-3972000.0,200000.0,-20161000.0,0.0,-28022000.0,-28022000.0,-28022000.0,0.0,0.0,-0.052,191548000.0,-48746000.0,126867000.0,0.0,1.444,-8.614,-8.672,305083000.0,0.0,5.81,0.325,0.325,33647000.0,292719000.0,539012000.0,539012000.0,0.0,,,,,2543000.0,155681000.0,1.0,115585753.0,115585753.0,,4.663,946921000.0,1729000.0,-23890000.0,48515000.0,8.192,331427000.0
10,CHRS1,MRQ,2009-09-30,2009-10-31,2009-10-31,2019-07-22,0.0,1265908000.0,,697511000.0,568397000.0,,4.246,-6047000.0,223944000.0,223944000.0,318441000.0,-48362000.0,1.971,1.58,190100000.0,6470000.0,183630000.0,190100000.0,0.0,18407000.0,0.0,0.0,0.0,-38606000.0,-20199000.0,-0.044,-20199000.0,-38606000.0,-43428000.0,-0.42,-0.42,-0.42,490613000.0,,490613000.0,609497336.0,-5.0,-11.631,70912000.0,0.614,1.0,141796000.0,0.308,210568000.0,4822000.0,667540000.0,,334462000.0,400000.0,400000.0,0.0,775295000.0,353956000.0,421339000.0,523456336.0,107245000.0,0.0,144000.0,-15314000.0,0.0,-15170000.0,45456000.0,50500000.0,76959000.0,0.0,-48362000.0,-48362000.0,-48362000.0,0.0,0.0,-0.105,181864000.0,-40068000.0,163142000.0,0.0,1.067,-3.193,-3.168,332332000.0,0.0,4.53,0.243,0.243,4100000.0,320741000.0,460237000.0,460237000.0,0.0,,,,,1327000.0,135479000.0,1.0,115553275.0,115553275.0,,3.983,1055340000.0,3439000.0,4934000.0,48730000.0,9.133,343555000.0
11,CHRS1,MRQ,2009-06-30,2009-08-01,2009-08-01,2019-07-22,0.0,1242206000.0,,657080000.0,585126000.0,,4.664,-3845000.0,116699000.0,116699000.0,363442000.0,4983000.0,2.349,1.308,202740000.0,6483000.0,196257000.0,202740000.0,0.0,19977000.0,0.0,0.0,0.0,10132000.0,30109000.0,0.057,30109000.0,10132000.0,5647000.0,0.05,0.05,0.05,538323000.0,,538323000.0,663999357.0,-4.0,-6.65,18329000.0,0.159,1.0,163775000.0,0.311,210568000.0,4485000.0,838000000.0,,259473000.0,100758000.0,100758000.0,0.0,703883000.0,279679000.0,424204000.0,557435357.0,-7186000.0,0.0,215000.0,-28952000.0,0.0,-28737000.0,-623000.0,-581000.0,22174000.0,0.0,4983000.0,4983000.0,4983000.0,0.0,0.0,0.009,161239000.0,2536000.0,121165000.0,0.0,1.036,-2.797,-2.776,346307000.0,0.0,4.83,0.248,0.248,3359000.0,369103000.0,527217000.0,527217000.0,0.0,,,,,1264000.0,134279000.0,1.0,115411047.0,115411047.0,,4.568,1031638000.0,3439000.0,664000.0,47885000.0,8.939,377401000.0
12,CHRS1,MRQ,2009-03-31,2009-05-02,2009-05-02,2019-07-22,0.0,1297978000.0,,696442000.0,601536000.0,,4.615,-4702000.0,123885000.0,123885000.0,353117000.0,-6561000.0,2.264,1.44,230449000.0,6463000.0,223986000.0,230449000.0,0.0,20524000.0,0.0,0.0,0.0,3179000.0,23703000.0,0.044,23703000.0,3179000.0,-1841000.0,-0.06,-0.06,-0.06,532038000.0,,532038000.0,618683914.0,-3.0,-5.323,30537000.0,0.265,1.0,185019000.0,0.344,210620000.0,5020000.0,886351000.0,,300214000.0,87398000.0,87398000.0,0.0,765940000.0,307571000.0,458369000.0,400061914.0,30126000.0,0.0,39000.0,-7472000.0,0.0,-7433000.0,2320000.0,7471000.0,35239000.0,0.0,-6561000.0,-6561000.0,-6561000.0,0.0,0.0,-0.012,186289000.0,-1270000.0,145815000.0,0.0,0.752,-1.861,-1.846,364568000.0,0.0,3.47,0.169,0.169,8021000.0,364121000.0,538136000.0,538136000.0,0.0,,,,,1710000.0,157502000.0,1.0,115291618.0,115291618.0,,4.668,1087358000.0,3439000.0,4720000.0,47440000.0,9.431,388871000.0
13,CHRS1,MRQ,2008-12-31,2009-01-31,2009-01-31,2019-07-22,5000.0,1277141000.0,,654921000.0,622220000.0,,4.714,-6302000.0,93759000.0,93759000.0,476919000.0,-113993000.0,2.4,1.379,239468000.0,6746000.0,232722000.0,239468000.0,0.0,21354000.0,0.0,0.0,0.0,-107369000.0,-86015000.0,-0.136,-86015000.0,-107369000.0,-112164000.0,-1.0,-1.0,-1.0,536855000.0,,536855000.0,369415795.0,-1.0,-2.392,24146000.0,0.212,1.0,154951000.0,0.245,210801000.0,4795000.0,939152000.0,,268142000.0,100851000.0,100851000.0,0.0,740286000.0,272897000.0,467389000.0,122994795.0,25930000.0,0.0,-318000.0,-1870000.0,0.0,-2188000.0,-2330000.0,-492000.0,30448000.0,0.0,-113993000.0,-113993000.0,-113993000.0,0.0,0.0,-0.18,263567000.0,-108616000.0,99520000.0,0.0,0.229,-0.482,-0.484,383176000.0,0.0,1.08,0.05,0.05,33300000.0,370681000.0,631870000.0,631870000.0,0.0,,,,,868000.0,172976000.0,1.0,113884069.0,113884069.0,,5.548,1066340000.0,3439000.0,1829000.0,46197000.0,9.363,382024000.0
14,CHRS1,MRQ,2008-09-30,2008-11-01,2008-11-01,2019-07-22,-2000.0,1493490000.0,,788257000.0,705233000.0,,5.074,-11039000.0,67829000.0,67829000.0,379720000.0,-83761000.0,2.107,1.59,314250000.0,6601000.0,307649000.0,314250000.0,0.0,23116000.0,0.0,0.0,0.0,-90757000.0,-67641000.0,-0.122,-67641000.0,-90757000.0,-95619000.0,-0.73,-0.73,-0.73,576701000.0,,576701000.0,310193000.0,-1.0,-1.748,-103438000.0,-0.91,1.0,173346000.0,0.313,255687000.0,4862000.0,1110074000.0,,406102000.0,119176000.0,119176000.0,0.0,916789000.0,374150000.0,542639000.0,125028000.0,-64025000.0,34440000.0,546000.0,-2235000.0,0.0,-1689000.0,30063000.0,486000.0,-92399000.0,0.0,-83761000.0,-83761000.0,-83761000.0,23875000.0,0.0,-0.151,242104000.0,-68758000.0,177102000.0,0.0,0.217,-0.462,-0.48,417745000.0,0.0,1.1,0.049,0.049,4477000.0,495071000.0,553066000.0,553066000.0,0.0,,,,,-306000.0,165855000.0,1.0,113661818.0,113661818.0,,4.866,1237803000.0,0.0,-11858000.0,42465000.0,10.89,414107000.0
15,CHRS1,MRQ,2008-06-30,2008-08-02,2008-08-02,2019-07-22,-2000.0,1600735000.0,,854847000.0,745888000.0,,5.893,-11632000.0,131319000.0,131319000.0,451406000.0,-10676000.0,2.2,1.395,316484000.0,8155000.0,308329000.0,316484000.0,0.0,23286000.0,0.0,0.0,0.0,-9553000.0,13733000.0,0.021,13733000.0,-9553000.0,-14395000.0,-0.09,-0.09,-0.09,668490000.0,,668490000.0,853710237.0,-5.0,-9.739,53725000.0,0.474,1.0,197210000.0,0.304,255869000.0,4842000.0,1141504000.0,,337330000.0,115681000.0,115681000.0,0.0,932245000.0,388527000.0,543718000.0,618280237.0,52263000.0,0.0,-131000.0,-2288000.0,0.0,-2419000.0,-10675000.0,462000.0,65357000.0,0.0,-10676000.0,-10676000.0,-10676000.0,5153000.0,0.0,-0.016,202402000.0,-5192000.0,158711000.0,0.0,0.925,-3.248,-3.428,449676000.0,0.0,5.45,0.236,0.236,3540000.0,588037000.0,648616000.0,648616000.0,0.0,,,,,2116000.0,164469000.0,1.0,113445915.0,113445915.0,,5.717,1344866000.0,10437000.0,-3719000.0,38746000.0,11.855,466320000.0
16,CHRS1,MRQ,2008-03-31,2008-05-03,2008-05-03,2019-07-22,-3000.0,1603317000.0,,852156000.0,751161000.0,,5.96,-22014000.0,79175000.0,79175000.0,447183000.0,-46843000.0,2.262,1.375,314605000.0,8566000.0,306039000.0,314605000.0,0.0,27096000.0,0.0,0.0,0.0,-41622000.0,-14526000.0,-0.023,-14526000.0,-41622000.0,-46583000.0,-0.41,-0.41,-0.41,674956000.0,,674956000.0,843196112.0,-6.0,-19.241,24146000.0,0.213,1.0,194163000.0,0.303,255428000.0,4961000.0,1206636000.0,,371097000.0,122575000.0,122575000.0,0.0,928361000.0,376683000.0,551678000.0,590042112.0,17749000.0,0.0,-10900000.0,-2229000.0,0.0,-13129000.0,-15282000.0,6768000.0,46160000.0,0.0,-46843000.0,-46843000.0,-46843000.0,45894000.0,0.0,-0.073,190406000.0,3757000.0,158541000.0,0.0,0.874,-3.655,-3.859,439913000.0,0.0,5.21,0.221,0.221,8190000.0,596374000.0,641346000.0,641346000.0,0.0,,,,,2898000.0,186795000.0,1.0,113251845.0,113251845.0,,5.663,1347889000.0,8459000.0,260000.0,37394000.0,11.902,475473000.0
17,CHRS1,MRQ,2007-12-31,2008-02-02,2008-02-02,2019-07-22,22000.0,1613304000.0,,841391000.0,771913000.0,,6.259,-28934000.0,60978000.0,60978000.0,474177000.0,-129299000.0,2.43,1.209,314996000.0,8827000.0,306169000.0,314996000.0,0.0,27484000.0,0.0,0.0,0.0,-136511000.0,-109027000.0,-0.149,-109027000.0,-136511000.0,-146273000.0,-1.06,-1.05,-1.06,730444000.0,,730444000.0,1082532113.0,-18.0,28.508,26810000.0,0.23,1.0,257647000.0,0.352,256228000.0,9762000.0,1264799000.0,,330224000.0,129276000.0,129276000.0,0.0,882860000.0,346295000.0,536565000.0,804024113.0,25453000.0,0.0,-12267000.0,-2469000.0,0.0,-14970000.0,-15321000.0,8553000.0,55744000.0,0.0,-129299000.0,-129299000.0,-129299000.0,80428000.0,0.0,-0.177,315648000.0,-58001000.0,130061000.0,0.0,1.101,-9.107,-9.438,459149000.0,0.0,6.89,0.295,0.295,33535000.0,644527000.0,731824000.0,731824000.0,0.0,,,,,-1159000.0,188649000.0,1.0,116694356.0,116694356.0,,6.271,1357076000.0,9686000.0,-16974000.0,37942000.0,11.629,495096000.0
18,CHRS1,MRQ,2007-09-30,2007-11-03,2007-11-03,2019-07-22,18000.0,1794548000.0,,860956000.0,933592000.0,,7.067,-34759000.0,36389000.0,36389000.0,429175000.0,-3568000.0,2.174,1.072,314897000.0,9239000.0,305658000.0,314897000.0,0.0,23236000.0,0.0,0.0,0.0,-1075000.0,22161000.0,0.037,22161000.0,-1075000.0,-3281000.0,-0.03,-0.02,-0.03,866051000.0,,866051000.0,920022688.0,8.0,4.439,-88773000.0,-0.724,1.0,170490000.0,0.284,399982000.0,2206000.0,1277107000.0,,498196000.0,140377000.0,140377000.0,0.0,928497000.0,395967000.0,532530000.0,837034688.0,-196885000.0,0.0,-50407000.0,-2950000.0,0.0,-53290000.0,-89581000.0,-46961000.0,-54014000.0,0.0,-3568000.0,-3568000.0,-3568000.0,1828000.0,0.0,-0.006,172423000.0,-1933000.0,194407000.0,0.0,0.966,12.692,12.887,465358000.0,0.0,6.83,0.328,0.328,3559000.0,768949000.0,599665000.0,599665000.0,0.0,,,,,667000.0,172423000.0,1.0,122552663.0,122552663.0,,4.893,1394566000.0,5232000.0,287000.0,66206000.0,11.379,464989000.0
19,CHRS1,MRQ,2007-06-30,2007-08-04,2007-08-04,2019-07-22,3000.0,1841419000.0,,887438000.0,953981000.0,,7.459,-36505000.0,233274000.0,233274000.0,485236000.0,18279000.0,2.418,0.92,316262000.0,10035000.0,306227000.0,316262000.0,0.0,23512000.0,0.0,0.0,0.0,34056000.0,57568000.0,0.083,57568000.0,34056000.0,31238000.0,0.15,0.14,0.15,959210000.0,,959210000.0,1381524034.0,9.0,5.769,62681000.0,0.487,1.0,209123000.0,0.301,401360000.0,2818000.0,1155991000.0,,405633000.0,91494000.0,91494000.0,0.0,882209000.0,367056000.0,515153000.0,1183175034.0,-7639000.0,0.0,-53113000.0,13055000.0,0.0,-39914000.0,-66911000.0,-25163000.0,99186000.0,0.0,18279000.0,18279000.0,18279000.0,2615000.0,0.0,0.026,176223000.0,32900000.0,165299000.0,0.0,1.233,13.313,12.778,451600000.0,0.0,9.2,0.447,0.447,3109000.0,772517000.0,694359000.0,694359000.0,0.0,,,,,4692000.0,176223000.0,1.0,128605982.0,128605982.0,,5.399,1440059000.0,5573000.0,12959000.0,57693000.0,11.197,520382000.0
20,CHRS1,MRQ,2007-03-31,2007-05-05,2007-05-05,2019-07-22,-2000.0,1834929000.0,,944400000.0,890529000.0,,6.531,-37511000.0,240913000.0,240913000.0,473151000.0,26298000.0,1.793,1.272,439262000.0,160133000.0,279129000.0,439262000.0,0.0,22744000.0,0.0,0.0,0.0,44527000.0,67271000.0,0.097,67271000.0,44527000.0,41264000.0,0.21,0.2,0.21,807720000.0,,807720000.0,1570495440.0,9.0,5.996,21418000.0,0.173,1.0,223463000.0,0.321,402179000.0,3263000.0,1104455000.0,,469508000.0,61864000.0,61864000.0,0.0,1027209000.0,526644000.0,500565000.0,1522322440.0,97075000.0,0.0,-82425000.0,158751000.0,0.0,76962000.0,-38816000.0,1241000.0,58929000.0,0.0,26298000.0,26298000.0,26298000.0,168000.0,0.0,0.038,180098000.0,43365000.0,197125000.0,0.0,1.885,14.757,14.655,433561000.0,0.0,12.31,0.561,0.561,6831000.0,754238000.0,696614000.0,696614000.0,0.0,,,,,2288000.0,180098000.0,1.0,123665511.0,123665511.0,,5.633,1432750000.0,5573000.0,14966000.0,58177000.0,11.586,417756000.0
21,CHRS1,MRQ,2006-12-31,2007-02-03,2007-02-03,2019-07-22,1000.0,1705723000.0,,840838000.0,864885000.0,,7.685,-40632000.0,143838000.0,143838000.0,374075000.0,24942000.0,2.211,0.8,192011000.0,10887000.0,181124000.0,192011000.0,0.0,24813000.0,0.0,0.0,0.0,35425000.0,60238000.0,0.108,60238000.0,35425000.0,32154000.0,0.2,0.18,0.2,947538000.0,,947538000.0,1690792934.0,10.0,6.291,5488000.0,0.045,1.0,184217000.0,0.33,402860000.0,3271000.0,970818000.0,,429433000.0,62640000.0,62640000.0,0.0,758185000.0,380218000.0,377967000.0,1633777934.0,5600000.0,0.0,1757000.0,-3242000.0,0.0,999000.0,-41519000.0,6095000.0,46120000.0,0.0,24942000.0,24942000.0,24942000.0,-6964000.0,0.0,0.045,157541000.0,26676000.0,178629000.0,0.0,1.724,14.999,14.888,422446000.0,0.0,13.25,0.594,0.594,33366000.0,732938000.0,558292000.0,558292000.0,0.0,,,,,299000.0,157541000.0,1.0,123303995.0,123303995.0,,4.528,1302863000.0,4469000.0,7212000.0,57340000.0,10.566,460620000.0
22,CHRS1,MRQ,2006-09-30,2006-10-28,2006-10-28,2019-07-22,1000.0,1685629000.0,,842312000.0,843317000.0,,7.467,-37553000.0,138238000.0,138238000.0,480818000.0,19357000.0,1.95,0.841,195253000.0,11600000.0,183653000.0,195253000.0,0.0,21302000.0,0.0,0.0,0.0,33099000.0,54401000.0,0.078,54401000.0,33099000.0,29559000.0,0.16,0.15,0.16,915572000.0,,915572000.0,1825795483.0,11.0,6.966,-72357000.0,-0.59,1.0,214460000.0,0.308,402779000.0,3540000.0,907927000.0,,481449000.0,68678000.0,68678000.0,0.0,770057000.0,431938000.0,338119000.0,1818470483.0,-73581000.0,0.0,3879000.0,-23891000.0,0.0,-19893000.0,-18884000.0,18367000.0,-34804000.0,0.0,19357000.0,19357000.0,19357000.0,0.0,0.0,0.028,183435000.0,31025000.0,207566000.0,0.0,1.986,17.626,17.447,392707000.0,0.0,14.83,0.608,0.608,2020000.0,707996000.0,695278000.0,695278000.0,0.0,,,,,2469000.0,183435000.0,1.0,122621071.0,122621071.0,,5.67,1282850000.0,18542000.0,10202000.0,50242000.0,10.462,410374000.0
23,CHRS1,MRQ,2006-06-30,2006-07-29,2006-07-29,2019-07-22,1000.0,1646073000.0,,817995000.0,828078000.0,,7.27,-31117000.0,211819000.0,211819000.0,534600000.0,32563000.0,1.995,0.85,219144000.0,32672000.0,186472000.0,219144000.0,0.0,24971000.0,0.0,0.0,0.0,55034000.0,80005000.0,0.105,80005000.0,55034000.0,51223000.0,0.27,0.24,0.27,889629000.0,,889629000.0,1333899196.0,8.0,5.305,85584000.0,0.699,1.0,228753000.0,0.3,403626000.0,3811000.0,839698000.0,,381533000.0,86735000.0,86735000.0,0.0,756444000.0,410074000.0,346370000.0,1245798196.0,56942000.0,0.0,899000.0,-23834000.0,0.0,-22454000.0,-37305000.0,-5511000.0,116701000.0,0.0,32563000.0,32563000.0,32563000.0,0.0,0.0,0.043,176586000.0,52167000.0,173659000.0,0.0,1.4,13.173,13.051,373458000.0,0.0,10.18,0.421,0.421,3145000.0,688639000.0,763353000.0,763353000.0,0.0,,,,,1983000.0,176586000.0,1.0,122377033.0,122377033.0,,6.238,1242447000.0,18550000.0,18660000.0,59675000.0,10.153,407921000.0
24,CHRS1,MRQ,2006-03-31,2006-04-29,2006-04-29,2019-07-22,0.0,1649589000.0,,828554000.0,821035000.0,,6.981,-23854000.0,154877000.0,154877000.0,501072000.0,32061000.0,1.809,0.933,242978000.0,53720000.0,189258000.0,242978000.0,0.0,20158000.0,0.0,0.0,0.0,53950000.0,74108000.0,0.101,74108000.0,53950000.0,49826000.0,0.26,0.24,0.26,853221000.0,,853221000.0,1807256721.0,10.0,6.986,35083000.0,0.287,1.0,233850000.0,0.318,404604000.0,4124000.0,875065000.0,,448615000.0,80923000.0,80923000.0,0.0,796368000.0,458021000.0,338347000.0,1680644721.0,24745000.0,0.0,2223000.0,-13766000.0,0.0,-9508000.0,-24684000.0,6212000.0,58937000.0,0.0,32061000.0,32061000.0,32061000.0,0.0,0.0,0.044,181447000.0,52403000.0,182956000.0,0.0,1.97,16.569,16.369,367030000.0,0.0,13.75,0.582,0.582,8485000.0,656076000.0,734922000.0,734922000.0,0.0,,,,,516000.0,181447000.0,1.0,122228707.0,122228707.0,,6.013,1244985000.0,13738000.0,17765000.0,61365000.0,10.186,370533000.0
25,CHRS1,MRQ,2005-12-31,2006-01-28,2006-01-28,2019-07-22,-3000.0,1572583000.0,,761394000.0,811189000.0,,6.711,-34658000.0,130132000.0,130132000.0,581605000.0,19188000.0,1.825,0.931,256744000.0,64765000.0,191979000.0,256744000.0,0.0,23928000.0,0.0,0.0,0.0,29675000.0,53603000.0,0.067,53603000.0,29675000.0,25198000.0,0.16,0.14,0.16,814348000.0,,814348000.0,1688950425.0,10.0,6.634,31197000.0,0.257,1.0,218015000.0,0.273,404627000.0,4477000.0,877403000.0,,376409000.0,86978000.0,86978000.0,0.0,758235000.0,417165000.0,341070000.0,1530150425.0,-21544000.0,-15000.0,4078000.0,-53778000.0,0.0,-49700000.0,-37699000.0,-217000.0,65855000.0,0.0,19188000.0,19188000.0,19188000.0,0.0,0.0,0.024,189473000.0,28542000.0,133236000.0,0.0,1.879,15.395,15.193,370953000.0,0.0,12.61,0.555,0.555,38603000.0,624015000.0,799620000.0,799620000.0,0.0,,,,,3399000.0,189473000.0,1.0,121344205.0,121344205.0,,6.59,1167956000.0,19436000.0,6010000.0,52377000.0,9.625,344229000.0
26,CHRS1,MRQ,2005-09-30,2005-10-29,2005-10-29,2019-07-22,-2000.0,1663305000.0,,868176000.0,795129000.0,,6.524,-30784000.0,151676000.0,151676000.0,461806000.0,10762000.0,1.816,1.112,310476000.0,65249000.0,245227000.0,310476000.0,0.0,21387000.0,0.0,0.0,0.0,22350000.0,43737000.0,0.066,43737000.0,22350000.0,17553000.0,0.09,0.09,0.09,787684000.0,,787684000.0,1438927744.0,9.0,6.162,-65116000.0,-0.539,1.0,201871000.0,0.304,402559000.0,4797000.0,941595000.0,,474484000.0,86705000.0,86465000.0,240000.0,875621000.0,477951000.0,397670000.0,1343724744.0,-79772000.0,-235000.0,980000.0,-20588000.0,0.0,-19608000.0,-25832000.0,5422000.0,-34332000.0,0.0,10762000.0,10762000.0,10762000.0,0.0,0.0,0.016,181275000.0,20596000.0,188879000.0,0.0,1.706,15.796,15.458,351402000.0,0.0,11.13,0.528,0.528,0.0,604827000.0,663677000.0,663677000.0,0.0,,,,,1941000.0,181275000.0,1.0,120729986.0,120729986.0,,5.497,1260746000.0,32489000.0,6791000.0,165443000.0,10.443,390225000.0
27,CHRS1,MRQ,2005-06-30,2005-07-30,2005-07-30,2019-07-22,0.0,1634181000.0,,849287000.0,784894000.0,,6.459,-19187000.0,231448000.0,231448000.0,467014000.0,39424000.0,1.841,1.111,326651000.0,80266000.0,246385000.0,326651000.0,0.0,20254000.0,0.0,0.0,0.0,66979000.0,87233000.0,0.127,87233000.0,66979000.0,62267000.0,0.33,0.3,0.33,774003000.0,,774003000.0,1371421746.0,9.0,6.162,78387000.0,0.654,1.0,222061000.0,0.322,405878000.0,4712000.0,862312000.0,,393075000.0,92901000.0,92661000.0,240000.0,860178000.0,461194000.0,398984000.0,1405538746.0,-23353000.0,-206467000.0,4819000.0,105117000.0,0.0,109936000.0,-230863000.0,-5261000.0,97574000.0,0.0,39424000.0,39424000.0,39424000.0,0.0,0.0,0.057,157067000.0,64994000.0,175009000.0,0.0,1.816,17.426,17.25,338188000.0,0.0,11.73,0.58,0.58,0.0,594065000.0,689075000.0,689075000.0,0.0,,,,,3319000.0,157067000.0,1.0,119824275.0,119824275.0,,5.751,1228303000.0,24767000.0,22843000.0,162763000.0,10.251,388093000.0
28,CHRS1,MRQ,2005-03-31,2005-04-30,2005-04-30,2019-07-22,0.0,1385459000.0,,794405000.0,591054000.0,,6.109,-15774000.0,254801000.0,254801000.0,403922000.0,30017000.0,2.25,0.907,220684000.0,20822000.0,199862000.0,220684000.0,0.0,18728000.0,0.0,0.0,0.0,51308000.0,70036000.0,0.116,70036000.0,51308000.0,47383000.0,0.25,0.23,0.25,726441000.0,,726441000.0,836704939.0,7.0,4.132,19941000.0,0.168,1.0,199431000.0,0.331,236319000.0,3925000.0,761907000.0,,347794000.0,84879000.0,84639000.0,240000.0,659018000.0,353116000.0,305902000.0,884689939.0,-18248000.0,0.0,188000.0,-4380000.0,0.0,-4192000.0,-49771000.0,-31725000.0,35715000.0,0.0,30017000.0,30017000.0,30017000.0,0.0,0.0,0.05,150938000.0,48493000.0,171781000.0,0.0,1.218,12.954,12.828,318508000.0,0.0,7.44,0.377,0.377,0.0,554641000.0,603353000.0,603353000.0,0.0,,,,,1772000.0,150938000.0,1.0,118909938.0,118909938.0,,5.074,1149140000.0,15500000.0,17366000.0,109982000.0,9.664,441289000.0
29,CHRS1,MRQ,2004-12-31,2005-01-29,2005-01-29,2019-07-22,0.0,1303771000.0,,712908000.0,590863000.0,,5.84,-18487000.0,273049000.0,273049000.0,430830000.0,4865000.0,2.385,0.877,225064000.0,16419000.0,208645000.0,225064000.0,0.0,19388000.0,0.0,0.0,0.0,13137000.0,32525000.0,0.055,32525000.0,13137000.0,9166000.0,0.05,0.05,0.05,694464000.0,,694464000.0,983695299.0,8.0,5.062,59009000.0,0.496,1.0,157672000.0,0.268,236484000.0,3971000.0,720383000.0,,285120000.0,53097000.0,52857000.0,240000.0,609307000.0,298919000.0,310388000.0,960792299.0,70171000.0,0.0,9436000.0,-717000.0,0.0,8719000.0,-16044000.0,3817000.0,77496000.0,0.0,4865000.0,4865000.0,4865000.0,0.0,0.0,0.008,146041000.0,11631000.0,127819000.0,0.0,1.384,14.89,14.429,320663000.0,0.0,8.08,0.412,0.412,0.0,524624000.0,588502000.0,588502000.0,0.0,,,,,4819000.0,146041000.0,1.0,118909938.0,118909938.0,,4.949,1067287000.0,15500000.0,4301000.0,31645000.0,8.976,413989000.0
30,CHRS1,MRQ,2004-09-30,2004-10-30,2004-10-30,2019-07-22,-7000.0,1314207000.0,,732137000.0,582070000.0,,5.9,-18193000.0,202878000.0,202878000.0,378533000.0,6353000.0,2.119,0.886,225781000.0,22558000.0,203223000.0,225781000.0,0.0,19128000.0,0.0,0.0,0.0,13635000.0,32763000.0,0.06,32763000.0,13635000.0,9759000.0,0.05,0.05,0.05,696712000.0,,696712000.0,894090915.0,8.0,4.397,-43949000.0,-0.372,1.0,163226000.0,0.301,236939000.0,3876000.0,754736000.0,,378955000.0,55717000.0,53468000.0,2249000.0,617495000.0,345435000.0,272060000.0,900941915.0,-20978000.0,0.0,324000.0,8426000.0,0.0,8750000.0,-3972000.0,16097000.0,-25756000.0,0.0,6353000.0,6353000.0,6353000.0,0.0,0.0,0.012,150374000.0,12852000.0,167244000.0,0.0,1.293,13.405,13.386,311173000.0,0.0,7.63,0.386,0.386,0.0,539472000.0,541759000.0,541759000.0,0.0,,,,,0.0,149769000.0,1.0,118078888.0,118078888.0,,4.588,1077268000.0,19693000.0,3406000.0,70793000.0,9.123,386702000.0
31,CHRS1,MRQ,2004-06-30,2004-07-31,2004-07-31,2019-07-22,-95000.0,1280575000.0,,696805000.0,583770000.0,,5.987,-11986000.0,223856000.0,223856000.0,431513000.0,27059000.0,2.08,0.859,217005000.0,22828000.0,194177000.0,217005000.0,0.0,19461000.0,0.0,0.0,0.0,47687000.0,67148000.0,0.11,67148000.0,47687000.0,43807000.0,0.23,0.21,0.23,688724000.0,,688724000.0,918924692.0,8.0,4.696,64514000.0,0.561,1.0,180224000.0,0.295,237104000.0,3880000.0,701650000.0,,307244000.0,71687000.0,66438000.0,5249000.0,591851000.0,334970000.0,256881000.0,844378692.0,78532000.0,0.0,17056000.0,-4365000.0,0.0,12691000.0,-10659000.0,3040000.0,76500000.0,0.0,27059000.0,27059000.0,27059000.0,0.0,0.0,0.044,132952000.0,47272000.0,163195000.0,0.0,1.226,13.399,13.593,310056000.0,0.0,7.34,0.363,0.363,0.0,532440000.0,611737000.0,611737000.0,0.0,,,,,4187000.0,132952000.0,1.0,115037969.0,115037969.0,,5.318,1043471000.0,19820000.0,16748000.0,70942000.0,9.071,361835000.0
32,CHRS1,MRQ,2004-03-31,2004-05-01,2004-05-01,2019-07-22,-280000.0,1254584000.0,,656533000.0,598051000.0,,5.646,-11899000.0,145324000.0,145324000.0,401774000.0,26249000.0,1.831,0.963,219870000.0,23035000.0,196835000.0,219870000.0,0.0,19092000.0,0.0,0.0,0.0,42819000.0,61911000.0,0.104,61911000.0,42819000.0,38936000.0,0.23,0.21,0.23,639034000.0,,639034000.0,897634705.0,9.0,4.909,25801000.0,0.228,1.0,190964000.0,0.322,237269000.0,3883000.0,733314000.0,,356441000.0,74694000.0,59214000.0,15480000.0,615550000.0,358547000.0,257003000.0,801318705.0,21543000.0,0.0,6342000.0,-4126000.0,0.0,2216000.0,-18373000.0,-4453000.0,37700000.0,0.0,26249000.0,26249000.0,26249000.0,0.0,0.0,0.044,148539000.0,42425000.0,173329000.0,0.0,1.254,14.676,14.75,317206000.0,0.0,7.08,0.346,0.346,0.0,504702000.0,592738000.0,592738000.0,0.0,,,,,0.0,148539000.0,1.0,113180608.0,113180608.0,,5.237,1017315000.0,19861000.0,12687000.0,73297000.0,8.988,297986000.0
33,CHRS1,MRQ,2003-12-31,2004-01-31,2004-01-31,2019-07-22,-365000.0,1173070000.0,,565666000.0,607404000.0,,5.19,-14152000.0,123781000.0,123781000.0,440432000.0,7549000.0,1.889,0.997,220097000.0,17278000.0,202819000.0,220097000.0,0.0,27820000.0,0.0,0.0,0.0,13709000.0,41529000.0,0.071,41529000.0,13709000.0,9877000.0,0.06,0.08,0.06,587409000.0,,587409000.0,810589587.0,11.0,5.072,58255000.0,0.515,1.0,147898000.0,0.251,237434000.0,3832000.0,732464000.0,,309995000.0,70209000.0,55688000.0,14521000.0,585661000.0,299488000.0,286173000.0,667765587.0,51494000.0,0.0,316000.0,-4770000.0,0.0,-4454000.0,-16459000.0,765000.0,72407000.0,0.0,7549000.0,7549000.0,7549000.0,0.0,-142000.0,0.013,145899000.0,1999000.0,135777000.0,0.0,1.137,17.553,17.353,328009000.0,0.0,5.9,0.292,0.292,0.0,460098000.0,588330000.0,588330000.0,0.0,,,,,23000.0,134365000.0,1.0,113180608.0,113180608.0,,5.198,935636000.0,18708000.0,2328000.0,84482000.0,8.267,266178000.0
34,CHRS1,MRQ,2003-09-30,2003-11-01,2003-11-01,2019-07-22,-414000.0,1223221000.0,,616230000.0,606991000.0,,5.256,-13462000.0,72287000.0,72287000.0,382273000.0,2159000.0,1.682,1.058,215111000.0,14523000.0,200588000.0,215111000.0,0.0,17488000.0,0.0,0.0,0.0,7623000.0,25111000.0,0.047,25111000.0,7623000.0,3500000.0,0.02,0.02,0.02,594266000.0,,594266000.0,822872504.0,13.0,5.396,-60631000.0,-0.536,1.0,148018000.0,0.279,239237000.0,4123000.0,760427000.0,,408170000.0,78665000.0,55024000.0,23641000.0,628955000.0,366381000.0,262574000.0,744018504.0,-67587000.0,0.0,481000.0,-3617000.0,0.0,-3136000.0,-17282000.0,-3332000.0,-47169000.0,0.0,2159000.0,2159000.0,2159000.0,0.0,0.0,0.004,140748000.0,7270000.0,195553000.0,0.0,1.252,23.958,22.69,319322000.0,0.0,6.58,0.323,0.323,0.0,467628000.0,530291000.0,530291000.0,0.0,,,,,0.0,140600000.0,1.0,113072721.0,113072721.0,,4.69,983984000.0,16626000.0,1341000.0,62787000.0,8.702,249849000.0
35,CHRS1,MRQ,2003-06-30,2003-08-02,2003-08-02,2019-07-22,-397000.0,1207176000.0,,596500000.0,610676000.0,,5.233,-12589000.0,139874000.0,139874000.0,428425000.0,18645000.0,1.664,1.042,218728000.0,14626000.0,204102000.0,218728000.0,0.0,19956000.0,0.0,0.0,0.0,34332000.0,54288000.0,0.09,54288000.0,34332000.0,30483000.0,0.17,0.15,0.17,591267000.0,,591267000.0,702451449.0,11.0,4.625,41267000.0,0.365,1.0,177031000.0,0.292,239402000.0,3849000.0,688193000.0,,307052000.0,75501000.0,51226000.0,24275000.0,615909000.0,358435000.0,257474000.0,582986449.0,42245000.0,0.0,291000.0,-2740000.0,0.0,-2449000.0,-9162000.0,4009000.0,53856000.0,0.0,18645000.0,18645000.0,18645000.0,0.0,0.0,0.031,143288000.0,33743000.0,184013000.0,0.0,0.986,20.381,19.111,320411000.0,0.0,5.16,0.252,0.252,0.0,465469000.0,605456000.0,605456000.0,0.0,,,,,0.0,136899000.0,1.0,112981870.0,112981870.0,,5.359,967774000.0,17970000.0,11838000.0,62931000.0,8.566,238065000.0
36,CHRS1,MRQ,2003-03-31,2003-05-03,2003-05-03,2019-07-22,-502000.0,1207812000.0,,594055000.0,613757000.0,,5.063,-13325000.0,97629000.0,97629000.0,395488000.0,9689000.0,1.551,1.112,217094000.0,13644000.0,203450000.0,217094000.0,0.0,19270000.0,0.0,0.0,0.0,19610000.0,38880000.0,0.069,38880000.0,19610000.0,15805000.0,0.09,0.08,0.09,571873000.0,,571873000.0,619586387.0,8.0,3.761,7243000.0,0.064,1.0,168798000.0,0.299,239567000.0,3805000.0,704713000.0,,342448000.0,79477000.0,54613000.0,24864000.0,635939000.0,382997000.0,252942000.0,505972387.0,-4397000.0,0.0,85000.0,-3382000.0,0.0,-3297000.0,-21668000.0,-5781000.0,20568000.0,0.0,9689000.0,9689000.0,9689000.0,0.0,0.0,0.017,149696000.0,19102000.0,206401000.0,0.0,0.885,14.281,14.0,321073000.0,0.0,4.48,0.216,0.216,0.0,446824000.0,564286000.0,564286000.0,0.0,,,,,0.0,145265000.0,1.0,112940265.0,112940265.0,,4.996,968245000.0,17986000.0,6116000.0,63539000.0,8.573,211058000.0
37,CHRS1,MRQ,2002-12-31,2003-02-01,2003-02-01,2019-07-22,-550000.0,1131886000.0,,524806000.0,607080000.0,,4.977,-16699000.0,102026000.0,102026000.0,456648000.0,562000.0,1.584,1.015,215640000.0,12595000.0,203045000.0,215640000.0,0.0,30229000.0,0.0,0.0,0.0,3995000.0,34224000.0,0.057,34224000.0,3995000.0,850000.0,0.01,0.03,0.01,561634000.0,,561634000.0,573400884.0,14.0,4.417,77348000.0,0.685,1.0,144506000.0,0.24,239732000.0,3145000.0,674479000.0,,286472000.0,66488000.0,50286000.0,16202000.0,570252000.0,331289000.0,238963000.0,379142884.0,55770000.0,0.0,-414000.0,-29097000.0,0.0,-29511000.0,-8766000.0,11709000.0,94047000.0,0.0,562000.0,562000.0,562000.0,0.0,-487000.0,0.001,139819000.0,4687000.0,147952000.0,0.0,0.675,-62.298,-67.2,323081000.0,0.0,3.36,0.157,0.157,0.0,437135000.0,601154000.0,601154000.0,0.0,,,,,1505000.0,144632000.0,1.0,112840144.0,112840144.0,,5.327,892154000.0,11726000.0,288000.0,43062000.0,7.906,193517000.0
38,CHRS1,MRQ,2002-09-30,2002-11-02,2002-11-02,2019-07-22,-691000.0,1210460000.0,,594716000.0,615744000.0,,4.592,-38945000.0,46256000.0,46256000.0,391047000.0,-292000.0,1.362,1.155,240514000.0,37906000.0,202608000.0,240514000.0,0.0,19450000.0,0.0,0.0,0.0,5047000.0,24497000.0,0.045,24497000.0,5047000.0,380000.0,0.0,0.0,0.0,561776000.0,,561776000.0,707050553.0,376.0,8.831,-49162000.0,-0.402,1.0,151285000.0,0.279,240453000.0,4667000.0,727489000.0,,383057000.0,85380000.0,51566000.0,33814000.0,648684000.0,436776000.0,211908000.0,627615553.0,-74635000.0,0.0,-65314000.0,37864000.0,0.0,-27450000.0,-36968000.0,4593000.0,-10217000.0,0.0,-292000.0,-292000.0,-292000.0,0.0,0.0,-0.001,146972000.0,4313000.0,180308000.0,,1.117,-18.222,-16.031,323891000.0,0.0,5.13,0.255,0.255,0.0,438292000.0,542332000.0,542332000.0,0.0,,,,,0.0,148323000.0,1.0,122342213.0,122342213.0,,4.433,970007000.0,19960000.0,672000.0,49677000.0,7.929,157940000.0
39,CHRS1,MRQ,2002-06-30,2002-08-03,2002-08-03,2019-07-22,-744000.0,1201881000.0,,617747000.0,584134000.0,,5.543,-14223000.0,120891000.0,120891000.0,441376000.0,25470000.0,1.643,0.918,200326000.0,10334000.0,189992000.0,200326000.0,0.0,20478000.0,0.0,0.0,0.0,46649000.0,67127000.0,0.105,67127000.0,46649000.0,40971000.0,0.22,0.2,0.22,626481000.0,,626481000.0,911351306.0,244.0,11.294,62457000.0,0.553,1.0,196931000.0,0.309,236903000.0,5678000.0,668341000.0,,308351000.0,90023000.0,61008000.0,29015000.0,575400000.0,376072000.0,199328000.0,710866306.0,83492000.0,0.0,-17782000.0,46156000.0,0.0,28374000.0,-21562000.0,-10820000.0,76680000.0,0.0,25470000.0,25470000.0,25470000.0,0.0,0.0,0.04,151391000.0,45540000.0,141119000.0,0.0,1.135,-20.914,-19.656,303099000.0,0.0,6.29,0.288,0.288,0.0,437790000.0,638307000.0,638307000.0,0.0,,,,,0.0,151391000.0,1.0,113015311.0,113015311.0,,5.648,964978000.0,20704000.0,15501000.0,49896000.0,8.538,241675000.0
40,CHRS1,MRQ,2002-03-31,2002-05-04,2002-05-04,2019-07-22,-717000.0,1186888000.0,,545048000.0,641840000.0,,5.047,-10606000.0,37399000.0,37399000.0,437235000.0,-31826000.0,1.311,1.081,237884000.0,71905000.0,165979000.0,237884000.0,0.0,18335000.0,0.0,0.0,0.0,-14368000.0,3967000.0,0.006,3967000.0,-14368000.0,-21170000.0,-0.28,-0.24,-0.28,570424000.0,,570424000.0,1230043313.0,-76.0,23.04,41847000.0,0.37,1.0,193381000.0,0.307,280432000.0,6802000.0,691082000.0,,338700000.0,79393000.0,56543000.0,22850000.0,616464000.0,415859000.0,200605000.0,994517313.0,759000.0,0.0,4053000.0,-34909000.0,0.0,-30856000.0,-20838000.0,-8993000.0,52453000.0,0.0,-31826000.0,-31826000.0,-31826000.0,0.0,0.0,-0.05,159156000.0,34225000.0,149555000.0,0.0,1.743,-22.299,-22.564,310184000.0,0.0,8.8,0.446,0.446,0.0,456216000.0,630616000.0,630616000.0,0.0,,,,,0.0,159156000.0,1.0,113013331.0,113013331.0,,5.58,906456000.0,20315000.0,10656000.0,33687000.0,8.021,129189000.0
41,CHRS1,MRQ,2001-12-31,2002-02-02,2002-02-02,2019-07-22,-818000.0,1143917000.0,,484744000.0,659173000.0,,4.947,-14677000.0,36640000.0,36640000.0,482118000.0,-27794000.0,1.427,1.083,272166000.0,63675000.0,208491000.0,272166000.0,0.0,19920000.0,0.0,0.0,0.0,-35448000.0,-15528000.0,-0.024,-15528000.0,-35448000.0,-42742000.0,-0.26,-0.26,-0.26,548802000.0,,548802000.0,931058152.0,66.0,11.925,99320000.0,0.895,1.0,164969000.0,0.255,282037000.0,7294000.0,757709000.0,,300407000.0,70366000.0,48351000.0,22015000.0,594115000.0,339697000.0,254418000.0,622338152.0,-19938000.0,0.0,-819000.0,-105608000.0,0.0,-106427000.0,-27508000.0,-19017000.0,113997000.0,0.0,-27794000.0,-27794000.0,-27794000.0,0.0,0.0,-0.043,204308000.0,-39339000.0,107891000.0,0.0,1.134,-141.248,-140.25,316012000.0,0.0,5.61,0.312,0.312,0.0,439905000.0,647087000.0,647087000.0,0.0,,,,,20000.0,161715000.0,1.0,110933717.0,110933717.0,,5.833,861880000.0,21228000.0,-14948000.0,44927000.0,7.769,145047000.0
42,CHRS1,MRQ,2001-09-30,2001-11-03,2001-11-03,2019-07-22,-869000.0,1298218000.0,,640341000.0,657877000.0,,5.606,-17441000.0,56578000.0,56578000.0,396026000.0,160000.0,1.32,1.268,365298000.0,160100000.0,205198000.0,365298000.0,0.0,18232000.0,0.0,0.0,0.0,6898000.0,25130000.0,0.046,25130000.0,6898000.0,262000.0,0.0,0.0,0.0,572494000.0,,572494000.0,484126689.0,7.0,3.901,-26541000.0,-0.26,1.0,153269000.0,0.279,285012000.0,6636000.0,836875000.0,,433738000.0,51163000.0,40964000.0,10199000.0,725724000.0,485051000.0,240673000.0,485108689.0,-68958000.0,-280841000.0,596000.0,229343000.0,0.0,229939000.0,-289797000.0,11477000.0,-9100000.0,0.0,160000.0,160000.0,160000.0,0.0,0.0,0.0,147469000.0,5800000.0,149433000.0,,0.847,14.91,14.844,326216000.0,0.0,4.75,0.272,0.272,0.0,467699000.0,549295000.0,549295000.0,0.0,,,,,0.0,146248000.0,1.0,102128145.0,102128145.0,,5.378,1013206000.0,31848000.0,102000.0,42440000.0,9.921,155290000.0
43,CHRS1,MRQ,2001-06-30,2001-08-04,2001-08-04,2019-07-22,-953000.0,888710000.0,,513247000.0,375463000.0,,5.075,-15417000.0,125536000.0,125536000.0,291881000.0,14860000.0,2.214,0.721,124554000.0,6492000.0,118062000.0,124554000.0,0.0,13151000.0,0.0,0.0,0.0,26667000.0,39818000.0,0.099,39818000.0,26667000.0,24281000.0,0.15,0.14,0.15,516376000.0,,516376000.0,710252063.0,9.0,5.644,6301000.0,0.062,1.0,110819000.0,0.275,90077000.0,2386000.0,565812000.0,,276010000.0,62642000.0,45307000.0,17335000.0,372334000.0,231839000.0,140495000.0,690898063.0,21858000.0,0.0,131000.0,-1458000.0,0.0,-1327000.0,1467000.0,15080000.0,21718000.0,0.0,14860000.0,14860000.0,14860000.0,0.0,0.0,0.037,85529000.0,25290000.0,105460000.0,0.0,1.338,17.38,17.41,238645000.0,0.0,6.79,0.434,0.434,0.0,467539000.0,402700000.0,402700000.0,0.0,,,,,0.0,84308000.0,1.0,101752292.0,101752292.0,,3.958,798633000.0,10678000.0,9421000.0,29784000.0,7.849,281408000.0
44,CHRS1,MRQ,2001-03-31,2001-05-05,2001-05-05,2019-07-22,-1006000.0,922104000.0,,545154000.0,376950000.0,,4.924,-15511000.0,103678000.0,103678000.0,285576000.0,8368000.0,1.936,0.841,123032000.0,5957000.0,117075000.0,123032000.0,0.0,12599000.0,0.0,0.0,0.0,16058000.0,28657000.0,0.073,28657000.0,16058000.0,13673000.0,0.08,0.08,0.08,500954000.0,,500954000.0,662232414.0,7.0,4.605,1705000.0,0.017,1.0,109185000.0,0.277,91298000.0,2385000.0,568518000.0,,311606000.0,77760000.0,55067000.0,22693000.0,421150000.0,281642000.0,139508000.0,600282414.0,47134000.0,0.0,1486000.0,-1272000.0,0.0,214000.0,29704000.0,47508000.0,17216000.0,0.0,8368000.0,8368000.0,8368000.0,0.0,0.0,0.021,95155000.0,14030000.0,144871000.0,0.0,1.198,11.603,11.8,233704000.0,0.0,5.9,0.37,0.37,0.0,452679000.0,394761000.0,394761000.0,0.0,,,,,0.0,93933000.0,1.0,101742782.0,101742782.0,,3.88,830806000.0,10678000.0,5305000.0,25638000.0,8.166,263512000.0
45,CHRS1,MRQ,2000-12-31,2001-02-03,2001-02-03,2019-07-22,74000.0,852767000.0,,431914000.0,420853000.0,,4.864,-12671000.0,56544000.0,56544000.0,310932000.0,9147000.0,1.932,0.73,118494000.0,4954000.0,113540000.0,118494000.0,0.0,12318000.0,0.0,0.0,0.0,18195000.0,30513000.0,0.07,30513000.0,18195000.0,15896000.0,0.09,0.09,0.09,492269000.0,,492269000.0,731228624.0,8.0,5.175,6496000.0,0.064,1.0,123752000.0,0.285,92520000.0,2299000.0,598672000.0,,259127000.0,125278000.0,48817000.0,76461000.0,359498000.0,223525000.0,135973000.0,670525624.0,-1715000.0,0.0,488000.0,-1032000.0,0.0,456000.0,-21338000.0,-6392000.0,19167000.0,0.0,9147000.0,9147000.0,9147000.0,0.0,0.0,0.021,107609000.0,16143000.0,94881000.0,0.0,1.362,13.122,13.25,217863000.0,0.0,6.625,0.417,0.417,0.0,444311000.0,434684000.0,434684000.0,0.0,,,,,215000.0,106319000.0,1.0,101211415.0,101211415.0,,4.295,760247000.0,10678000.0,6749000.0,21433000.0,7.511,208389000.0
46,CHRS1,MRQ,2000-09-30,2000-10-28,2000-10-28,2019-07-22,-523000.0,875555000.0,,456855000.0,418700000.0,,4.773,-21493000.0,58259000.0,58259000.0,255576000.0,7377000.0,1.7,0.814,118962000.0,5221000.0,113741000.0,118962000.0,0.0,12524000.0,0.0,0.0,0.0,14330000.0,26854000.0,0.075,26854000.0,14330000.0,11937000.0,0.07,0.07,0.07,482753000.0,,482753000.0,567684408.0,6.0,4.199,-31425000.0,-0.311,1.0,103541000.0,0.288,93810000.0,2393000.0,573762000.0,,306064000.0,117960000.0,42354000.0,75606000.0,392802000.0,268686000.0,124116000.0,556276408.0,-40950000.0,0.0,284000.0,-1342000.0,0.0,-1058000.0,-29960000.0,-7544000.0,-9932000.0,0.0,7377000.0,7377000.0,7377000.0,0.0,0.0,0.021,95463000.0,8078000.0,136085000.0,0.0,1.152,11.014,11.0,221253000.0,0.0,5.5,0.368,0.368,0.0,436499000.0,359117000.0,359117000.0,0.0,,,,,0.0,94264000.0,1.0,101141165.0,101141165.0,,3.551,781745000.0,10801000.0,4560000.0,18491000.0,7.729,188169000.0
47,CHRS1,MRQ,2000-06-30,2000-07-29,2000-07-29,2019-07-22,-1083000.0,844242000.0,,448020000.0,396222000.0,,4.688,-16134000.0,99209000.0,99209000.0,296530000.0,26841000.0,1.773,0.782,110617000.0,3088000.0,107529000.0,110617000.0,0.0,12257000.0,0.0,0.0,0.0,45525000.0,57782000.0,0.134,57782000.0,45525000.0,43432000.0,0.26,,0.26,473647000.0,,473647000.0,587167802.0,6.0,4.38,33597000.0,0.333,1.0,135765000.0,0.314,95008000.0,2093000.0,507951000.0,,255922000.0,109714000.0,36950000.0,72764000.0,370595000.0,252691000.0,117904000.0,543044802.0,36574000.0,0.0,520000.0,-786000.0,0.0,-266000.0,-12891000.0,4427000.0,49731000.0,0.0,26841000.0,26841000.0,26841000.0,0.0,0.0,0.062,90240000.0,45525000.0,117039000.0,0.0,1.147,10.564,10.539,201463000.0,0.0,5.375,0.379,0.379,0.0,428600000.0,432295000.0,432295000.0,0.0,,,,,0.0,89044000.0,1.0,101031591.0,101031591.0,,4.279,749234000.0,10801000.0,16591000.0,23365000.0,7.416,195329000.0
48,CHRS1,MRQ,2000-03-31,2000-04-29,2000-04-29,2019-07-22,-1457000.0,841483000.0,,453978000.0,387505000.0,,4.419,-6790000.0,62635000.0,62635000.0,271516000.0,7733000.0,1.622,0.885,106758000.0,1939000.0,104819000.0,106758000.0,0.0,11183000.0,0.0,0.0,0.0,14956000.0,26139000.0,0.069,26139000.0,14956000.0,12847000.0,0.08,,0.08,446336000.0,,446336000.0,754537695.0,9.0,6.285,27513000.0,0.272,1.0,109467000.0,0.287,96206000.0,2109000.0,509447000.0,,292208000.0,113611000.0,39816000.0,73795000.0,395147000.0,279953000.0,115194000.0,681703695.0,28336000.0,0.0,1139000.0,-375000.0,0.0,764000.0,-6731000.0,2121000.0,34303000.0,0.0,7733000.0,7733000.0,7733000.0,0.0,0.0,0.02,93971000.0,15496000.0,147758000.0,0.0,1.527,14.569,14.063,191448000.0,0.0,6.75,0.518,0.518,0.0,402156000.0,380983000.0,380983000.0,0.0,,,,,0.0,92771000.0,1.0,100993140.0,100993140.0,,3.772,745277000.0,10801000.0,5114000.0,13249000.0,7.379,174025000.0
49,CHRS1,MRQ,1999-12-31,2000-01-29,2000-01-29,2019-07-22,-1423000.0,784796000.0,,394321000.0,390475000.0,,4.423,-12931000.0,34299000.0,34299000.0,250763000.0,8556000.0,1.693,0.799,107133000.0,1920000.0,105213000.0,107133000.0,0.0,9291000.0,0.0,0.0,0.0,15121000.0,24412000.0,0.072,24412000.0,15121000.0,13339000.0,0.09,0.08,0.09,436263000.0,,436263000.0,724451715.0,9.0,6.458,26884000.0,0.273,1.0,88308000.0,0.26,97405000.0,1782000.0,527280000.0,,260792000.0,115829000.0,41339000.0,74490000.0,348533000.0,232945000.0,115588000.0,641140715.0,21457000.0,-138874000.0,6938000.0,-182000.0,0.0,6756000.0,-25114000.0,124571000.0,39815000.0,0.0,8556000.0,8556000.0,8556000.0,0.0,0.0,0.025,80885000.0,7423000.0,88721000.0,0.0,1.47,14.229,14.13,190924000.0,0.0,6.5,0.536,0.536,0.0,393213000.0,339071000.0,339071000.0,0.0,,,,,2048000.0,81522000.0,1.0,98637033.0,98637033.0,,3.438,687391000.0,10801000.0,4783000.0,10375000.0,6.969,161376000.0
50,CHRS1,MRQ,1999-09-30,1999-10-30,1999-10-30,2019-07-22,-2191000.0,753475000.0,,371430000.0,382045000.0,,4.255,-10695000.0,12842000.0,12842000.0,199177000.0,8276000.0,1.604,0.799,96153000.0,17000.0,96136000.0,96153000.0,0.0,8196000.0,0.0,0.0,0.0,17538000.0,25734000.0,0.092,25734000.0,17538000.0,15809000.0,0.08,0.08,0.08,418786000.0,,418786000.0,559298675.0,11.0,6.569,-45492000.0,-0.462,1.0,81966000.0,0.292,0.0,1729000.0,605175000.0,,262488000.0,242437000.0,42572000.0,199865000.0,334689000.0,231611000.0,103078000.0,492148675.0,-16164000.0,-6435000.0,-952000.0,-3797000.0,0.0,-4749000.0,23382000.0,41396000.0,-34797000.0,0.0,8276000.0,8276000.0,8276000.0,0.0,0.0,0.029,64428000.0,17538000.0,98054000.0,0.0,1.175,17.984,17.857,153621000.0,0.0,5.0,0.434,0.434,0.0,384657000.0,281143000.0,281143000.0,0.0,,,,,0.0,71128000.0,1.0,98429735.0,98429735.0,,2.856,753475000.0,15194000.0,7533000.0,18995000.0,7.655,139819000.0
51,CHRS1,MRQ,1999-06-30,1999-07-31,1999-07-31,2019-07-22,-2341000.0,730040000.0,,314986000.0,415054000.0,,4.172,-4970000.0,29006000.0,29006000.0,214772000.0,22225000.0,1.488,0.781,96156000.0,16000.0,96140000.0,96156000.0,0.0,7747000.0,0.0,0.0,0.0,36017000.0,43764000.0,0.139,43764000.0,36017000.0,34193000.0,0.23,0.21,0.23,409860000.0,,409860000.0,731069345.0,20.0,10.477,54856000.0,0.558,1.0,99545000.0,0.317,0.0,1824000.0,585486000.0,,197490000.0,277256000.0,38251000.0,239005000.0,320180000.0,211704000.0,108476000.0,656915345.0,7004000.0,0.0,264000.0,0.0,0.0,264000.0,-53086000.0,-42822000.0,59826000.0,0.0,22225000.0,22225000.0,22225000.0,0.0,0.0,0.071,63528000.0,36017000.0,89694000.0,0.0,1.603,35.193,33.438,148174000.0,0.0,6.688,0.599,0.599,0.0,376381000.0,314317000.0,314317000.0,0.0,,,,,0.0,66362000.0,1.0,98230332.0,98230332.0,,3.2,730040000.0,15194000.0,11968000.0,24755000.0,7.432,103282000.0
52,CHRS1,MRQ,1999-03-31,1999-05-01,1999-05-01,2019-07-22,-602000.0,683599000.0,,341139000.0,342460000.0,,3.959,-59000.0,22002000.0,22002000.0,190062000.0,6002000.0,1.832,0.758,96156000.0,16000.0,96140000.0,96156000.0,0.0,7718000.0,0.0,0.0,0.0,10543000.0,18261000.0,0.07,18261000.0,10543000.0,8570000.0,0.06,,0.06,388892000.0,,388892000.0,456343703.0,26.0,8.861,-7009000.0,-0.071,1.0,71936000.0,0.275,0.0,1973000.0,571522000.0,,204396000.0,238259000.0,68202000.0,170057000.0,294707000.0,186231000.0,108476000.0,380641703.0,-21787000.0,0.0,135000.0,-21051000.0,0.0,-20916000.0,6079000.0,7007000.0,-6950000.0,0.0,6002000.0,6002000.0,6002000.0,0.0,0.0,0.023,62625000.0,9311000.0,84288000.0,0.0,0.979,65.981,64.583,149600000.0,0.0,3.875,0.358,0.358,0.0,354156000.0,261998000.0,261998000.0,0.0,,,,,0.0,62625000.0,1.0,98230117.0,98230117.0,,2.667,683599000.0,15194000.0,2568000.0,14532000.0,6.959,154908000.0
53,CHRS1,MRQ,1998-12-31,1999-01-30,1999-01-30,2019-07-22,267000.0,684649000.0,,361540000.0,323109000.0,,3.92,-11643000.0,43789000.0,43789000.0,203062000.0,-9137000.0,2.136,0.785,119491000.0,16000.0,119475000.0,119491000.0,0.0,9036000.0,0.0,0.0,0.0,-11652000.0,-2616000.0,-0.009,-2616000.0,-11652000.0,-14069000.0,-0.09,,-0.09,383572000.0,,383572000.0,450444965.0,-22.0,31.825,34273000.0,0.35,1.0,72928000.0,0.264,0.0,2417000.0,591085000.0,,171327000.0,246625000.0,100743000.0,145882000.0,301077000.0,169266000.0,131811000.0,360782965.0,11156000.0,0.0,82000.0,-1969000.0,0.0,-1887000.0,-32873000.0,-22157000.0,45916000.0,0.0,-9137000.0,-9137000.0,-9137000.0,0.0,0.0,-0.033,118580000.0,-45652000.0,61806000.0,0.0,0.941,-17.918,-18.438,154583000.0,0.0,3.688,0.343,0.343,0.0,348154000.0,275990000.0,275990000.0,0.0,,,,,-389000.0,64334000.0,1.0,97839448.0,97839448.0,,2.821,684649000.0,15194000.0,-4932000.0,16888000.0,6.998,192274000.0
54,CHRS1,MRQ,1998-09-30,1998-10-31,1998-10-31,2019-07-22,565000.0,707077000.0,,358081000.0,348996000.0,,3.927,-6224000.0,32633000.0,32633000.0,180148000.0,-424000.0,1.994,0.799,122295000.0,16000.0,122279000.0,122295000.0,0.0,8624000.0,0.0,0.0,0.0,1743000.0,10367000.0,0.043,10367000.0,1743000.0,-652000.0,0.0,0.0,0.0,393037000.0,,393037000.0,463279380.0,168.0,11.69,-23945000.0,-0.239,1.0,63515000.0,0.261,0.0,2395000.0,617117000.0,,217000000.0,224880000.0,72721000.0,152159000.0,314040000.0,179622000.0,134418000.0,375325380.0,-14541000.0,0.0,-10203000.0,-12833000.0,0.0,-23036000.0,26216000.0,39148000.0,-17721000.0,0.0,-424000.0,-424000.0,-424000.0,0.0,0.0,-0.002,61772000.0,1743000.0,83198000.0,,0.955,-78.177,,172423000.0,0.0,3.75,0.355,0.355,0.0,357291000.0,243663000.0,243663000.0,0.0,,,,,0.0,61772000.0,1.0,100086768.0,100086768.0,,2.435,707077000.0,6587000.0,-228000.0,12139000.0,7.065,178459000.0
55,CHRS1,MRQ,1998-06-30,1998-08-01,1998-08-01,2019-07-22,-218000.0,736721000.0,,332968000.0,403753000.0,,4.012,-6660000.0,47174000.0,47174000.0,205445000.0,9328000.0,1.783,0.83,135128000.0,16000.0,135112000.0,135128000.0,0.0,8517000.0,0.0,0.0,0.0,16969000.0,25486000.0,0.09,25486000.0,16969000.0,14350000.0,0.09,0.09,0.09,402686000.0,,402686000.0,553367916.0,33.0,10.055,20843000.0,0.208,1.0,77505000.0,0.274,0.0,2619000.0,637891000.0,,194991000.0,262803000.0,51410000.0,211393000.0,334035000.0,186784000.0,147251000.0,464169916.0,-1756000.0,0.0,-1697000.0,-3000000.0,0.0,-4697000.0,-24562000.0,-15088000.0,27503000.0,0.0,9328000.0,9328000.0,9328000.0,0.0,0.0,0.033,60536000.0,16969000.0,82771000.0,0.0,1.153,109.242,,174369000.0,0.0,4.625,0.44,0.44,0.0,357715000.0,282950000.0,282950000.0,0.0,,,,,0.0,60536000.0,1.0,100361063.0,100361063.0,,2.819,736721000.0,6540000.0,5022000.0,12139000.0,7.341,146184000.0
56,CHRS1,MRQ,1998-03-31,1998-05-02,1998-05-02,2019-07-22,-285000.0,737912000.0,,367837000.0,370075000.0,,3.92,-7474000.0,48930000.0,48930000.0,182452000.0,-19902000.0,1.907,0.869,138128000.0,16000.0,138112000.0,138128000.0,0.0,8914000.0,0.0,0.0,0.0,-27997000.0,-19083000.0,-0.077,-19083000.0,-27997000.0,-30618000.0,-0.2,,-0.2,394816000.0,,394816000.0,591613735.0,47.0,11.212,199000.0,0.002,1.0,66108000.0,0.266,0.0,2621000.0,634265000.0,,206554000.0,247659000.0,68744000.0,178915000.0,343096000.0,192845000.0,150251000.0,465830735.0,36581000.0,0.0,-1616000.0,-4000.0,0.0,-1620000.0,30528000.0,43709000.0,7673000.0,0.0,-19902000.0,-19902000.0,-19902000.0,0.0,0.0,-0.08,94105000.0,-27997000.0,83099000.0,0.0,1.18,262.588,,175654000.0,0.0,4.625,0.447,0.447,0.0,348387000.0,248560000.0,248560000.0,0.0,,,,,0.0,60105000.0,1.0,100720159.0,100720159.0,,2.468,737912000.0,10699000.0,-10716000.0,12139000.0,7.326,174992000.0
57,CHRS1,MRQ,1997-12-31,1998-01-31,1998-01-31,2019-07-22,332000.0,709738000.0,,305881000.0,403857000.0,,4.138,-8396000.0,12349000.0,12349000.0,211528000.0,6197000.0,2.144,0.703,138132000.0,16000.0,138116000.0,138132000.0,0.0,10814000.0,0.0,0.0,0.0,12046000.0,22860000.0,0.081,22860000.0,12046000.0,9426000.0,,,,416810000.0,,416810000.0,,,,47738000.0,0.474,1.0,71917000.0,0.254,0.0,2620000.0,692848000.0,,175785000.0,292100000.0,84909000.0,207191000.0,292928000.0,142673000.0,150255000.0,409175646.0,-18651000.0,0.0,-25350000.0,-4000.0,0.0,-25354000.0,-49431000.0,-49902000.0,56134000.0,0.0,6197000.0,6197000.0,6197000.0,0.0,0.0,0.022,59871000.0,12046000.0,53623000.0,,0.982,21.164,,186004000.0,0.0,4.063,0.396,0.396,0.0,368289000.0,283445000.0,283445000.0,0.0,,,,,-657000.0,59871000.0,1.0,100720159.0,100720159.0,,2.814,709738000.0,863000.0,3229000.0,18262000.0,7.047,163208000.0
58,CHRS1,MRQ,1997-09-30,1997-11-01,1997-11-01,2019-07-22,,,,,,,,-7052000.0,,,179908000.0,8626000.0,,,,,,,,9916000.0,,0.0,0.0,15853000.0,25769000.0,0.107,25769000.0,15853000.0,13263000.0,0.08,,0.08,,,,,,,-7773000.0,,1.0,60718000.0,0.252,,2590000.0,,,,,,,,,,,-6583000.0,0.0,872000.0,-4000.0,0.0,868000.0,-6730000.0,1523000.0,-721000.0,0.0,8626000.0,8626000.0,8626000.0,0.0,0.0,0.036,44865000.0,15853000.0,,0.0,,,,,0.0,5.188,,,,,240626000.0,240626000.0,0.0,,,,,195000.0,57883000.0,1.0,,,,,,,4637000.0,,,
59,CHRS1,MRQ,1997-06-30,1997-08-02,1997-08-02,2019-07-22,,,,,,,,-2116000.0,,,198322000.0,6853000.0,,,,,,,,10581000.0,,0.0,0.0,12638000.0,23219000.0,0.086,23219000.0,12638000.0,10079000.0,0.06,,0.06,,,,,,,36155000.0,,1.0,71049000.0,0.264,,2559000.0,,,,,,,,,,,-21449000.0,0.0,296000.0,0.0,0.0,296000.0,-60016000.0,-57697000.0,38271000.0,0.0,6853000.0,6853000.0,6853000.0,0.0,0.0,0.025,58411000.0,12638000.0,,0.0,,,,,0.0,5.875,,,,,269371000.0,269371000.0,0.0,,,,,240000.0,58411000.0,1.0,,,,,,,3226000.0,,,
60,CHRS1,MRQ,1997-03-31,1997-05-03,1997-05-03,2019-07-22,,,,,,,,-872000.0,,,182951000.0,-2342000.0,,,,,,,,9499000.0,,0.0,0.0,-725000.0,8774000.0,0.037,8774000.0,-725000.0,-3346000.0,-0.02,,-0.02,,,,,,,-11072000.0,,1.0,56130000.0,0.235,,2621000.0,,,,,,,,,,,-19947000.0,0.0,402000.0,-4000.0,0.0,398000.0,-10145000.0,-9718000.0,-10200000.0,0.0,-2342000.0,-2342000.0,-2342000.0,0.0,0.0,-0.01,56855000.0,-725000.0,,0.0,,,,,0.0,6.0,,,,,239081000.0,239081000.0,0.0,,,,,144000.0,56855000.0,1.0,,,,,,,-1004000.0,,,
61,CHRS1,MRQ,1996-12-31,1997-02-01,1997-02-01,2019-07-22,159000.0,710397000.0,,366226000.0,344171000.0,,,,78979000.0,78979000.0,,,2.578,0.687,138144000.0,16000.0,138128000.0,138144000.0,0.0,,0.0,0.0,0.0,,,,,,,,,,421035000.0,,421035000.0,,,,,,1.0,,,0.0,,627480000.0,,193977000.0,175831000.0,55856000.0,119975000.0,289362000.0,142082000.0,147280000.0,,,,,,,,,,,,,,,,,,,,55501000.0,,,,,200394000.0,,4.75,,,0.0,348955000.0,,,,,,,,,,1.0,,,,,710397000.0,7113000.0,,9152000.0,,224144000.0
0,CHRS1,MRT,2012-03-31,2012-04-28,2012-04-28,2019-07-22,0.0,1050865000.0,1056930000.0,594335000.0,456530000.0,1.863,3.737,-38954000.0,214086000.0,214086000.0,1325865000.0,-10283000.0,2.174,1.411,138759000.0,4050000.0,134709000.0,138759000.0,0.0,57547000.0,0.0,0.0,0.0,14643000.0,72190000.0,0.037,72190000.0,14643000.0,1192000.0,-0.09,-0.09,-0.09,435836000.0,430394250.0,435836000.0,684656176.0,47.0,9.484,47156000.0,0.404,1.0,643416000.0,0.327,210568000.0,13451000.0,491636000.0,508068500.0,278070000.0,0.0,0.0,0.0,615029000.0,273334000.0,341695000.0,714942176.0,33683000.0,0.0,-845000.0,-13013000.0,0.0,-13007000.0,-39420000.0,0.0,86110000.0,0.0,-10283000.0,-10283000.0,-10283000.0,0.0,0.0,-0.005,629411000.0,14005000.0,134817000.0,0.0,1.64,-69.527,-68.111,227116000.0,0.0,6.13,0.363,0.363,11576000.0,254492000.0,1969281000.0,1969281000.0,0.0,-0.01,-0.024,0.029,0.007,5475000.0,560052000.0,1.0,116630045.0,116630045.0,,16.885,840297000.0,3570000.0,11475000.0,56339000.0,7.205,321001000.0
1,CHRS1,MRT,2011-12-31,2012-01-28,2012-01-28,2019-07-22,0.0,1017926000.0,1062718500.0,559319000.0,458607000.0,1.875,3.578,-27193000.0,168607000.0,168607000.0,1333435000.0,-2017000.0,2.135,1.441,138321000.0,4682000.0,133639000.0,138321000.0,0.0,58199000.0,0.0,0.0,0.0,19113000.0,77312000.0,0.039,77312000.0,19113000.0,5026000.0,-0.02,-0.02,-0.02,416946000.0,431594750.0,416946000.0,562169177.0,29.0,7.271,66008000.0,0.566,1.0,658936000.0,0.331,210568000.0,14087000.0,515093000.0,517773250.0,257180000.0,0.0,0.0,0.0,600980000.0,261979000.0,339001000.0,576839177.0,51125000.0,0.0,-612000.0,-13235000.0,0.0,-13847000.0,-28229000.0,0.0,93201000.0,0.0,-2017000.0,-2017000.0,-2017000.0,0.0,0.0,-0.001,640254000.0,18682000.0,111630000.0,0.0,1.383,-285.989,-247.5,229365000.0,0.0,4.95,0.29,0.29,39379000.0,236720000.0,1992371000.0,1992371000.0,0.0,-0.002,-0.005,0.037,0.01,5155000.0,577520000.0,1.0,116533167.0,116533167.0,,17.097,807358000.0,3570000.0,7043000.0,55526000.0,6.928,297340000.0
2,CHRS1,MRT,2011-09-30,2011-10-29,2011-10-29,2019-07-22,0.0,1088832000.0,1063901500.0,629541000.0,459291000.0,1.888,3.68,-20843000.0,157754000.0,157754000.0,1346514000.0,-19288000.0,1.945,1.54,143084000.0,10453000.0,132631000.0,143084000.0,0.0,62369000.0,0.0,0.0,0.0,-1601000.0,60768000.0,0.03,60768000.0,-1601000.0,-16034000.0,-0.17,-0.18,-0.17,428648000.0,430963250.0,428648000.0,330094344.0,-206.0,5.432,61340000.0,0.527,1.0,662583000.0,0.33,210568000.0,14433000.0,539936000.0,532268500.0,355614000.0,0.0,0.0,0.0,660184000.0,323658000.0,336526000.0,414648344.0,53597000.0,0.0,-1429000.0,-8269000.0,0.0,-8847000.0,-19739000.0,0.0,82183000.0,0.0,-19288000.0,-19288000.0,-19288000.0,0.0,0.0,-0.01,664639000.0,-2056000.0,168335000.0,0.0,0.967,-21.498,-20.941,231003000.0,0.0,3.56,0.206,0.206,6630000.0,249874000.0,2009097000.0,2009097000.0,0.0,-0.018,-0.045,-0.003,-0.001,4828000.0,582514000.0,1.0,116474254.0,116474254.0,,17.249,878264000.0,3153000.0,3254000.0,54122000.0,7.54,305883000.0
3,CHRS1,MRT,2011-06-30,2011-07-30,2011-07-30,2019-07-22,0.0,1070097000.0,1075229250.0,603685000.0,466412000.0,1.9,3.786,-25005000.0,227436000.0,227436000.0,1380094000.0,-25108000.0,2.086,1.431,142882000.0,10826000.0,132056000.0,142882000.0,0.0,65403000.0,0.0,0.0,0.0,-7818000.0,57585000.0,0.028,57585000.0,-7818000.0,-22809000.0,-0.22,-0.23,-0.22,440147000.0,434722750.0,440147000.0,436097335.0,-56.0,7.573,21440000.0,0.184,1.0,662911000.0,0.324,210568000.0,14991000.0,485609000.0,554747500.0,271862000.0,0.0,0.0,0.0,629950000.0,289366000.0,340584000.0,476612335.0,17381000.0,0.0,-1415000.0,-8209000.0,0.0,-8773000.0,-20291000.0,0.0,46445000.0,0.0,-25108000.0,-25108000.0,-25108000.0,0.0,0.0,-0.012,671551000.0,-8640000.0,136222000.0,0.0,1.083,-18.982,-18.636,237185000.0,0.0,4.1,0.233,0.233,5395000.0,262864000.0,2043005000.0,2043005000.0,0.0,-0.023,-0.058,-0.014,-0.004,5075000.0,588412000.0,1.0,116246911.0,116246911.0,,17.575,859529000.0,3153000.0,2299000.0,53237000.0,7.394,314319000.0
4,CHRS1,MRT,2011-03-31,2011-04-30,2011-04-30,2019-07-22,0.0,1074019000.0,1090428250.0,601187000.0,472832000.0,1.89,3.808,-28134000.0,180403000.0,180403000.0,1400518000.0,-31839000.0,2.055,1.437,139888000.0,11073000.0,128815000.0,139888000.0,0.0,68168000.0,0.0,0.0,0.0,-16405000.0,51763000.0,0.025,51763000.0,-16405000.0,-31594000.0,-0.28,-0.28,-0.28,440638000.0,439872000.0,440638000.0,546567653.0,-33.0,10.559,30322000.0,0.262,1.0,660849000.0,0.321,210568000.0,15189000.0,530455000.0,569117500.0,304715000.0,0.0,0.0,0.0,633381000.0,292481000.0,340900000.0,524250653.0,-10925000.0,0.0,-497000.0,-44593000.0,0.0,-44748000.0,-24633000.0,0.0,58456000.0,0.0,-31839000.0,-31839000.0,-31839000.0,0.0,0.0,-0.015,680283000.0,-19434000.0,137783000.0,0.0,1.19,-16.466,-16.179,244006000.0,0.0,4.53,0.254,0.254,10178000.0,264775000.0,2061367000.0,2061367000.0,0.0,-0.029,-0.072,-0.029,-0.008,4655000.0,594544000.0,1.0,115728621.0,115728621.0,,17.812,863451000.0,3153000.0,245000.0,52352000.0,7.461,308706000.0
5,CHRS1,MRT,2010-12-31,2011-01-29,2011-01-29,2019-07-22,0.0,1022658000.0,1117023750.0,537909000.0,484749000.0,1.846,3.589,-34530000.0,117482000.0,117482000.0,1412515000.0,-53982000.0,2.058,1.468,139799000.0,11449000.0,128350000.0,139799000.0,0.0,70108000.0,0.0,0.0,0.0,-40969000.0,29139000.0,0.014,29139000.0,-40969000.0,-56856000.0,-0.47,-0.47,-0.47,414420000.0,447102750.0,414420000.0,388854524.0,-9.0,13.345,-29232000.0,-0.253,1.0,649304000.0,0.315,210568000.0,15887000.0,573074000.0,600266000.0,282248000.0,0.0,0.0,0.0,608238000.0,261333000.0,346905000.0,353338524.0,-69098000.0,0.0,354000.0,-44525000.0,0.0,-44171000.0,-30225000.0,200000.0,5298000.0,0.0,-53982000.0,-53982000.0,-53982000.0,0.0,0.0,-0.026,693299000.0,-43995000.0,107882000.0,0.0,0.853,-6.545,-6.511,255948000.0,0.0,3.06,0.171,0.171,36568000.0,238737000.0,2061819000.0,2061819000.0,0.0,-0.048,-0.121,-0.068,-0.02,4698000.0,599130000.0,1.0,115470106.0,115470106.0,,17.856,812090000.0,3153000.0,-2874000.0,51466000.0,7.033,276576000.0
6,CHRS1,MRT,2010-09-30,2010-10-30,2010-10-30,2019-07-22,0.0,1134143000.0,1150731500.0,621277000.0,512866000.0,1.76,3.843,-33777000.0,104157000.0,104157000.0,1391576000.0,-51579000.0,1.887,1.556,139673000.0,6477000.0,133196000.0,139673000.0,0.0,70607000.0,0.0,0.0,0.0,-59960000.0,10647000.0,0.005,10647000.0,-59960000.0,-76792000.0,-0.44,-0.44,-0.44,443686000.0,459731250.0,443686000.0,332507793.0,-6.0,31.23,-67855000.0,-0.588,1.0,633424000.0,0.313,210568000.0,16832000.0,629852000.0,619961750.0,394508000.0,0.0,0.0,0.0,690457000.0,329239000.0,361218000.0,402956793.0,-119787000.0,0.0,313000.0,-56251000.0,0.0,-55938000.0,-29771000.0,400000.0,-34078000.0,0.0,-51579000.0,-51579000.0,-51579000.0,0.0,0.0,-0.025,697573000.0,-64149000.0,176922000.0,0.0,0.908,-7.812,-7.932,284027000.0,0.0,3.49,0.199,0.199,5441000.0,269162000.0,2025000000.0,2025000000.0,0.0,-0.045,-0.112,-0.097,-0.03,6209000.0,606849000.0,1.0,115460399.0,115460399.0,,17.538,923575000.0,7826000.0,-25213000.0,54291000.0,7.999,292038000.0
7,CHRS1,MRT,2010-06-30,2010-07-31,2010-07-31,2019-07-22,0.0,1130893000.0,1183672750.0,609342000.0,521551000.0,1.708,3.977,-27509000.0,210055000.0,210055000.0,1395412000.0,-81131000.0,1.986,1.454,139606000.0,6405000.0,133201000.0,139606000.0,0.0,72117000.0,0.0,0.0,0.0,-83405000.0,-11288000.0,-0.006,-11288000.0,-83405000.0,-101269000.0,-0.7,-0.7,-0.7,460744000.0,471463000.0,460744000.0,506163102.0,-6.0,-44.841,111331000.0,0.961,1.0,626206000.0,0.31,210568000.0,17864000.0,543089000.0,629383750.0,289456000.0,0.0,0.0,0.0,670149000.0,306787000.0,363362000.0,519074102.0,93356000.0,0.0,361000.0,-69991000.0,0.0,-69630000.0,24146000.0,50900000.0,138840000.0,0.0,-81131000.0,-81131000.0,-81131000.0,0.0,0.0,-0.04,714820000.0,-88614000.0,160049000.0,0.0,1.127,-6.398,-6.4,287950000.0,0.0,4.48,0.257,0.257,4761000.0,287972000.0,2021618000.0,2021618000.0,0.0,-0.069,-0.172,-0.133,-0.041,5880000.0,597312000.0,1.0,115864755.0,115864755.0,,17.448,920325000.0,7556000.0,-20138000.0,53424000.0,7.943,302555000.0
8,CHRS1,MRT,2010-03-31,2010-05-01,2010-05-01,2019-07-22,0.0,1180401000.0,1211501000.0,649876000.0,530525000.0,1.677,4.056,-22533000.0,191328000.0,191328000.0,1398533000.0,-67506000.0,2.153,1.514,178417000.0,6333000.0,172084000.0,178417000.0,0.0,74437000.0,0.0,0.0,0.0,-68284000.0,6153000.0,0.003,6153000.0,-68284000.0,-86537000.0,-0.58,-0.58,-0.58,469561000.0,490857750.0,469561000.0,644208670.0,-9.0,104.698,70625000.0,0.61,1.0,632738000.0,0.311,210568000.0,18253000.0,655049000.0,703111500.0,303199000.0,0.0,0.0,0.0,710840000.0,301873000.0,408967000.0,652965670.0,67443000.0,0.0,445000.0,-59126000.0,0.0,-59023000.0,33308000.0,50319000.0,93158000.0,0.0,-67506000.0,-67506000.0,-67506000.0,0.0,0.0,-0.033,711524000.0,-78786000.0,143972000.0,0.0,1.391,-9.673,-9.724,296021000.0,0.0,5.64,0.321,0.321,8691000.0,296614000.0,2031271000.0,2031271000.0,0.0,-0.056,-0.138,-0.097,-0.034,6208000.0,584612000.0,1.0,115774055.0,115774055.0,,17.545,969833000.0,7375000.0,-19031000.0,52557000.0,8.377,348003000.0
9,CHRS1,MRT,2009-12-31,2010-01-30,2010-01-30,2019-07-22,0.0,1157489000.0,1240895250.0,617734000.0,539755000.0,1.664,4.022,-19472000.0,186580000.0,186580000.0,1431210000.0,-77962000.0,2.158,1.49,177823000.0,6265000.0,171558000.0,177823000.0,0.0,77922000.0,0.0,0.0,0.0,-72735000.0,5187000.0,0.003,5187000.0,-72735000.0,-91534000.0,-0.67,-0.67,-0.67,464934000.0,506477000.0,464934000.0,637709225.0,-9.0,122.944,94739000.0,0.82,1.0,633392000.0,0.307,210568000.0,18799000.0,651857000.0,760937000.0,267525000.0,0.0,0.0,0.0,692555000.0,286307000.0,406248000.0,671553225.0,92821000.0,0.0,484000.0,-65055000.0,0.0,-64571000.0,43181000.0,57590000.0,114211000.0,0.0,-77962000.0,-77962000.0,-77962000.0,0.0,0.0,-0.038,720940000.0,-87548000.0,126867000.0,0.0,1.444,-8.614,-8.672,305083000.0,0.0,5.81,0.325,0.325,33647000.0,292719000.0,2064602000.0,2064602000.0,0.0,-0.063,-0.154,-0.096,-0.035,6844000.0,582941000.0,1.0,115585753.0,115585753.0,,17.862,946921000.0,1729000.0,-13572000.0,48515000.0,8.192,331427000.0
10,CHRS1,MRT,2009-09-30,2009-10-31,2009-10-31,2019-07-22,0.0,1265908000.0,1270808250.0,697511000.0,568397000.0,1.698,4.246,-20896000.0,223944000.0,223944000.0,1511919000.0,-163933000.0,1.971,1.58,190100000.0,6470000.0,183630000.0,190100000.0,0.0,80262000.0,0.0,0.0,0.0,-132664000.0,-52402000.0,-0.024,-52402000.0,-132664000.0,-151786000.0,-1.43,-1.43,-1.43,490613000.0,524457250.0,490613000.0,609497336.0,-5.0,-11.631,143924000.0,1.246,1.0,645541000.0,0.299,210568000.0,19122000.0,667540000.0,832760750.0,334462000.0,400000.0,400000.0,0.0,775295000.0,353956000.0,421339000.0,523456336.0,156115000.0,0.0,80000.0,-53608000.0,0.0,-53528000.0,44823000.0,56898000.0,164820000.0,0.0,-163933000.0,-163933000.0,-163933000.0,0.0,0.0,-0.076,792959000.0,-147418000.0,163142000.0,0.0,1.067,-3.193,-3.168,332332000.0,0.0,4.53,0.243,0.243,4100000.0,320741000.0,2157460000.0,2157460000.0,0.0,-0.129,-0.313,-0.159,-0.061,5169000.0,600236000.0,1.0,115553275.0,115553275.0,,18.671,1055340000.0,3439000.0,12147000.0,48730000.0,9.133,343555000.0
11,CHRS1,MRT,2009-06-30,2009-08-01,2009-08-01,2019-07-22,0.0,1242206000.0,1327703750.0,657080000.0,585126000.0,1.695,4.664,-25888000.0,116699000.0,116699000.0,1573198000.0,-199332000.0,2.349,1.308,202740000.0,6483000.0,196257000.0,202740000.0,0.0,84971000.0,0.0,0.0,0.0,-184815000.0,-99844000.0,-0.044,-99844000.0,-184815000.0,-203977000.0,-1.74,-1.74,-1.74,538323000.0,545979250.0,538323000.0,663999357.0,-4.0,-6.65,-30426000.0,-0.264,1.0,677091000.0,0.301,210568000.0,19162000.0,838000000.0,943394250.0,259473000.0,100758000.0,100758000.0,0.0,703883000.0,279679000.0,424204000.0,557435357.0,-15155000.0,34440000.0,482000.0,-40529000.0,0.0,-40047000.0,29430000.0,6884000.0,-4538000.0,0.0,-199332000.0,-199332000.0,-199332000.0,23875000.0,0.0,-0.089,853199000.0,-176108000.0,121165000.0,0.0,1.036,-2.797,-2.776,346307000.0,0.0,4.83,0.248,0.248,3359000.0,369103000.0,2250289000.0,2250289000.0,0.0,-0.15,-0.365,-0.196,-0.082,3536000.0,630612000.0,1.0,115411047.0,115411047.0,,19.498,1031638000.0,3439000.0,-4645000.0,47885000.0,8.939,377401000.0
12,CHRS1,MRT,2009-03-31,2009-05-02,2009-05-02,2019-07-22,0.0,1297978000.0,1417336000.0,696442000.0,601536000.0,1.673,4.615,-33675000.0,123885000.0,123885000.0,1661162000.0,-214991000.0,2.264,1.44,230449000.0,6463000.0,223986000.0,230449000.0,0.0,88280000.0,0.0,0.0,0.0,-204500000.0,-116220000.0,-0.049,-116220000.0,-204500000.0,-224019000.0,-1.88,-1.88,-1.88,532038000.0,578521000.0,532038000.0,618683914.0,-3.0,-5.323,4970000.0,0.043,1.0,710526000.0,0.3,210620000.0,19519000.0,886351000.0,1019270250.0,300214000.0,87398000.0,87398000.0,0.0,765940000.0,307571000.0,458369000.0,400061914.0,44294000.0,34440000.0,136000.0,-13865000.0,0.0,-13729000.0,19378000.0,7927000.0,38645000.0,0.0,-214991000.0,-214991000.0,-214991000.0,29028000.0,0.0,-0.091,894362000.0,-183836000.0,145815000.0,0.0,0.752,-1.861,-1.846,364568000.0,0.0,3.47,0.169,0.169,8021000.0,364121000.0,2371688000.0,2371688000.0,0.0,-0.152,-0.372,-0.201,-0.086,4388000.0,660802000.0,1.0,115291618.0,115291618.0,,20.571,1087358000.0,3439000.0,-9028000.0,47440000.0,9.431,388871000.0
13,CHRS1,MRT,2008-12-31,2009-01-31,2009-01-31,2019-07-22,5000.0,1277141000.0,1493670750.0,654921000.0,622220000.0,1.657,4.714,-50987000.0,93759000.0,93759000.0,1755228000.0,-255273000.0,2.4,1.379,239468000.0,6746000.0,232722000.0,239468000.0,0.0,94852000.0,0.0,0.0,0.0,-249301000.0,-154449000.0,-0.062,-154449000.0,-249301000.0,-268761000.0,-2.23,-2.23,-2.23,536855000.0,614250500.0,536855000.0,369415795.0,-1.0,-2.392,-1421000.0,-0.012,1.0,719670000.0,0.291,210801000.0,19460000.0,939152000.0,1099341500.0,268142000.0,100851000.0,100851000.0,0.0,740286000.0,272897000.0,467389000.0,122994795.0,31917000.0,34440000.0,-10803000.0,-8622000.0,0.0,-19425000.0,1776000.0,7224000.0,49566000.0,0.0,-255273000.0,-255273000.0,-255273000.0,74922000.0,0.0,-0.103,898479000.0,-178809000.0,99520000.0,0.0,0.229,-0.482,-0.484,383176000.0,0.0,1.08,0.05,0.05,33300000.0,370681000.0,2474898000.0,2474898000.0,0.0,-0.171,-0.416,-0.227,-0.101,5576000.0,690095000.0,1.0,113884069.0,113884069.0,,21.732,1066340000.0,3439000.0,-13488000.0,46197000.0,9.363,382024000.0
14,CHRS1,MRT,2008-09-30,2008-11-01,2008-11-01,2019-07-22,-2000.0,1493490000.0,1577711500.0,788257000.0,705233000.0,1.632,5.074,-73619000.0,67829000.0,67829000.0,1752486000.0,-270579000.0,2.107,1.59,314250000.0,6601000.0,307649000.0,314250000.0,0.0,100982000.0,0.0,0.0,0.0,-278443000.0,-177461000.0,-0.069,-177461000.0,-278443000.0,-302870000.0,-2.29,-2.28,-2.29,576701000.0,662647750.0,576701000.0,310193000.0,-1.0,-1.748,1243000.0,0.011,1.0,822366000.0,0.319,255687000.0,24427000.0,1110074000.0,1180753250.0,406102000.0,119176000.0,119176000.0,0.0,916789000.0,374150000.0,542639000.0,125028000.0,31440000.0,34440000.0,-22752000.0,-9221000.0,0.0,-32207000.0,-11215000.0,16269000.0,74862000.0,0.0,-270579000.0,-270579000.0,-270579000.0,155350000.0,0.0,-0.105,950560000.0,-128194000.0,177102000.0,0.0,0.217,-0.462,-0.48,417745000.0,0.0,1.1,0.049,0.049,4477000.0,495071000.0,2574852000.0,2574852000.0,0.0,-0.172,-0.408,-0.236,-0.108,3549000.0,705768000.0,1.0,113661818.0,113661818.0,,22.654,1237803000.0,0.0,-32291000.0,42465000.0,10.89,414107000.0
15,CHRS1,MRT,2008-06-30,2008-08-02,2008-08-02,2019-07-22,-2000.0,1600735000.0,1652976000.0,854847000.0,745888000.0,1.586,5.893,-97339000.0,131319000.0,131319000.0,1801941000.0,-190386000.0,2.2,1.395,316484000.0,8155000.0,308329000.0,316484000.0,0.0,101102000.0,0.0,0.0,0.0,-188761000.0,-87659000.0,-0.033,-87659000.0,-188761000.0,-210532000.0,-1.59,-1.57,-1.59,668490000.0,734985250.0,668490000.0,853710237.0,-5.0,-9.739,15908000.0,0.14,1.0,819510000.0,0.313,255869000.0,21771000.0,1141504000.0,1222511500.0,337330000.0,115681000.0,115681000.0,0.0,932245000.0,388527000.0,543718000.0,618280237.0,-101420000.0,0.0,-73705000.0,-9936000.0,0.0,-83808000.0,-130859000.0,-31178000.0,113247000.0,0.0,-190386000.0,-190386000.0,-190386000.0,133303000.0,0.0,-0.073,880879000.0,-61369000.0,158711000.0,0.0,0.925,-3.248,-3.428,449676000.0,0.0,5.45,0.236,0.236,3540000.0,588037000.0,2621451000.0,2621451000.0,0.0,-0.115,-0.259,-0.154,-0.072,4522000.0,712336000.0,1.0,113445915.0,113445915.0,,23.107,1344866000.0,10437000.0,-20146000.0,38746000.0,11.855,466320000.0
16,CHRS1,MRT,2008-03-31,2008-05-03,2008-05-03,2019-07-22,-3000.0,1603317000.0,1713147000.0,852156000.0,751161000.0,1.557,5.96,-122212000.0,79175000.0,79175000.0,1835771000.0,-161431000.0,2.262,1.375,314605000.0,8566000.0,306039000.0,314605000.0,0.0,101328000.0,0.0,0.0,0.0,-145152000.0,-43824000.0,-0.016,-43824000.0,-145152000.0,-164899000.0,-1.35,-1.34,-1.35,674956000.0,807665250.0,674956000.0,843196112.0,-6.0,-19.241,24864000.0,0.22,1.0,831423000.0,0.312,255428000.0,19747000.0,1206636000.0,1226133250.0,371097000.0,122575000.0,122575000.0,0.0,928361000.0,376683000.0,551678000.0,590042112.0,-161322000.0,0.0,-126687000.0,5407000.0,0.0,-121303000.0,-187095000.0,-56803000.0,147076000.0,0.0,-161431000.0,-161431000.0,-161431000.0,130765000.0,0.0,-0.061,854700000.0,-23277000.0,158541000.0,0.0,0.874,-3.655,-3.859,439913000.0,0.0,5.21,0.221,0.221,8190000.0,596374000.0,2667194000.0,2667194000.0,0.0,-0.094,-0.2,-0.118,-0.054,7098000.0,724090000.0,1.0,113251845.0,113251845.0,,23.551,1347889000.0,8459000.0,-3468000.0,37394000.0,11.902,475473000.0
17,CHRS1,MRT,2007-12-31,2008-02-02,2008-02-02,2019-07-22,22000.0,1613304000.0,1771050000.0,841391000.0,771913000.0,1.537,6.259,-137709000.0,60978000.0,60978000.0,1861739000.0,-88290000.0,2.43,1.209,314996000.0,8827000.0,306169000.0,314996000.0,0.0,96976000.0,0.0,0.0,0.0,-59003000.0,37973000.0,0.014,37973000.0,-59003000.0,-77052000.0,-0.73,-0.73,-0.73,730444000.0,840856250.0,730444000.0,1082532113.0,-18.0,28.508,22136000.0,0.19,1.0,860723000.0,0.316,256228000.0,18049000.0,1264799000.0,1200588000.0,330224000.0,129276000.0,129276000.0,0.0,882860000.0,346295000.0,536565000.0,804024113.0,-81996000.0,0.0,-198212000.0,166387000.0,0.0,-31212000.0,-210629000.0,-62330000.0,159845000.0,0.0,-88290000.0,-88290000.0,-88290000.0,85039000.0,0.0,-0.032,844392000.0,16331000.0,130061000.0,0.0,1.101,-9.107,-9.438,459149000.0,0.0,6.89,0.295,0.295,33535000.0,644527000.0,2722462000.0,2722462000.0,0.0,-0.05,-0.105,-0.049,-0.022,6488000.0,717393000.0,1.0,116694356.0,116694356.0,,23.33,1357076000.0,9686000.0,11238000.0,37942000.0,11.629,495096000.0
18,CHRS1,MRT,2007-09-30,2007-11-03,2007-11-03,2019-07-22,18000.0,1794548000.0,1794154750.0,860956000.0,933592000.0,1.421,7.067,-149407000.0,36389000.0,36389000.0,1761637000.0,65951000.0,2.174,1.072,314897000.0,9239000.0,305658000.0,314897000.0,0.0,94305000.0,0.0,0.0,0.0,112933000.0,207238000.0,0.081,207238000.0,112933000.0,101375000.0,0.53,0.5,0.53,866051000.0,895129750.0,866051000.0,920022688.0,8.0,4.439,814000.0,0.007,1.0,787293000.0,0.309,399982000.0,11558000.0,1277107000.0,1127092750.0,498196000.0,140377000.0,140377000.0,0.0,928497000.0,395967000.0,532530000.0,837034688.0,-101849000.0,0.0,-184188000.0,165614000.0,0.0,-15243000.0,-236827000.0,-64788000.0,150221000.0,0.0,65951000.0,65951000.0,65951000.0,-2353000.0,0.0,0.026,686285000.0,101008000.0,194407000.0,0.0,0.966,12.692,12.887,465358000.0,0.0,6.83,0.328,0.328,3559000.0,768949000.0,2548930000.0,2548930000.0,0.0,0.037,0.074,0.1,0.044,7946000.0,686285000.0,1.0,122552663.0,122552663.0,,20.799,1394566000.0,5232000.0,35424000.0,66206000.0,11.379,464989000.0
19,CHRS1,MRT,2007-06-30,2007-08-04,2007-08-04,2019-07-22,3000.0,1841419000.0,1766925000.0,887438000.0,953981000.0,1.497,7.459,-152201000.0,233274000.0,233274000.0,1813280000.0,88876000.0,2.418,0.92,316262000.0,10035000.0,306227000.0,316262000.0,0.0,92371000.0,0.0,0.0,0.0,147107000.0,239478000.0,0.091,239478000.0,147107000.0,134215000.0,0.72,0.67,0.72,959210000.0,907510000.0,959210000.0,1381524034.0,9.0,5.769,17230000.0,0.134,1.0,831263000.0,0.314,401360000.0,12892000.0,1155991000.0,1034797750.0,405633000.0,91494000.0,91494000.0,0.0,882209000.0,367056000.0,515153000.0,1183175034.0,21455000.0,0.0,-129902000.0,144673000.0,0.0,18154000.0,-166130000.0,540000.0,169431000.0,0.0,88876000.0,88876000.0,88876000.0,-4181000.0,0.0,0.034,697297000.0,133966000.0,165299000.0,0.0,1.233,13.313,12.778,451600000.0,0.0,9.2,0.447,0.447,3109000.0,772517000.0,2644543000.0,2644543000.0,0.0,0.05,0.098,0.142,0.056,9748000.0,697297000.0,1.0,128605982.0,128605982.0,,20.563,1440059000.0,5573000.0,45339000.0,57693000.0,11.197,520382000.0
20,CHRS1,MRT,2007-03-31,2007-05-05,2007-05-05,2019-07-22,-2000.0,1834929000.0,1718088500.0,944400000.0,890529000.0,1.579,6.531,-146813000.0,240913000.0,240913000.0,1862644000.0,103160000.0,1.793,1.272,439262000.0,160133000.0,279129000.0,439262000.0,0.0,93830000.0,0.0,0.0,0.0,168085000.0,261915000.0,0.097,261915000.0,168085000.0,154200000.0,0.84,0.77,0.84,807720000.0,890114750.0,807720000.0,1570495440.0,9.0,5.996,40133000.0,0.325,1.0,850893000.0,0.314,402179000.0,13885000.0,1104455000.0,955724500.0,469508000.0,61864000.0,61864000.0,0.0,1027209000.0,526644000.0,500565000.0,1522322440.0,86036000.0,0.0,-75890000.0,107784000.0,0.0,35614000.0,-136524000.0,20192000.0,186946000.0,0.0,103160000.0,103160000.0,103160000.0,-6796000.0,0.0,0.038,697660000.0,153233000.0,197125000.0,0.0,1.885,14.757,14.655,433561000.0,0.0,12.31,0.561,0.561,6831000.0,754238000.0,2713537000.0,2713537000.0,0.0,0.06,0.116,0.176,0.062,7039000.0,697660000.0,1.0,123665511.0,123665511.0,,21.943,1432750000.0,5573000.0,51040000.0,58177000.0,11.586,417756000.0
21,CHRS1,MRT,2006-12-31,2007-02-03,2007-02-03,2019-07-22,1000.0,1705723000.0,1671753500.0,840838000.0,864885000.0,1.646,7.685,-133156000.0,143838000.0,143838000.0,1890565000.0,108923000.0,2.211,0.8,192011000.0,10887000.0,181124000.0,192011000.0,0.0,91244000.0,0.0,0.0,0.0,177508000.0,268752000.0,0.098,268752000.0,177508000.0,162762000.0,0.89,0.81,0.89,947538000.0,901490000.0,947538000.0,1690792934.0,10.0,6.291,53798000.0,0.436,1.0,861280000.0,0.313,402860000.0,14746000.0,970818000.0,898377000.0,429433000.0,62640000.0,62640000.0,0.0,758185000.0,380218000.0,377967000.0,1633777934.0,13706000.0,0.0,8758000.0,-64733000.0,0.0,-50856000.0,-122392000.0,25163000.0,186954000.0,0.0,108923000.0,108923000.0,108923000.0,-6964000.0,0.0,0.04,699009000.0,162271000.0,178629000.0,0.0,1.724,14.999,14.888,422446000.0,0.0,13.25,0.594,0.594,33366000.0,732938000.0,2751845000.0,2751845000.0,0.0,0.065,0.121,0.198,0.065,5267000.0,699009000.0,1.0,123303995.0,123303995.0,,22.318,1302863000.0,4469000.0,53839000.0,57340000.0,10.566,460620000.0
22,CHRS1,MRT,2006-09-30,2006-10-28,2006-10-28,2019-07-22,1000.0,1685629000.0,1638468500.0,842312000.0,843317000.0,1.827,7.467,-127182000.0,138238000.0,138238000.0,2098095000.0,103169000.0,1.95,0.841,195253000.0,11600000.0,183653000.0,195253000.0,0.0,90359000.0,0.0,0.0,0.0,171758000.0,262117000.0,0.088,262117000.0,171758000.0,155806000.0,0.85,0.77,0.85,915572000.0,868192500.0,915572000.0,1825795483.0,11.0,6.966,79507000.0,0.648,1.0,895078000.0,0.299,402779000.0,15952000.0,907927000.0,875023250.0,481449000.0,68678000.0,68678000.0,0.0,770057000.0,431938000.0,338119000.0,1818470483.0,-13438000.0,-15000.0,11079000.0,-115269000.0,0.0,-101555000.0,-118572000.0,18851000.0,206689000.0,0.0,103169000.0,103169000.0,103169000.0,0.0,0.0,0.034,730941000.0,164137000.0,207566000.0,0.0,1.986,17.626,17.447,392707000.0,0.0,14.83,0.608,0.608,2020000.0,707996000.0,2993173000.0,2993173000.0,0.0,0.063,0.119,0.196,0.057,8367000.0,730941000.0,1.0,122621071.0,122621071.0,,24.41,1282850000.0,18542000.0,52637000.0,50242000.0,10.462,410374000.0
23,CHRS1,MRT,2006-06-30,2006-07-29,2006-07-29,2019-07-22,1000.0,1646073000.0,1632887500.0,817995000.0,828078000.0,1.814,7.27,-120413000.0,211819000.0,211819000.0,2079083000.0,94574000.0,1.995,0.85,219144000.0,32672000.0,186472000.0,219144000.0,0.0,90444000.0,0.0,0.0,0.0,161009000.0,251453000.0,0.085,251453000.0,161009000.0,143800000.0,0.78,0.71,0.78,889629000.0,836220500.0,889629000.0,1333899196.0,8.0,5.305,86748000.0,0.709,1.0,882489000.0,0.298,403626000.0,17209000.0,839698000.0,883440250.0,381533000.0,86735000.0,86735000.0,0.0,756444000.0,410074000.0,346370000.0,1245798196.0,-19629000.0,-250000.0,8180000.0,-111966000.0,0.0,-101270000.0,-125520000.0,5906000.0,207161000.0,0.0,94574000.0,94574000.0,94574000.0,0.0,0.0,0.032,728781000.0,153708000.0,173659000.0,0.0,1.4,13.173,13.051,373458000.0,0.0,10.18,0.421,0.421,3145000.0,688639000.0,2961572000.0,2961572000.0,0.0,0.058,0.113,0.182,0.054,7839000.0,728781000.0,1.0,122377033.0,122377033.0,,24.2,1242447000.0,18550000.0,49226000.0,59675000.0,10.153,407921000.0
24,CHRS1,MRT,2006-03-31,2006-04-29,2006-04-29,2019-07-22,0.0,1649589000.0,1629914500.0,828554000.0,821035000.0,1.771,6.981,-108483000.0,154877000.0,154877000.0,2011497000.0,101435000.0,1.809,0.933,242978000.0,53720000.0,189258000.0,242978000.0,0.0,85727000.0,0.0,0.0,0.0,172954000.0,258681000.0,0.09,258681000.0,172954000.0,154844000.0,0.84,0.77,0.84,853221000.0,807314000.0,853221000.0,1807256721.0,10.0,6.986,79551000.0,0.651,1.0,875797000.0,0.303,404604000.0,18110000.0,875065000.0,889093750.0,448615000.0,80923000.0,80923000.0,0.0,796368000.0,458021000.0,338347000.0,1680644721.0,-99924000.0,-206717000.0,12100000.0,16985000.0,0.0,31120000.0,-319078000.0,6156000.0,188034000.0,0.0,101435000.0,101435000.0,101435000.0,0.0,0.0,0.035,709262000.0,166535000.0,182956000.0,0.0,1.97,16.569,16.369,367030000.0,0.0,13.75,0.582,0.582,8485000.0,656076000.0,2887294000.0,2887294000.0,0.0,0.062,0.126,0.195,0.06,9175000.0,709262000.0,1.0,122228707.0,122228707.0,,23.622,1244985000.0,13738000.0,53409000.0,61365000.0,10.186,370533000.0
25,CHRS1,MRT,2005-12-31,2006-01-28,2006-01-28,2019-07-22,-3000.0,1572583000.0,1563882000.0,761394000.0,811189000.0,1.762,6.711,-100403000.0,130132000.0,130132000.0,1914347000.0,99391000.0,1.825,0.931,256744000.0,64765000.0,191979000.0,256744000.0,0.0,84297000.0,0.0,0.0,0.0,170312000.0,254609000.0,0.092,254609000.0,170312000.0,152401000.0,0.83,0.76,0.83,814348000.0,775619000.0,814348000.0,1688950425.0,10.0,6.634,64409000.0,0.531,1.0,841378000.0,0.305,404627000.0,17911000.0,877403000.0,860804250.0,376409000.0,86978000.0,86978000.0,0.0,758235000.0,417165000.0,341070000.0,1530150425.0,-142917000.0,-206717000.0,10065000.0,26371000.0,0.0,36436000.0,-344165000.0,-31781000.0,164812000.0,0.0,99391000.0,99391000.0,99391000.0,0.0,0.0,0.036,678753000.0,162625000.0,133236000.0,0.0,1.879,15.395,15.193,370953000.0,0.0,12.61,0.555,0.555,38603000.0,624015000.0,2755725000.0,2755725000.0,0.0,0.064,0.128,0.198,0.062,10431000.0,678753000.0,1.0,121344205.0,121344205.0,,22.71,1167956000.0,19436000.0,53010000.0,52377000.0,9.625,344229000.0
26,CHRS1,MRT,2005-09-30,2005-10-29,2005-10-29,2019-07-22,-2000.0,1663305000.0,1496679000.0,868176000.0,795129000.0,1.7,6.524,-84232000.0,151676000.0,151676000.0,1763572000.0,85068000.0,1.816,1.112,310476000.0,65249000.0,245227000.0,310476000.0,0.0,79757000.0,0.0,0.0,0.0,153774000.0,233531000.0,0.092,233531000.0,153774000.0,136369000.0,0.72,0.67,0.72,787684000.0,745648000.0,787684000.0,1438927744.0,9.0,6.162,92221000.0,0.764,1.0,781035000.0,0.307,402559000.0,17405000.0,941595000.0,821549250.0,474484000.0,86705000.0,86465000.0,240000.0,875621000.0,477951000.0,397670000.0,1343724744.0,-51202000.0,-206702000.0,15423000.0,79432000.0,0.0,94855000.0,-322510000.0,-27747000.0,176453000.0,0.0,85068000.0,85068000.0,85068000.0,0.0,0.0,0.033,635321000.0,145714000.0,188879000.0,0.0,1.706,15.796,15.458,351402000.0,0.0,11.13,0.528,0.528,0.0,604827000.0,2544607000.0,2544607000.0,0.0,0.057,0.114,0.187,0.06,11851000.0,635321000.0,1.0,120729986.0,120729986.0,,21.077,1260746000.0,32489000.0,51301000.0,165443000.0,10.443,390225000.0
27,CHRS1,MRT,2005-06-30,2005-07-30,2005-07-30,2019-07-22,0.0,1634181000.0,1409404500.0,849287000.0,784894000.0,1.719,6.459,-71641000.0,231448000.0,231448000.0,1680299000.0,80659000.0,1.841,1.111,326651000.0,80266000.0,246385000.0,326651000.0,0.0,77498000.0,0.0,0.0,0.0,145059000.0,222557000.0,0.092,222557000.0,145059000.0,128575000.0,0.68,0.63,0.68,774003000.0,722905000.0,774003000.0,1371421746.0,9.0,6.162,113388000.0,0.946,1.0,742390000.0,0.306,405878000.0,16484000.0,862312000.0,774834500.0,393075000.0,92901000.0,92661000.0,240000.0,860178000.0,461194000.0,398984000.0,1405538746.0,7592000.0,-206467000.0,14767000.0,108446000.0,0.0,123213000.0,-300650000.0,-17072000.0,185029000.0,0.0,80659000.0,80659000.0,80659000.0,0.0,0.0,0.033,604420000.0,137970000.0,175009000.0,0.0,1.816,17.426,17.25,338188000.0,0.0,11.73,0.58,0.58,0.0,594065000.0,2422689000.0,2422689000.0,0.0,0.057,0.112,0.187,0.06,9910000.0,603815000.0,1.0,119824275.0,119824275.0,,20.219,1228303000.0,24767000.0,47916000.0,162763000.0,10.251,388093000.0
28,CHRS1,MRT,2005-03-31,2005-04-30,2005-04-30,2019-07-22,0.0,1385459000.0,1321003000.0,794405000.0,591054000.0,1.775,6.109,-64440000.0,254801000.0,254801000.0,1644798000.0,68294000.0,2.25,0.907,220684000.0,20822000.0,199862000.0,220684000.0,0.0,76705000.0,0.0,0.0,0.0,125767000.0,202472000.0,0.086,202472000.0,125767000.0,110115000.0,0.58,0.54,0.58,726441000.0,701585250.0,726441000.0,836704939.0,7.0,4.132,99515000.0,0.837,1.0,700553000.0,0.299,236319000.0,15652000.0,761907000.0,734669000.0,347794000.0,84879000.0,84639000.0,240000.0,659018000.0,353116000.0,305902000.0,884689939.0,109477000.0,0.0,27004000.0,-1036000.0,0.0,25968000.0,-80446000.0,-8771000.0,163955000.0,0.0,68294000.0,68294000.0,68294000.0,0.0,0.0,0.029,580305000.0,120248000.0,171781000.0,0.0,1.218,12.954,12.828,318508000.0,0.0,7.44,0.377,0.377,0.0,554641000.0,2345351000.0,2345351000.0,0.0,0.052,0.097,0.171,0.054,10778000.0,579700000.0,1.0,118909938.0,118909938.0,,19.724,1149140000.0,15500000.0,41821000.0,109982000.0,9.664,441289000.0
29,CHRS1,MRT,2004-12-31,2005-01-29,2005-01-29,2019-07-22,0.0,1303771000.0,1288284250.0,712908000.0,590863000.0,1.812,5.84,-60565000.0,273049000.0,273049000.0,1642650000.0,64526000.0,2.385,0.877,225064000.0,16419000.0,208645000.0,225064000.0,0.0,77069000.0,0.0,0.0,0.0,117278000.0,194347000.0,0.083,194347000.0,117278000.0,101668000.0,0.56,0.52,0.56,694464000.0,679733500.0,694464000.0,983695299.0,8.0,5.062,105375000.0,0.886,1.0,692086000.0,0.296,236484000.0,15610000.0,720383000.0,727520750.0,285120000.0,53097000.0,52857000.0,240000.0,609307000.0,298919000.0,310388000.0,960792299.0,149268000.0,0.0,33158000.0,-782000.0,0.0,32376000.0,-49048000.0,18501000.0,165940000.0,0.0,64526000.0,64526000.0,64526000.0,0.0,0.0,0.028,577906000.0,114180000.0,127819000.0,0.0,1.384,14.89,14.429,320663000.0,0.0,8.08,0.412,0.412,0.0,524624000.0,2334736000.0,2334736000.0,0.0,0.05,0.095,0.161,0.05,9006000.0,577301000.0,1.0,118909938.0,118909938.0,,19.634,1067287000.0,15500000.0,37142000.0,31645000.0,8.976,413989000.0
30,CHRS1,MRT,2004-09-30,2004-10-30,2004-10-30,2019-07-22,-7000.0,1314207000.0,1255609000.0,732137000.0,582070000.0,1.859,5.9,-56230000.0,202878000.0,202878000.0,1652252000.0,67210000.0,2.119,0.886,225781000.0,22558000.0,203223000.0,225781000.0,0.0,85501000.0,0.0,0.0,0.0,117850000.0,203351000.0,0.087,203351000.0,117850000.0,102379000.0,0.57,0.55,0.57,696712000.0,652969750.0,696712000.0,894090915.0,8.0,4.397,104621000.0,0.886,1.0,682312000.0,0.292,236939000.0,15471000.0,754736000.0,730541000.0,378955000.0,55717000.0,53468000.0,2249000.0,617495000.0,345435000.0,272060000.0,900941915.0,130591000.0,0.0,24038000.0,-4835000.0,0.0,19203000.0,-49463000.0,15449000.0,160851000.0,0.0,67210000.0,67210000.0,67210000.0,0.0,-142000.0,0.029,577764000.0,104548000.0,167244000.0,0.0,1.293,13.405,13.386,311173000.0,0.0,7.63,0.386,0.386,0.0,539472000.0,2334564000.0,2334564000.0,0.0,0.054,0.103,0.161,0.05,4210000.0,565625000.0,1.0,118078888.0,118078888.0,,19.771,1077268000.0,19693000.0,35169000.0,70793000.0,9.123,386702000.0
31,CHRS1,MRT,2004-06-30,2004-07-31,2004-07-31,2019-07-22,-95000.0,1280575000.0,1232862500.0,696805000.0,583770000.0,1.884,5.987,-51499000.0,223856000.0,223856000.0,1655992000.0,63016000.0,2.08,0.859,217005000.0,22828000.0,194177000.0,217005000.0,0.0,83861000.0,0.0,0.0,0.0,111838000.0,195699000.0,0.084,195699000.0,111838000.0,96120000.0,0.54,0.52,0.54,688724000.0,627358250.0,688724000.0,918924692.0,8.0,4.696,87939000.0,0.764,1.0,667104000.0,0.287,237104000.0,15718000.0,701650000.0,731963750.0,307244000.0,71687000.0,66438000.0,5249000.0,591851000.0,334970000.0,256881000.0,844378692.0,83982000.0,0.0,24195000.0,-16878000.0,0.0,7317000.0,-62773000.0,-3980000.0,139438000.0,0.0,63016000.0,63016000.0,63016000.0,0.0,-142000.0,0.027,568138000.0,98966000.0,163195000.0,0.0,1.226,13.399,13.593,310056000.0,0.0,7.34,0.363,0.363,0.0,532440000.0,2323096000.0,2323096000.0,0.0,0.051,0.1,0.153,0.048,4210000.0,556456000.0,1.0,115037969.0,115037969.0,,20.194,1043471000.0,19820000.0,33104000.0,70942000.0,9.071,361835000.0
32,CHRS1,MRT,2004-03-31,2004-05-01,2004-05-01,2019-07-22,-280000.0,1254584000.0,1214512750.0,656533000.0,598051000.0,1.908,5.646,-52102000.0,145324000.0,145324000.0,1652904000.0,54602000.0,1.831,0.963,219870000.0,23035000.0,196835000.0,219870000.0,0.0,84356000.0,0.0,0.0,0.0,98483000.0,182839000.0,0.079,182839000.0,98483000.0,82796000.0,0.48,0.46,0.48,639034000.0,602994000.0,639034000.0,897634705.0,9.0,4.909,64692000.0,0.572,1.0,663911000.0,0.287,237269000.0,15687000.0,733314000.0,728599500.0,356441000.0,74694000.0,59214000.0,15480000.0,615550000.0,358547000.0,257003000.0,801318705.0,47695000.0,0.0,7430000.0,-15253000.0,0.0,-7823000.0,-61276000.0,-3011000.0,116794000.0,0.0,54602000.0,54602000.0,54602000.0,0.0,-142000.0,0.024,578474000.0,85437000.0,173329000.0,0.0,1.254,14.676,14.75,317206000.0,0.0,7.08,0.346,0.346,0.0,504702000.0,2316815000.0,2316815000.0,0.0,0.045,0.091,0.135,0.043,23000.0,560403000.0,1.0,113180608.0,113180608.0,,20.47,1017315000.0,19861000.0,28194000.0,73297000.0,8.988,297986000.0
33,CHRS1,MRT,2003-12-31,2004-01-31,2004-01-31,2019-07-22,-365000.0,1173070000.0,1202819750.0,565666000.0,607404000.0,1.902,5.19,-53528000.0,123781000.0,123781000.0,1645499000.0,38042000.0,1.889,0.997,220097000.0,17278000.0,202819000.0,220097000.0,0.0,84534000.0,0.0,0.0,0.0,75274000.0,159808000.0,0.07,159808000.0,75274000.0,59665000.0,0.34,0.33,0.34,587409000.0,586203750.0,587409000.0,810589587.0,11.0,5.072,46134000.0,0.408,1.0,642864000.0,0.281,237434000.0,15609000.0,732464000.0,721449250.0,309995000.0,70209000.0,55688000.0,14521000.0,585661000.0,299488000.0,286173000.0,667765587.0,21755000.0,0.0,1173000.0,-14509000.0,0.0,-13336000.0,-64571000.0,-4339000.0,99662000.0,0.0,38042000.0,38042000.0,38042000.0,0.0,0.0,0.017,569782000.0,73082000.0,135777000.0,0.0,1.137,17.553,17.353,328009000.0,0.0,5.9,0.292,0.292,0.0,460098000.0,2288363000.0,2288363000.0,0.0,0.032,0.065,0.104,0.033,23000.0,558248000.0,1.0,113180608.0,113180608.0,,20.219,935636000.0,18708000.0,21623000.0,84482000.0,8.267,266178000.0
34,CHRS1,MRT,2003-09-30,2003-11-01,2003-11-01,2019-07-22,-414000.0,1223221000.0,1192523750.0,616230000.0,606991000.0,1.93,5.256,-56075000.0,72287000.0,72287000.0,1662834000.0,31055000.0,1.682,1.058,215111000.0,14523000.0,200588000.0,215111000.0,0.0,86943000.0,0.0,0.0,0.0,65560000.0,152503000.0,0.066,152503000.0,65560000.0,50638000.0,0.29,0.28,0.29,594266000.0,579760000.0,594266000.0,822872504.0,13.0,5.396,65227000.0,0.577,1.0,638353000.0,0.277,239237000.0,14922000.0,760427000.0,706953000.0,408170000.0,78665000.0,55024000.0,23641000.0,628955000.0,366381000.0,262574000.0,744018504.0,26031000.0,0.0,443000.0,-38836000.0,0.0,-38393000.0,-56878000.0,6605000.0,121302000.0,0.0,31055000.0,31055000.0,31055000.0,0.0,-487000.0,0.013,573551000.0,64802000.0,195553000.0,0.0,1.252,23.958,22.69,319322000.0,0.0,6.58,0.323,0.323,0.0,467628000.0,2301187000.0,2301187000.0,0.0,0.026,0.054,0.093,0.028,1505000.0,567396000.0,1.0,113072721.0,113072721.0,,20.351,983984000.0,16626000.0,19583000.0,62787000.0,8.702,249849000.0
35,CHRS1,MRT,2003-06-30,2003-08-02,2003-08-02,2019-07-22,-397000.0,1207176000.0,1189333500.0,596500000.0,610676000.0,1.945,5.233,-81558000.0,139874000.0,139874000.0,1671608000.0,28604000.0,1.664,1.042,218728000.0,14626000.0,204102000.0,218728000.0,0.0,88905000.0,0.0,0.0,0.0,62984000.0,151889000.0,0.066,151889000.0,62984000.0,47518000.0,0.27,0.26,0.27,591267000.0,571637500.0,591267000.0,702451449.0,11.0,4.625,76696000.0,0.679,1.0,641620000.0,0.277,239402000.0,15466000.0,688193000.0,698718500.0,307052000.0,75501000.0,51226000.0,24275000.0,615909000.0,358435000.0,257474000.0,582986449.0,18983000.0,0.0,-65352000.0,2645000.0,0.0,-62707000.0,-76564000.0,14530000.0,158254000.0,0.0,28604000.0,28604000.0,28604000.0,0.0,-487000.0,0.012,579775000.0,61845000.0,184013000.0,0.0,0.986,20.381,19.111,320411000.0,0.0,5.16,0.252,0.252,0.0,465469000.0,2313228000.0,2313228000.0,0.0,0.024,0.05,0.09,0.027,1505000.0,575119000.0,1.0,112981870.0,112981870.0,,20.474,967774000.0,17970000.0,18914000.0,62931000.0,8.566,238065000.0
36,CHRS1,MRT,2003-03-31,2003-05-03,2003-05-03,2019-07-22,-502000.0,1207812000.0,1188009750.0,594055000.0,613757000.0,1.975,5.063,-83192000.0,97629000.0,97629000.0,1684559000.0,35429000.0,1.551,1.112,217094000.0,13644000.0,203450000.0,217094000.0,0.0,89427000.0,0.0,0.0,0.0,75301000.0,164728000.0,0.07,164728000.0,75301000.0,58006000.0,0.32,0.31,0.32,571873000.0,580441000.0,571873000.0,619586387.0,8.0,3.761,97886000.0,0.867,1.0,661520000.0,0.282,239567000.0,17295000.0,704713000.0,693755500.0,342448000.0,79477000.0,54613000.0,24864000.0,635939000.0,382997000.0,252942000.0,505972387.0,60230000.0,0.0,-83425000.0,51541000.0,0.0,-31884000.0,-88964000.0,-299000.0,181078000.0,0.0,35429000.0,35429000.0,35429000.0,0.0,-487000.0,0.015,587878000.0,73642000.0,206401000.0,0.0,0.885,14.281,14.0,321073000.0,0.0,4.48,0.216,0.216,0.0,446824000.0,2346079000.0,2346079000.0,0.0,0.03,0.061,0.109,0.032,1505000.0,589611000.0,1.0,112940265.0,112940265.0,,20.773,968245000.0,17986000.0,22577000.0,63539000.0,8.573,211058000.0
37,CHRS1,MRT,2002-12-31,2003-02-01,2003-02-01,2019-07-22,-550000.0,1131886000.0,1182778750.0,524806000.0,607080000.0,2.04,4.977,-80473000.0,102026000.0,102026000.0,1726306000.0,-6086000.0,1.584,1.015,215640000.0,12595000.0,203045000.0,215640000.0,0.0,88492000.0,0.0,0.0,0.0,41323000.0,129815000.0,0.054,129815000.0,41323000.0,21031000.0,-0.05,-0.01,-0.05,561634000.0,580078750.0,561634000.0,573400884.0,14.0,4.417,132490000.0,1.174,1.0,686103000.0,0.284,239732000.0,20292000.0,674479000.0,690347750.0,286472000.0,66488000.0,50286000.0,16202000.0,570252000.0,331289000.0,238963000.0,379142884.0,65386000.0,0.0,-79457000.0,20014000.0,0.0,-59443000.0,-88134000.0,-3511000.0,212963000.0,0.0,-6086000.0,-6086000.0,-6086000.0,0.0,0.0,-0.003,598689000.0,87414000.0,147952000.0,0.0,0.675,-62.298,-67.2,323081000.0,0.0,3.36,0.157,0.157,0.0,437135000.0,2412409000.0,2412409000.0,0.0,-0.005,-0.01,0.06,0.017,1505000.0,603502000.0,1.0,112840144.0,112840144.0,,21.379,892154000.0,11726000.0,27117000.0,43062000.0,7.906,193517000.0
38,CHRS1,MRT,2002-09-30,2002-11-02,2002-11-02,2019-07-22,-691000.0,1210460000.0,1185786500.0,594716000.0,615744000.0,2.073,4.592,-78451000.0,46256000.0,46256000.0,1751776000.0,-34442000.0,1.362,1.155,240514000.0,37906000.0,202608000.0,240514000.0,0.0,78183000.0,0.0,0.0,0.0,1880000.0,80063000.0,0.033,80063000.0,1880000.0,-22561000.0,-0.32,-0.3,-0.32,561776000.0,576870750.0,561776000.0,707050553.0,376.0,8.831,154462000.0,1.263,1.0,706566000.0,0.287,240453000.0,24441000.0,727489000.0,711155250.0,383057000.0,85380000.0,51566000.0,33814000.0,648684000.0,436776000.0,211908000.0,627615553.0,-10322000.0,0.0,-79862000.0,-56497000.0,0.0,-136359000.0,-106876000.0,-34237000.0,232913000.0,0.0,-34442000.0,-34442000.0,-34442000.0,0.0,0.0,-0.014,661827000.0,44739000.0,180308000.0,0.0,1.117,-18.222,-16.031,323891000.0,0.0,5.13,0.255,0.255,0.0,438292000.0,2458342000.0,2458342000.0,0.0,-0.029,-0.06,0.003,0.001,20000.0,620585000.0,1.0,122342213.0,122342213.0,,20.094,970007000.0,19960000.0,11881000.0,49677000.0,7.929,157940000.0
39,CHRS1,MRT,2002-06-30,2002-08-03,2002-08-03,2019-07-22,-744000.0,1201881000.0,1207726000.0,617747000.0,584134000.0,2.041,5.543,-56947000.0,120891000.0,120891000.0,1756755000.0,-33990000.0,1.643,0.918,200326000.0,10334000.0,189992000.0,200326000.0,0.0,76965000.0,0.0,0.0,0.0,3731000.0,80696000.0,0.033,80696000.0,3731000.0,-22679000.0,-0.32,-0.3,-0.32,626481000.0,579550250.0,626481000.0,911351306.0,244.0,11.294,177083000.0,1.567,1.0,708550000.0,0.287,236903000.0,26410000.0,668341000.0,738501750.0,308351000.0,90023000.0,61008000.0,29015000.0,575400000.0,376072000.0,199328000.0,710866306.0,-4645000.0,-280841000.0,-13952000.0,134982000.0,0.0,121030000.0,-359705000.0,-27353000.0,234030000.0,0.0,-33990000.0,-33990000.0,-33990000.0,0.0,0.0,-0.014,662324000.0,46226000.0,141119000.0,0.0,1.135,-20.914,-19.656,303099000.0,0.0,6.29,0.288,0.288,0.0,437790000.0,2465305000.0,2465305000.0,0.0,-0.028,-0.059,0.005,0.002,20000.0,618510000.0,1.0,113015311.0,113015311.0,,21.814,964978000.0,20704000.0,11311000.0,49896000.0,8.538,241675000.0
40,CHRS1,MRT,2002-03-31,2002-05-04,2002-05-04,2019-07-22,-717000.0,1186888000.0,1129433250.0,545048000.0,641840000.0,1.974,5.047,-58141000.0,37399000.0,37399000.0,1607260000.0,-44600000.0,1.311,1.081,237884000.0,71905000.0,165979000.0,237884000.0,0.0,69638000.0,0.0,0.0,0.0,-16251000.0,53387000.0,0.024,53387000.0,-16251000.0,-39369000.0,-0.39,-0.36,-0.39,570424000.0,552024000.0,570424000.0,1230043313.0,-76.0,23.04,120927000.0,1.07,1.0,622438000.0,0.279,280432000.0,23118000.0,691082000.0,712869500.0,338700000.0,79393000.0,56543000.0,22850000.0,616464000.0,415859000.0,200605000.0,994517313.0,-66279000.0,-280841000.0,3961000.0,87368000.0,0.0,91329000.0,-336676000.0,-1453000.0,179068000.0,0.0,-44600000.0,-44600000.0,-44600000.0,0.0,0.0,-0.02,596462000.0,25976000.0,149555000.0,0.0,1.743,-22.299,-22.564,310184000.0,0.0,8.8,0.446,0.446,0.0,456216000.0,2229698000.0,2229698000.0,0.0,-0.039,-0.081,-0.023,-0.007,20000.0,551427000.0,1.0,113013331.0,113013331.0,,19.73,906456000.0,20315000.0,5231000.0,33687000.0,8.021,129189000.0
41,CHRS1,MRT,2001-12-31,2002-02-02,2002-02-02,2019-07-22,-818000.0,1143917000.0,1063237250.0,484744000.0,659173000.0,1.875,4.947,-63046000.0,36640000.0,36640000.0,1455601000.0,-4406000.0,1.427,1.083,272166000.0,63675000.0,208491000.0,272166000.0,0.0,63902000.0,0.0,0.0,0.0,14175000.0,78077000.0,0.039,78077000.0,14175000.0,-4526000.0,-0.04,-0.04,-0.04,548802000.0,534656500.0,548802000.0,931058152.0,66.0,11.925,80785000.0,0.728,1.0,538242000.0,0.27,282037000.0,18701000.0,757709000.0,682228500.0,300407000.0,70366000.0,48351000.0,22015000.0,594115000.0,339697000.0,254418000.0,622338152.0,-19904000.0,-280841000.0,1394000.0,121005000.0,0.0,122399000.0,-286134000.0,55048000.0,143831000.0,0.0,-4406000.0,-4406000.0,-4406000.0,0.0,0.0,-0.002,528797000.0,9445000.0,107891000.0,0.0,1.134,-141.248,-140.25,316012000.0,0.0,5.61,0.312,0.312,0.0,439905000.0,1993843000.0,1993843000.0,0.0,-0.004,-0.008,0.021,0.007,20000.0,486204000.0,1.0,110933717.0,110933717.0,,17.973,861880000.0,21228000.0,-120000.0,44927000.0,7.769,145047000.0
42,CHRS1,MRT,2001-09-30,2001-11-03,2001-11-03,2019-07-22,-869000.0,1298218000.0,990449750.0,640341000.0,657877000.0,1.799,5.606,-61040000.0,56578000.0,56578000.0,1284415000.0,32535000.0,1.32,1.268,365298000.0,160100000.0,205198000.0,365298000.0,0.0,56300000.0,0.0,0.0,0.0,67818000.0,124118000.0,0.07,124118000.0,67818000.0,54112000.0,0.32,0.31,0.32,572494000.0,520523250.0,572494000.0,484126689.0,7.0,3.901,-12039000.0,-0.118,1.0,497025000.0,0.279,285012000.0,13706000.0,836875000.0,642469250.0,433738000.0,51163000.0,40964000.0,10199000.0,725724000.0,485051000.0,240673000.0,485108689.0,-1681000.0,-280841000.0,2701000.0,225581000.0,0.0,229282000.0,-279964000.0,67673000.0,49001000.0,0.0,32535000.0,32535000.0,32535000.0,0.0,0.0,0.018,435762000.0,61263000.0,149433000.0,0.0,0.847,14.91,14.844,326216000.0,0.0,4.75,0.272,0.272,0.0,467699000.0,1781440000.0,1781440000.0,0.0,0.033,0.063,0.106,0.038,215000.0,430808000.0,1.0,102128145.0,102128145.0,,17.443,1013206000.0,31848000.0,21577000.0,42440000.0,9.921,155290000.0
43,CHRS1,MRT,2001-06-30,2001-08-04,2001-08-04,2019-07-22,-953000.0,888710000.0,884784000.0,513247000.0,375463000.0,1.798,5.075,-65092000.0,125536000.0,125536000.0,1143965000.0,39752000.0,2.214,0.721,124554000.0,6492000.0,118062000.0,124554000.0,0.0,50592000.0,0.0,0.0,0.0,75250000.0,125842000.0,0.079,125842000.0,75250000.0,65787000.0,0.39,0.38,0.39,516376000.0,498088000.0,516376000.0,710252063.0,9.0,5.644,-16923000.0,-0.166,1.0,447297000.0,0.281,90077000.0,9463000.0,565812000.0,576691000.0,276010000.0,62642000.0,45307000.0,17335000.0,372334000.0,231839000.0,140495000.0,690898063.0,26327000.0,0.0,2389000.0,-5104000.0,0.0,-1715000.0,-20127000.0,48652000.0,48169000.0,0.0,39752000.0,39752000.0,39752000.0,0.0,0.0,0.025,383756000.0,63541000.0,105460000.0,0.0,1.338,17.38,17.41,238645000.0,0.0,6.79,0.434,0.434,0.0,467539000.0,1591262000.0,1591262000.0,0.0,0.045,0.08,0.13,0.047,215000.0,378824000.0,1.0,101752292.0,101752292.0,,15.639,798633000.0,10678000.0,26035000.0,29784000.0,7.849,281408000.0
44,CHRS1,MRT,2001-03-31,2001-05-05,2001-05-05,2019-07-22,-1006000.0,922104000.0,873667000.0,545154000.0,376950000.0,1.855,4.924,-65809000.0,103678000.0,103678000.0,1148614000.0,51733000.0,1.936,0.841,123032000.0,5957000.0,117075000.0,123032000.0,0.0,49698000.0,0.0,0.0,0.0,94108000.0,143806000.0,0.089,143806000.0,94108000.0,84938000.0,0.5,,0.5,500954000.0,487405750.0,500954000.0,662232414.0,7.0,4.605,10373000.0,0.102,1.0,472243000.0,0.291,91298000.0,9170000.0,568518000.0,562225750.0,311606000.0,77760000.0,55067000.0,22693000.0,421150000.0,281642000.0,139508000.0,600282414.0,41043000.0,0.0,2778000.0,-4432000.0,0.0,-654000.0,-34485000.0,37999000.0,76182000.0,0.0,51733000.0,51733000.0,51733000.0,0.0,0.0,0.032,388467000.0,83776000.0,144871000.0,0.0,1.198,11.603,11.8,233704000.0,0.0,5.9,0.37,0.37,0.0,452679000.0,1620857000.0,1620857000.0,0.0,0.059,0.106,0.167,0.058,215000.0,383560000.0,1.0,101742782.0,101742782.0,,15.931,830806000.0,10678000.0,33205000.0,25638000.0,8.166,263512000.0
45,CHRS1,MRT,2000-12-31,2001-02-03,2001-02-03,2019-07-22,74000.0,852767000.0,853511750.0,431914000.0,420853000.0,1.883,4.864,-57088000.0,56544000.0,56544000.0,1134554000.0,51098000.0,1.932,0.73,118494000.0,4954000.0,113540000.0,118494000.0,0.0,48282000.0,0.0,0.0,0.0,93006000.0,141288000.0,0.088,141288000.0,93006000.0,84112000.0,0.5,0.48,0.5,492269000.0,473751250.0,492269000.0,731228624.0,8.0,5.175,36181000.0,0.357,1.0,472525000.0,0.294,92520000.0,8894000.0,598672000.0,547458000.0,259127000.0,125278000.0,48817000.0,76461000.0,359498000.0,223525000.0,135973000.0,670525624.0,22245000.0,0.0,2431000.0,-3535000.0,0.0,-104000.0,-70920000.0,-7388000.0,93269000.0,0.0,51098000.0,51098000.0,51098000.0,0.0,0.0,0.032,387283000.0,85242000.0,94881000.0,0.0,1.362,13.122,13.25,217863000.0,0.0,6.625,0.417,0.417,0.0,444311000.0,1607079000.0,1607079000.0,0.0,0.06,0.108,0.17,0.058,215000.0,382398000.0,1.0,101211415.0,101211415.0,,15.878,760247000.0,10678000.0,33014000.0,21433000.0,7.511,208389000.0
46,CHRS1,MRT,2000-09-30,2000-10-28,2000-10-28,2019-07-22,-523000.0,875555000.0,836519000.0,456855000.0,418700000.0,1.807,4.773,-57348000.0,58259000.0,58259000.0,1074385000.0,50507000.0,1.7,0.814,118962000.0,5221000.0,113741000.0,118962000.0,0.0,45255000.0,0.0,0.0,0.0,89932000.0,135187000.0,0.089,135187000.0,89932000.0,81555000.0,0.5,,0.5,482753000.0,459749750.0,482753000.0,567684408.0,6.0,4.199,56569000.0,0.559,1.0,437081000.0,0.289,93810000.0,8377000.0,573762000.0,529610000.0,306064000.0,117960000.0,42354000.0,75606000.0,392802000.0,268686000.0,124116000.0,556276408.0,45417000.0,-138874000.0,8881000.0,-2685000.0,0.0,6196000.0,-74696000.0,123575000.0,113917000.0,0.0,50507000.0,50507000.0,50507000.0,0.0,0.0,0.033,360559000.0,76522000.0,136085000.0,0.0,1.152,11.014,11.0,221253000.0,0.0,5.5,0.368,0.368,0.0,436499000.0,1511466000.0,1511466000.0,0.0,0.06,0.11,0.17,0.059,2048000.0,357601000.0,1.0,101141165.0,101141165.0,,14.944,781745000.0,10801000.0,31048000.0,18491000.0,7.729,188169000.0
47,CHRS1,MRT,2000-06-30,2000-07-29,2000-07-29,2019-07-22,-1083000.0,844242000.0,805999000.0,448020000.0,396222000.0,1.779,4.688,-46550000.0,99209000.0,99209000.0,1017986000.0,51406000.0,1.773,0.782,110617000.0,3088000.0,107529000.0,110617000.0,0.0,40927000.0,0.0,0.0,0.0,93140000.0,134067000.0,0.094,134067000.0,93140000.0,85427000.0,0.51,,0.51,473647000.0,443758000.0,473647000.0,587167802.0,6.0,4.38,42502000.0,0.421,1.0,415506000.0,0.29,95008000.0,7713000.0,507951000.0,537463250.0,255922000.0,109714000.0,36950000.0,72764000.0,370595000.0,252691000.0,117904000.0,543044802.0,70203000.0,-145309000.0,7645000.0,-5140000.0,0.0,2505000.0,-21354000.0,172515000.0,89052000.0,0.0,51406000.0,51406000.0,51406000.0,0.0,0.0,0.036,329524000.0,85982000.0,117039000.0,0.0,1.147,10.564,10.539,201463000.0,0.0,5.375,0.379,0.379,0.0,428600000.0,1433492000.0,1433492000.0,0.0,0.064,0.116,0.173,0.065,2048000.0,334465000.0,1.0,101031591.0,101031591.0,,14.189,749234000.0,10801000.0,34021000.0,23365000.0,7.416,195329000.0
48,CHRS1,MRT,2000-03-31,2000-04-29,2000-04-29,2019-07-22,-1457000.0,841483000.0,777448500.0,453978000.0,387505000.0,1.692,4.419,-35386000.0,62635000.0,62635000.0,936228000.0,46790000.0,1.622,0.885,106758000.0,1939000.0,104819000.0,106758000.0,0.0,36417000.0,0.0,0.0,0.0,83632000.0,120049000.0,0.091,120049000.0,83632000.0,76188000.0,0.48,,0.48,446336000.0,427811250.0,446336000.0,754537695.0,9.0,6.285,63761000.0,0.631,1.0,379286000.0,0.288,96206000.0,7444000.0,509447000.0,556847000.0,292208000.0,113611000.0,39816000.0,73795000.0,395147000.0,279953000.0,115194000.0,681703695.0,40633000.0,-145309000.0,7389000.0,-4354000.0,0.0,3035000.0,-61549000.0,125266000.0,99147000.0,0.0,46790000.0,46790000.0,46790000.0,0.0,0.0,0.036,302812000.0,76474000.0,147758000.0,0.0,1.527,14.569,14.063,191448000.0,0.0,6.75,0.518,0.518,0.0,402156000.0,1315514000.0,1315514000.0,0.0,0.06,0.109,0.15,0.064,2048000.0,311783000.0,1.0,100993140.0,100993140.0,,13.026,745277000.0,10801000.0,29398000.0,13249000.0,7.379,174025000.0
49,CHRS1,MRT,1999-12-31,2000-01-29,2000-01-29,2019-07-22,-1423000.0,784796000.0,737977500.0,394321000.0,390475000.0,1.621,4.423,-28655000.0,34299000.0,34299000.0,854774000.0,45059000.0,1.693,0.799,107133000.0,1920000.0,105213000.0,107133000.0,0.0,32952000.0,0.0,0.0,0.0,79219000.0,112171000.0,0.094,112171000.0,79219000.0,71911000.0,0.46,0.43,0.46,436263000.0,413450250.0,436263000.0,724451715.0,9.0,6.458,29239000.0,0.296,1.0,341755000.0,0.286,97405000.0,7308000.0,527280000.0,572365750.0,260792000.0,115829000.0,41339000.0,74490000.0,348533000.0,232945000.0,115588000.0,641140715.0,-9490000.0,-145309000.0,6385000.0,-25030000.0,0.0,-18645000.0,-48739000.0,130152000.0,57894000.0,0.0,45059000.0,45059000.0,45059000.0,0.0,0.0,0.038,271466000.0,70289000.0,88721000.0,0.0,1.47,14.229,14.13,190924000.0,0.0,6.5,0.536,0.536,0.0,393213000.0,1196529000.0,1196529000.0,0.0,0.061,0.109,0.138,0.066,2048000.0,281637000.0,1.0,98637033.0,98637033.0,,12.131,687391000.0,10801000.0,26852000.0,10375000.0,6.969,161376000.0
50,CHRS1,MRT,1999-09-30,1999-10-30,1999-10-30,2019-07-22,-2191000.0,753475000.0,712940750.0,371430000.0,382045000.0,1.59,4.255,-27367000.0,12842000.0,12842000.0,807073000.0,27366000.0,1.604,0.799,96153000.0,17000.0,96136000.0,96153000.0,0.0,32697000.0,0.0,0.0,0.0,52446000.0,85143000.0,0.075,85143000.0,52446000.0,44503000.0,0.28,,0.28,418786000.0,400277500.0,418786000.0,559298675.0,11.0,6.569,36628000.0,0.372,1.0,326375000.0,0.288,0.0,7943000.0,605175000.0,588317000.0,262488000.0,242437000.0,42572000.0,199865000.0,334689000.0,231611000.0,103078000.0,492148675.0,-19791000.0,-6435000.0,-471000.0,-26817000.0,0.0,-27288000.0,-56498000.0,-16576000.0,63995000.0,0.0,27366000.0,27366000.0,27366000.0,0.0,0.0,0.024,309161000.0,17214000.0,98054000.0,0.0,1.175,17.984,17.857,153621000.0,0.0,5.0,0.434,0.434,0.0,384657000.0,1133448000.0,1133448000.0,0.0,0.038,0.068,0.089,0.046,-389000.0,264449000.0,1.0,98429735.0,98429735.0,,11.515,753475000.0,15194000.0,17137000.0,18995000.0,7.655,139819000.0
51,CHRS1,MRT,1999-06-30,1999-07-31,1999-07-31,2019-07-22,-2341000.0,730040000.0,701341250.0,314986000.0,415054000.0,1.563,4.172,-22896000.0,29006000.0,29006000.0,788044000.0,18666000.0,1.488,0.781,96156000.0,16000.0,96140000.0,96156000.0,0.0,33125000.0,0.0,0.0,0.0,36651000.0,69776000.0,0.064,69776000.0,36651000.0,28042000.0,0.2,,0.2,409860000.0,393840250.0,409860000.0,731069345.0,20.0,10.477,58175000.0,0.592,1.0,307924000.0,0.281,0.0,8609000.0,585486000.0,591302500.0,197490000.0,277256000.0,38251000.0,239005000.0,320180000.0,211704000.0,108476000.0,656915345.0,-18168000.0,0.0,-9722000.0,-35853000.0,0.0,-45575000.0,-53664000.0,-18824000.0,81071000.0,0.0,18666000.0,18666000.0,18666000.0,0.0,0.0,0.017,306505000.0,1419000.0,89694000.0,0.0,1.603,35.193,33.438,148174000.0,0.0,6.688,0.599,0.599,0.0,376381000.0,1095968000.0,1095968000.0,0.0,0.027,0.047,0.062,0.033,-389000.0,255093000.0,1.0,98230332.0,98230332.0,,11.157,730040000.0,15194000.0,9376000.0,24755000.0,7.432,103282000.0
52,CHRS1,MRT,1999-03-31,1999-05-01,1999-05-01,2019-07-22,-602000.0,683599000.0,703011500.0,341139000.0,342460000.0,1.514,3.959,-24586000.0,22002000.0,22002000.0,778717000.0,5769000.0,1.832,0.758,96156000.0,16000.0,96140000.0,96156000.0,0.0,33895000.0,0.0,0.0,0.0,17603000.0,51498000.0,0.048,51498000.0,17603000.0,8199000.0,0.06,,0.06,388892000.0,392046750.0,388892000.0,456343703.0,26.0,8.861,24162000.0,0.246,1.0,285884000.0,0.269,0.0,9404000.0,571522000.0,604403750.0,204396000.0,238259000.0,68202000.0,170057000.0,294707000.0,186231000.0,108476000.0,380641703.0,-26928000.0,0.0,-11683000.0,-38853000.0,0.0,-50536000.0,-25140000.0,8910000.0,48748000.0,0.0,5769000.0,5769000.0,5769000.0,0.0,0.0,0.005,303513000.0,-17629000.0,84288000.0,0.0,0.979,65.981,64.583,149600000.0,0.0,3.875,0.358,0.358,0.0,354156000.0,1064601000.0,1064601000.0,0.0,0.008,0.015,0.029,0.017,-389000.0,249267000.0,1.0,98230117.0,98230117.0,,10.838,683599000.0,15194000.0,2430000.0,14532000.0,6.959,154908000.0
53,CHRS1,MRT,1998-12-31,1999-01-30,1999-01-30,2019-07-22,267000.0,684649000.0,716589750.0,361540000.0,323109000.0,1.467,3.92,-32001000.0,43789000.0,43789000.0,771107000.0,-20135000.0,2.136,0.785,119491000.0,16000.0,119475000.0,119491000.0,0.0,35091000.0,0.0,0.0,0.0,-20937000.0,14154000.0,0.013,14154000.0,-20937000.0,-30989000.0,-0.2,-0.2,-0.2,383572000.0,393527750.0,383572000.0,450444965.0,-22.0,31.825,31370000.0,0.321,1.0,280056000.0,0.266,0.0,10052000.0,591085000.0,620089500.0,171327000.0,246625000.0,100743000.0,145882000.0,301077000.0,169266000.0,131811000.0,360782965.0,31440000.0,0.0,-13434000.0,-17806000.0,0.0,-31240000.0,-691000.0,45612000.0,63371000.0,0.0,-20135000.0,-20135000.0,-20135000.0,0.0,0.0,-0.019,300993000.0,-20937000.0,61806000.0,0.0,0.941,-17.918,-18.438,154583000.0,0.0,3.688,0.343,0.343,0.0,348154000.0,1051163000.0,1051163000.0,0.0,-0.028,-0.051,-0.034,-0.02,-389000.0,246747000.0,1.0,97839448.0,97839448.0,,10.744,684649000.0,15194000.0,-10854000.0,16888000.0,6.998,192274000.0
54,CHRS1,MRT,1998-09-30,1998-10-31,1998-10-31,2019-07-22,565000.0,707077000.0,722862000.0,358081000.0,348996000.0,1.464,3.927,-28754000.0,32633000.0,32633000.0,779573000.0,-4801000.0,1.994,0.799,122295000.0,16000.0,122279000.0,122295000.0,0.0,36869000.0,0.0,0.0,0.0,2761000.0,39630000.0,0.037,39630000.0,2761000.0,-7494000.0,,,,393037000.0,401837250.0,393037000.0,463279380.0,168.0,11.69,44835000.0,0.448,1.0,279045000.0,0.264,0.0,10255000.0,617117000.0,645530250.0,217000000.0,224880000.0,72721000.0,152159000.0,314040000.0,179622000.0,134418000.0,375325380.0,1633000.0,0.0,-38866000.0,-15841000.0,0.0,-54707000.0,-17249000.0,17867000.0,73589000.0,0.0,-4801000.0,-4801000.0,-4801000.0,0.0,0.0,-0.005,276284000.0,2761000.0,83198000.0,,0.955,-78.177,,172423000.0,0.0,3.75,0.355,0.355,0.0,357291000.0,1058618000.0,1058618000.0,0.0,-0.007,-0.012,0.004,0.003,-657000.0,242284000.0,1.0,100086768.0,100086768.0,,10.577,707077000.0,6587000.0,-2693000.0,12139000.0,7.065,178459000.0
55,CHRS1,MRT,1998-06-30,1998-08-01,1998-08-01,2019-07-22,-218000.0,736721000.0,,332968000.0,403753000.0,,4.012,-29582000.0,47174000.0,47174000.0,779333000.0,4249000.0,1.783,0.83,135128000.0,16000.0,135112000.0,135128000.0,0.0,38161000.0,0.0,0.0,0.0,16871000.0,55032000.0,0.052,55032000.0,16871000.0,6421000.0,,,,402686000.0,,402686000.0,553367916.0,33.0,10.055,61007000.0,0.608,1.0,276248000.0,0.262,0.0,10450000.0,637891000.0,,194991000.0,262803000.0,51410000.0,211393000.0,334035000.0,186784000.0,147251000.0,464169916.0,9591000.0,0.0,-27791000.0,-3012000.0,0.0,-30803000.0,-50195000.0,-19758000.0,90589000.0,0.0,4249000.0,4249000.0,4249000.0,0.0,0.0,0.004,259377000.0,16871000.0,82771000.0,,1.153,109.242,,174369000.0,0.0,4.625,0.44,0.44,0.0,357715000.0,1055581000.0,1055581000.0,0.0,,,,0.016,-462000.0,238395000.0,1.0,100361063.0,100361063.0,,10.518,736721000.0,6540000.0,2172000.0,12139000.0,7.341,146184000.0
56,CHRS1,MRT,1998-03-31,1998-05-02,1998-05-02,2019-07-22,-285000.0,737912000.0,,367837000.0,370075000.0,,3.92,-25038000.0,48930000.0,48930000.0,772210000.0,1774000.0,1.907,0.869,138128000.0,16000.0,138112000.0,138128000.0,0.0,40225000.0,0.0,0.0,0.0,12540000.0,52765000.0,0.051,52765000.0,12540000.0,2150000.0,,,,394816000.0,,394816000.0,591613735.0,47.0,11.212,76319000.0,0.758,1.0,269792000.0,0.259,0.0,10390000.0,634265000.0,,206554000.0,247659000.0,68744000.0,178915000.0,343096000.0,192845000.0,150251000.0,465830735.0,-10102000.0,0.0,-25798000.0,-12000.0,0.0,-25810000.0,-85649000.0,-62367000.0,101357000.0,0.0,1774000.0,1774000.0,1774000.0,0.0,0.0,0.002,257252000.0,12540000.0,83099000.0,,1.18,262.588,,175654000.0,0.0,4.625,0.447,0.447,0.0,348387000.0,1042002000.0,1042002000.0,0.0,,,,0.012,-222000.0,236270000.0,1.0,100720159.0,100720159.0,,10.346,737912000.0,10699000.0,376000.0,12139000.0,7.326,174992000.0
57,CHRS1,MRT,1997-12-31,1998-01-31,1998-01-31,2019-07-22,332000.0,709738000.0,710067500.0,305881000.0,403857000.0,1.454,4.138,-18436000.0,12349000.0,12349000.0,772709000.0,19334000.0,2.144,0.703,138132000.0,16000.0,138116000.0,138132000.0,0.0,40810000.0,0.0,0.0,0.0,39812000.0,80622000.0,0.078,80622000.0,39812000.0,29422000.0,,,,416810000.0,418922500.0,416810000.0,,,,65048000.0,0.646,1.0,259814000.0,0.252,0.0,10390000.0,692848000.0,660164000.0,175785000.0,292100000.0,84909000.0,207191000.0,292928000.0,142673000.0,150255000.0,409175646.0,-66630000.0,0.0,-23780000.0,-12000.0,0.0,-23792000.0,-126322000.0,-115794000.0,83484000.0,0.0,19334000.0,19334000.0,19334000.0,0.0,0.0,0.019,220002000.0,39812000.0,53623000.0,,0.982,21.164,,186004000.0,0.0,4.063,0.396,0.396,0.0,368289000.0,1032523000.0,1032523000.0,0.0,0.027,0.046,0.06,0.039,-78000.0,233020000.0,1.0,100720159.0,100720159.0,,10.251,709738000.0,863000.0,10088000.0,18262000.0,7.047,163208000.0
58,CHRS1,MRT,1997-09-30,1997-11-01,1997-11-01,2019-07-22,,,,,,,,,,,,,,,,,,,,,,0.0,0.0,,,,,,,,,,,,,,,,,,1.0,,,,,,,,,,,,,,,,,,,,,,,,,,,,,,,,,,,,,,,,5.188,,,,,,,,,,,,,,1.0,,,,,,,,,,
59,CHRS1,MRT,1997-06-30,1997-08-02,1997-08-02,2019-07-22,,,,,,,,,,,,,,,,,,,,,,0.0,0.0,,,,,,,,,,,,,,,,,,1.0,,,,,,,,,,,,,,,,,,,,,,,,,,,,,,,,,,,,,,,,5.875,,,,,,,,,,,,,,1.0,,,,,,,,,,
60,CHRS1,MRT,1997-03-31,1997-05-03,1997-05-03,2019-07-22,,,,,,,,,,,,,,,,,,,,,,0.0,0.0,,,,,,,,,,,,,,,,,,1.0,,,,,,,,,,,,,,,,,,,,,,,,,,,,,,,,,,,,,,,,6.0,,,,,,,,,,,,,,1.0,,,,,,,,,,
61,CHRS1,MRT,1996-12-31,1997-02-01,1997-02-01,2019-07-22,159000.0,710397000.0,,366226000.0,344171000.0,,,-2661000.0,78979000.0,78979000.0,782671000.0,-7237000.0,2.578,0.687,138144000.0,16000.0,138128000.0,138144000.0,0.0,45089000.0,0.0,0.0,0.0,-341000.0,44748000.0,0.044,44748000.0,-341000.0,-9920000.0,,,,421035000.0,,421035000.0,,,,128738000.0,,1.0,241090000.0,0.235,0.0,9579000.0,627480000.0,,193977000.0,175831000.0,55856000.0,119975000.0,289362000.0,142082000.0,147280000.0,,53862000.0,0.0,6644000.0,38211000.0,0.0,51855000.0,-129392000.0,-134107000.0,131399000.0,0.0,-7237000.0,-7237000.0,-7237000.0,0.0,0.0,-0.007,241431000.0,-341000.0,55501000.0,,,,,200394000.0,0.0,4.75,,,0.0,348955000.0,1023761000.0,1023761000.0,0.0,,,,0.0,-505000.0,241431000.0,1.0,,,,,710397000.0,7113000.0,-2683000.0,9152000.0,,224144000.0
62,CHRS1,MRT,1995-12-31,1996-02-03,1996-02-03,2019-07-22,,,,,,,,-30007000.0,,,917064000.0,-139241000.0,,,,,,,,46988000.0,,0.0,0.0,-211322000.0,-164334000.0,-0.148,-164334000.0,-211322000.0,-214988000.0,,,,,,,,,,-85441000.0,,1.0,190975000.0,0.172,,3666000.0,,,,,,,,,,,-18806000.0,0.0,562000.0,-9369000.0,-4634000.0,-20441000.0,57069000.0,78373000.0,-55434000.0,0.0,-139241000.0,-139241000.0,-139241000.0,0.0,0.0,-0.126,402297000.0,-211322000.0,,,,,,,0.0,3.0,,,,,1108039000.0,1108039000.0,0.0,,,,-0.191,-373000.0,299297000.0,,,,,,,,-75747000.0,,,
