None,ticker,dimension,calendardate,datekey,reportperiod,lastupdated,accoci,assets,assetsavg,assetsc,assetsnc,assetturnover,bvps,capex,cashneq,cashnequsd,cor,consolinc,currentratio,de,debt,debtc,debtnc,debtusd,deferredrev,depamor,deposits,divyield,dps,ebit,ebitda,ebitdamargin,ebitdausd,ebitusd,ebt,eps,epsdil,epsusd,equity,equityavg,equityusd,ev,evebit,evebitda,fcf,fcfps,fxusd,gp,grossmargin,intangibles,intexp,invcap,invcapavg,inventory,investments,investmentsc,investmentsnc,liabilities,liabilitiesc,liabilitiesnc,marketcap,ncf,ncfbus,ncfcommon,ncfdebt,ncfdiv,ncff,ncfi,ncfinv,ncfo,ncfx,netinc,netinccmn,netinccmnusd,netincdis,netincnci,netmargin,opex,opinc,payables,payoutratio,pb,pe,pe1,ppnenet,prefdivis,price,ps,ps1,receivables,retearn,revenue,revenueusd,rnd,roa,roe,roic,ros,sbcomp,sgna,sharefactor,sharesbas,shareswa,shareswadil,sps,tangibles,taxassets,taxexp,taxliabilities,tbvps,workingcapital
0,LVS,MRY,2020-12-31,2020-12-31,2020-12-31,2021-10-22,29000000.0,20807000000.0,21162750000.0,5707000000.0,15100000000.0,0.171,3.891,-1329000000.0,2098000000.0,2098000000.0,2608000000.0,-2143000000.0,2.027,5.809,14004000000.0,75000000.0,13929000000.0,14004000000.0,0.0,1160000000.0,0.0,0.013,0.79,-1187000000.0,-27000000.0,-0.007,-27000000.0,-1187000000.0,-1723000000.0,-2.21,-2.21,-2.21,2973000000.0,3595250000.0,2973000000.0,57038156369.0,-48.0,-2112.524,-2641000000.0,-3.457,1.0,1004000000.0,0.278,25000000.0,536000000.0,29872000000.0,29648750000.0,22000000.0,0.0,0.0,0.0,17269000000.0,2816000000.0,14453000000.0,45524156369.0,-2105000000.0,0.0,24000000.0,1447000000.0,-911000000.0,560000000.0,-1329000000.0,0.0,-1312000000.0,-24000000.0,-1685000000.0,-1685000000.0,-1685000000.0,0.0,-458000000.0,-0.467,2692000000.0,-1688000000.0,89000000.0,-0.357,15.313,-27.017,-26.968,14536000000.0,0.0,59.6,12.604,12.606,252000000.0,813000000.0,3612000000.0,3612000000.0,0.0,-0.08,-0.469,-0.04,-0.329,22000000.0,1261000000.0,1.0,763828127.0,764000000,764000000.0,4.728,20782000000.0,318000000.0,-38000000.0,275000000.0,27.202,2891000000.0
1,LVS,MRY,2019-12-31,2019-12-31,2019-12-31,2021-10-22,-3000000.0,23199000000.0,22633250000.0,5305000000.0,17894000000.0,0.607,6.728,-1211000000.0,4242000000.0,4242000000.0,6832000000.0,3304000000.0,1.645,3.218,12492000000.0,70000000.0,12422000000.0,12492000000.0,0.0,1165000000.0,0.0,0.045,3.08,3721000000.0,4886000000.0,0.356,4886000000.0,3721000000.0,3166000000.0,3.5,3.5,3.5,5187000000.0,5407750000.0,5187000000.0,61136242376.0,16.0,12.513,1827000000.0,2.37,1.0,6907000000.0,0.503,42000000.0,555000000.0,28183000000.0,27589000000.0,37000000.0,0.0,0.0,0.0,16692000000.0,3224000000.0,13468000000.0,53025242376.0,-419000000.0,1161000000.0,-700000000.0,332000000.0,-3000000000.0,-3368000000.0,-103000000.0,0.0,3038000000.0,14000000.0,2698000000.0,2698000000.0,2698000000.0,0.0,606000000.0,0.196,3209000000.0,3698000000.0,149000000.0,0.88,10.223,19.654,19.726,17116000000.0,0.0,69.04,3.859,3.874,844000000.0,3101000000.0,13739000000.0,13739000000.0,0.0,0.119,0.499,0.135,0.271,35000000.0,1815000000.0,1.0,768036535.0,771000000,771000000.0,17.82,23157000000.0,282000000.0,468000000.0,458000000.0,30.035,2081000000.0
2,LVS,MRY,2018-12-31,2018-12-31,2018-12-31,2021-10-22,-40000000.0,22547000000.0,22561250000.0,5566000000.0,16981000000.0,0.609,7.232,-930000000.0,4661000000.0,4661000000.0,6974000000.0,2951000000.0,1.763,2.78,11985000000.0,111000000.0,11874000000.0,11985000000.0,0.0,1111000000.0,0.0,0.058,3.0,3234000000.0,4345000000.0,0.316,4345000000.0,3234000000.0,2788000000.0,3.07,3.07,3.07,5684000000.0,6766750000.0,5684000000.0,47979000118.0,15.0,11.042,3771000000.0,4.798,1.0,6755000000.0,0.492,72000000.0,446000000.0,26642000000.0,26623500000.0,35000000.0,0.0,0.0,0.0,15802000000.0,3157000000.0,12645000000.0,40784000118.0,2231000000.0,0.0,-826000000.0,2283000000.0,-2979000000.0,-1522000000.0,-930000000.0,0.0,4701000000.0,-18000000.0,2413000000.0,2413000000.0,2413000000.0,0.0,538000000.0,0.176,3004000000.0,3751000000.0,178000000.0,0.977,7.175,16.902,16.954,16352000000.0,0.0,52.05,2.971,2.98,726000000.0,2770000000.0,13729000000.0,13729000000.0,0.0,0.107,0.357,0.121,0.236,30000000.0,1685000000.0,1.0,783554277.0,786000000,786000000.0,17.467,22475000000.0,368000000.0,375000000.0,435000000.0,28.594,2409000000.0
3,LVS,MRY,2017-12-31,2017-12-31,2017-12-31,2021-10-22,14000000.0,20687000000.0,20169750000.0,3197000000.0,17490000000.0,0.631,8.189,-822000000.0,2430000000.0,2430000000.0,6329000000.0,3263000000.0,1.082,2.014,9640000000.0,296000000.0,9344000000.0,9640000000.0,0.0,1171000000.0,0.0,0.042,2.92,2926000000.0,4097000000.0,0.322,4097000000.0,2926000000.0,2599000000.0,3.55,3.55,3.55,6486000000.0,6075500000.0,6486000000.0,62535455895.0,21.0,15.264,3721000000.0,4.698,1.0,6399000000.0,0.503,89000000.0,327000000.0,24852000000.0,25018750000.0,37000000.0,0.0,0.0,0.0,13060000000.0,2956000000.0,10104000000.0,54930455895.0,292000000.0,0.0,-335000000.0,-209000000.0,-2943000000.0,-3487000000.0,-822000000.0,0.0,4543000000.0,58000000.0,2808000000.0,2808000000.0,2808000000.0,0.0,455000000.0,0.221,2935000000.0,3464000000.0,171000000.0,0.823,8.469,19.562,19.575,16753000000.0,0.0,69.49,4.316,4.324,615000000.0,2709000000.0,12728000000.0,12728000000.0,0.0,0.139,0.462,0.117,0.23,34000000.0,1590000000.0,1.0,790480010.0,792000000,792000000.0,16.071,20598000000.0,493000000.0,-209000000.0,467000000.0,26.008,241000000.0
4,LVS,MRY,2016-12-31,2016-12-31,2016-12-31,2021-10-22,-119000000.0,20469000000.0,20628775250.0,3098000000.0,17371000000.0,0.546,7.77,-1393000000.0,2138000000.0,2138000000.0,5686000000.0,2025000000.0,1.104,2.1,9595000000.0,167000000.0,9428000000.0,9595000000.0,0.0,1111000000.0,0.0,0.054,2.88,2192000000.0,3303000000.0,0.293,3303000000.0,2192000000.0,1918000000.0,2.11,2.11,2.11,6177000000.0,6395839500.0,6177000000.0,50407387160.0,23.0,15.261,2651000000.0,3.335,1.0,5585000000.0,0.496,103000000.0,274000000.0,25017000000.0,25663701000.0,46000000.0,0.0,0.0,0.0,12973000000.0,2806000000.0,10167000000.0,42449943160.0,-49000000.0,0.0,17000000.0,276000000.0,-2924000000.0,-2631000000.0,-1440000000.0,0.0,4044000000.0,-22000000.0,1679000000.0,1679000000.0,1679000000.0,0.0,346000000.0,0.149,3083000000.0,2502000000.0,128000000.0,1.365,6.872,25.283,25.313,17113000000.0,0.0,53.41,3.766,3.767,776000000.0,2222000000.0,11271000000.0,11271000000.0,0.0,0.081,0.263,0.085,0.194,34000000.0,1543000000.0,1.0,794793918.0,795000000,795000000.0,14.177,20366000000.0,0.0,239000000.0,392000000.0,25.618,292000000.0
5,LVS,MRY,2015-12-31,2015-12-31,2015-12-31,2021-10-22,-66000000.0,20863000000.0,21005045250.0,3609000000.0,17254000000.0,0.556,8.553,-1527000000.0,2187000000.0,2187000000.0,6117000000.0,2386000000.0,1.465,1.826,9344000000.0,95000000.0,9249000000.0,9344000000.0,114000000.0,999000000.0,0.0,0.059,2.6,2467000000.0,3466000000.0,0.297,3466000000.0,2467000000.0,2202000000.0,2.47,2.47,2.47,6817000000.0,6980994000.0,6817000000.0,42158617155.0,17.0,12.163,1932000000.0,2.424,1.0,5571000000.0,0.477,71000000.0,265000000.0,25485000000.0,25500162000.0,43000000.0,0.0,0.0,0.0,12445000000.0,2464000000.0,9981000000.0,34892654155.0,-1327000000.0,0.0,-188000000.0,-321000000.0,-2707000000.0,-3216000000.0,-1528000000.0,-1000000.0,3459000000.0,-42000000.0,1966000000.0,1966000000.0,1966000000.0,0.0,420000000.0,0.168,2730000000.0,2841000000.0,111000000.0,1.053,5.118,17.748,17.749,16994000000.0,0.0,43.84,2.985,2.989,1268000000.0,2840000000.0,11688000000.0,11688000000.0,0.0,0.094,0.282,0.097,0.211,46000000.0,1443000000.0,1.0,795909082.0,797000000,798000000.0,14.665,20792000000.0,24000000.0,236000000.0,400000000.0,26.088,1145000000.0
6,LVS,MRY,2014-12-31,2014-12-31,2014-12-31,2021-10-22,76101000.0,22354047000.0,22276388000.0,5190499000.0,17163548000.0,0.655,8.95,-1177000000.0,3512885000.0,3512885000.0,7746000000.0,3588000000.0,1.922,1.848,9992647000.0,99734000.0,9892913000.0,9992647000.0,115475000.0,1031000000.0,0.0,0.034,2.0,3360000000.0,4391000000.0,0.301,4391000000.0,3360000000.0,3086000000.0,3.52,3.52,3.52,7213586000.0,7245862500.0,7213586000.0,53429204440.0,16.0,12.168,3656000000.0,4.536,1.0,6838000000.0,0.469,86260000.0,274000000.0,26047577000.0,26226859250.0,41674000.0,0.0,0.0,0.0,13333465000.0,2699972000.0,10633493000.0,46644214440.0,-94000000.0,0.0,-1621000000.0,293000000.0,-2387000000.0,-3721000000.0,-1177000000.0,0.0,4833000000.0,-29000000.0,2841000000.0,2841000000.0,2841000000.0,0.0,747000000.0,0.195,2739000000.0,4099000000.0,112721000.0,0.568,6.466,16.418,16.523,16725564000.0,0.0,58.16,3.198,3.214,1510772000.0,2945846000.0,14584000000.0,14584000000.0,0.0,0.128,0.392,0.128,0.23,44000000.0,1433000000.0,1.0,801998185.0,806000000,808000000.0,18.094,22267787000.0,24076000.0,245000000.0,418014000.0,27.628,2490527000.0
7,LVS,MRY,2013-12-31,2013-12-31,2013-12-31,2021-10-22,173783000.0,22724264000.0,22251034000.0,5515539000.0,17208725000.0,0.619,9.322,-865956000.0,3607253000.0,3607253000.0,7516457000.0,2954676000.0,1.762,1.725,9760259000.0,377507000.0,9382752000.0,9760259000.0,116955000.0,1007468000.0,0.0,0.018,1.4,2766044000.0,3773512000.0,0.274,3773512000.0,2766044000.0,2494833000.0,2.8,2.79,2.8,7665494000.0,7519465500.0,7665494000.0,71184963868.0,26.0,18.864,3573456000.0,4.346,1.0,6253428000.0,0.454,102081000.0,271211000.0,25645524000.0,25572791500.0,41946000.0,0.0,0.0,0.0,13223735000.0,3129665000.0,10094070000.0,64637801868.0,1087648000.0,0.0,-491204000.0,-365339000.0,-1564049000.0,-2432450000.0,-912209000.0,-382000.0,4439412000.0,-7105000.0,2305997000.0,2305997000.0,2305997000.0,0.0,648679000.0,0.167,2845185000.0,3408243000.0,119194000.0,0.5,8.432,28.03,28.168,16787772000.0,0.0,78.87,4.694,4.71,1762110000.0,1713339000.0,13769885000.0,13769885000.0,0.0,0.104,0.307,0.108,0.201,53377000.0,1519275000.0,1.0,819548648.0,822282515,826316108.0,16.746,22622183000.0,13821000.0,188836000.0,363198000.0,27.511,2385874000.0
8,LVS,MRY,2012-12-31,2012-12-31,2012-12-31,2021-10-22,263078000.0,22163652000.0,22652463000.0,4477514000.0,17686138000.0,0.491,8.757,-1446325000.0,2519225000.0,2519225000.0,6069575000.0,1881813000.0,1.707,1.912,10230067000.0,97802000.0,10132265000.0,10230067000.0,118435000.0,892046000.0,0.0,0.081,3.75,1963420000.0,2855466000.0,0.257,2855466000.0,1963420000.0,1704856000.0,1.89,1.85,1.89,7061842000.0,8441315500.0,7061842000.0,43753135626.0,22.0,15.323,1611432000.0,1.998,1.0,5061557000.0,0.455,70618000.0,258564000.0,27181053000.0,26378493750.0,43875000.0,0.0,0.0,0.0,13505240000.0,2622823000.0,10882417000.0,38010415626.0,-1389952000.0,0.0,575148000.0,-149100000.0,-3442312000.0,-3045306000.0,-1445632000.0,693000.0,3057757000.0,43229000.0,1524093000.0,1524093000.0,1524093000.0,0.0,357720000.0,0.137,2750175000.0,2311382000.0,106498000.0,1.984,5.383,24.94,24.423,17225489000.0,0.0,46.16,3.415,3.344,1819260000.0,560452000.0,11131132000.0,11131132000.0,0.0,0.067,0.181,0.074,0.176,65428000.0,1268965000.0,1.0,823449212.0,806395660,824556036.0,13.804,22093034000.0,45579000.0,180763000.0,350071000.0,27.397,1854691000.0
9,LVS,MRY,2011-12-31,2011-12-31,2011-12-31,2021-10-22,94104000.0,22244123000.0,21795880250.0,5397152000.0,16846971000.0,0.432,10.779,-1502400000.0,3909861000.0,3909861000.0,4922677000.0,1883119000.0,2.16,1.631,10032977000.0,455846000.0,9577131000.0,10032977000.0,119915000.0,794404000.0,0.0,0.0,0.0,2054776000.0,2849180000.0,0.303,2849180000.0,2054776000.0,1771827000.0,1.74,1.56,1.74,7850689000.0,7458856000.0,7850689000.0,36877039231.0,18.0,12.943,1160096000.0,1.593,1.0,4488068000.0,0.477,80068000.0,282949000.0,25788465000.0,25206545500.0,34990000.0,0.0,0.0,0.0,12804971000.0,2498706000.0,10306265000.0,31309062231.0,865637000.0,0.0,38017000.0,-183601000.0,-75297000.0,-1093461000.0,-698106000.0,804394000.0,2662496000.0,-5292000.0,1560123000.0,1269508000.0,1269508000.0,0.0,322996000.0,0.135,2098181000.0,2389887000.0,104113000.0,0.0,3.988,24.662,24.557,16421447000.0,290615000.0,42.73,3.327,3.307,1336817000.0,2145692000.0,9410745000.0,9410745000.0,0.0,0.058,0.17,0.082,0.218,62714000.0,1022618000.0,1.0,732718517.0,728343428,811816687.0,12.921,22164055000.0,72345000.0,211704000.0,313498000.0,30.431,2898446000.0
10,LVS,MRY,2010-12-31,2010-12-31,2010-12-31,2021-10-22,129519000.0,21044308000.0,20413229250.0,4058907000.0,16985401000.0,0.336,9.983,-1974246000.0,3847001000.0,3847001000.0,3875187000.0,781603000.0,1.561,1.893,10140823000.0,767068000.0,9373755000.0,10140823000.0,147378000.0,694971000.0,0.0,0.0,0.0,980509000.0,1675480000.0,0.244,1675480000.0,980509000.0,673696000.0,0.61,0.51,0.61,6662991000.0,6115531000.0,6662991000.0,38248738452.0,39.0,22.829,-104095000.0,-0.156,1.0,2977995000.0,0.435,89805000.0,306813000.0,24647912000.0,24584951750.0,32260000.0,0.0,0.0,0.0,12609741000.0,2600413000.0,10009328000.0,31463347452.0,-1918335000.0,0.0,241969000.0,-1269547000.0,-93400000.0,-1127557000.0,-2707815000.0,-688266000.0,1870151000.0,46886000.0,599394000.0,407463000.0,407463000.0,0.0,182209000.0,0.059,1797409000.0,1180586000.0,113505000.0,0.0,4.722,77.218,75.328,15901037000.0,191931000.0,45.95,4.591,4.475,716919000.0,880703000.0,6853182000.0,6853182000.0,0.0,0.02,0.067,0.04,0.143,58021000.0,792146000.0,1.0,684730086.0,667463535,791760624.0,10.268,20954503000.0,72029000.0,74302000.0,115219000.0,31.394,1458494000.0
11,LVS,MRY,2009-12-31,2009-12-31,2009-12-31,2021-10-22,26748000.0,20572106000.0,18275947750.0,5623674000.0,14948432000.0,0.25,8.907,-2088693000.0,5074057000.0,5074057000.0,2876873000.0,-368743000.0,3.057,2.26,11025462000.0,173315000.0,10852147000.0,11025462000.0,149074000.0,586041000.0,0.0,0.0,0.0,-36493000.0,549548000.0,0.12,549548000.0,-36493000.0,-358363000.0,-0.82,-0.82,-0.82,5850699000.0,4587238750.0,5850699000.0,18308492385.0,-502.0,33.316,-1450080000.0,-2.208,1.0,1686232000.0,0.37,50129000.0,321870000.0,24634077000.0,24079630750.0,27073000.0,0.0,0.0,0.0,13220685000.0,1839305000.0,11381380000.0,9865031385.0,1917253000.0,0.0,51000.0,1014191000.0,0.0,3305973000.0,-2010063000.0,78630000.0,638613000.0,-17270000.0,-354479000.0,-540050000.0,-540050000.0,0.0,-14264000.0,-0.118,1714972000.0,-28740000.0,82695000.0,0.0,1.686,-18.267,-18.22,14561091000.0,185571000.0,14.94,2.162,2.151,460766000.0,473833000.0,4563105000.0,4563105000.0,533000.0,-0.03,-0.118,-0.002,-0.008,45545000.0,658297000.0,1.0,660309999.0,656836950,656836950.0,6.947,20521977000.0,48661000.0,-3884000.0,0.0,31.244,3784369000.0
12,LVS,MRY,2008-12-31,2008-12-31,2008-12-31,2021-10-22,17554000.0,17144113000.0,14438537000.0,3741276000.0,13402837000.0,0.304,11.277,-3789008000.0,3232979000.0,3232979000.0,2768752000.0,-168325000.0,2.445,2.804,10470738000.0,114623000.0,10356115000.0,10470738000.0,150771000.0,506986000.0,0.0,0.0,0.0,198567000.0,705553000.0,0.161,705553000.0,198567000.0,-223258000.0,-0.48,-0.48,-0.48,4422108000.0,2824249750.0,4422108000.0,10943274635.0,55.0,15.51,-3664136000.0,-9.344,1.0,1621194000.0,0.369,0.0,421825000.0,22851456000.0,20603390000.0,28837000.0,0.0,0.0,0.0,12400643000.0,1530416000.0,10870227000.0,2107973635.0,2181013000.0,0.0,1060529000.0,3272325000.0,0.0,5608153000.0,-3570964000.0,218044000.0,124872000.0,18952000.0,-163558000.0,-188764000.0,-188764000.0,0.0,-4767000.0,-0.043,1457531000.0,163663000.0,71035000.0,0.0,0.477,-11.167,-12.354,12968166000.0,25206000.0,5.93,0.48,0.53,384819000.0,1015554000.0,4389946000.0,4389946000.0,12789000.0,-0.013,-0.067,0.01,0.045,52742000.0,654884000.0,1.0,355476161.0,392131375,392131375.0,11.195,17144113000.0,67160000.0,-59700000.0,0.0,43.72,2210860000.0
13,LVS,MRY,2007-12-31,2007-12-31,2007-12-31,2021-10-22,-2493000.0,11466517000.0,10144891250.0,1379086000.0,10087431000.0,0.291,6.37,-3793703000.0,1268918000.0,1268918000.0,1745843000.0,116688000.0,0.924,4.073,7572330000.0,54333000.0,7517997000.0,7572330000.0,103546000.0,202557000.0,0.0,0.0,0.0,383087000.0,585644000.0,0.198,585644000.0,383087000.0,138279000.0,0.33,0.33,0.33,2260274000.0,2215053500.0,2260274000.0,41946812642.0,109.0,71.625,-3432767000.0,-9.675,1.0,1204724000.0,0.408,0.0,244808000.0,16276656000.0,13445373250.0,19902000.0,0.0,0.0,0.0,9206243000.0,1493273000.0,7712970000.0,36598063642.0,389084000.0,0.0,30222000.0,3285531000.0,0.0,3327386000.0,-3287427000.0,0.0,360936000.0,-11811000.0,116688000.0,116688000.0,116688000.0,0.0,0.0,0.04,874714000.0,330010000.0,99023000.0,0.0,16.192,313.64,312.273,9644223000.0,0.0,103.05,12.404,12.392,187195000.0,1197534000.0,2950567000.0,2950567000.0,9728000.0,0.012,0.053,0.028,0.13,26112000.0,413871000.0,1.0,355148604.0,354807700,355789619.0,8.316,11466517000.0,32471000.0,21591000.0,1553000.0,32.318,-114187000.0
14,LVS,MRY,2006-12-31,2006-12-31,2006-12-31,2021-10-22,-580000.0,7126458000.0,5935776500.0,1093557000.0,6032901000.0,0.377,5.857,-1925291000.0,1421960000.0,1421960000.0,1164112000.0,442003000.0,1.489,2.434,4142638000.0,6486000.0,4136152000.0,4142638000.0,104773000.0,110771000.0,0.0,0.0,0.0,640099000.0,750870000.0,0.336,750870000.0,640099000.0,504246000.0,1.25,1.24,1.25,2075154000.0,1903338000.0,2075154000.0,33951624564.0,53.0,45.216,-2122011000.0,-5.99,1.0,1072747000.0,0.48,0.0,135853000.0,9112488000.0,7047766250.0,12291000.0,0.0,0.0,0.0,5051304000.0,734648000.0,4316656000.0,31710014564.0,11220000.0,0.0,7226000.0,2434355000.0,0.0,2442982000.0,-2235856000.0,0.0,-196720000.0,814000.0,442003000.0,442003000.0,442003000.0,0.0,0.0,0.198,498650000.0,574097000.0,51038000.0,0.0,15.281,71.742,71.584,5392181000.0,0.0,89.48,14.176,14.172,173683000.0,1084951000.0,2236859000.0,2236859000.0,26112000.0,0.074,0.232,0.091,0.286,13327000.0,289925000.0,1.0,354381030.0,354277941,355264444.0,6.314,7126458000.0,15688000.0,62243000.0,20676000.0,20.115,358909000.0
15,LVS,MRY,2005-12-31,2005-12-31,2005-12-31,2021-10-22,1726000.0,3879739000.0,3549162500.0,644706000.0,3235033000.0,0.491,4.545,-860621000.0,1099706000.0,1099706000.0,873452000.0,283686000.0,1.4,1.41,1633226000.0,7325000.0,1625901000.0,1633226000.0,105999000.0,95296000.0,0.0,0.0,0.0,384228000.0,479524000.0,0.275,479524000.0,384228000.0,287936000.0,0.8,0.8,0.8,1609538000.0,1463351000.0,1609538000.0,14396508513.0,37.0,30.022,-270705000.0,-0.764,1.0,867460000.0,0.498,0.0,96292000.0,3952891000.0,3535102500.0,9967000.0,0.0,0.0,0.0,2270201000.0,460368000.0,1809833000.0,13978722513.0,-838052000.0,0.0,313000.0,-168181000.0,-21052000.0,-302718000.0,-1126007000.0,0.0,589916000.0,757000.0,283686000.0,283686000.0,283686000.0,0.0,0.0,0.163,378009000.0,489451000.0,34803000.0,0.0,8.685,49.275,49.337,2600468000.0,0.0,39.47,8.03,8.03,84778000.0,642948000.0,1740912000.0,1740912000.0,22238000.0,0.08,0.194,0.109,0.221,8299000.0,231103000.0,1.0,354160692.0,354161165,354526604.0,4.916,3879739000.0,19278000.0,4250000.0,0.0,10.955,184338000.0
16,LVS,MRY,2004-12-31,2004-12-31,2004-12-31,2021-10-22,0.0,3601478000.0,2759256500.0,1405126000.0,2196352000.0,0.434,4.031,-465748000.0,1672372000.0,1672372000.0,541721000.0,495183000.0,2.294,1.737,1789928000.0,304864000.0,1485064000.0,1789928000.0,107227000.0,69432000.0,0.0,0.0,0.0,619524000.0,688956000.0,0.576,688956000.0,619524000.0,481447000.0,1.52,1.52,1.52,1316001000.0,739054500.0,1316001000.0,17622740624.0,28.0,25.579,-92379000.0,-0.283,1.0,655335000.0,0.547,0.0,138077000.0,3106474000.0,3036023000.0,8010000.0,0.0,0.0,0.0,2285477000.0,612560000.0,1672917000.0,16828284624.0,1142105000.0,649568000.0,751577000.0,193836000.0,-125027000.0,820386000.0,-51650000.0,0.0,373369000.0,0.0,495183000.0,495183000.0,495183000.0,0.0,0.0,0.414,454443000.0,200892000.0,40615000.0,0.0,12.787,33.984,31.579,1756090000.0,0.0,48.0,14.058,13.092,56582000.0,359262000.0,1197056000.0,1197056000.0,14901000.0,0.179,0.67,0.204,0.518,49230000.0,299444000.0,1.0,350589263.0,326486740,326848911.0,3.666,3601478000.0,13736000.0,-13736000.0,0.0,11.031,792566000.0
17,LVS,MRY,2003-12-31,2003-12-31,2003-12-31,2021-10-22,0.0,1917035000.0,1761898500.0,272739000.0,1644296000.0,0.393,0.499,-279948000.0,294592000.0,294592000.0,286722000.0,66634000.0,1.221,10.826,1566495000.0,41379000.0,1525116000.0,1566495000.0,0.0,53859000.0,0.0,,0.0,189076000.0,242935000.0,0.351,242935000.0,189076000.0,66634000.0,0.21,0.2,0.21,162108000.0,131246000.0,162108000.0,,,,-142832000.0,-0.44,1.0,405032000.0,0.586,0.0,122442000.0,2965572000.0,2765907500.0,6251000.0,0.0,0.0,0.0,1754927000.0,223366000.0,1531561000.0,,46310000.0,-7384000.0,721000.0,214183000.0,0.0,207520000.0,-298326000.0,-16945000.0,137116000.0,0.0,66634000.0,66634000.0,66634000.0,0.0,0.0,0.096,218906000.0,186126000.0,23911000.0,0.0,,,,1484670000.0,0.0,,,,52084000.0,8289000.0,691754000.0,691754000.0,0.0,0.038,0.508,0.068,0.273,0.0,136310000.0,1.0,350589263.0,324658394,325190459.0,2.131,1917035000.0,0.0,0.0,0.0,5.905,49373000.0
18,LVS,MRY,2002-12-31,2002-12-31,2002-12-31,2021-10-22,0.0,1606762000.0,,212239000.0,1394523000.0,,0.309,-136740000.0,231337000.0,231337000.0,258754000.0,-11844000.0,1.314,15.006,1352312000.0,8550000.0,1343762000.0,1352312000.0,0.0,46662000.0,0.0,,0.0,112615000.0,159277000.0,0.256,159277000.0,112615000.0,-11844000.0,-0.04,-0.04,-0.04,100384000.0,,100384000.0,,,,-49898000.0,-0.154,1.0,364582000.0,0.585,0.0,124459000.0,2566243000.0,,5226000.0,0.0,0.0,0.0,1506378000.0,161494000.0,1344884000.0,,40724000.0,0.0,719000.0,268737000.0,0.0,194119000.0,-240237000.0,0.0,86842000.0,0.0,-11844000.0,-11844000.0,-11844000.0,0.0,0.0,-0.019,204647000.0,159935000.0,22303000.0,0.0,,,,1246607000.0,0.0,,,,52856000.0,-58345000.0,623336000.0,623336000.0,0.0,,,,0.181,0.0,123027000.0,1.0,350589263.0,324658394,324658394.0,1.92,1606762000.0,0.0,0.0,0.0,4.949,50745000.0
19,LVS,MRY,2001-12-31,2001-12-31,2001-12-31,2021-10-22,,,,,,,,-56025000.0,,,273030000.0,7874000.0,,,,,,,,43972000.0,,,0.0,132043000.0,176015000.0,0.3,176015000.0,132043000.0,7874000.0,0.024,0.024,0.024,,,,,,,9727000.0,0.03,1.0,313943000.0,0.535,,124169000.0,,,,,,,,,,,0.0,0.0,720000.0,-152875000.0,-13800000.0,-165955000.0,-60291000.0,0.0,65752000.0,,7874000.0,7874000.0,7874000.0,0.0,0.0,0.013,183741000.0,130202000.0,,0.0,,,,,0.0,,,,,,586973000.0,586973000.0,0.0,,,,0.225,0.0,111142000.0,1.0,,324618420,324618420.0,1.808,,,0.0,,,
0,LVS,MRQ,2021-09-30,2021-09-30,2021-09-30,2021-10-22,-32000000.0,19892000000.0,,5228000000.0,14664000000.0,,2.751,-191000000.0,1660000000.0,1660000000.0,584000000.0,-495000000.0,2.102,8.308,14535000000.0,73000000.0,14462000000.0,14535000000.0,0.0,262000000.0,0.0,0.0,0.0,-238000000.0,24000000.0,0.028,24000000.0,-238000000.0,-395000000.0,-0.48,-0.48,-0.48,2102000000.0,,2102000000.0,40339024923.0,-76.0,74.84,-350000000.0,-0.458,1.0,273000000.0,0.319,15000000.0,157000000.0,30265000000.0,,22000000.0,0.0,0.0,0.0,17463000000.0,2487000000.0,14976000000.0,27962024923.0,-410000000.0,0.0,0.0,-31000000.0,0.0,30000000.0,-213000000.0,0.0,-159000000.0,-7000000.0,-368000000.0,-368000000.0,-368000000.0,-99000000.0,-127000000.0,-0.429,589000000.0,-316000000.0,74000000.0,0.0,13.303,-24.593,-24.564,14101000000.0,0.0,36.6,6.396,6.396,167000000.0,-25000000.0,857000000.0,857000000.0,0.0,,,,,6000000.0,287000000.0,1.0,763989752.0,764000000,764000000.0,1.122,19877000000.0,325000000.0,-27000000.0,188000000.0,26.017,2741000000.0
1,LVS,MRQ,2021-06-30,2021-06-30,2021-06-30,2021-10-22,-6000000.0,20378000000.0,,5577000000.0,14801000000.0,,3.26,-154000000.0,2073000000.0,2073000000.0,711000000.0,-242000000.0,2.194,6.998,14450000000.0,75000000.0,14375000000.0,14450000000.0,0.0,258000000.0,0.0,0.0,0.0,-40000000.0,218000000.0,0.186,218000000.0,-40000000.0,-198000000.0,-0.25,-0.25,-0.25,2491000000.0,,2491000000.0,52609297303.0,-73.0,156.111,12000000.0,0.016,1.0,462000000.0,0.394,15000000.0,158000000.0,30198000000.0,,22000000.0,0.0,0.0,0.0,17432000000.0,2542000000.0,14890000000.0,40253297303.0,-14000000.0,0.0,0.0,-16000000.0,0.0,34000000.0,-165000000.0,0.0,166000000.0,2000000.0,-192000000.0,-192000000.0,-192000000.0,-38000000.0,-50000000.0,-0.164,601000000.0,-139000000.0,69000000.0,0.0,16.159,-30.175,-30.109,14230000000.0,0.0,52.69,10.162,10.163,160000000.0,343000000.0,1173000000.0,1173000000.0,0.0,,,,,5000000.0,275000000.0,1.0,763964648.0,764000000,764000000.0,1.535,20363000000.0,338000000.0,-6000000.0,206000000.0,26.653,3035000000.0
2,LVS,MRQ,2021-03-31,2021-03-31,2021-03-31,2021-10-22,-11000000.0,20541000000.0,,5630000000.0,14911000000.0,,3.499,-288000000.0,2090000000.0,2090000000.0,728000000.0,-342000000.0,2.284,6.496,14446000000.0,72000000.0,14374000000.0,14446000000.0,0.0,255000000.0,0.0,0.0,0.0,-110000000.0,145000000.0,0.121,145000000.0,-110000000.0,-264000000.0,-0.36,-0.36,-0.36,2673000000.0,,2673000000.0,58281096913.0,-41.0,-155.832,-481000000.0,-0.63,1.0,468000000.0,0.391,20000000.0,154000000.0,30412000000.0,,23000000.0,0.0,0.0,0.0,17364000000.0,2465000000.0,14899000000.0,46411096913.0,-12000000.0,0.0,19000000.0,479000000.0,0.0,498000000.0,-305000000.0,0.0,-193000000.0,-12000000.0,-278000000.0,-278000000.0,-278000000.0,62000000.0,-64000000.0,-0.232,564000000.0,-96000000.0,70000000.0,0.0,17.363,-23.655,-23.642,14336000000.0,0.0,60.76,16.285,16.288,205000000.0,535000000.0,1196000000.0,1196000000.0,0.0,,,,,4000000.0,274000000.0,1.0,763842938.0,764000000,764000000.0,1.565,20521000000.0,327000000.0,14000000.0,207000000.0,26.86,3165000000.0
3,LVS,MRQ,2020-12-31,2020-12-31,2020-12-31,2021-10-22,29000000.0,20807000000.0,,5707000000.0,15100000000.0,,3.891,-252000000.0,2098000000.0,2098000000.0,722000000.0,-376000000.0,2.027,5.809,14004000000.0,75000000.0,13929000000.0,14004000000.0,0.0,293000000.0,0.0,0.013,0.0,-141000000.0,152000000.0,0.133,152000000.0,-141000000.0,-291000000.0,-0.4,-0.4,-0.4,2973000000.0,,2973000000.0,57038156369.0,-48.0,-2112.524,-248000000.0,-0.325,1.0,424000000.0,0.37,25000000.0,150000000.0,29872000000.0,,22000000.0,0.0,0.0,0.0,17269000000.0,2816000000.0,14453000000.0,45524156369.0,-261000000.0,0.0,2000000.0,-17000000.0,0.0,-15000000.0,-252000000.0,0.0,4000000.0,2000000.0,-299000000.0,-299000000.0,-299000000.0,0.0,-77000000.0,-0.261,635000000.0,-211000000.0,89000000.0,0.0,15.313,-27.017,-26.968,14536000000.0,0.0,59.6,12.604,12.606,252000000.0,813000000.0,1146000000.0,1146000000.0,0.0,,,,,5000000.0,272000000.0,1.0,763828127.0,764000000,764000000.0,1.5,20782000000.0,318000000.0,8000000.0,275000000.0,27.202,2891000000.0
4,LVS,MRQ,2020-09-30,2020-09-30,2020-09-30,2021-10-22,-38000000.0,20982000000.0,,2958000000.0,18024000000.0,,4.187,-356000000.0,2398000000.0,2398000000.0,391000000.0,-731000000.0,1.312,5.359,13912000000.0,72000000.0,13840000000.0,13912000000.0,0.0,248000000.0,0.0,0.033,0.0,-426000000.0,-178000000.0,-0.399,-178000000.0,-426000000.0,-560000000.0,-0.74,-0.74,-0.74,3199000000.0,,3199000000.0,46445063238.0,-250.0,54.641,-650000000.0,-0.851,1.0,55000000.0,0.123,28000000.0,134000000.0,30213000000.0,,34000000.0,0.0,0.0,0.0,17142000000.0,2255000000.0,14887000000.0,35639063238.0,-634000000.0,0.0,4000000.0,24000000.0,0.0,-5000000.0,-376000000.0,0.0,-294000000.0,8000000.0,-565000000.0,-565000000.0,-565000000.0,67000000.0,-166000000.0,-1.267,578000000.0,-523000000.0,70000000.0,0.0,11.141,-47.079,-47.131,17202000000.0,0.0,46.66,6.559,6.56,382000000.0,1112000000.0,446000000.0,446000000.0,0.0,,,,,5000000.0,229000000.0,1.0,763803327.0,764000000,764000000.0,0.584,20954000000.0,327000000.0,5000000.0,320000000.0,27.427,703000000.0
5,LVS,MRQ,2020-06-30,2020-06-30,2020-06-30,2021-10-22,-74000000.0,21695000000.0,,3772000000.0,17923000000.0,,4.869,-352000000.0,3032000000.0,3032000000.0,288000000.0,-985000000.0,1.588,4.616,13838000000.0,71000000.0,13767000000.0,13838000000.0,0.0,244000000.0,0.0,0.051,0.0,-737000000.0,-493000000.0,-7.952,-493000000.0,-737000000.0,-851000000.0,-1.07,-1.07,-1.07,3720000000.0,,3720000000.0,44484251221.0,45.0,21.552,-1004000000.0,-1.314,1.0,-226000000.0,-3.645,32000000.0,114000000.0,30094000000.0,,37000000.0,0.0,0.0,0.0,17170000000.0,2375000000.0,14795000000.0,34780251221.0,414000000.0,0.0,2000000.0,1459000000.0,0.0,1361000000.0,-382000000.0,0.0,-652000000.0,-13000000.0,-820000000.0,-820000000.0,-820000000.0,144000000.0,-165000000.0,-13.226,531000000.0,-757000000.0,64000000.0,0.0,9.35,101.995,103.5,17103000000.0,0.0,45.54,4.222,4.223,567000000.0,1677000000.0,62000000.0,62000000.0,0.0,,,,,5000000.0,243000000.0,1.0,763729715.0,764000000,764000000.0,0.081,21663000000.0,308000000.0,-31000000.0,400000000.0,28.355,1397000000.0
6,LVS,MRQ,2020-03-31,2020-03-31,2020-03-31,2021-10-22,-119000000.0,21167000000.0,,3493000000.0,17674000000.0,,5.876,-289000000.0,2618000000.0,2618000000.0,828000000.0,-51000000.0,1.444,3.5,12322000000.0,69000000.0,12253000000.0,12322000000.0,0.0,253000000.0,0.0,0.073,0.79,149000000.0,402000000.0,0.284,402000000.0,149000000.0,21000000.0,0.0,0.0,0.0,4489000000.0,,4489000000.0,40683698340.0,13.0,9.735,-659000000.0,-0.863,1.0,589000000.0,0.416,36000000.0,128000000.0,28416000000.0,,36000000.0,0.0,0.0,0.0,15710000000.0,2419000000.0,13291000000.0,32433698340.0,-1624000000.0,0.0,16000000.0,-19000000.0,-911000000.0,-914000000.0,-319000000.0,0.0,-370000000.0,-21000000.0,-1000000.0,-1000000.0,-1000000.0,-41000000.0,-50000000.0,-0.001,583000000.0,6000000.0,82000000.0,,7.225,15.335,15.444,16875000000.0,0.0,42.47,2.818,2.819,653000000.0,2497000000.0,1417000000.0,1417000000.0,0.0,,,,,7000000.0,288000000.0,1.0,763684915.0,764000000,764000000.0,1.855,21131000000.0,279000000.0,22000000.0,441000000.0,27.658,1074000000.0
7,LVS,MRQ,2019-12-31,2019-12-31,2019-12-31,2021-10-22,-3000000.0,23199000000.0,,5305000000.0,17894000000.0,,6.754,-456000000.0,4242000000.0,4242000000.0,1717000000.0,783000000.0,1.645,3.218,12492000000.0,70000000.0,12422000000.0,12492000000.0,0.0,291000000.0,0.0,0.045,0.77,828000000.0,1119000000.0,0.319,1119000000.0,828000000.0,694000000.0,0.82,0.82,0.82,5187000000.0,,5187000000.0,61136242376.0,16.0,12.513,786000000.0,1.023,1.0,1792000000.0,0.511,42000000.0,134000000.0,28183000000.0,,37000000.0,0.0,0.0,0.0,16692000000.0,3224000000.0,13468000000.0,53025242376.0,410000000.0,1000000.0,-290000000.0,477000000.0,-587000000.0,-400000000.0,-455000000.0,0.0,1242000000.0,23000000.0,629000000.0,629000000.0,629000000.0,0.0,154000000.0,0.179,858000000.0,934000000.0,149000000.0,0.939,10.223,19.654,19.726,17116000000.0,0.0,69.04,3.859,3.874,844000000.0,3101000000.0,3509000000.0,3509000000.0,0.0,,,,,9000000.0,444000000.0,1.0,768036535.0,768000000,768000000.0,4.569,23157000000.0,282000000.0,65000000.0,458000000.0,30.152,2081000000.0
8,LVS,MRQ,2019-09-30,2019-09-30,2019-09-30,2021-10-22,-74000000.0,22427000000.0,,4808000000.0,17619000000.0,,6.969,-303000000.0,3832000000.0,3832000000.0,1602000000.0,669000000.0,1.601,2.969,11943000000.0,66000000.0,11877000000.0,11943000000.0,0.0,284000000.0,0.0,0.053,0.77,752000000.0,1036000000.0,0.319,1036000000.0,752000000.0,615000000.0,0.69,0.69,0.69,5359000000.0,,5359000000.0,52456986301.0,14.0,10.915,597000000.0,0.776,1.0,1648000000.0,0.507,45000000.0,137000000.0,27489000000.0,,33000000.0,0.0,0.0,0.0,15912000000.0,3004000000.0,12908000000.0,44462986301.0,-199000000.0,0.0,-95000000.0,-94000000.0,-592000000.0,-781000000.0,-303000000.0,0.0,900000000.0,-15000000.0,533000000.0,533000000.0,533000000.0,0.0,136000000.0,0.164,749000000.0,899000000.0,170000000.0,1.116,8.297,23.414,23.385,16829000000.0,0.0,57.76,3.244,3.241,757000000.0,3059000000.0,3250000000.0,3250000000.0,0.0,,,,,8000000.0,423000000.0,1.0,769788544.0,769000000,769000000.0,4.226,22382000000.0,288000000.0,82000000.0,413000000.0,29.105,1804000000.0
9,LVS,MRQ,2019-06-30,2019-06-30,2019-06-30,2021-10-22,-19000000.0,22594000000.0,,4957000000.0,17637000000.0,,7.202,-212000000.0,4031000000.0,4031000000.0,1689000000.0,1108000000.0,1.635,2.88,12025000000.0,116000000.0,11909000000.0,12025000000.0,0.0,289000000.0,0.0,0.051,0.77,1333000000.0,1622000000.0,0.487,1622000000.0,1333000000.0,1190000000.0,1.24,1.24,1.24,5560000000.0,,5560000000.0,53516016487.0,15.0,11.071,-136000000.0,-0.176,1.0,1645000000.0,0.493,51000000.0,143000000.0,27506000000.0,,33000000.0,0.0,0.0,0.0,16012000000.0,3031000000.0,12981000000.0,45665016487.0,-117000000.0,1160000000.0,-155000000.0,-25000000.0,-918000000.0,-1098000000.0,895000000.0,0.0,76000000.0,10000000.0,954000000.0,954000000.0,954000000.0,0.0,154000000.0,0.286,751000000.0,894000000.0,138000000.0,0.621,8.213,23.575,23.542,16879000000.0,0.0,59.09,3.303,3.299,767000000.0,3118000000.0,3334000000.0,3334000000.0,0.0,,,,,9000000.0,427000000.0,1.0,772804476.0,772000000,772000000.0,4.319,22543000000.0,301000000.0,236000000.0,439000000.0,29.201,1926000000.0
10,LVS,MRQ,2019-03-31,2019-03-31,2019-03-31,2021-10-22,-32000000.0,22313000000.0,,5055000000.0,17258000000.0,,7.138,-240000000.0,4148000000.0,4148000000.0,1824000000.0,744000000.0,1.733,2.873,11999000000.0,111000000.0,11888000000.0,11999000000.0,0.0,301000000.0,0.0,0.05,0.77,808000000.0,1109000000.0,0.304,1109000000.0,808000000.0,667000000.0,0.75,0.75,0.75,5525000000.0,,5525000000.0,54571168640.0,18.0,12.944,580000000.0,0.749,1.0,1822000000.0,0.5,69000000.0,141000000.0,27178000000.0,,35000000.0,0.0,0.0,0.0,15873000000.0,2917000000.0,12956000000.0,47247168640.0,-513000000.0,0.0,-160000000.0,-26000000.0,-903000000.0,-1089000000.0,-240000000.0,0.0,820000000.0,-4000000.0,582000000.0,582000000.0,582000000.0,0.0,162000000.0,0.16,851000000.0,971000000.0,152000000.0,1.027,8.552,30.7,30.944,16432000000.0,0.0,60.96,3.425,3.42,737000000.0,2757000000.0,3646000000.0,3646000000.0,0.0,,,,,9000000.0,521000000.0,1.0,775051979.0,774000000,775000000.0,4.711,22244000000.0,359000000.0,85000000.0,459000000.0,28.739,2138000000.0
11,LVS,MRQ,2018-12-31,2018-12-31,2018-12-31,2021-10-22,-40000000.0,22547000000.0,,5566000000.0,16981000000.0,,7.287,-320000000.0,4661000000.0,4661000000.0,1792000000.0,-40000000.0,1.763,2.78,11985000000.0,111000000.0,11874000000.0,11985000000.0,0.0,289000000.0,0.0,0.058,0.75,750000000.0,1039000000.0,0.299,1039000000.0,750000000.0,612000000.0,-0.21,-0.2,-0.21,5684000000.0,,5684000000.0,47979000118.0,15.0,11.042,981000000.0,1.258,1.0,1683000000.0,0.484,72000000.0,138000000.0,26642000000.0,,35000000.0,0.0,0.0,0.0,15802000000.0,3157000000.0,12645000000.0,40784000118.0,-124000000.0,0.0,-429000000.0,-64000000.0,-584000000.0,-1077000000.0,-320000000.0,0.0,1301000000.0,-28000000.0,-170000000.0,-170000000.0,-170000000.0,0.0,130000000.0,-0.049,809000000.0,874000000.0,178000000.0,-3.571,7.175,16.902,16.954,16352000000.0,0.0,52.05,2.971,2.98,726000000.0,2770000000.0,3475000000.0,3475000000.0,0.0,,,,,7000000.0,462000000.0,1.0,783554277.0,780000000,777000000.0,4.455,22475000000.0,368000000.0,782000000.0,435000000.0,28.814,2409000000.0
12,LVS,MRQ,2018-09-30,2018-09-30,2018-09-30,2021-10-22,-36000000.0,23339000000.0,,5614000000.0,17725000000.0,,8.73,-204000000.0,4785000000.0,4785000000.0,1722000000.0,699000000.0,1.932,2.265,11980000000.0,111000000.0,11869000000.0,11980000000.0,0.0,284000000.0,0.0,0.05,0.75,780000000.0,1064000000.0,0.316,1064000000.0,780000000.0,654000000.0,0.73,0.73,0.73,6862000000.0,,6862000000.0,53713297848.0,16.0,12.114,692000000.0,0.88,1.0,1650000000.0,0.489,76000000.0,126000000.0,27552000000.0,,42000000.0,0.0,0.0,0.0,15541000000.0,2906000000.0,12635000000.0,46752297848.0,423000000.0,0.0,-292000000.0,606000000.0,-591000000.0,-277000000.0,-204000000.0,0.0,896000000.0,8000000.0,571000000.0,571000000.0,571000000.0,0.0,128000000.0,0.169,728000000.0,922000000.0,153000000.0,1.027,6.813,12.319,12.335,16393000000.0,0.0,59.33,3.426,3.418,650000000.0,3521000000.0,3372000000.0,3372000000.0,0.0,,,,,8000000.0,421000000.0,1.0,788004346.0,786000000,787000000.0,4.29,23263000000.0,1121000000.0,83000000.0,426000000.0,29.597,2708000000.0
13,LVS,MRQ,2018-06-30,2018-06-30,2018-06-30,2021-10-22,-44000000.0,22855000000.0,,5075000000.0,17780000000.0,,9.072,-172000000.0,4362000000.0,4362000000.0,1706000000.0,676000000.0,1.696,2.081,11323000000.0,184000000.0,11139000000.0,11323000000.0,0.0,274000000.0,0.0,0.039,0.75,730000000.0,1004000000.0,0.304,1004000000.0,730000000.0,637000000.0,0.7,0.7,0.7,7158000000.0,,7158000000.0,67274395375.0,20.0,15.43,935000000.0,1.185,1.0,1597000000.0,0.483,81000000.0,93000000.0,26743000000.0,,44000000.0,0.0,0.0,0.0,14893000000.0,2992000000.0,11901000000.0,60262395375.0,1722000000.0,0.0,-84000000.0,1795000000.0,-902000000.0,809000000.0,-172000000.0,0.0,1107000000.0,-22000000.0,556000000.0,556000000.0,556000000.0,0.0,120000000.0,0.168,800000000.0,797000000.0,154000000.0,1.071,8.419,15.888,15.908,16430000000.0,0.0,76.36,4.486,4.485,555000000.0,3538000000.0,3303000000.0,3303000000.0,0.0,,,,,7000000.0,401000000.0,1.0,789187996.0,789000000,790000000.0,4.186,22774000000.0,1129000000.0,81000000.0,455000000.0,28.864,2083000000.0
14,LVS,MRQ,2018-03-31,2018-03-31,2018-03-31,2021-10-22,47000000.0,21504000000.0,,3394000000.0,18110000000.0,,9.332,-234000000.0,2640000000.0,2640000000.0,1754000000.0,1616000000.0,1.181,1.786,9652000000.0,144000000.0,9508000000.0,9652000000.0,0.0,264000000.0,0.0,0.041,0.75,974000000.0,1238000000.0,0.346,1238000000.0,974000000.0,885000000.0,1.85,1.84,1.85,7363000000.0,,7363000000.0,63930596890.0,20.0,14.576,1163000000.0,1.474,1.0,1825000000.0,0.51,85000000.0,89000000.0,25557000000.0,,46000000.0,0.0,0.0,0.0,13147000000.0,2874000000.0,10273000000.0,56720596890.0,210000000.0,0.0,-21000000.0,-54000000.0,-902000000.0,-977000000.0,-234000000.0,0.0,1397000000.0,24000000.0,1456000000.0,1456000000.0,1456000000.0,0.0,160000000.0,0.407,667000000.0,1158000000.0,159000000.0,0.405,7.703,14.994,15.01,16738000000.0,0.0,71.9,4.284,4.285,587000000.0,3572000000.0,3579000000.0,3579000000.0,0.0,,,,,8000000.0,401000000.0,1.0,788881737.0,789000000,790000000.0,4.536,21419000000.0,1143000000.0,-571000000.0,510000000.0,27.147,520000000.0
15,LVS,MRQ,2017-12-31,2017-12-31,2017-12-31,2021-10-22,14000000.0,20687000000.0,,3197000000.0,17490000000.0,,8.189,-232000000.0,2430000000.0,2430000000.0,1675000000.0,1361000000.0,1.082,2.014,9640000000.0,296000000.0,9344000000.0,9640000000.0,0.0,258000000.0,0.0,0.042,0.73,870000000.0,1128000000.0,0.333,1128000000.0,870000000.0,783000000.0,1.53,1.54,1.53,6486000000.0,,6486000000.0,62535455895.0,21.0,15.264,1089000000.0,1.375,1.0,1716000000.0,0.506,89000000.0,87000000.0,24852000000.0,,37000000.0,0.0,0.0,0.0,13060000000.0,2956000000.0,10104000000.0,54930455895.0,418000000.0,0.0,-67000000.0,-30000000.0,-581000000.0,-678000000.0,-232000000.0,0.0,1321000000.0,7000000.0,1212000000.0,1212000000.0,1212000000.0,0.0,149000000.0,0.357,688000000.0,1028000000.0,171000000.0,0.477,8.469,19.562,19.575,16753000000.0,0.0,69.49,4.316,4.324,615000000.0,2709000000.0,3391000000.0,3391000000.0,0.0,,,,,8000000.0,403000000.0,1.0,790480010.0,792000000,789000000.0,4.282,20598000000.0,493000000.0,-429000000.0,467000000.0,26.008,241000000.0
16,LVS,MRQ,2017-09-30,2017-09-30,2017-09-30,2021-10-22,-13000000.0,19808000000.0,,2836000000.0,16972000000.0,,7.454,-211000000.0,2012000000.0,2012000000.0,1574000000.0,684000000.0,1.066,2.191,9617000000.0,134000000.0,9483000000.0,9617000000.0,0.0,265000000.0,0.0,0.045,0.73,725000000.0,990000000.0,0.313,990000000.0,725000000.0,642000000.0,0.72,0.72,0.72,5896000000.0,,5896000000.0,58594275724.0,22.0,14.894,902000000.0,1.14,1.0,1587000000.0,0.502,93000000.0,83000000.0,24659000000.0,,45000000.0,0.0,0.0,0.0,12917000000.0,2661000000.0,10256000000.0,50771275724.0,-305000000.0,0.0,-59000000.0,-578000000.0,-581000000.0,-1218000000.0,-211000000.0,0.0,1113000000.0,11000000.0,569000000.0,569000000.0,569000000.0,0.0,115000000.0,0.18,732000000.0,855000000.0,141000000.0,1.014,8.611,24.017,24.03,16732000000.0,0.0,64.16,4.137,4.135,637000000.0,2082000000.0,3161000000.0,3161000000.0,0.0,,,,,8000000.0,410000000.0,1.0,791322876.0,791000000,792000000.0,3.996,19715000000.0,0.0,73000000.0,458000000.0,24.924,175000000.0
17,LVS,MRQ,2017-06-30,2017-06-30,2017-06-30,2021-10-22,-46000000.0,20142000000.0,,3100000000.0,17042000000.0,,7.479,-177000000.0,2317000000.0,2317000000.0,1529000000.0,639000000.0,1.211,2.252,10140000000.0,126000000.0,10014000000.0,10140000000.0,0.0,327000000.0,0.0,0.045,0.73,703000000.0,1030000000.0,0.331,1030000000.0,703000000.0,624000000.0,0.69,0.69,0.69,5923000000.0,,5923000000.0,58442002776.0,22.0,15.109,969000000.0,1.223,1.0,1580000000.0,0.508,96000000.0,79000000.0,25310000000.0,,47000000.0,0.0,0.0,0.0,13337000000.0,2559000000.0,10778000000.0,50618002776.0,351000000.0,0.0,-64000000.0,319000000.0,-892000000.0,-637000000.0,-177000000.0,0.0,1146000000.0,19000000.0,546000000.0,546000000.0,546000000.0,0.0,93000000.0,0.176,763000000.0,817000000.0,107000000.0,1.058,8.546,24.596,24.573,16796000000.0,0.0,63.89,4.19,4.188,623000000.0,2089000000.0,3109000000.0,3109000000.0,0.0,,,,,8000000.0,396000000.0,1.0,792268004.0,792000000,792000000.0,3.926,20046000000.0,0.0,78000000.0,426000000.0,25.311,541000000.0
18,LVS,MRQ,2017-03-31,2017-03-31,2017-03-31,2021-10-22,-61000000.0,20042000000.0,,2820000000.0,17222000000.0,,7.553,-202000000.0,1966000000.0,1966000000.0,1551000000.0,579000000.0,1.123,2.157,9790000000.0,119000000.0,9671000000.0,9790000000.0,0.0,321000000.0,0.0,0.051,0.73,628000000.0,949000000.0,0.309,949000000.0,628000000.0,550000000.0,0.61,0.61,0.61,5997000000.0,,5997000000.0,52770269197.0,22.0,14.907,761000000.0,0.958,1.0,1516000000.0,0.494,100000000.0,78000000.0,25254000000.0,,47000000.0,0.0,0.0,0.0,12936000000.0,2512000000.0,10424000000.0,45313269197.0,-172000000.0,0.0,-145000000.0,80000000.0,-889000000.0,-954000000.0,-202000000.0,0.0,963000000.0,21000000.0,481000000.0,481000000.0,481000000.0,0.0,98000000.0,0.157,752000000.0,764000000.0,104000000.0,1.197,7.556,24.627,24.599,16969000000.0,0.0,57.07,3.899,3.899,683000000.0,2121000000.0,3067000000.0,3067000000.0,0.0,,,,,10000000.0,381000000.0,1.0,793994554.0,794000000,795000000.0,3.863,19942000000.0,0.0,69000000.0,441000000.0,25.116,308000000.0
19,LVS,MRQ,2016-12-31,2016-12-31,2016-12-31,2021-10-22,-119000000.0,20469000000.0,,3098000000.0,17371000000.0,,7.77,-294000000.0,2138000000.0,2138000000.0,1424000000.0,616000000.0,1.104,2.1,9595000000.0,167000000.0,9428000000.0,9595000000.0,0.0,319000000.0,0.0,0.054,0.72,646000000.0,965000000.0,0.329,965000000.0,646000000.0,570000000.0,0.65,0.65,0.65,6177000000.0,,6177000000.0,50407387160.0,23.0,15.261,919000000.0,1.156,1.0,1512000000.0,0.515,103000000.0,76000000.0,25017000000.0,,46000000.0,0.0,0.0,0.0,12973000000.0,2806000000.0,10167000000.0,42449943160.0,340000000.0,0.0,12000000.0,10000000.0,-576000000.0,-554000000.0,-293000000.0,1000000.0,1213000000.0,-26000000.0,518000000.0,518000000.0,518000000.0,0.0,98000000.0,0.176,834000000.0,678000000.0,128000000.0,1.108,6.872,25.283,25.313,17113000000.0,0.0,53.41,3.766,3.767,776000000.0,2222000000.0,2936000000.0,2936000000.0,0.0,,,,,6000000.0,404000000.0,1.0,794793918.0,795000000,795000000.0,3.693,20366000000.0,0.0,52000000.0,392000000.0,25.618,292000000.0
20,LVS,MRQ,2016-09-30,2016-09-30,2016-09-30,2021-10-22,-3252000.0,20680660000.0,,2838683000.0,17841977000.0,,7.98,-397000000.0,1799480000.0,1799480000.0,1448000000.0,606000000.0,1.023,2.067,9756924000.0,163825000.0,9593099000.0,9756924000.0,112885000.0,277000000.0,0.0,0.049,0.72,647000000.0,924000000.0,0.311,924000000.0,647000000.0,582000000.0,0.65,0.65,0.65,6343882000.0,,6343882000.0,53769810180.0,25.0,16.907,647000000.0,0.814,1.0,1521000000.0,0.512,108784000.0,65000000.0,25755367000.0,,43764000.0,0.0,0.0,0.0,13114033000.0,2773953000.0,10340080000.0,45730123180.0,-435000000.0,0.0,3000000.0,-498000000.0,-576000000.0,-1071000000.0,-397000000.0,0.0,1044000000.0,-11000000.0,513000000.0,513000000.0,513000000.0,0.0,93000000.0,0.173,801000000.0,720000000.0,123218000.0,1.108,7.209,28.115,28.068,17572243000.0,0.0,57.54,4.084,4.086,868090000.0,2285163000.0,2969000000.0,2969000000.0,0.0,,,,,7000000.0,369000000.0,1.0,794753618.0,795000000,795000000.0,3.735,20571876000.0,0.0,69000000.0,379666000.0,25.877,64730000.0
21,LVS,MRQ,2016-06-30,2016-06-30,2016-06-30,2021-10-22,22015000.0,20980532000.0,,3309270000.0,17671262000.0,,8.085,-361000000.0,2233946000.0,2233946000.0,1354000000.0,394000000.0,1.263,2.088,10273633000.0,211751000.0,10061882000.0,10273633000.0,113255000.0,255000000.0,0.0,0.063,0.72,447000000.0,702000000.0,0.265,702000000.0,447000000.0,383000000.0,0.41,0.41,0.41,6427488000.0,,6427488000.0,42236665568.0,20.0,13.354,627000000.0,0.789,1.0,1295000000.0,0.489,113304000.0,64000000.0,26287142000.0,,42358000.0,0.0,0.0,0.0,13420732000.0,2619773000.0,10800959000.0,34562319568.0,529000000.0,0.0,1000000.0,833000000.0,-892000000.0,-55000000.0,-400000000.0,8000000.0,988000000.0,-4000000.0,328000000.0,328000000.0,328000000.0,0.0,66000000.0,0.124,777000000.0,518000000.0,106405000.0,1.756,5.377,21.166,21.215,17393117000.0,0.0,43.49,3.108,3.109,925971000.0,2344018000.0,2649000000.0,2649000000.0,0.0,,,,,8000000.0,424000000.0,1.0,794718776.0,795000000,795000000.0,3.332,20867228000.0,8056000.0,55000000.0,404026000.0,26.248,689497000.0
22,LVS,MRQ,2016-03-31,2016-03-31,2016-03-31,2021-10-22,-7592000.0,20384909000.0,,2951894000.0,17433015000.0,,8.356,-341000000.0,1712897000.0,1712897000.0,1460000000.0,409000000.0,1.232,1.864,9387243000.0,152020000.0,9235223000.0,9387243000.0,113625000.0,260000000.0,0.0,0.052,0.72,452000000.0,712000000.0,0.262,712000000.0,452000000.0,383000000.0,0.4,0.4,0.4,6634988000.0,,6634988000.0,48350432450.0,21.0,14.695,458000000.0,0.577,1.0,1257000000.0,0.463,68260000.0,69000000.0,25595295000.0,,43174000.0,0.0,0.0,0.0,12370932000.0,2395700000.0,9975232000.0,41069811450.0,-483000000.0,0.0,1000000.0,-69000000.0,-880000000.0,-951000000.0,-350000000.0,-9000000.0,799000000.0,19000000.0,320000000.0,320000000.0,320000000.0,0.0,89000000.0,0.118,671000000.0,586000000.0,110236000.0,1.8,6.19,23.15,23.175,17189568000.0,0.0,51.68,3.605,3.602,1081544000.0,2588317000.0,2717000000.0,2717000000.0,0.0,,,,,13000000.0,346000000.0,1.0,794694494.0,794000000,795000000.0,3.422,20316649000.0,10389000.0,63000000.0,431136000.0,25.588,556194000.0
23,LVS,MRQ,2015-12-31,2015-12-31,2015-12-31,2021-10-22,-66000000.0,20863000000.0,,3609000000.0,17254000000.0,,8.566,-414856000.0,2187000000.0,2187000000.0,1472154000.0,575278000.0,1.465,1.826,9344000000.0,95000000.0,9249000000.0,9344000000.0,114000000.0,248788000.0,0.0,0.059,0.65,593587000.0,842375000.0,0.294,842375000.0,593587000.0,527605000.0,0.59,0.59,0.59,6817000000.0,,6817000000.0,42158617155.0,17.0,12.163,603658000.0,0.759,1.0,1389120000.0,0.485,71000000.0,65982000.0,25485000000.0,,43000000.0,0.0,0.0,0.0,12445000000.0,2464000000.0,9981000000.0,34892654155.0,323853000.0,0.0,-62891000.0,305171000.0,-532777000.0,-282694000.0,-414915000.0,-59000.0,1018514000.0,2948000.0,465546000.0,465546000.0,465546000.0,0.0,109732000.0,0.163,687614000.0,701506000.0,111000000.0,1.102,5.118,17.748,17.749,16994000000.0,0.0,43.84,2.985,2.989,1268000000.0,2840000000.0,2861274000.0,2861274000.0,0.0,,,,,11812000.0,361527000.0,1.0,795909082.0,795799730,797210118.0,3.595,20792000000.0,24000000.0,62059000.0,400000000.0,26.127,1145000000.0
24,LVS,MRQ,2015-09-30,2015-09-30,2015-09-30,2021-10-22,-86340000.0,20502890000.0,,3329223000.0,17173667000.0,,8.652,-393544000.0,1862980000.0,1862980000.0,1499334000.0,618193000.0,1.408,1.758,9128943000.0,94672000.0,9034271000.0,9128943000.0,114365000.0,247698000.0,0.0,0.065,0.65,658667000.0,906365000.0,0.313,906365000.0,658667000.0,591705000.0,0.65,0.65,0.65,6891529000.0,,6891529000.0,37271782153.0,14.0,9.919,465409000.0,0.584,1.0,1394349000.0,0.482,74869000.0,66962000.0,25329344000.0,,39755000.0,0.0,0.0,0.0,12116539000.0,2364640000.0,9751899000.0,30279221153.0,-963214000.0,0.0,-68193000.0,-504094000.0,-828419000.0,-1403880000.0,-393936000.0,-392000.0,858953000.0,-24351000.0,519358000.0,519358000.0,519358000.0,0.0,98835000.0,0.179,655280000.0,739069000.0,96027000.0,1.0,4.394,13.626,13.658,16773494000.0,0.0,37.97,2.473,2.47,1315191000.0,2891109000.0,2893683000.0,2893683000.0,0.0,,,,,9239000.0,351605000.0,1.0,797451176.0,796559738,797302248.0,3.633,20428021000.0,29992000.0,72347000.0,365532000.0,25.645,964583000.0
25,LVS,MRQ,2015-06-30,2015-06-30,2015-06-30,2021-10-22,26403000.0,21608209000.0,,4318610000.0,17289599000.0,,8.865,-351681000.0,2825800000.0,2825800000.0,1562251000.0,581491000.0,1.605,1.858,9818361000.0,98227000.0,9720134000.0,9818361000.0,114735000.0,248592000.0,0.0,0.044,0.65,580903000.0,829495000.0,0.284,829495000.0,580903000.0,515102000.0,0.59,0.59,0.59,7071384000.0,,7071384000.0,48811940556.0,17.0,12.552,495557000.0,0.621,1.0,1359170000.0,0.465,78845000.0,65801000.0,25830591000.0,,39820000.0,0.0,0.0,0.0,13139450000.0,2691334000.0,10448116000.0,41984308556.0,412215000.0,0.0,-63054000.0,502873000.0,-518844000.0,-84337000.0,-351898000.0,-217000.0,847238000.0,1212000.0,469173000.0,469173000.0,469173000.0,0.0,112318000.0,0.161,669860000.0,689310000.0,93621000.0,1.102,5.937,17.681,17.7,16846701000.0,0.0,52.57,3.259,3.255,1342146000.0,2889392000.0,2921421000.0,2921421000.0,0.0,,,,,17083000.0,360167000.0,1.0,798636267.0,797715773,798552917.0,3.662,21529364000.0,46613000.0,45929000.0,411227000.0,26.989,1627276000.0
26,LVS,MRQ,2015-03-31,2015-03-31,2015-03-31,2021-10-22,-6696000.0,21046082000.0,,3986784000.0,17059298000.0,,8.953,-366919000.0,2413366000.0,2413366000.0,1583261000.0,611038000.0,1.637,1.722,9240998000.0,97165000.0,9143833000.0,9240998000.0,115105000.0,253922000.0,0.0,0.039,0.65,633843000.0,887765000.0,0.295,887765000.0,633843000.0,567588000.0,0.64,0.64,0.64,7144063000.0,,7144063000.0,50429775352.0,16.0,12.266,367376000.0,0.46,1.0,1428361000.0,0.474,82094000.0,66255000.0,25355713000.0,,42088000.0,0.0,0.0,0.0,12305199000.0,2435907000.0,9869292000.0,43950013352.0,-1099854000.0,0.0,6138000.0,-624950000.0,-826960000.0,-1445089000.0,-367251000.0,-332000.0,734295000.0,-21809000.0,511923000.0,511923000.0,511923000.0,0.0,99115000.0,0.17,717246000.0,711115000.0,93728000.0,1.016,6.152,17.056,17.146,16624786000.0,0.0,55.04,3.235,3.233,1408381000.0,2938628000.0,3011622000.0,3011622000.0,0.0,,,,,7866000.0,369701000.0,1.0,798510417.0,797935314,798877040.0,3.774,20963988000.0,38285000.0,55665000.0,461472000.0,26.273,1550877000.0
27,LVS,MRQ,2014-12-31,2014-12-31,2014-12-31,2021-10-22,76101000.0,22354047000.0,,5190499000.0,17163548000.0,,9.025,-385466000.0,3512885000.0,3512885000.0,1779694000.0,877929000.0,1.922,1.848,9992647000.0,99734000.0,9892913000.0,9992647000.0,115475000.0,254935000.0,0.0,0.034,0.5,879242000.0,1134177000.0,0.332,1134177000.0,879242000.0,812737000.0,0.9,0.9,0.9,7213586000.0,,7213586000.0,53429204440.0,16.0,12.168,830038000.0,1.039,1.0,1636450000.0,0.479,86260000.0,66505000.0,26047577000.0,,41674000.0,0.0,0.0,0.0,13333465000.0,2699972000.0,10633493000.0,46644214440.0,359305000.0,0.0,-230212000.0,185320000.0,-400622000.0,-444349000.0,-385779000.0,-313000.0,1215504000.0,-26071000.0,721676000.0,721676000.0,721676000.0,0.0,156253000.0,0.211,614156000.0,1022294000.0,112721000.0,0.556,6.466,16.418,16.523,16725564000.0,0.0,58.16,3.198,3.214,1510772000.0,2945846000.0,3416144000.0,3416144000.0,0.0,,,,,6220000.0,288964000.0,1.0,801998185.0,799258964,801134152.0,4.274,22267787000.0,24076000.0,91061000.0,418014000.0,27.861,2490527000.0
28,LVS,MRQ,2014-09-30,2014-09-30,2014-09-30,2021-10-22,158022000.0,22027781000.0,,4817337000.0,17210444000.0,,8.975,-265802000.0,3153627000.0,3153627000.0,1883875000.0,860499000.0,1.839,1.828,9938617000.0,102602000.0,9836015000.0,9938617000.0,115845000.0,251002000.0,0.0,0.03,0.5,786353000.0,1037355000.0,0.294,1037355000.0,786353000.0,719574000.0,0.84,0.83,0.84,7207294000.0,,7207294000.0,57179499027.0,18.0,13.626,960850000.0,1.196,1.0,1649247000.0,0.467,90730000.0,66779000.0,26102624000.0,,43090000.0,0.0,0.0,0.0,13172183000.0,2619417000.0,10552766000.0,50099544027.0,-145618000.0,0.0,-296491000.0,-396743000.0,-400723000.0,-1099146000.0,-266048000.0,-246000.0,1226652000.0,-7076000.0,671705000.0,671705000.0,671705000.0,0.0,188794000.0,0.19,677826000.0,971421000.0,109868000.0,0.595,6.951,18.577,18.738,16752465000.0,0.0,62.21,3.38,3.37,1496987000.0,2622413000.0,3533122000.0,3533122000.0,0.0,,,,,14352000.0,384205000.0,1.0,805329433.0,803064834,804810589.0,4.4,21937051000.0,20615000.0,47869000.0,326211000.0,27.317,2197920000.0
29,LVS,MRQ,2014-06-30,2014-06-30,2014-06-30,2021-10-22,207321000.0,22249123000.0,,4978117000.0,17271006000.0,,9.015,-274546000.0,3299009000.0,3299009000.0,1942556000.0,852844000.0,1.742,1.857,10378964000.0,435794000.0,9943170000.0,10378964000.0,116215000.0,264016000.0,0.0,0.022,0.5,787941000.0,1051957000.0,0.29,1051957000.0,787941000.0,718351000.0,0.83,0.83,0.83,7275762000.0,,7275762000.0,68540566974.0,22.0,16.527,983671000.0,1.219,1.0,1681794000.0,0.464,95002000.0,69590000.0,26375876000.0,,43083000.0,0.0,0.0,0.0,13510565000.0,2858200000.0,10652365000.0,61576030974.0,-10675000.0,0.0,-392049000.0,70016000.0,-670583000.0,-996125000.0,-274935000.0,-389000.0,1258217000.0,2168000.0,671434000.0,671434000.0,671434000.0,0.0,181410000.0,0.185,720334000.0,961460000.0,118538000.0,0.602,8.463,23.22,23.525,16830166000.0,0.0,76.22,4.144,4.14,1531555000.0,2351879000.0,3624350000.0,3624350000.0,0.0,,,,,11438000.0,372655000.0,1.0,807872356.0,807038086,809224051.0,4.491,22154121000.0,19614000.0,46917000.0,377122000.0,27.451,2119917000.0
30,LVS,MRQ,2014-03-31,2014-03-31,2014-03-31,2021-10-22,184631000.0,22474601000.0,,5242112000.0,17232489000.0,,8.943,-251186000.0,3309290000.0,3309290000.0,2139875000.0,996728000.0,1.771,1.872,10273826000.0,304947000.0,9968879000.0,10273826000.0,116585000.0,261047000.0,0.0,0.019,0.5,906464000.0,1167511000.0,0.291,1167511000.0,906464000.0,835338000.0,0.95,0.95,0.95,7286808000.0,,7286808000.0,71792108887.0,24.0,17.984,881441000.0,1.082,1.0,1870509000.0,0.466,98522000.0,71126000.0,26381360000.0,,41385000.0,0.0,0.0,0.0,13641588000.0,2959255000.0,10682333000.0,65639102887.0,-297012000.0,0.0,-702248000.0,434407000.0,-915072000.0,-1181380000.0,-250238000.0,948000.0,1132627000.0,1979000.0,776185000.0,776185000.0,776185000.0,0.0,220543000.0,0.194,726684000.0,1143825000.0,131714000.0,0.526,9.008,26.149,26.485,16776870000.0,0.0,80.78,4.534,4.546,1781090000.0,2083717000.0,4010384000.0,4010384000.0,0.0,,,,,11990000.0,387176000.0,1.0,812566265.0,814766709,817537615.0,4.922,22376079000.0,21654000.0,59153000.0,422282000.0,27.463,2282857000.0
31,LVS,MRQ,2013-12-31,2013-12-31,2013-12-31,2021-10-22,173783000.0,22724264000.0,,5515539000.0,17208725000.0,,9.364,-267187000.0,3607253000.0,3607253000.0,2043650000.0,769731000.0,1.762,1.725,9760259000.0,377507000.0,9382752000.0,9760259000.0,116955000.0,254938000.0,0.0,0.018,0.35,684521000.0,939459000.0,0.257,939459000.0,684521000.0,617435000.0,0.7,0.7,0.7,7665494000.0,,7665494000.0,71184963868.0,26.0,18.864,1011442000.0,1.236,1.0,1612035000.0,0.441,102081000.0,67086000.0,25645524000.0,,41946000.0,0.0,0.0,0.0,13223735000.0,3129665000.0,10094070000.0,64637801868.0,391294000.0,0.0,-326396000.0,481000.0,-286689000.0,-619048000.0,-266706000.0,495000.0,1278629000.0,-1581000.0,577539000.0,577539000.0,577539000.0,0.0,192192000.0,0.158,725962000.0,886073000.0,119194000.0,0.5,8.432,28.03,28.168,16787772000.0,0.0,78.87,4.694,4.71,1762110000.0,1713339000.0,3655685000.0,3655685000.0,0.0,,,,,15969000.0,398906000.0,1.0,819548648.0,818591393,822633902.0,4.466,22622183000.0,13821000.0,39896000.0,363198000.0,27.636,2385874000.0
32,LVS,MRQ,2013-09-30,2013-09-30,2013-09-30,2021-10-22,194212000.0,22485095000.0,,5207268000.0,17277827000.0,,9.216,-206470000.0,3216454000.0,3216454000.0,1912059000.0,809298000.0,1.287,1.747,9763616000.0,1301624000.0,8461992000.0,9763616000.0,117325000.0,248925000.0,0.0,0.061,0.35,739298000.0,988223000.0,0.277,988223000.0,739298000.0,672381000.0,0.76,0.76,0.76,7586220000.0,,7586220000.0,61704454295.0,23.0,16.992,930106000.0,1.13,1.0,1656481000.0,0.464,106234000.0,66917000.0,24880905000.0,,41683000.0,0.0,0.0,0.0,13254099000.0,4045118000.0,9208981000.0,54734183295.0,694979000.0,0.0,-187643000.0,242115000.0,-288462000.0,-237798000.0,-206815000.0,-345000.0,1136576000.0,3016000.0,626744000.0,626744000.0,626744000.0,0.0,182554000.0,0.176,741655000.0,914826000.0,114741000.0,0.461,7.215,25.302,25.351,16839905000.0,0.0,66.42,4.149,4.145,1848522000.0,1422519000.0,3568540000.0,3568540000.0,0.0,,,,,14007000.0,419333000.0,1.0,824061778.0,823200515,826965340.0,4.335,22378861000.0,43482000.0,45637000.0,313414000.0,27.185,1162150000.0
33,LVS,MRQ,2013-06-30,2013-06-30,2013-06-30,2021-10-22,175107000.0,21783824000.0,,4465359000.0,17318465000.0,,9.102,-195534000.0,2521128000.0,2521128000.0,1772941000.0,671673000.0,1.249,1.71,9491399000.0,980168000.0,8511231000.0,9491399000.0,117695000.0,251048000.0,0.0,0.075,0.35,645850000.0,896898000.0,0.277,896898000.0,645850000.0,577474000.0,0.64,0.64,0.64,7500105000.0,,7500105000.0,51101708927.0,22.0,15.415,943155000.0,1.145,1.0,1470000000.0,0.453,109678000.0,68376000.0,25068990000.0,,41229000.0,0.0,0.0,0.0,12826777000.0,3575427000.0,9251350000.0,43659852927.0,134393000.0,0.0,10880000.0,-273357000.0,-493078000.0,-756512000.0,-241629000.0,-238000.0,1138689000.0,-6155000.0,529753000.0,529753000.0,529753000.0,0.0,141920000.0,0.163,689359000.0,780641000.0,121035000.0,0.547,5.821,23.146,23.114,16865777000.0,0.0,52.93,3.54,3.537,1803357000.0,1084511000.0,3242941000.0,3242941000.0,0.0,,,,,10309000.0,354350000.0,1.0,824860248.0,823974421,827901261.0,3.936,21674146000.0,42078000.0,47721000.0,341919000.0,26.304,889932000.0
34,LVS,MRQ,2013-03-31,2013-03-31,2013-03-31,2021-10-22,217302000.0,22010953000.0,,4501701000.0,17509252000.0,,8.898,-196765000.0,2386493000.0,2386493000.0,1787807000.0,703974000.0,1.674,1.797,9828349000.0,97347000.0,9731002000.0,9828349000.0,118065000.0,252557000.0,0.0,0.068,0.35,696375000.0,948932000.0,0.287,948932000.0,696375000.0,627543000.0,0.69,0.69,0.69,7326043000.0,,7326043000.0,54166476176.0,27.0,18.159,688753000.0,0.837,1.0,1514912000.0,0.459,68036000.0,68832000.0,26695747000.0,,42381000.0,0.0,0.0,0.0,13166828000.0,2689026000.0,10477802000.0,46455634176.0,-133018000.0,0.0,11955000.0,-334578000.0,-495820000.0,-819092000.0,-197059000.0,-294000.0,885518000.0,-2385000.0,571961000.0,571961000.0,571961000.0,0.0,132013000.0,0.173,688209000.0,826703000.0,132931000.0,0.507,6.341,29.087,29.046,17079753000.0,0.0,56.35,3.98,3.975,1973984000.0,843679000.0,3302719000.0,3302719000.0,0.0,,,,,13092000.0,346686000.0,1.0,824412319.0,823367441,827452691.0,4.011,21942917000.0,39080000.0,55582000.0,397004000.0,26.65,1812675000.0
35,LVS,MRQ,2012-12-31,2012-12-31,2012-12-31,2021-10-22,263078000.0,22163652000.0,,4477514000.0,17686138000.0,,8.588,-385813000.0,2519225000.0,2519225000.0,1710613000.0,571343000.0,1.707,1.912,10230067000.0,97802000.0,10132265000.0,10230067000.0,118435000.0,250321000.0,0.0,0.081,3.0,547005000.0,797326000.0,0.259,797326000.0,547005000.0,479938000.0,0.53,0.53,0.53,7061842000.0,,7061842000.0,43753135626.0,22.0,15.323,499111000.0,0.607,1.0,1366389000.0,0.444,70618000.0,67067000.0,27181053000.0,,43875000.0,0.0,0.0,0.0,13505240000.0,2622823000.0,10882417000.0,38010415626.0,-1232649000.0,0.0,15870000.0,716885000.0,-2469204000.0,-1739291000.0,-384403000.0,1410000.0,884924000.0,6121000.0,434782000.0,434782000.0,434782000.0,0.0,136561000.0,0.141,694384000.0,672005000.0,106498000.0,5.66,5.383,24.94,24.423,17225489000.0,0.0,46.16,3.415,3.344,1819260000.0,560452000.0,3077002000.0,3077002000.0,0.0,,,,,15160000.0,360214000.0,1.0,823449212.0,822330145,828141039.0,3.742,22093034000.0,45579000.0,45156000.0,350071000.0,26.866,1854691000.0
36,LVS,MRQ,2012-09-30,2012-09-30,2012-09-30,2021-10-22,256222000.0,23158362000.0,,5599077000.0,17559285000.0,,11.039,-326478000.0,3753282000.0,3753282000.0,1498354000.0,444980000.0,2.222,1.393,9496002000.0,98136000.0,9397866000.0,9496002000.0,118805000.0,226538000.0,0.0,0.016,0.25,445425000.0,671963000.0,0.248,671963000.0,445425000.0,383133000.0,0.43,0.42,0.43,9068196000.0,,9068196000.0,44003534698.0,22.0,15.609,428036000.0,0.521,1.0,1211128000.0,0.447,73165000.0,62292000.0,26307940000.0,,42511000.0,0.0,0.0,0.0,12634308000.0,2519977000.0,10114331000.0,38158923698.0,223415000.0,0.0,7324000.0,-8569000.0,-205466000.0,-227816000.0,-326741000.0,-263000.0,754514000.0,23458000.0,349782000.0,349782000.0,349782000.0,0.0,95198000.0,0.129,677033000.0,534095000.0,150192000.0,0.581,4.208,27.074,25.619,17082038000.0,0.0,46.37,3.6,3.594,1702458000.0,2598984000.0,2709482000.0,2709482000.0,0.0,,,,,17401000.0,323449000.0,1.0,822922659.0,821482154,825606248.0,3.298,23085197000.0,43771000.0,33351000.0,319555000.0,28.102,3079100000.0
37,LVS,MRQ,2012-06-30,2012-06-30,2012-06-30,2021-10-22,162529000.0,22416806000.0,,5225597000.0,17191209000.0,,10.752,-336535000.0,3529602000.0,3529602000.0,1426145000.0,286381000.0,2.323,1.385,9374213000.0,97737000.0,9276476000.0,9374213000.0,119175000.0,220440000.0,0.0,0.011,0.25,344205000.0,564645000.0,0.219,564645000.0,344205000.0,279672000.0,0.29,0.29,0.29,8828748000.0,,8828748000.0,41569229337.0,20.0,14.358,414333000.0,0.505,1.0,1155761000.0,0.448,75435000.0,64533000.0,25936512000.0,,40537000.0,0.0,0.0,0.0,12229776000.0,2249470000.0,9980306000.0,35780956337.0,-534360000.0,0.0,4527000.0,-551071000.0,-384179000.0,-933623000.0,-336794000.0,-259000.0,750868000.0,-14811000.0,240587000.0,240587000.0,240587000.0,0.0,45794000.0,0.093,758033000.0,397728000.0,134447000.0,0.862,4.053,25.318,23.382,16718992000.0,0.0,43.49,3.474,3.468,1561776000.0,2473724000.0,2581906000.0,2581906000.0,0.0,,,,,13701000.0,317630000.0,1.0,822739856.0,821110555,826102326.0,3.144,22341371000.0,42453000.0,39085000.0,316443000.0,27.209,2976127000.0
38,LVS,MRQ,2012-03-31,2012-03-31,2012-03-31,2021-10-22,191935000.0,22871032000.0,,5722739000.0,17148293000.0,,11.581,-397499000.0,4063700000.0,4063700000.0,1434463000.0,579109000.0,2.296,1.428,9851973000.0,469324000.0,9382649000.0,9851973000.0,119545000.0,194747000.0,0.0,0.004,0.25,626785000.0,821532000.0,0.297,821532000.0,626785000.0,562113000.0,0.66,0.61,0.66,8806476000.0,,8806476000.0,48383034540.0,21.0,15.748,269952000.0,0.355,1.0,1328279000.0,0.481,78017000.0,64672000.0,26088470000.0,,40014000.0,0.0,0.0,0.0,12573184000.0,2492818000.0,10080366000.0,42259918540.0,153642000.0,0.0,547427000.0,-306345000.0,-383463000.0,-144576000.0,-397694000.0,-195000.0,667451000.0,28461000.0,498942000.0,498942000.0,498942000.0,0.0,80167000.0,0.181,620725000.0,707554000.0,105205000.0,0.379,4.799,27.436,27.812,16743951000.0,0.0,57.57,4.2,4.351,1530340000.0,2438945000.0,2762742000.0,2762742000.0,0.0,,,,,19166000.0,267672000.0,1.0,734061465.0,760437437,818797155.0,3.633,22793015000.0,33955000.0,63171000.0,336280000.0,29.974,3229921000.0
39,LVS,MRQ,2011-12-31,2011-12-31,2011-12-31,2021-10-22,94104000.0,22244123000.0,,5397152000.0,16846971000.0,,10.733,-420282000.0,3909861000.0,3909861000.0,1372554000.0,524352000.0,2.16,1.631,10032977000.0,455846000.0,9577131000.0,10032977000.0,119915000.0,197935000.0,0.0,0.0,0.0,563039000.0,760974000.0,0.299,760974000.0,563039000.0,495028000.0,0.43,0.39,0.43,7850689000.0,,7850689000.0,36877039231.0,18.0,12.943,313041000.0,0.428,1.0,1171801000.0,0.461,80068000.0,68011000.0,25788465000.0,,34990000.0,0.0,0.0,0.0,12804971000.0,2498706000.0,10306265000.0,31309062231.0,-48857000.0,0.0,5943000.0,221878000.0,-17340000.0,-572850000.0,-205984000.0,214298000.0,733323000.0,-3346000.0,435284000.0,320114000.0,320114000.0,0.0,89068000.0,0.126,508519000.0,663282000.0,104113000.0,0.0,3.988,24.662,24.557,16421447000.0,115170000.0,42.73,3.327,3.307,1336817000.0,2145692000.0,2544355000.0,2544355000.0,0.0,,,,,15472000.0,213917000.0,1.0,732718517.0,731445947,812614699.0,3.479,22164055000.0,72345000.0,59744000.0,313498000.0,30.302,2898446000.0
40,LVS,MRQ,2011-09-30,2011-09-30,2011-09-30,2021-10-22,103067000.0,21965251000.0,,5342656000.0,16622595000.0,,10.454,-365838000.0,4171451000.0,4171451000.0,1217881000.0,505172000.0,2.29,1.608,9739428000.0,457344000.0,9282084000.0,9739428000.0,120285000.0,200071000.0,0.0,0.0,0.0,548015000.0,748086000.0,0.31,748086000.0,548015000.0,477254000.0,0.48,0.44,0.48,7629156000.0,,7629156000.0,34130880768.0,18.0,12.637,481812000.0,0.66,1.0,1191494000.0,0.495,82546000.0,70761000.0,25117711000.0,,33462000.0,0.0,0.0,0.0,12267013000.0,2332971000.0,9934042000.0,27994897768.0,472469000.0,0.0,10984000.0,-145904000.0,-19140000.0,-215625000.0,-141947000.0,223416000.0,847650000.0,-17609000.0,424879000.0,353631000.0,353631000.0,0.0,80293000.0,0.147,558938000.0,632556000.0,103319000.0,0.0,3.669,22.901,22.421,16187512000.0,71248000.0,38.34,3.152,3.15,1112896000.0,1830097000.0,2409375000.0,2409375000.0,0.0,,,,,13953000.0,294703000.0,1.0,730174694.0,729773246,812543534.0,3.302,21882705000.0,24025000.0,52375000.0,213375000.0,29.986,3009685000.0
41,LVS,MRQ,2011-06-30,2011-06-30,2011-06-30,2021-10-22,218495000.0,21737157000.0,,4721305000.0,17015852000.0,,10.152,-386869000.0,3922897000.0,3922897000.0,1203305000.0,489092000.0,1.724,1.672,10058880000.0,1073484000.0,8985396000.0,10058880000.0,116712000.0,206161000.0,0.0,0.0,0.0,535603000.0,741764000.0,0.316,741764000.0,535603000.0,465011000.0,0.5,0.45,0.5,7397998000.0,,7397998000.0,37080116140.0,22.0,15.098,276276000.0,0.379,1.0,1141791000.0,0.487,85844000.0,70592000.0,25047954000.0,,35634000.0,0.0,0.0,0.0,12370507000.0,2739342000.0,9631165000.0,30770175140.0,345165000.0,0.0,6819000.0,-137854000.0,-19219000.0,-157193000.0,-170397000.0,216718000.0,663145000.0,9610000.0,410637000.0,367607000.0,367607000.0,0.0,78455000.0,0.157,533669000.0,608122000.0,92953000.0,0.0,4.159,29.678,28.52,16333813000.0,43030000.0,42.21,3.671,3.67,968988000.0,1476466000.0,2345096000.0,2345096000.0,0.0,,,,,13050000.0,265937000.0,1.0,728978326.0,728695140,811274706.0,3.218,21651313000.0,23972000.0,54374000.0,172989000.0,29.712,1981963000.0
42,LVS,MRQ,2011-03-31,2011-03-31,2011-03-31,2021-10-22,164012000.0,21236990000.0,,4205285000.0,17031705000.0,,9.618,-329411000.0,3792818000.0,3792818000.0,1128937000.0,364503000.0,1.626,1.784,10102759000.0,917007000.0,9185752000.0,10102759000.0,139392000.0,190237000.0,0.0,0.0,0.0,408119000.0,598356000.0,0.283,598356000.0,408119000.0,334534000.0,0.32,0.28,0.32,6957581000.0,,6957581000.0,36965438724.0,29.0,18.374,88967000.0,0.123,1.0,982982000.0,0.465,87905000.0,73585000.0,24872052000.0,,33633000.0,0.0,0.0,0.0,12411208000.0,2586974000.0,9824234000.0,30671616724.0,96860000.0,0.0,14271000.0,-121721000.0,-19598000.0,-147793000.0,-179778000.0,149962000.0,418378000.0,6053000.0,289323000.0,228156000.0,228156000.0,0.0,75180000.0,0.108,497055000.0,485927000.0,87734000.0,0.0,4.408,46.156,43.526,16097786000.0,61167000.0,42.22,4.02,4.003,803100000.0,1108859000.0,2111919000.0,2111919000.0,0.0,,,,,20239000.0,248061000.0,1.0,726471263.0,723389226,811239242.0,2.919,21149085000.0,42589000.0,45211000.0,132669000.0,29.236,1618311000.0
43,LVS,MRQ,2010-12-31,2010-12-31,2010-12-31,2021-10-22,129519000.0,21044308000.0,,4058907000.0,16985401000.0,,9.679,-329933000.0,3847001000.0,3847001000.0,1069494000.0,386407000.0,1.561,1.893,10140823000.0,767068000.0,9373755000.0,10140823000.0,147378000.0,184450000.0,0.0,0.0,0.0,428313000.0,612763000.0,0.304,612763000.0,428313000.0,353375000.0,0.41,0.34,0.41,6662991000.0,,6662991000.0,38248738452.0,39.0,22.829,332220000.0,0.483,1.0,945552000.0,0.469,89805000.0,74938000.0,24647912000.0,,32260000.0,0.0,0.0,0.0,12609741000.0,2600413000.0,10009328000.0,31463347452.0,642369000.0,0.0,235568000.0,-78279000.0,-93400000.0,127360000.0,-182098000.0,-688266000.0,662153000.0,34954000.0,325509000.0,273036000.0,273036000.0,0.0,60898000.0,0.135,456866000.0,488686000.0,113505000.0,0.0,4.722,77.218,75.328,15901037000.0,52473000.0,45.95,4.591,4.475,716919000.0,880703000.0,2015046000.0,2015046000.0,-1258000.0,,,,,15469000.0,221376000.0,1.0,684730086.0,688366791,820574475.0,2.927,20954503000.0,72029000.0,27866000.0,115219000.0,30.441,1458494000.0
44,LVS,MRQ,2010-09-30,2010-09-30,2010-09-30,2021-10-22,101619000.0,20247997000.0,,3313560000.0,16934437000.0,,9.248,-522692000.0,3354458000.0,3354458000.0,1040553000.0,268834000.0,1.431,2.036,10139849000.0,572458000.0,9567391000.0,10139849000.0,147802000.0,186738000.0,0.0,0.0,0.0,316381000.0,503119000.0,0.264,503119000.0,316381000.0,239658000.0,0.25,0.21,0.25,6111539000.0,,6111539000.0,29807042119.0,52.0,23.987,47401000.0,0.072,1.0,868219000.0,0.455,91735000.0,76723000.0,24625692000.0,,27751000.0,0.0,0.0,0.0,12445778000.0,2315961000.0,10129817000.0,23026594119.0,-1124123000.0,0.0,2478000.0,-468245000.0,0.0,-489117000.0,-1209943000.0,173774000.0,570093000.0,4844000.0,214497000.0,168011000.0,168011000.0,0.0,54337000.0,0.088,484914000.0,383305000.0,101163000.0,0.0,3.768,1122.537,1161.667,15723412000.0,46486000.0,34.85,3.761,3.762,618998000.0,608260000.0,1908772000.0,1908772000.0,425000.0,,,,,13620000.0,222162000.0,1.0,660734408.0,660836841,789156247.0,2.888,20156262000.0,43786000.0,25161000.0,52813000.0,30.501,997599000.0
45,LVS,MRQ,2010-06-30,2010-06-30,2010-06-30,2021-10-22,26400000.0,20267154000.0,,4456824000.0,15810330000.0,,8.861,-585731000.0,3615409000.0,3615409000.0,938144000.0,78548000.0,1.861,2.188,10395857000.0,569196000.0,9826661000.0,10395857000.0,148226000.0,170694000.0,0.0,0.0,0.0,126867000.0,297561000.0,0.187,297561000.0,126867000.0,49880000.0,-0.01,-0.01,-0.01,5851771000.0,,5851771000.0,21027837925.0,64.0,22.03,-230620000.0,-0.349,1.0,656332000.0,0.412,92010000.0,76987000.0,24560947000.0,,26523000.0,173461000.0,173461000.0,0.0,12806166000.0,2394645000.0,10411521000.0,14619863925.0,-233010000.0,0.0,3850000.0,-146932000.0,0.0,-166432000.0,-423331000.0,204000.0,355111000.0,1642000.0,41807000.0,-4679000.0,-4679000.0,0.0,36741000.0,-0.003,489557000.0,166775000.0,119156000.0,0.0,2.498,-54.05,-54.0,15337174000.0,46486000.0,22.14,2.73,2.73,530331000.0,440249000.0,1594476000.0,1594476000.0,676000.0,,,,,13839000.0,198873000.0,1.0,660337124.0,660364559,660364559.0,2.415,20175144000.0,101904000.0,8073000.0,65240000.0,30.552,2062179000.0
46,LVS,MRQ,2010-03-31,2010-03-31,2010-03-31,2021-10-22,25871000.0,20093458000.0,,4756558000.0,15336900000.0,,8.838,-535890000.0,4053419000.0,4053419000.0,826996000.0,47814000.0,2.383,2.177,10461393000.0,286819000.0,10174574000.0,10461393000.0,148650000.0,153089000.0,0.0,0.0,0.0,108948000.0,262037000.0,0.196,262037000.0,108948000.0,30783000.0,-0.04,-0.04,-0.04,5835823000.0,,5835823000.0,19917244360.0,567.0,31.365,-253096000.0,-0.383,1.0,507892000.0,0.38,0.0,78165000.0,24505256000.0,,24922000.0,173868000.0,173868000.0,0.0,12704138000.0,1996176000.0,10707962000.0,13965839360.0,-1203571000.0,0.0,73000.0,-576091000.0,0.0,-599368000.0,-892443000.0,-173978000.0,282794000.0,5446000.0,17581000.0,-28905000.0,-28905000.0,0.0,30233000.0,-0.022,366072000.0,141820000.0,86829000.0,0.0,2.393,-28.615,-28.581,14954133000.0,46486000.0,21.15,2.898,2.898,436074000.0,444928000.0,1334888000.0,1334888000.0,157000.0,,,,,15093000.0,149735000.0,1.0,660323374.0,660280641,660280641.0,2.022,20093458000.0,51765000.0,13202000.0,7033000.0,30.432,2760382000.0
47,LVS,MRQ,2009-12-31,2009-12-31,2009-12-31,2021-10-22,26748000.0,20572106000.0,,5623674000.0,14948432000.0,,8.861,-553509000.0,5074057000.0,5074057000.0,799508000.0,-74017000.0,3.057,2.26,11025462000.0,173315000.0,10852147000.0,11025462000.0,149074000.0,154482000.0,0.0,0.0,0.0,25415000.0,179897000.0,0.14,179897000.0,25415000.0,-71952000.0,-0.17,-0.17,-0.17,5850699000.0,,5850699000.0,18308492385.0,-502.0,33.316,-447315000.0,-0.677,1.0,484691000.0,0.377,50129000.0,97367000.0,24634077000.0,,27073000.0,0.0,0.0,0.0,13220685000.0,1839305000.0,11381380000.0,9865031385.0,1863571000.0,0.0,64000.0,-148599000.0,0.0,2214502000.0,-439485000.0,78630000.0,106194000.0,-17640000.0,-67427000.0,-113914000.0,-113914000.0,0.0,-6590000.0,-0.089,440747000.0,43944000.0,82695000.0,0.0,1.686,-18.267,-18.22,14561091000.0,46487000.0,14.94,2.162,2.151,460766000.0,473833000.0,1284199000.0,1284199000.0,189000.0,,,,,12631000.0,180755000.0,1.0,660309999.0,660285291,660285291.0,1.945,20521977000.0,48661000.0,-4525000.0,0.0,31.08,3784369000.0
48,LVS,MRQ,2009-09-30,2009-09-30,2009-09-30,2021-10-22,25992000.0,18273058000.0,,3778257000.0,14494801000.0,,6.11,-512650000.0,3320936000.0,3320936000.0,720763000.0,-80617000.0,2.19,3.434,11764397000.0,159921000.0,11604476000.0,11764397000.0,149498000.0,148677000.0,0.0,0.0,0.0,66324000.0,215001000.0,0.188,215001000.0,66324000.0,-22190000.0,-0.19,-0.19,-0.19,4034407000.0,,4034407000.0,19123566167.0,-224.0,39.146,-288077000.0,-0.436,1.0,420381000.0,0.368,0.0,88514000.0,24990923000.0,,26153000.0,0.0,0.0,0.0,13855514000.0,1725596000.0,12129918000.0,11119834167.0,506812000.0,0.0,0.0,857478000.0,0.0,834128000.0,-551865000.0,0.0,224573000.0,-24000.0,-76506000.0,-122992000.0,-122992000.0,0.0,-4111000.0,-0.108,357999000.0,62382000.0,78672000.0,0.0,2.756,-19.763,-17.184,14063936000.0,46486000.0,16.84,2.543,2.543,375201000.0,587747000.0,1141144000.0,1141144000.0,80000.0,,,,,12009000.0,144708000.0,1.0,660322694.0,660245590,660245590.0,1.728,18273058000.0,47448000.0,54316000.0,0.0,27.676,2052661000.0
49,LVS,MRQ,2009-06-30,2009-06-30,2009-06-30,2021-10-22,14798000.0,17296995000.0,,3217941000.0,14079054000.0,,6.274,-498693000.0,2773672000.0,2773672000.0,672053000.0,-178263000.0,1.971,3.096,10777404000.0,141144000.0,10636260000.0,10777404000.0,149922000.0,143633000.0,0.0,0.0,0.0,-165557000.0,-21924000.0,-0.021,-21924000.0,-165557000.0,-230428000.0,-0.34,-0.34,-0.34,4133988000.0,,4133988000.0,12729274967.0,-113.0,28.627,-336562000.0,-0.511,1.0,386647000.0,0.365,0.0,64871000.0,23668281000.0,,27180000.0,0.0,0.0,0.0,12798895000.0,1632446000.0,11166449000.0,5180791967.0,-173439000.0,0.0,0.0,272458000.0,0.0,248934000.0,-585012000.0,0.0,162131000.0,508000.0,-175940000.0,-222248000.0,-222248000.0,0.0,-2323000.0,-0.21,557992000.0,-171345000.0,88141000.0,0.0,1.253,-10.979,-8.932,13601962000.0,46308000.0,7.86,1.195,1.194,367244000.0,710739000.0,1058700000.0,1058700000.0,10000.0,,,,,9309000.0,188107000.0,1.0,659133838.0,658877256,658877256.0,1.607,17296995000.0,121818000.0,-54488000.0,0.0,26.252,1585495000.0
50,LVS,MRQ,2009-03-31,2009-03-31,2009-03-31,2021-10-22,-3472000.0,16961632000.0,,3363908000.0,13597724000.0,,6.684,-523841000.0,2860393000.0,2860393000.0,684549000.0,-35846000.0,2.265,2.838,10408876000.0,134116000.0,10274760000.0,10408876000.0,150346000.0,139249000.0,0.0,0.0,0.0,37325000.0,176574000.0,0.164,176574000.0,37325000.0,-33793000.0,-0.12,-0.12,-0.12,4329861000.0,,4329861000.0,9202780385.0,71.0,13.889,-378126000.0,-0.584,1.0,394513000.0,0.366,0.0,71118000.0,23025242000.0,,27188000.0,0.0,0.0,0.0,12288472000.0,1484873000.0,10803599000.0,1965021385.0,-279691000.0,0.0,-13000.0,32854000.0,0.0,8409000.0,-433701000.0,0.0,145715000.0,-114000.0,-34606000.0,-80896000.0,-80896000.0,0.0,-1240000.0,-0.075,358234000.0,36279000.0,68216000.0,0.0,0.454,-7.604,-5.375,13185655000.0,46290000.0,3.01,0.448,0.444,345954000.0,933339000.0,1079062000.0,1079062000.0,254000.0,,,,,11596000.0,144727000.0,1.0,652831025.0,647802932,647802932.0,1.666,16961632000.0,53539000.0,813000.0,0.0,26.183,1879035000.0
51,LVS,MRQ,2008-12-31,2008-12-31,2008-12-31,2021-10-22,17554000.0,17144113000.0,,3741276000.0,13402837000.0,,11.277,-880612000.0,3232979000.0,3232979000.0,711040000.0,-111606000.0,2.445,2.804,10470738000.0,114623000.0,10356115000.0,10470738000.0,150771000.0,142233000.0,0.0,0.0,0.0,-23371000.0,118862000.0,0.109,118862000.0,-23371000.0,-151487000.0,-0.33,-0.33,-0.33,4422108000.0,,4422108000.0,10943274635.0,55.0,15.51,-972883000.0,-2.481,1.0,382335000.0,0.35,0.0,128116000.0,22851456000.0,,28837000.0,0.0,0.0,0.0,12400643000.0,1530416000.0,10870227000.0,2107973635.0,1762188000.0,0.0,1053696000.0,600650000.0,0.0,2684091000.0,-836865000.0,218044000.0,-92271000.0,7233000.0,-111320000.0,-136526000.0,-136526000.0,0.0,-286000.0,-0.125,416714000.0,-34379000.0,71035000.0,0.0,0.477,-11.167,-12.354,12968166000.0,25206000.0,5.93,0.48,0.53,384819000.0,1015554000.0,1093375000.0,1093375000.0,1285000.0,,,,,15149000.0,151304000.0,1.0,355476161.0,392131375,392131375.0,2.788,17144113000.0,67160000.0,-40167000.0,0.0,43.72,2210860000.0
52,LVS,MRQ,2008-09-30,2008-09-30,2008-09-30,2021-10-22,15975000.0,14759412000.0,,1996975000.0,12762437000.0,,6.411,-998065000.0,1515119000.0,1515119000.0,732239000.0,-32491000.0,1.16,5.478,10350420000.0,99314000.0,10251106000.0,10350420000.0,151195000.0,132239000.0,0.0,0.0,0.0,38902000.0,171141000.0,0.155,171141000.0,38902000.0,-51633000.0,-0.09,-0.09,-0.09,2278381000.0,,2278381000.0,20784465143.0,59.0,26.088,-974314000.0,-2.742,1.0,373195000.0,0.338,0.0,90535000.0,21872731000.0,,27284000.0,0.0,0.0,0.0,12481031000.0,1721982000.0,10759049000.0,12835873143.0,474205000.0,0.0,399000.0,1495649000.0,0.0,1496043000.0,-1049360000.0,0.0,23751000.0,3771000.0,-32208000.0,-32208000.0,-32208000.0,0.0,-283000.0,-0.029,345000000.0,28195000.0,96345000.0,0.0,5.634,-1038.921,-1203.667,12353108000.0,0.0,36.11,2.954,2.954,333176000.0,1145296000.0,1105434000.0,1105434000.0,1153000.0,,,,,15391000.0,153582000.0,1.0,355465886.0,355393259,355393259.0,3.11,14759412000.0,85692000.0,-19425000.0,7145000.0,41.53,274993000.0
53,LVS,MRQ,2008-06-30,2008-06-30,2008-06-30,2021-10-22,28499000.0,13282222000.0,,1360643000.0,11921579000.0,,6.488,-966790000.0,974836000.0,974836000.0,679717000.0,-12994000.0,0.815,4.761,8923428000.0,110655000.0,8812773000.0,8923428000.0,151619000.0,119101000.0,0.0,0.0,0.0,76896000.0,195997000.0,0.176,195997000.0,76896000.0,-11578000.0,-0.02,-0.02,-0.02,2305710000.0,,2305710000.0,23920173418.0,71.0,34.024,-845833000.0,-2.38,1.0,432397000.0,0.389,0.0,88474000.0,19562086000.0,,24864000.0,0.0,0.0,0.0,10976512000.0,1668728000.0,9307784000.0,16861276418.0,-53592000.0,0.0,1414000.0,533117000.0,0.0,538656000.0,-714083000.0,0.0,120957000.0,878000.0,-8796000.0,-8796000.0,-8796000.0,0.0,-4198000.0,-0.008,359115000.0,73282000.0,103610000.0,0.0,7.313,-588.444,-593.0,11508816000.0,0.0,47.44,4.323,4.322,270025000.0,1177504000.0,1112114000.0,1112114000.0,4459000.0,,,,,13707000.0,181508000.0,1.0,355423196.0,355364583,355364583.0,3.13,13282222000.0,49973000.0,-2782000.0,0.0,37.376,-308085000.0
54,LVS,MRQ,2008-03-31,2008-03-31,2008-03-31,2021-10-22,22052000.0,12568401000.0,,1498061000.0,11070340000.0,,6.448,-943541000.0,1309721000.0,1309721000.0,645756000.0,-11234000.0,0.999,4.486,8368618000.0,78286000.0,8290332000.0,8368618000.0,151316000.0,113413000.0,0.0,0.0,0.0,106140000.0,219553000.0,0.203,219553000.0,106140000.0,-8560000.0,-0.03,-0.03,-0.03,2290800000.0,,2290800000.0,32471606331.0,92.0,50.95,-871106000.0,-2.452,1.0,433267000.0,0.402,0.0,114700000.0,18127287000.0,,24035000.0,0.0,0.0,0.0,10277601000.0,1500011000.0,8777590000.0,26168194331.0,-1788000.0,0.0,5020000.0,642909000.0,0.0,889363000.0,-970656000.0,0.0,72435000.0,7070000.0,-11234000.0,-11234000.0,-11234000.0,0.0,0.0,-0.01,336702000.0,96565000.0,99479000.0,0.0,11.423,1799.738,1841.0,10530009000.0,0.0,73.64,7.693,7.692,253614000.0,1186300000.0,1079023000.0,1079023000.0,5892000.0,,,,,8495000.0,168490000.0,1.0,355352992.0,355274537,355274537.0,3.037,12568401000.0,43928000.0,2674000.0,0.0,35.377,-1950000.0
55,LVS,MRQ,2007-12-31,2007-12-31,2007-12-31,2021-10-22,-2493000.0,11466517000.0,,1379086000.0,10087431000.0,,6.366,-1071636000.0,1268918000.0,1268918000.0,635662000.0,39883000.0,0.924,4.073,7572330000.0,54333000.0,7517997000.0,7572330000.0,103546000.0,81295000.0,0.0,0.0,0.0,128726000.0,210021000.0,0.2,210021000.0,128726000.0,45546000.0,0.11,0.11,0.11,2260274000.0,,2260274000.0,41946812642.0,109.0,71.625,-929943000.0,-2.619,1.0,412811000.0,0.394,0.0,83180000.0,16276656000.0,,19902000.0,0.0,0.0,0.0,9206243000.0,1493273000.0,7712970000.0,36598063642.0,-822497000.0,0.0,6360000.0,248397000.0,0.0,260525000.0,-1210042000.0,0.0,141693000.0,-14673000.0,39883000.0,39883000.0,39883000.0,0.0,0.0,0.038,279246000.0,133565000.0,99023000.0,0.0,16.192,313.64,312.273,9644223000.0,0.0,103.05,12.404,12.392,187195000.0,1197534000.0,1048473000.0,1048473000.0,2501000.0,,,,,9163000.0,148299000.0,1.0,355148604.0,355080610,351874052.0,2.953,11466517000.0,32471000.0,5663000.0,1553000.0,32.293,-114187000.0
56,LVS,MRQ,2007-09-30,2007-09-30,2007-09-30,2021-10-22,-473000.0,11129552000.0,,2202596000.0,8926956000.0,,6.208,-1030018000.0,1942449000.0,1942449000.0,416973000.0,-48507000.0,0.794,4.052,7291198000.0,1329829000.0,5961369000.0,7291198000.0,103853000.0,54309000.0,0.0,0.0,0.0,23148000.0,77457000.0,0.117,77457000.0,23148000.0,-49459000.0,-0.14,-0.14,-0.14,2203023000.0,,2203023000.0,51626747170.0,117.0,86.504,-988092000.0,-2.784,1.0,243977000.0,0.369,0.0,72607000.0,13702589000.0,,15914000.0,0.0,0.0,0.0,8926529000.0,2775712000.0,6150817000.0,47346401170.0,-105456000.0,0.0,12381000.0,135248000.0,0.0,150682000.0,-294867000.0,0.0,41926000.0,-3197000.0,-48507000.0,-48507000.0,-48507000.0,0.0,0.0,-0.073,264771000.0,-20794000.0,68118000.0,0.0,21.492,248.609,247.074,8687262000.0,0.0,133.42,18.652,18.652,152307000.0,1157651000.0,660950000.0,660950000.0,3621000.0,,,,,6769000.0,103688000.0,1.0,354867345.0,354856121,354856121.0,1.863,11129552000.0,30125000.0,-952000.0,0.0,31.364,-573116000.0
57,LVS,MRQ,2007-06-30,2007-06-30,2007-06-30,2021-10-22,-5269000.0,10447844000.0,,2348498000.0,8099346000.0,,6.26,-927085000.0,2829519000.0,2829519000.0,350923000.0,34398000.0,2.41,3.705,7109865000.0,43592000.0,7066273000.0,7109865000.0,104159000.0,35721000.0,0.0,0.0,0.0,94576000.0,130297000.0,0.213,130297000.0,94576000.0,40167000.0,0.1,0.1,0.1,2220482000.0,,2220482000.0,30532687141.0,53.0,43.623,-801119000.0,-2.258,1.0,262003000.0,0.427,0.0,54409000.0,13753702000.0,,13077000.0,0.0,0.0,0.0,8227362000.0,974488000.0,7252874000.0,27104265141.0,1345578000.0,0.0,1498000.0,2632451000.0,0.0,2634468000.0,-1416125000.0,0.0,125966000.0,1269000.0,34398000.0,34398000.0,34398000.0,0.0,0.0,0.056,175770000.0,86233000.0,52034000.0,0.0,12.206,80.619,80.411,7260668000.0,0.0,76.39,11.151,11.148,119070000.0,1206158000.0,612926000.0,612926000.0,1260000.0,,,,,8025000.0,85394000.0,1.0,354814310.0,354726843,355896858.0,1.728,10447844000.0,30687000.0,5769000.0,0.0,29.453,1374010000.0
58,LVS,MRQ,2007-03-31,2007-03-31,2007-03-31,2021-10-22,-5428000.0,7535652000.0,,909523000.0,6626129000.0,,6.137,-764964000.0,995544000.0,995544000.0,342285000.0,90914000.0,0.993,2.462,4423966000.0,165610000.0,4258356000.0,4423966000.0,104466000.0,31232000.0,0.0,0.0,0.0,136637000.0,167869000.0,0.267,167869000.0,136637000.0,102025000.0,0.26,0.26,0.26,2176435000.0,,2176435000.0,33439766567.0,54.0,45.529,-713613000.0,-2.012,1.0,285933000.0,0.455,0.0,34612000.0,10048546000.0,,13052000.0,0.0,0.0,0.0,5359217000.0,915528000.0,4443689000.0,30719088567.0,-28541000.0,0.0,9983000.0,269435000.0,0.0,281711000.0,-366393000.0,0.0,51351000.0,4790000.0,90914000.0,90914000.0,90914000.0,0.0,0.0,0.145,154927000.0,131006000.0,56192000.0,0.0,14.114,74.718,74.664,6256423000.0,0.0,86.61,13.158,13.155,120854000.0,1171760000.0,628218000.0,628218000.0,2346000.0,,,,,2155000.0,76490000.0,1.0,354682930.0,354613724,356114292.0,1.772,7535652000.0,17567000.0,11111000.0,0.0,21.25,-6005000.0
59,LVS,MRQ,2006-12-31,2006-12-31,2006-12-31,2021-10-22,-580000.0,7126458000.0,,1093557000.0,6032901000.0,,5.856,-638399000.0,1421960000.0,1421960000.0,327488000.0,113640000.0,1.489,2.434,4142638000.0,6486000.0,4136152000.0,4142638000.0,104773000.0,34595000.0,0.0,0.0,0.0,186595000.0,221190000.0,0.348,221190000.0,186595000.0,141185000.0,0.32,0.32,0.32,2075154000.0,,2075154000.0,33951624564.0,53.0,45.216,-464284000.0,-1.31,1.0,308772000.0,0.485,0.0,45410000.0,9112488000.0,,12291000.0,0.0,0.0,0.0,5051304000.0,734648000.0,4316656000.0,31710014564.0,-25643000.0,0.0,3363000.0,93395000.0,0.0,97271000.0,-296891000.0,0.0,174115000.0,-138000.0,113640000.0,113640000.0,113640000.0,0.0,0.0,0.179,142448000.0,166324000.0,51038000.0,0.0,15.281,71.742,71.584,5392181000.0,0.0,89.48,14.176,14.172,173683000.0,1084951000.0,636260000.0,636260000.0,3115000.0,,,,,4032000.0,78869000.0,1.0,354381030.0,354359061,356037874.0,1.796,7126458000.0,15688000.0,27545000.0,20676000.0,20.111,358909000.0
60,LVS,MRQ,2006-09-30,2006-09-30,2006-09-30,2021-10-22,-1198000.0,6778473000.0,,998309000.0,5780164000.0,,5.507,-556417000.0,1788782000.0,1788782000.0,291297000.0,97251000.0,1.606,2.474,4030392000.0,6413000.0,4023979000.0,4030392000.0,105080000.0,26743000.0,0.0,0.0,0.0,153827000.0,180570000.0,0.326,180570000.0,153827000.0,108484000.0,0.27,0.27,0.27,1951223000.0,,1951223000.0,25424810225.0,42.0,35.939,-1024433000.0,-2.891,1.0,261931000.0,0.473,0.0,45343000.0,8398322000.0,,11663000.0,0.0,0.0,0.0,4827250000.0,621761000.0,4205489000.0,24220856225.0,211710000.0,0.0,683000.0,852419000.0,0.0,853358000.0,-173609000.0,0.0,-468016000.0,-23000.0,97251000.0,97251000.0,97251000.0,0.0,0.0,0.176,128453000.0,133478000.0,44080000.0,0.0,12.413,55.247,55.569,4737482000.0,0.0,68.35,11.527,11.525,102129000.0,971311000.0,553228000.0,553228000.0,5968000.0,,,,,4203000.0,73699000.0,1.0,354365124.0,354296742,355220167.0,1.561,6778473000.0,14832000.0,11233000.0,434000.0,19.132,376548000.0
61,LVS,MRQ,2006-06-30,2006-06-30,2006-06-30,2021-10-22,812000.0,5740841000.0,,777348000.0,4963493000.0,,5.223,-436242000.0,1958983000.0,1958983000.0,277781000.0,109329000.0,1.425,2.103,3162937000.0,6138000.0,3156799000.0,3162937000.0,105387000.0,24428000.0,0.0,0.0,0.0,140419000.0,164847000.0,0.319,164847000.0,140419000.0,116734000.0,0.31,0.31,0.31,1850147000.0,,1850147000.0,28266552839.0,50.0,42.072,-484887000.0,-1.369,1.0,239226000.0,0.463,0.0,23685000.0,6399437000.0,,10820000.0,0.0,0.0,0.0,3890694000.0,545358000.0,3345336000.0,27587139839.0,-35278000.0,0.0,1316000.0,1434488000.0,0.0,1435804000.0,-1423337000.0,0.0,-48645000.0,900000.0,109329000.0,109329000.0,109329000.0,0.0,0.0,0.211,113811000.0,125415000.0,45683000.0,0.0,14.911,65.488,65.429,3347330000.0,0.0,77.86,13.893,13.891,86939000.0,874060000.0,517007000.0,517007000.0,7861000.0,,,,,2862000.0,69588000.0,1.0,354317234.0,354255635,355259487.0,1.459,5740841000.0,28923000.0,7405000.0,3777000.0,16.205,231990000.0
62,LVS,MRQ,2006-03-31,2006-03-31,2006-03-31,2021-10-22,1438000.0,4097334000.0,,578131000.0,3519203000.0,,4.904,-294233000.0,1007923000.0,1007923000.0,267549000.0,121783000.0,1.166,1.359,1687336000.0,7490000.0,1679846000.0,1687336000.0,105693000.0,25005000.0,0.0,0.0,0.0,159258000.0,184263000.0,0.347,184263000.0,159258000.0,137843000.0,0.34,0.34,0.34,1736828000.0,,1736828000.0,20608337046.0,38.0,32.004,-148407000.0,-0.419,1.0,262815000.0,0.496,0.0,21415000.0,4280818000.0,,10645000.0,0.0,0.0,0.0,2360506000.0,495929000.0,1864577000.0,20074817046.0,-139569000.0,0.0,1864000.0,54053000.0,0.0,56549000.0,-342019000.0,0.0,145826000.0,75000.0,121783000.0,121783000.0,121783000.0,0.0,0.0,0.23,113935000.0,148880000.0,44259000.0,0.0,11.558,50.394,50.589,2887413000.0,0.0,56.66,10.75,10.747,108450000.0,764731000.0,530364000.0,530364000.0,9168000.0,,,,,2230000.0,67766000.0,1.0,354303160.0,354199253,354592597.0,1.497,4097334000.0,12427000.0,16060000.0,8200000.0,11.568,82202000.0
63,LVS,MRQ,2005-12-31,2005-12-31,2005-12-31,2021-10-22,1726000.0,3879739000.0,,644706000.0,3235033000.0,,4.545,-278466000.0,1099706000.0,1099706000.0,258405000.0,110049000.0,1.4,1.41,1633226000.0,7325000.0,1625901000.0,1633226000.0,105999000.0,26512000.0,0.0,0.0,0.0,151247000.0,177759000.0,0.355,177759000.0,151247000.0,130604000.0,0.31,0.31,0.31,1609538000.0,,1609538000.0,14396508513.0,37.0,30.022,-116747000.0,-0.33,1.0,242270000.0,0.484,0.0,20643000.0,3952891000.0,,9967000.0,0.0,0.0,0.0,2270201000.0,460368000.0,1809833000.0,13978722513.0,-133057000.0,0.0,313000.0,39545000.0,0.0,39858000.0,-335391000.0,0.0,161719000.0,757000.0,110049000.0,110049000.0,110049000.0,0.0,0.0,0.22,100782000.0,141488000.0,34803000.0,0.0,8.685,49.275,49.337,2600468000.0,0.0,39.47,8.03,8.03,84778000.0,642948000.0,500675000.0,500675000.0,5575000.0,,,,,113000.0,60331000.0,1.0,354160692.0,354162584,354477305.0,1.414,3879739000.0,19278000.0,20555000.0,0.0,10.955,184338000.0
64,LVS,MRQ,2005-09-30,2005-09-30,2005-09-30,2021-10-22,0.0,3693335000.0,,716140000.0,2977195000.0,,4.228,-208590000.0,1175838000.0,1175838000.0,228263000.0,80096000.0,1.51,1.467,1593624000.0,56101000.0,1537523000.0,1593624000.0,106306000.0,27722000.0,0.0,0.0,0.0,117266000.0,144988000.0,0.331,144988000.0,117266000.0,86669000.0,0.23,0.23,0.23,1497337000.0,,1497337000.0,12009129374.0,37.0,29.056,-63920000.0,-0.18,1.0,209359000.0,0.478,0.0,30597000.0,3636943000.0,,8987000.0,0.0,0.0,0.0,2195998000.0,474178000.0,1721820000.0,11655428374.0,-60291000.0,0.0,0.0,206909000.0,0.0,206909000.0,-411870000.0,0.0,144670000.0,0.0,80096000.0,80096000.0,80096000.0,0.0,0.0,0.183,100875000.0,108484000.0,59543000.0,0.0,7.784,47.986,47.014,2337737000.0,0.0,32.91,7.341,7.341,53631000.0,532899000.0,437622000.0,437622000.0,5926000.0,,,,,762000.0,59283000.0,1.0,354160692.0,354160692,354445509.0,1.236,3693335000.0,38452000.0,6573000.0,0.0,10.428,241962000.0
65,LVS,MRQ,2005-06-30,2005-06-30,2005-06-30,2021-10-22,0.0,3325656000.0,,795503000.0,2530153000.0,,4.0,-221401000.0,1032849000.0,1032849000.0,198375000.0,86429000.0,2.017,1.348,1386550000.0,56442000.0,1330108000.0,1386550000.0,106613000.0,21097000.0,0.0,0.0,0.0,115819000.0,136916000.0,0.343,136916000.0,115819000.0,97850000.0,0.24,0.24,0.24,1416479000.0,,1416479000.0,12977387739.0,82.0,54.93,-16997000.0,-0.048,1.0,200446000.0,0.503,0.0,17969000.0,3284887000.0,,8769000.0,0.0,0.0,0.0,1909177000.0,394470000.0,1514707000.0,12661244739.0,-149417000.0,0.0,0.0,-122415000.0,0.0,-131720000.0,-222101000.0,4481000.0,204404000.0,0.0,86429000.0,86429000.0,86429000.0,0.0,0.0,0.217,86303000.0,114143000.0,61253000.0,0.0,8.939,164.607,170.238,2093013000.0,0.0,35.75,8.476,8.476,66386000.0,452803000.0,398821000.0,398821000.0,5562000.0,,,,,0.0,54834000.0,1.0,354160692.0,354160692,354795833.0,1.126,3325656000.0,44038000.0,11421000.0,0.0,9.39,401033000.0
66,LVS,MRQ,2005-03-31,2005-03-31,2005-03-31,2021-10-22,0.0,3297920000.0,,968040000.0,2329880000.0,,3.755,-152164000.0,1181566000.0,1181566000.0,188409000.0,7112000.0,2.779,1.48,1497709000.0,64033000.0,1433676000.0,1497709000.0,106920000.0,19965000.0,0.0,0.0,0.0,-104000.0,19861000.0,0.049,19861000.0,-104000.0,-27187000.0,0.02,0.02,0.02,1330050000.0,,1330050000.0,16054787140.0,30.0,26.296,-73041000.0,-0.206,1.0,215385000.0,0.533,0.0,27083000.0,3265689000.0,,8334000.0,0.0,0.0,0.0,1967870000.0,348374000.0,1619496000.0,15937231140.0,-495287000.0,0.0,0.0,-292220000.0,-21052000.0,-417765000.0,-156645000.0,-4481000.0,79123000.0,0.0,7112000.0,7112000.0,7112000.0,0.0,0.0,0.018,90049000.0,125336000.0,33759000.0,0.0,11.982,35.23,32.374,1889251000.0,0.0,45.0,11.704,11.704,75759000.0,366374000.0,403794000.0,403794000.0,5175000.0,,,,,7424000.0,56655000.0,1.0,354160692.0,354160692,355029968.0,1.14,3297920000.0,55459000.0,-34299000.0,0.0,9.312,619666000.0
67,LVS,MRQ,2004-12-31,2004-12-31,2004-12-31,2021-10-22,0.0,3601478000.0,,1405126000.0,2196352000.0,,3.976,-138760000.0,1672372000.0,1672372000.0,173781000.0,69256000.0,2.294,1.737,1789928000.0,304864000.0,1485064000.0,1789928000.0,107227000.0,17703000.0,0.0,0.0,0.0,93836000.0,111539000.0,0.321,111539000.0,93836000.0,55520000.0,0.21,0.21,0.21,1316001000.0,,1316001000.0,17622740624.0,28.0,25.579,-64557000.0,-0.195,1.0,173796000.0,0.5,0.0,38316000.0,3106474000.0,,8010000.0,0.0,0.0,0.0,2285477000.0,612560000.0,1672917000.0,16828284624.0,672700000.0,0.0,742518000.0,-31213000.0,0.0,739841000.0,-141344000.0,233091000.0,74203000.0,0.0,69256000.0,69256000.0,69256000.0,0.0,0.0,0.199,84054000.0,89742000.0,40615000.0,0.0,12.787,33.984,31.579,1756090000.0,0.0,48.0,14.058,13.092,56582000.0,359262000.0,347577000.0,347577000.0,7572000.0,,,,,0.0,53799000.0,1.0,350589263.0,330950212,331614366.0,1.05,3601478000.0,13736000.0,-13736000.0,0.0,10.882,792566000.0
68,LVS,MRQ,2004-09-30,2004-09-30,2004-09-30,2021-10-22,0.0,2785511000.0,,712768000.0,2072743000.0,,1.613,-90895000.0,997088000.0,997088000.0,166581000.0,-85879000.0,2.447,4.303,1791544000.0,13734000.0,1777810000.0,1791544000.0,107534000.0,19346000.0,0.0,,0.0,-51409000.0,-32063000.0,-0.093,-32063000.0,-51409000.0,-85879000.0,-0.26,-0.26,-0.26,525279000.0,,525279000.0,,,,-25311000.0,-0.078,1.0,177055000.0,0.515,0.0,34470000.0,3288715000.0,,6541000.0,0.0,0.0,0.0,2260232000.0,291252000.0,1968980000.0,,-62284000.0,0.0,9059000.0,339779000.0,-17118000.0,303411000.0,-431279000.0,-233091000.0,65584000.0,0.0,-85879000.0,-85879000.0,-85879000.0,0.0,0.0,-0.25,225066000.0,-48011000.0,35609000.0,0.0,,,,1635074000.0,0.0,,,,51760000.0,311058000.0,343636000.0,343636000.0,4567000.0,,,,,49230000.0,163193000.0,1.0,350589263.0,325679693,325679693.0,1.055,2785511000.0,0.0,0.0,0.0,8.553,421516000.0
69,LVS,MRQ,2004-06-30,2004-06-30,2004-06-30,2021-10-22,,,,,,,,-144237000.0,,,113191000.0,461890000.0,,,,,,,,16856000.0,,,0.0,494354000.0,511210000.0,1.917,511210000.0,494354000.0,461890000.0,1.42,1.42,1.42,,,,,,,28045000.0,0.086,1.0,153466000.0,0.576,,32464000.0,,,,,,,,,,,523917000.0,649568000.0,0.0,-120858000.0,-102906000.0,-223803000.0,575438000.0,0.0,172282000.0,0.0,461890000.0,461890000.0,461890000.0,0.0,0.0,1.732,76601000.0,76865000.0,,0.0,,,,,0.0,,,,,,266657000.0,266657000.0,2226000.0,,,,,0.0,43002000.0,1.0,350589263.0,324658394,325040683.0,0.821,,,0.0,,,
70,LVS,MRQ,2004-03-31,2004-03-31,2004-03-31,2021-10-22,,,,,,,,-91856000.0,,,88168000.0,49916000.0,,,,,,,,15527000.0,,,0.0,82743000.0,98270000.0,0.411,98270000.0,82743000.0,49916000.0,0.15,0.15,0.15,,,,,,,-30556000.0,-0.094,1.0,151018000.0,0.631,,32827000.0,,,,,,,,,,,7772000.0,0.0,0.0,6128000.0,-5003000.0,937000.0,-54465000.0,0.0,61300000.0,0.0,49916000.0,49916000.0,49916000.0,0.0,0.0,0.209,68722000.0,82296000.0,,0.0,,,,,0.0,,,,,,239186000.0,239186000.0,536000.0,,,,,0.0,38894000.0,1.0,350589263.0,324658394,325190459.0,0.737,,,0.0,,,
71,LVS,MRQ,2003-12-31,2003-12-31,2003-12-31,2021-10-22,0.0,1917035000.0,,272739000.0,1644296000.0,,0.499,-57776000.0,294592000.0,294592000.0,69442000.0,7681000.0,1.221,10.826,1566495000.0,41379000.0,1525116000.0,1566495000.0,0.0,15394000.0,0.0,,0.0,39362000.0,54756000.0,0.316,54756000.0,39362000.0,7681000.0,0.028,0.019,0.028,162108000.0,,162108000.0,,,,-37617000.0,-0.116,1.0,103982000.0,0.6,0.0,31681000.0,2965572000.0,,6251000.0,0.0,0.0,0.0,1754927000.0,223366000.0,1531561000.0,,-460000.0,-6252000.0,721000.0,20555000.0,0.0,16834000.0,-37453000.0,-16945000.0,20159000.0,0.0,7681000.0,7681000.0,7681000.0,0.0,0.0,0.044,65219000.0,38763000.0,23911000.0,0.0,,,,1484670000.0,0.0,,,,52084000.0,8289000.0,173424000.0,173424000.0,0.0,,,,,0.0,41555000.0,1.0,350589263.0,324778316,324512576.0,0.534,1917035000.0,0.0,0.0,0.0,5.903,49373000.0
72,LVS,MRQ,2002-12-31,2002-12-31,2002-12-31,2021-10-22,0.0,1606762000.0,,212239000.0,1394523000.0,,0.309,,231337000.0,231337000.0,,,1.314,15.006,1352312000.0,8550000.0,1343762000.0,1352312000.0,0.0,,0.0,,0.0,,,,,,,,,,100384000.0,,100384000.0,,,,,,1.0,,,0.0,,2566243000.0,,5226000.0,0.0,0.0,0.0,1506378000.0,161494000.0,1344884000.0,,,,,,,,,,,,,,,,,,,,22303000.0,,,,,1246607000.0,,,,,52856000.0,-58345000.0,,,,,,,,,,1.0,350589263.0,324658394,,,1606762000.0,0.0,,0.0,4.949,50745000.0
0,LVS,MRT,2021-09-30,2021-09-30,2021-09-30,2021-10-22,-32000000.0,19892000000.0,20404500000.0,5228000000.0,14664000000.0,0.214,2.751,-885000000.0,1660000000.0,1660000000.0,2745000000.0,-1455000000.0,2.102,8.308,14535000000.0,73000000.0,14462000000.0,14535000000.0,0.0,1068000000.0,0.0,0.0,0.0,-529000000.0,539000000.0,0.123,539000000.0,-529000000.0,-1148000000.0,-1.49,-1.49,-1.49,2102000000.0,2559750000.0,2102000000.0,40339024923.0,-76.0,74.84,-1067000000.0,-1.397,1.0,1627000000.0,0.372,15000000.0,619000000.0,30265000000.0,30186750000.0,22000000.0,0.0,0.0,0.0,17463000000.0,2487000000.0,14976000000.0,27962024923.0,-697000000.0,0.0,21000000.0,415000000.0,0.0,547000000.0,-935000000.0,0.0,-182000000.0,-15000000.0,-1137000000.0,-1137000000.0,-1137000000.0,-75000000.0,-318000000.0,-0.26,2389000000.0,-762000000.0,74000000.0,0.0,13.303,-24.593,-24.564,14101000000.0,0.0,36.6,6.396,6.396,167000000.0,-25000000.0,4372000000.0,4372000000.0,0.0,-0.056,-0.444,-0.018,-0.121,20000000.0,1108000000.0,1.0,763989752.0,764000000,764000000.0,5.723,19877000000.0,325000000.0,-11000000.0,188000000.0,26.017,2741000000.0
1,LVS,MRT,2021-06-30,2021-06-30,2021-06-30,2021-10-22,-6000000.0,20378000000.0,20677000000.0,5577000000.0,14801000000.0,0.192,3.26,-1050000000.0,2073000000.0,2073000000.0,2552000000.0,-1691000000.0,2.194,6.998,14450000000.0,75000000.0,14375000000.0,14450000000.0,0.0,1054000000.0,0.0,0.0,0.0,-717000000.0,337000000.0,0.085,337000000.0,-717000000.0,-1313000000.0,-1.75,-1.75,-1.75,2491000000.0,2834000000.0,2491000000.0,52609297303.0,-73.0,156.111,-1367000000.0,-1.789,1.0,1409000000.0,0.356,15000000.0,596000000.0,30198000000.0,30173750000.0,22000000.0,0.0,0.0,0.0,17432000000.0,2542000000.0,14890000000.0,40253297303.0,-921000000.0,0.0,25000000.0,470000000.0,0.0,512000000.0,-1098000000.0,0.0,-317000000.0,0.0,-1334000000.0,-1334000000.0,-1334000000.0,91000000.0,-357000000.0,-0.337,2378000000.0,-969000000.0,69000000.0,0.0,16.159,-30.175,-30.109,14230000000.0,0.0,52.69,10.162,10.163,160000000.0,343000000.0,3961000000.0,3961000000.0,0.0,-0.065,-0.471,-0.024,-0.181,19000000.0,1050000000.0,1.0,763964648.0,764000000,764000000.0,5.185,20363000000.0,338000000.0,21000000.0,206000000.0,26.653,3035000000.0
2,LVS,MRT,2021-03-31,2021-03-31,2021-03-31,2021-10-22,-11000000.0,20541000000.0,21006250000.0,5630000000.0,14911000000.0,0.136,3.499,-1248000000.0,2090000000.0,2090000000.0,2129000000.0,-2434000000.0,2.284,6.496,14446000000.0,72000000.0,14374000000.0,14446000000.0,0.0,1040000000.0,0.0,0.0,0.0,-1414000000.0,-374000000.0,-0.131,-374000000.0,-1414000000.0,-1966000000.0,-2.57,-2.57,-2.57,2673000000.0,3141250000.0,2673000000.0,58281096913.0,-41.0,-155.832,-2383000000.0,-3.119,1.0,721000000.0,0.253,20000000.0,552000000.0,30412000000.0,30147750000.0,23000000.0,0.0,0.0,0.0,17364000000.0,2465000000.0,14899000000.0,46411096913.0,-493000000.0,0.0,27000000.0,1945000000.0,0.0,1839000000.0,-1315000000.0,0.0,-1135000000.0,-15000000.0,-1962000000.0,-1962000000.0,-1962000000.0,273000000.0,-472000000.0,-0.688,2308000000.0,-1587000000.0,70000000.0,0.0,17.363,-23.655,-23.642,14336000000.0,0.0,60.76,16.285,16.288,205000000.0,535000000.0,2850000000.0,2850000000.0,0.0,-0.093,-0.625,-0.047,-0.496,19000000.0,1018000000.0,1.0,763842938.0,764000000,764000000.0,3.73,20521000000.0,327000000.0,-4000000.0,207000000.0,26.86,3165000000.0
3,LVS,MRT,2020-12-31,2020-12-31,2020-12-31,2021-10-22,29000000.0,20807000000.0,21162750000.0,5707000000.0,15100000000.0,0.171,3.891,-1329000000.0,2098000000.0,2098000000.0,2608000000.0,-2143000000.0,2.027,5.809,14004000000.0,75000000.0,13929000000.0,14004000000.0,0.0,1160000000.0,0.0,0.013,0.79,-1187000000.0,-27000000.0,-0.007,-27000000.0,-1187000000.0,-1723000000.0,-2.21,-2.21,-2.21,2973000000.0,3595250000.0,2973000000.0,57038156369.0,-48.0,-2112.524,-2641000000.0,-3.457,1.0,1004000000.0,0.278,25000000.0,536000000.0,29872000000.0,29648750000.0,22000000.0,0.0,0.0,0.0,17269000000.0,2816000000.0,14453000000.0,45524156369.0,-2105000000.0,0.0,24000000.0,1447000000.0,-911000000.0,560000000.0,-1329000000.0,0.0,-1312000000.0,-24000000.0,-1685000000.0,-1685000000.0,-1685000000.0,0.0,-458000000.0,-0.467,2692000000.0,-1688000000.0,89000000.0,-0.357,15.313,-27.017,-26.968,14536000000.0,0.0,59.6,12.604,12.606,252000000.0,813000000.0,3612000000.0,3612000000.0,0.0,-0.08,-0.469,-0.04,-0.329,22000000.0,1261000000.0,1.0,763828127.0,764000000,764000000.0,4.728,20782000000.0,318000000.0,-38000000.0,275000000.0,27.202,2891000000.0
4,LVS,MRT,2020-09-30,2020-09-30,2020-09-30,2021-10-22,-38000000.0,20982000000.0,21760750000.0,2958000000.0,18024000000.0,0.25,4.187,-1453000000.0,2398000000.0,2398000000.0,3224000000.0,-984000000.0,1.312,5.359,13912000000.0,72000000.0,13840000000.0,13912000000.0,0.0,1036000000.0,0.0,0.033,1.56,-186000000.0,850000000.0,0.156,850000000.0,-186000000.0,-696000000.0,-0.99,-0.99,-0.99,3199000000.0,4148750000.0,3199000000.0,46445063238.0,-250.0,54.641,-1527000000.0,-1.999,1.0,2210000000.0,0.407,28000000.0,510000000.0,30213000000.0,29226500000.0,34000000.0,0.0,0.0,0.0,17142000000.0,2255000000.0,14887000000.0,35639063238.0,-1434000000.0,1000000.0,-268000000.0,1941000000.0,-1498000000.0,42000000.0,-1532000000.0,0.0,-74000000.0,-3000000.0,-757000000.0,-757000000.0,-757000000.0,170000000.0,-227000000.0,-0.139,2550000000.0,-340000000.0,70000000.0,-1.576,11.141,-47.079,-47.131,17202000000.0,0.0,46.66,6.559,6.56,382000000.0,1112000000.0,5434000000.0,5434000000.0,0.0,-0.035,-0.182,-0.006,-0.034,26000000.0,1204000000.0,1.0,763803327.0,764000000,764000000.0,7.113,20954000000.0,327000000.0,61000000.0,320000000.0,27.427,703000000.0
5,LVS,MRT,2020-06-30,2020-06-30,2020-06-30,2021-10-22,-74000000.0,21695000000.0,22122000000.0,3772000000.0,17923000000.0,0.372,4.869,-1400000000.0,3032000000.0,3032000000.0,4435000000.0,416000000.0,1.588,4.616,13838000000.0,71000000.0,13767000000.0,13838000000.0,0.0,1072000000.0,0.0,0.051,2.33,992000000.0,2064000000.0,0.251,2064000000.0,992000000.0,479000000.0,0.44,0.44,0.44,3720000000.0,4688750000.0,3720000000.0,44484251221.0,45.0,21.552,-280000000.0,-0.366,1.0,3803000000.0,0.462,32000000.0,513000000.0,30094000000.0,28545500000.0,37000000.0,0.0,0.0,0.0,17170000000.0,2375000000.0,14795000000.0,34780251221.0,-999000000.0,1000000.0,-367000000.0,1823000000.0,-2090000000.0,-734000000.0,-1459000000.0,0.0,1120000000.0,-26000000.0,341000000.0,341000000.0,341000000.0,103000000.0,75000000.0,0.041,2721000000.0,1082000000.0,64000000.0,5.295,9.35,101.995,103.5,17103000000.0,0.0,45.54,4.222,4.223,567000000.0,1677000000.0,8238000000.0,8238000000.0,0.0,0.015,0.073,0.035,0.12,29000000.0,1398000000.0,1.0,763729715.0,764000000,764000000.0,10.783,21663000000.0,308000000.0,138000000.0,400000000.0,28.355,1397000000.0
6,LVS,MRT,2020-03-31,2020-03-31,2020-03-31,2021-10-22,-119000000.0,21167000000.0,22346750000.0,3493000000.0,17674000000.0,0.515,5.876,-1260000000.0,2618000000.0,2618000000.0,5836000000.0,2509000000.0,1.444,3.5,12322000000.0,69000000.0,12253000000.0,12322000000.0,0.0,1117000000.0,0.0,0.073,3.1,3062000000.0,4179000000.0,0.363,4179000000.0,3062000000.0,2520000000.0,2.75,2.75,2.75,4489000000.0,5148750000.0,4489000000.0,40683698340.0,13.0,9.735,588000000.0,0.77,1.0,5674000000.0,0.493,36000000.0,542000000.0,28416000000.0,27898500000.0,36000000.0,0.0,0.0,0.0,15710000000.0,2419000000.0,13291000000.0,32433698340.0,-1530000000.0,1161000000.0,-524000000.0,339000000.0,-3008000000.0,-3193000000.0,-182000000.0,0.0,1848000000.0,-3000000.0,2115000000.0,2115000000.0,2115000000.0,-41000000.0,394000000.0,0.184,2941000000.0,2733000000.0,82000000.0,1.127,7.225,15.335,15.444,16875000000.0,0.0,42.47,2.818,2.819,653000000.0,2497000000.0,11510000000.0,11510000000.0,0.0,0.095,0.411,0.11,0.266,33000000.0,1582000000.0,1.0,763684915.0,764000000,764000000.0,15.065,21131000000.0,279000000.0,405000000.0,441000000.0,27.658,1074000000.0
7,LVS,MRT,2019-12-31,2019-12-31,2019-12-31,2021-10-22,-3000000.0,23199000000.0,22633250000.0,5305000000.0,17894000000.0,0.607,6.728,-1211000000.0,4242000000.0,4242000000.0,6832000000.0,3304000000.0,1.645,3.218,12492000000.0,70000000.0,12422000000.0,12492000000.0,0.0,1165000000.0,0.0,0.045,3.08,3721000000.0,4886000000.0,0.356,4886000000.0,3721000000.0,3166000000.0,3.5,3.5,3.5,5187000000.0,5407750000.0,5187000000.0,61136242376.0,16.0,12.513,1827000000.0,2.37,1.0,6907000000.0,0.503,42000000.0,555000000.0,28183000000.0,27589000000.0,37000000.0,0.0,0.0,0.0,16692000000.0,3224000000.0,13468000000.0,53025242376.0,-419000000.0,1161000000.0,-700000000.0,332000000.0,-3000000000.0,-3368000000.0,-103000000.0,0.0,3038000000.0,14000000.0,2698000000.0,2698000000.0,2698000000.0,0.0,606000000.0,0.196,3209000000.0,3698000000.0,149000000.0,0.88,10.223,19.654,19.726,17116000000.0,0.0,69.04,3.859,3.874,844000000.0,3101000000.0,13739000000.0,13739000000.0,0.0,0.119,0.499,0.135,0.271,35000000.0,1815000000.0,1.0,768036535.0,771000000,771000000.0,17.82,23157000000.0,282000000.0,468000000.0,458000000.0,30.035,2081000000.0
8,LVS,MRT,2019-09-30,2019-09-30,2019-09-30,2021-10-22,-74000000.0,22427000000.0,22470250000.0,4808000000.0,17619000000.0,0.61,6.969,-1075000000.0,3832000000.0,3832000000.0,6907000000.0,2481000000.0,1.601,2.969,11943000000.0,66000000.0,11877000000.0,11943000000.0,0.0,1163000000.0,0.0,0.053,3.06,3643000000.0,4806000000.0,0.351,4806000000.0,3643000000.0,3084000000.0,2.47,2.48,2.47,5359000000.0,5532000000.0,5359000000.0,52456986301.0,14.0,10.915,2022000000.0,2.629,1.0,6798000000.0,0.496,45000000.0,559000000.0,27489000000.0,27203750000.0,33000000.0,0.0,0.0,0.0,15912000000.0,3004000000.0,12908000000.0,44462986301.0,-953000000.0,1160000000.0,-839000000.0,-209000000.0,-2997000000.0,-4045000000.0,32000000.0,0.0,3097000000.0,-37000000.0,1899000000.0,1899000000.0,1899000000.0,0.0,582000000.0,0.139,3160000000.0,3638000000.0,170000000.0,1.239,8.297,23.414,23.385,16829000000.0,0.0,57.76,3.244,3.241,757000000.0,3059000000.0,13705000000.0,13705000000.0,0.0,0.085,0.343,0.134,0.266,33000000.0,1833000000.0,1.0,769788544.0,769000000,769000000.0,17.822,22382000000.0,288000000.0,1185000000.0,413000000.0,29.105,1804000000.0
9,LVS,MRT,2019-06-30,2019-06-30,2019-06-30,2021-10-22,-19000000.0,22594000000.0,22698250000.0,4957000000.0,17637000000.0,0.609,7.202,-976000000.0,4031000000.0,4031000000.0,7027000000.0,2511000000.0,1.635,2.88,12025000000.0,116000000.0,11909000000.0,12025000000.0,0.0,1163000000.0,0.0,0.051,3.04,3671000000.0,4834000000.0,0.35,4834000000.0,3671000000.0,3123000000.0,2.51,2.52,2.51,5560000000.0,5907750000.0,5560000000.0,53516016487.0,15.0,11.071,2117000000.0,2.742,1.0,6800000000.0,0.492,51000000.0,548000000.0,27506000000.0,27219500000.0,33000000.0,0.0,0.0,0.0,16012000000.0,3031000000.0,12981000000.0,45665016487.0,-331000000.0,1160000000.0,-1036000000.0,491000000.0,-2996000000.0,-3541000000.0,131000000.0,0.0,3093000000.0,-14000000.0,1937000000.0,1937000000.0,1937000000.0,0.0,574000000.0,0.14,3139000000.0,3661000000.0,138000000.0,1.211,8.213,23.575,23.542,16879000000.0,0.0,59.09,3.303,3.299,767000000.0,3118000000.0,13827000000.0,13827000000.0,0.0,0.085,0.328,0.135,0.265,33000000.0,1831000000.0,1.0,772804476.0,772000000,772000000.0,17.911,22543000000.0,301000000.0,1186000000.0,439000000.0,29.201,1926000000.0
10,LVS,MRT,2019-03-31,2019-03-31,2019-03-31,2021-10-22,-32000000.0,22313000000.0,22763500000.0,5055000000.0,17258000000.0,0.606,7.138,-936000000.0,4148000000.0,4148000000.0,7044000000.0,2079000000.0,1.733,2.873,11999000000.0,111000000.0,11888000000.0,11999000000.0,0.0,1148000000.0,0.0,0.05,3.02,3068000000.0,4216000000.0,0.306,4216000000.0,3068000000.0,2570000000.0,1.97,1.98,1.97,5525000000.0,6307250000.0,5525000000.0,54571168640.0,18.0,12.944,3188000000.0,4.119,1.0,6752000000.0,0.489,69000000.0,498000000.0,27178000000.0,27028750000.0,35000000.0,0.0,0.0,0.0,15873000000.0,2917000000.0,12956000000.0,47247168640.0,1508000000.0,0.0,-965000000.0,2311000000.0,-2980000000.0,-1634000000.0,-936000000.0,0.0,4124000000.0,-46000000.0,1539000000.0,1539000000.0,1539000000.0,0.0,540000000.0,0.112,3188000000.0,3564000000.0,152000000.0,1.533,8.552,30.7,30.944,16432000000.0,0.0,60.96,3.425,3.42,737000000.0,2757000000.0,13796000000.0,13796000000.0,0.0,0.068,0.244,0.114,0.222,31000000.0,1805000000.0,1.0,775051979.0,774000000,775000000.0,17.824,22244000000.0,359000000.0,1031000000.0,459000000.0,28.739,2138000000.0
11,LVS,MRT,2018-12-31,2018-12-31,2018-12-31,2021-10-22,-40000000.0,22547000000.0,22561250000.0,5566000000.0,16981000000.0,0.609,7.232,-930000000.0,4661000000.0,4661000000.0,6974000000.0,2951000000.0,1.763,2.78,11985000000.0,111000000.0,11874000000.0,11985000000.0,0.0,1111000000.0,0.0,0.058,3.0,3234000000.0,4345000000.0,0.316,4345000000.0,3234000000.0,2788000000.0,3.07,3.07,3.07,5684000000.0,6766750000.0,5684000000.0,47979000118.0,15.0,11.042,3771000000.0,4.798,1.0,6755000000.0,0.492,72000000.0,446000000.0,26642000000.0,26623500000.0,35000000.0,0.0,0.0,0.0,15802000000.0,3157000000.0,12645000000.0,40784000118.0,2231000000.0,0.0,-826000000.0,2283000000.0,-2979000000.0,-1522000000.0,-930000000.0,0.0,4701000000.0,-18000000.0,2413000000.0,2413000000.0,2413000000.0,0.0,538000000.0,0.176,3004000000.0,3751000000.0,178000000.0,0.977,7.175,16.902,16.954,16352000000.0,0.0,52.05,2.971,2.98,726000000.0,2770000000.0,13729000000.0,13729000000.0,0.0,0.107,0.357,0.121,0.236,30000000.0,1685000000.0,1.0,783554277.0,786000000,786000000.0,17.467,22475000000.0,368000000.0,375000000.0,435000000.0,28.594,2409000000.0
12,LVS,MRT,2018-09-30,2018-09-30,2018-09-30,2021-10-22,-36000000.0,23339000000.0,22096250000.0,5614000000.0,17725000000.0,0.618,8.73,-842000000.0,4785000000.0,4785000000.0,6857000000.0,4352000000.0,1.932,2.265,11980000000.0,111000000.0,11869000000.0,11980000000.0,0.0,1080000000.0,0.0,0.05,2.98,3354000000.0,4434000000.0,0.325,4434000000.0,3354000000.0,2959000000.0,4.81,4.81,4.81,6862000000.0,6967250000.0,6862000000.0,53713297848.0,16.0,12.114,3879000000.0,4.935,1.0,6788000000.0,0.497,76000000.0,395000000.0,27552000000.0,26176000000.0,42000000.0,0.0,0.0,0.0,15541000000.0,2906000000.0,12635000000.0,46752297848.0,2773000000.0,0.0,-464000000.0,2317000000.0,-2976000000.0,-1123000000.0,-842000000.0,0.0,4721000000.0,17000000.0,3795000000.0,3795000000.0,3795000000.0,0.0,557000000.0,0.278,2883000000.0,3905000000.0,153000000.0,0.62,6.813,12.319,12.335,16393000000.0,0.0,59.33,3.426,3.418,650000000.0,3521000000.0,13645000000.0,13645000000.0,0.0,0.172,0.545,0.128,0.246,31000000.0,1626000000.0,1.0,788004346.0,786000000,787000000.0,17.36,23263000000.0,1121000000.0,-836000000.0,426000000.0,29.597,2708000000.0
13,LVS,MRT,2018-06-30,2018-06-30,2018-06-30,2021-10-22,-44000000.0,22855000000.0,21213500000.0,5075000000.0,17780000000.0,0.633,9.072,-849000000.0,4362000000.0,4362000000.0,6709000000.0,4337000000.0,1.696,2.081,11323000000.0,184000000.0,11139000000.0,11323000000.0,0.0,1061000000.0,0.0,0.039,2.96,3299000000.0,4360000000.0,0.325,4360000000.0,3299000000.0,2947000000.0,4.8,4.8,4.8,7158000000.0,6725750000.0,7158000000.0,67274395375.0,20.0,15.43,4089000000.0,5.183,1.0,6725000000.0,0.501,81000000.0,352000000.0,26743000000.0,25452750000.0,44000000.0,0.0,0.0,0.0,14893000000.0,2992000000.0,11901000000.0,60262395375.0,2045000000.0,0.0,-231000000.0,1133000000.0,-2966000000.0,-2064000000.0,-849000000.0,0.0,4938000000.0,20000000.0,3793000000.0,3793000000.0,3793000000.0,0.0,544000000.0,0.282,2887000000.0,3838000000.0,154000000.0,0.617,8.419,15.888,15.908,16430000000.0,0.0,76.36,4.486,4.485,555000000.0,3538000000.0,13434000000.0,13434000000.0,0.0,0.179,0.564,0.13,0.246,31000000.0,1615000000.0,1.0,789187996.0,789000000,790000000.0,17.027,22774000000.0,1129000000.0,-846000000.0,455000000.0,28.864,2083000000.0
14,LVS,MRT,2018-03-31,2018-03-31,2018-03-31,2021-10-22,47000000.0,21504000000.0,20535250000.0,3394000000.0,18110000000.0,0.645,9.332,-854000000.0,2640000000.0,2640000000.0,6532000000.0,4300000000.0,1.181,1.786,9652000000.0,144000000.0,9508000000.0,9652000000.0,0.0,1114000000.0,0.0,0.041,2.94,3272000000.0,4386000000.0,0.331,4386000000.0,3272000000.0,2934000000.0,4.79,4.79,4.79,7363000000.0,6417000000.0,7363000000.0,63930596890.0,20.0,14.576,4123000000.0,5.226,1.0,6708000000.0,0.507,85000000.0,338000000.0,25557000000.0,25094500000.0,46000000.0,0.0,0.0,0.0,13147000000.0,2874000000.0,10273000000.0,56720596890.0,674000000.0,0.0,-211000000.0,-343000000.0,-2956000000.0,-3510000000.0,-854000000.0,0.0,4977000000.0,61000000.0,3783000000.0,3783000000.0,3783000000.0,0.0,517000000.0,0.286,2850000000.0,3858000000.0,159000000.0,0.614,7.703,14.994,15.01,16738000000.0,0.0,71.9,4.284,4.285,587000000.0,3572000000.0,13240000000.0,13240000000.0,0.0,0.184,0.59,0.13,0.247,32000000.0,1610000000.0,1.0,788881737.0,789000000,790000000.0,16.781,21419000000.0,1143000000.0,-849000000.0,510000000.0,27.147,520000000.0
15,LVS,MRT,2017-12-31,2017-12-31,2017-12-31,2021-10-22,14000000.0,20687000000.0,20169750000.0,3197000000.0,17490000000.0,0.631,8.189,-822000000.0,2430000000.0,2430000000.0,6329000000.0,3263000000.0,1.082,2.014,9640000000.0,296000000.0,9344000000.0,9640000000.0,0.0,1171000000.0,0.0,0.042,2.92,2926000000.0,4097000000.0,0.322,4097000000.0,2926000000.0,2599000000.0,3.55,3.55,3.55,6486000000.0,6075500000.0,6486000000.0,62535455895.0,21.0,15.264,3721000000.0,4.698,1.0,6399000000.0,0.503,89000000.0,327000000.0,24852000000.0,25018750000.0,37000000.0,0.0,0.0,0.0,13060000000.0,2956000000.0,10104000000.0,54930455895.0,292000000.0,0.0,-335000000.0,-209000000.0,-2943000000.0,-3487000000.0,-822000000.0,0.0,4543000000.0,58000000.0,2808000000.0,2808000000.0,2808000000.0,0.0,455000000.0,0.221,2935000000.0,3464000000.0,171000000.0,0.823,8.469,19.562,19.575,16753000000.0,0.0,69.49,4.316,4.324,615000000.0,2709000000.0,12728000000.0,12728000000.0,0.0,0.139,0.462,0.117,0.23,34000000.0,1590000000.0,1.0,790480010.0,792000000,792000000.0,16.071,20598000000.0,493000000.0,-209000000.0,467000000.0,26.008,241000000.0
16,LVS,MRT,2017-09-30,2017-09-30,2017-09-30,2021-10-22,-13000000.0,19808000000.0,20115250000.0,2836000000.0,16972000000.0,0.61,7.454,-884000000.0,2012000000.0,2012000000.0,6078000000.0,2518000000.0,1.066,2.191,9617000000.0,134000000.0,9483000000.0,9617000000.0,0.0,1232000000.0,0.0,0.045,2.91,2702000000.0,3934000000.0,0.321,3934000000.0,2702000000.0,2386000000.0,2.67,2.67,2.67,5896000000.0,5998250000.0,5896000000.0,58594275724.0,22.0,14.894,3551000000.0,4.489,1.0,6195000000.0,0.505,93000000.0,316000000.0,24659000000.0,25060000000.0,45000000.0,0.0,0.0,0.0,12917000000.0,2661000000.0,10256000000.0,50771275724.0,214000000.0,0.0,-256000000.0,-169000000.0,-2938000000.0,-3363000000.0,-883000000.0,1000000.0,4435000000.0,25000000.0,2114000000.0,2114000000.0,2114000000.0,0.0,404000000.0,0.172,3081000000.0,3114000000.0,141000000.0,1.09,8.611,24.017,24.03,16732000000.0,0.0,64.16,4.137,4.135,637000000.0,2082000000.0,12273000000.0,12273000000.0,0.0,0.105,0.352,0.108,0.22,32000000.0,1591000000.0,1.0,791322876.0,791000000,792000000.0,15.516,19715000000.0,0.0,272000000.0,458000000.0,24.924,175000000.0
17,LVS,MRT,2017-06-30,2017-06-30,2017-06-30,2021-10-22,-46000000.0,20142000000.0,20333415000.0,3100000000.0,17042000000.0,0.594,7.479,-1070000000.0,2317000000.0,2317000000.0,5952000000.0,2440000000.0,1.211,2.252,10140000000.0,126000000.0,10014000000.0,10140000000.0,0.0,1244000000.0,0.0,0.045,2.9,2624000000.0,3868000000.0,0.32,3868000000.0,2624000000.0,2326000000.0,2.6,2.6,2.6,5923000000.0,6110220500.0,5923000000.0,58442002776.0,22.0,15.109,3296000000.0,4.162,1.0,6129000000.0,0.507,96000000.0,298000000.0,25310000000.0,25334091750.0,47000000.0,0.0,0.0,0.0,13337000000.0,2559000000.0,10778000000.0,50618002776.0,84000000.0,0.0,-194000000.0,-89000000.0,-2933000000.0,-3216000000.0,-1069000000.0,1000000.0,4366000000.0,3000000.0,2058000000.0,2058000000.0,2058000000.0,0.0,382000000.0,0.17,3150000000.0,2979000000.0,107000000.0,1.115,8.546,24.596,24.573,16796000000.0,0.0,63.89,4.19,4.188,623000000.0,2089000000.0,12081000000.0,12081000000.0,0.0,0.101,0.337,0.104,0.217,31000000.0,1550000000.0,1.0,792268004.0,792000000,792000000.0,15.254,20046000000.0,0.0,268000000.0,426000000.0,25.311,541000000.0
18,LVS,MRT,2017-03-31,2017-03-31,2017-03-31,2021-10-22,-61000000.0,20042000000.0,20543048000.0,2820000000.0,17222000000.0,0.566,7.553,-1254000000.0,1966000000.0,1966000000.0,5777000000.0,2195000000.0,1.123,2.157,9790000000.0,119000000.0,9671000000.0,9790000000.0,0.0,1172000000.0,0.0,0.051,2.89,2368000000.0,3540000000.0,0.305,3540000000.0,2368000000.0,2085000000.0,2.32,2.32,2.32,5997000000.0,6236342500.0,5997000000.0,52770269197.0,22.0,14.907,2954000000.0,3.72,1.0,5844000000.0,0.503,100000000.0,283000000.0,25254000000.0,25578377250.0,47000000.0,0.0,0.0,0.0,12936000000.0,2512000000.0,10424000000.0,45313269197.0,262000000.0,0.0,-129000000.0,425000000.0,-2933000000.0,-2634000000.0,-1292000000.0,9000000.0,4208000000.0,-20000000.0,1840000000.0,1840000000.0,1840000000.0,0.0,355000000.0,0.158,3164000000.0,2680000000.0,104000000.0,1.246,7.556,24.627,24.599,16969000000.0,0.0,57.07,3.899,3.899,683000000.0,2121000000.0,11621000000.0,11621000000.0,0.0,0.09,0.295,0.093,0.204,31000000.0,1578000000.0,1.0,793994554.0,794000000,795000000.0,14.636,19942000000.0,0.0,245000000.0,441000000.0,25.116,308000000.0
19,LVS,MRT,2016-12-31,2016-12-31,2016-12-31,2021-10-22,-119000000.0,20469000000.0,20628775250.0,3098000000.0,17371000000.0,0.546,7.77,-1393000000.0,2138000000.0,2138000000.0,5686000000.0,2025000000.0,1.104,2.1,9595000000.0,167000000.0,9428000000.0,9595000000.0,0.0,1111000000.0,0.0,0.054,2.88,2192000000.0,3303000000.0,0.293,3303000000.0,2192000000.0,1918000000.0,2.11,2.11,2.11,6177000000.0,6395839500.0,6177000000.0,50407387160.0,23.0,15.261,2651000000.0,3.335,1.0,5585000000.0,0.496,103000000.0,274000000.0,25017000000.0,25663701000.0,46000000.0,0.0,0.0,0.0,12973000000.0,2806000000.0,10167000000.0,42449943160.0,-49000000.0,0.0,17000000.0,276000000.0,-2924000000.0,-2631000000.0,-1440000000.0,0.0,4044000000.0,-22000000.0,1679000000.0,1679000000.0,1679000000.0,0.0,346000000.0,0.149,3083000000.0,2502000000.0,128000000.0,1.365,6.872,25.283,25.313,17113000000.0,0.0,53.41,3.766,3.767,776000000.0,2222000000.0,11271000000.0,11271000000.0,0.0,0.081,0.263,0.085,0.194,34000000.0,1543000000.0,1.0,794793918.0,795000000,795000000.0,14.177,20366000000.0,0.0,239000000.0,392000000.0,25.618,292000000.0
20,LVS,MRT,2016-09-30,2016-09-30,2016-09-30,2021-10-22,-3252000.0,20680660000.0,20727275250.0,2838683000.0,17841977000.0,0.54,7.98,-1513856000.0,1799480000.0,1799480000.0,5734154000.0,1984278000.0,1.023,2.067,9756924000.0,163825000.0,9593099000.0,9756924000.0,112885000.0,1040788000.0,0.0,0.049,2.81,2139587000.0,3180375000.0,0.284,3180375000.0,2139587000.0,1875605000.0,2.05,2.05,2.05,6343882000.0,6555839500.0,6343882000.0,53769810180.0,25.0,16.907,2335658000.0,2.938,1.0,5462120000.0,0.488,108784000.0,263982000.0,25755367000.0,25780701000.0,43764000.0,0.0,0.0,0.0,13114033000.0,2773953000.0,10340080000.0,45730123180.0,-65147000.0,0.0,-57891000.0,571171000.0,-2880777000.0,-2359694000.0,-1561915000.0,-1059000.0,3849514000.0,6948000.0,1626546000.0,1626546000.0,1626546000.0,0.0,357732000.0,0.145,2936614000.0,2525506000.0,123218000.0,1.371,7.209,28.115,28.068,17572243000.0,0.0,57.54,4.084,4.086,868090000.0,2285163000.0,11196274000.0,11196274000.0,0.0,0.078,0.248,0.083,0.191,39812000.0,1500527000.0,1.0,794753618.0,795000000,795000000.0,14.083,20571876000.0,0.0,249059000.0,379666000.0,25.877,64730000.0
21,LVS,MRT,2016-06-30,2016-06-30,2016-06-30,2021-10-22,22015000.0,20980532000.0,20682832750.0,3309270000.0,17671262000.0,0.538,8.085,-1510400000.0,2233946000.0,2233946000.0,5785488000.0,1996471000.0,1.263,2.088,10273633000.0,211751000.0,10061882000.0,10273633000.0,113255000.0,1011486000.0,0.0,0.063,2.74,2151254000.0,3162740000.0,0.284,3162740000.0,2151254000.0,1885310000.0,2.05,2.05,2.05,6427488000.0,6692751250.0,6427488000.0,42236665568.0,20.0,13.354,2154067000.0,2.71,1.0,5335469000.0,0.48,113304000.0,265944000.0,26287142000.0,25674195250.0,42358000.0,0.0,0.0,0.0,13420732000.0,2619773000.0,10800959000.0,34562319568.0,-593361000.0,0.0,-129084000.0,565077000.0,-3133196000.0,-2692574000.0,-1558851000.0,-1451000.0,3664467000.0,-6403000.0,1632904000.0,1632904000.0,1632904000.0,0.0,363567000.0,0.147,2790894000.0,2544575000.0,106405000.0,1.337,5.377,21.166,21.215,17393117000.0,0.0,43.49,3.108,3.109,925971000.0,2344018000.0,11120957000.0,11120957000.0,0.0,0.079,0.244,0.084,0.193,42051000.0,1483132000.0,1.0,794718776.0,795000000,795000000.0,13.989,20867228000.0,8056000.0,252406000.0,404026000.0,26.248,689497000.0
22,LVS,MRT,2016-03-31,2016-03-31,2016-03-31,2021-10-22,-7592000.0,20384909000.0,20839752000.0,2951894000.0,17433015000.0,0.547,8.356,-1501081000.0,1712897000.0,1712897000.0,5993739000.0,2183962000.0,1.232,1.864,9387243000.0,152020000.0,9235223000.0,9387243000.0,113625000.0,1005078000.0,0.0,0.052,2.67,2285157000.0,3290235000.0,0.289,3290235000.0,2285157000.0,2017412000.0,2.23,2.23,2.23,6634988000.0,6853725250.0,6634988000.0,48350432450.0,21.0,14.695,2022624000.0,2.547,1.0,5399639000.0,0.474,68260000.0,267745000.0,25595295000.0,25560057500.0,43174000.0,0.0,0.0,0.0,12370932000.0,2395700000.0,9975232000.0,41069811450.0,-710146000.0,0.0,-193138000.0,234950000.0,-2760040000.0,-2721911000.0,-1510749000.0,-9668000.0,3523705000.0,-1191000.0,1774077000.0,1774077000.0,1774077000.0,0.0,409885000.0,0.156,2683754000.0,2715885000.0,110236000.0,1.197,6.19,23.15,23.175,17189568000.0,0.0,51.68,3.605,3.602,1081544000.0,2588317000.0,11393378000.0,11393378000.0,0.0,0.085,0.259,0.089,0.201,51134000.0,1419299000.0,1.0,794694494.0,794000000,795000000.0,14.349,20316649000.0,10389000.0,243335000.0,431136000.0,25.588,556194000.0
23,LVS,MRT,2015-12-31,2015-12-31,2015-12-31,2021-10-22,-66000000.0,20863000000.0,21005045250.0,3609000000.0,17254000000.0,0.556,8.553,-1527000000.0,2187000000.0,2187000000.0,6117000000.0,2386000000.0,1.465,1.826,9344000000.0,95000000.0,9249000000.0,9344000000.0,114000000.0,999000000.0,0.0,0.059,2.6,2467000000.0,3466000000.0,0.297,3466000000.0,2467000000.0,2202000000.0,2.47,2.47,2.47,6817000000.0,6980994000.0,6817000000.0,42158617155.0,17.0,12.163,1932000000.0,2.424,1.0,5571000000.0,0.477,71000000.0,265000000.0,25485000000.0,25500162000.0,43000000.0,0.0,0.0,0.0,12445000000.0,2464000000.0,9981000000.0,34892654155.0,-1327000000.0,0.0,-188000000.0,-321000000.0,-2707000000.0,-3216000000.0,-1528000000.0,-1000000.0,3459000000.0,-42000000.0,1966000000.0,1966000000.0,1966000000.0,0.0,420000000.0,0.168,2730000000.0,2841000000.0,111000000.0,1.053,5.118,17.748,17.749,16994000000.0,0.0,43.84,2.985,2.989,1268000000.0,2840000000.0,11688000000.0,11688000000.0,0.0,0.094,0.282,0.097,0.211,46000000.0,1443000000.0,1.0,795909082.0,797000000,798000000.0,14.665,20792000000.0,24000000.0,236000000.0,400000000.0,26.088,1145000000.0
24,LVS,MRT,2015-09-30,2015-09-30,2015-09-30,2021-10-22,-86340000.0,20502890000.0,21377807000.0,3329223000.0,17173667000.0,0.573,8.652,-1497610000.0,1862980000.0,1862980000.0,6424540000.0,2688651000.0,1.408,1.758,9128943000.0,94672000.0,9034271000.0,9128943000.0,114365000.0,1005147000.0,0.0,0.065,2.45,2752655000.0,3757802000.0,0.307,3757802000.0,2752655000.0,2487132000.0,2.78,2.78,2.78,6891529000.0,7080140500.0,6891529000.0,37271782153.0,14.0,9.919,2158380000.0,2.71,1.0,5818330000.0,0.475,74869000.0,265523000.0,25329344000.0,25640806250.0,39755000.0,0.0,0.0,0.0,12116539000.0,2364640000.0,9751899000.0,30279221153.0,-1291548000.0,0.0,-355321000.0,-440851000.0,-2574845000.0,-3377655000.0,-1498864000.0,-1254000.0,3655990000.0,-71019000.0,2222130000.0,2222130000.0,2222130000.0,0.0,466521000.0,0.182,2656542000.0,3161788000.0,96027000.0,0.881,4.394,13.626,13.658,16773494000.0,0.0,37.97,2.473,2.47,1315191000.0,2891109000.0,12242870000.0,12242870000.0,0.0,0.104,0.314,0.107,0.225,40408000.0,1370437000.0,1.0,797451176.0,796559738,797302248.0,15.37,20428021000.0,29992000.0,265002000.0,365532000.0,25.645,964583000.0
25,LVS,MRT,2015-06-30,2015-06-30,2015-06-30,2021-10-22,26403000.0,21608209000.0,21759029750.0,4318610000.0,17289599000.0,0.592,8.865,-1369868000.0,2825800000.0,2825800000.0,6809081000.0,2930957000.0,1.605,1.858,9818361000.0,98227000.0,9720134000.0,9818361000.0,114735000.0,1008451000.0,0.0,0.044,2.3,2880341000.0,3888792000.0,0.302,3888792000.0,2880341000.0,2615001000.0,2.97,2.96,2.97,7071384000.0,7159081750.0,7071384000.0,48811940556.0,17.0,12.552,2653821000.0,3.327,1.0,6073228000.0,0.471,78845000.0,265340000.0,25830591000.0,25834126250.0,39820000.0,0.0,0.0,0.0,13139450000.0,2691334000.0,10448116000.0,41984308556.0,-473952000.0,0.0,-583619000.0,-333500000.0,-2147149000.0,-3072921000.0,-1370976000.0,-1108000.0,4023689000.0,-53744000.0,2374477000.0,2374477000.0,2374477000.0,0.0,556480000.0,0.184,2679088000.0,3394140000.0,93621000.0,0.774,5.937,17.681,17.7,16846701000.0,0.0,52.57,3.259,3.255,1342146000.0,2889392000.0,12882309000.0,12882309000.0,0.0,0.109,0.332,0.111,0.224,45521000.0,1403037000.0,1.0,798636267.0,797715773,798552917.0,16.149,21529364000.0,46613000.0,240524000.0,411227000.0,26.989,1627276000.0
26,LVS,MRT,2015-03-31,2015-03-31,2015-03-31,2021-10-22,-6696000.0,21046082000.0,21919258250.0,3986784000.0,17059298000.0,0.62,8.953,-1292733000.0,2413366000.0,2413366000.0,7189386000.0,3202310000.0,1.637,1.722,9240998000.0,97165000.0,9143833000.0,9240998000.0,115105000.0,1023875000.0,0.0,0.039,2.15,3087379000.0,4111254000.0,0.303,4111254000.0,3087379000.0,2818250000.0,3.21,3.2,3.21,7144063000.0,7210176250.0,7144063000.0,50429775352.0,16.0,12.266,3141935000.0,3.938,1.0,6395852000.0,0.471,82094000.0,269129000.0,25355713000.0,25970447500.0,42088000.0,0.0,0.0,0.0,12305199000.0,2435907000.0,9869292000.0,43950013352.0,-896842000.0,0.0,-912614000.0,-766357000.0,-2298888000.0,-3984709000.0,-1294013000.0,-1280000.0,4434668000.0,-52788000.0,2576738000.0,2576738000.0,2576738000.0,0.0,625572000.0,0.19,2729562000.0,3666290000.0,93728000.0,0.67,6.152,17.056,17.146,16624786000.0,0.0,55.04,3.235,3.233,1408381000.0,2938628000.0,13585238000.0,13585238000.0,0.0,0.118,0.357,0.119,0.227,39876000.0,1415525000.0,1.0,798510417.0,797935314,798877040.0,17.025,20963988000.0,38285000.0,241512000.0,461472000.0,26.273,1550877000.0
27,LVS,MRT,2014-12-31,2014-12-31,2014-12-31,2021-10-22,76101000.0,22354047000.0,22276388000.0,5190499000.0,17163548000.0,0.655,8.95,-1177000000.0,3512885000.0,3512885000.0,7746000000.0,3588000000.0,1.922,1.848,9992647000.0,99734000.0,9892913000.0,9992647000.0,115475000.0,1031000000.0,0.0,0.034,2.0,3360000000.0,4391000000.0,0.301,4391000000.0,3360000000.0,3086000000.0,3.52,3.52,3.52,7213586000.0,7245862500.0,7213586000.0,53429204440.0,16.0,12.168,3656000000.0,4.536,1.0,6838000000.0,0.469,86260000.0,274000000.0,26047577000.0,26226859250.0,41674000.0,0.0,0.0,0.0,13333465000.0,2699972000.0,10633493000.0,46644214440.0,-94000000.0,0.0,-1621000000.0,293000000.0,-2387000000.0,-3721000000.0,-1177000000.0,0.0,4833000000.0,-29000000.0,2841000000.0,2841000000.0,2841000000.0,0.0,747000000.0,0.195,2739000000.0,4099000000.0,112721000.0,0.568,6.466,16.418,16.523,16725564000.0,0.0,58.16,3.198,3.214,1510772000.0,2945846000.0,14584000000.0,14584000000.0,0.0,0.128,0.392,0.128,0.23,44000000.0,1433000000.0,1.0,801998185.0,806000000,808000000.0,18.094,22267787000.0,24076000.0,245000000.0,418014000.0,27.628,2490527000.0
28,LVS,MRT,2014-09-30,2014-09-30,2014-09-30,2021-10-22,158022000.0,22027781000.0,22368942250.0,4817337000.0,17210444000.0,0.663,8.975,-1058721000.0,3153627000.0,3153627000.0,8009956000.0,3479802000.0,1.839,1.828,9938617000.0,102602000.0,9836015000.0,9938617000.0,115845000.0,1031003000.0,0.0,0.03,1.85,3165279000.0,4196282000.0,0.283,4196282000.0,3165279000.0,2890698000.0,3.32,3.31,3.32,7207294000.0,7358839500.0,7207294000.0,57179499027.0,18.0,13.626,3837404000.0,4.778,1.0,6813585000.0,0.46,90730000.0,274581000.0,26102624000.0,26126346000.0,43090000.0,0.0,0.0,0.0,13172183000.0,2619417000.0,10552766000.0,50099544027.0,-62011000.0,0.0,-1717184000.0,108161000.0,-2273067000.0,-3895699000.0,-1057927000.0,808000.0,4896125000.0,-4510000.0,2696863000.0,2696863000.0,2696863000.0,0.0,782939000.0,0.182,2850806000.0,3962779000.0,109868000.0,0.557,6.951,18.577,18.738,16752465000.0,0.0,62.21,3.38,3.37,1496987000.0,2622413000.0,14823541000.0,14823541000.0,0.0,0.121,0.366,0.121,0.214,53749000.0,1542942000.0,1.0,805329433.0,803064834,804810589.0,18.459,21937051000.0,20615000.0,193835000.0,326211000.0,27.317,2197920000.0
29,LVS,MRT,2014-06-30,2014-06-30,2014-06-30,2021-10-22,207321000.0,22249123000.0,22483270750.0,4978117000.0,17271006000.0,0.661,9.015,-999389000.0,3299009000.0,3299009000.0,8038140000.0,3428601000.0,1.742,1.857,10378964000.0,435794000.0,9943170000.0,10378964000.0,116215000.0,1028926000.0,0.0,0.022,1.7,3118224000.0,4147150000.0,0.279,4147150000.0,3118224000.0,2843505000.0,3.24,3.24,3.24,7275762000.0,7453571000.0,7275762000.0,68540566974.0,22.0,16.527,3806660000.0,4.717,1.0,6820819000.0,0.459,95002000.0,274719000.0,26375876000.0,25820916250.0,43083000.0,0.0,0.0,0.0,13510565000.0,2858200000.0,10652365000.0,61576030974.0,778586000.0,0.0,-1608336000.0,747019000.0,-2160806000.0,-3034351000.0,-998694000.0,709000.0,4806049000.0,5582000.0,2651902000.0,2651902000.0,2651902000.0,0.0,776699000.0,0.178,2914635000.0,3906184000.0,118538000.0,0.525,8.463,23.22,23.525,16830166000.0,0.0,76.22,4.144,4.14,1531555000.0,2351879000.0,14858959000.0,14858959000.0,0.0,0.118,0.356,0.121,0.21,53404000.0,1578070000.0,1.0,807872356.0,807038086,809224051.0,18.412,22154121000.0,19614000.0,191603000.0,377122000.0,27.451,2119917000.0
30,LVS,MRT,2014-03-31,2014-03-31,2014-03-31,2021-10-22,184631000.0,22474601000.0,22366946000.0,5242112000.0,17232489000.0,0.647,8.943,-920377000.0,3309290000.0,3309290000.0,7868525000.0,3247430000.0,1.771,1.872,10273826000.0,304947000.0,9968879000.0,10273826000.0,116585000.0,1015958000.0,0.0,0.019,1.55,2976133000.0,3992091000.0,0.276,3992091000.0,2976133000.0,2702628000.0,3.05,3.05,3.05,7286808000.0,7509656750.0,7286808000.0,71792108887.0,24.0,17.984,3766144000.0,4.622,1.0,6609025000.0,0.457,98522000.0,273505000.0,26381360000.0,25494194750.0,41385000.0,0.0,0.0,0.0,13641588000.0,2959255000.0,10682333000.0,65639102887.0,923654000.0,0.0,-1205407000.0,403646000.0,-1983301000.0,-2794738000.0,-965388000.0,860000.0,4686521000.0,-2741000.0,2510221000.0,2510221000.0,2510221000.0,0.0,737209000.0,0.173,2883660000.0,3725365000.0,131714000.0,0.508,9.008,26.149,26.485,16776870000.0,0.0,80.78,4.534,4.546,1781090000.0,2083717000.0,14477550000.0,14477550000.0,0.0,0.112,0.334,0.117,0.206,52275000.0,1559765000.0,1.0,812566265.0,814766709,817537615.0,17.769,22376079000.0,21654000.0,192407000.0,422282000.0,27.463,2282857000.0
31,LVS,MRT,2013-12-31,2013-12-31,2013-12-31,2021-10-22,173783000.0,22724264000.0,22251034000.0,5515539000.0,17208725000.0,0.619,9.322,-865956000.0,3607253000.0,3607253000.0,7516457000.0,2954676000.0,1.762,1.725,9760259000.0,377507000.0,9382752000.0,9760259000.0,116955000.0,1007468000.0,0.0,0.018,1.4,2766044000.0,3773512000.0,0.274,3773512000.0,2766044000.0,2494833000.0,2.8,2.79,2.8,7665494000.0,7519465500.0,7665494000.0,71184963868.0,26.0,18.864,3573456000.0,4.346,1.0,6253428000.0,0.454,102081000.0,271211000.0,25645524000.0,25572791500.0,41946000.0,0.0,0.0,0.0,13223735000.0,3129665000.0,10094070000.0,64637801868.0,1087648000.0,0.0,-491204000.0,-365339000.0,-1564049000.0,-2432450000.0,-912209000.0,-382000.0,4439412000.0,-7105000.0,2305997000.0,2305997000.0,2305997000.0,0.0,648679000.0,0.167,2845185000.0,3408243000.0,119194000.0,0.5,8.432,28.03,28.168,16787772000.0,0.0,78.87,4.694,4.71,1762110000.0,1713339000.0,13769885000.0,13769885000.0,0.0,0.104,0.307,0.108,0.201,53377000.0,1519275000.0,1.0,819548648.0,822282515,826316108.0,16.746,22622183000.0,13821000.0,188836000.0,363198000.0,27.511,2385874000.0
32,LVS,MRT,2013-09-30,2013-09-30,2013-09-30,2021-10-22,194212000.0,22485095000.0,22110881000.0,5207268000.0,17277827000.0,0.597,9.216,-984582000.0,3216454000.0,3216454000.0,7183420000.0,2756288000.0,1.287,1.747,9763616000.0,1301624000.0,8461992000.0,9763616000.0,117325000.0,1002851000.0,0.0,0.061,4.05,2628528000.0,3631379000.0,0.275,3631379000.0,2628528000.0,2357336000.0,2.62,2.62,2.62,7586220000.0,7368552500.0,7586220000.0,61704454295.0,23.0,16.992,3061125000.0,3.719,1.0,6007782000.0,0.455,106234000.0,271192000.0,24880905000.0,25956673750.0,41683000.0,0.0,0.0,0.0,13254099000.0,4045118000.0,9208981000.0,54734183295.0,-536295000.0,0.0,-148938000.0,351065000.0,-3746564000.0,-3552693000.0,-1029906000.0,533000.0,4045707000.0,597000.0,2163240000.0,2163240000.0,2163240000.0,0.0,593048000.0,0.164,2813607000.0,3194175000.0,114741000.0,1.546,7.215,25.302,25.351,16839905000.0,0.0,66.42,4.149,4.145,1848522000.0,1422519000.0,13191202000.0,13191202000.0,0.0,0.098,0.294,0.101,0.199,52568000.0,1480583000.0,1.0,824061778.0,823200515,826965340.0,16.024,22378861000.0,43482000.0,194096000.0,313414000.0,27.185,1162150000.0
33,LVS,MRT,2013-06-30,2013-06-30,2013-06-30,2021-10-22,175107000.0,21783824000.0,22279197750.0,4465359000.0,17318465000.0,0.554,9.102,-1104590000.0,2521128000.0,2521128000.0,6769715000.0,2391970000.0,1.249,1.71,9491399000.0,980168000.0,8511231000.0,9491399000.0,117695000.0,980464000.0,0.0,0.075,3.95,2334655000.0,3315119000.0,0.269,3315119000.0,2334655000.0,2068088000.0,2.29,2.28,2.29,7500105000.0,7739046500.0,7500105000.0,51101708927.0,22.0,15.415,2559055000.0,3.106,1.0,5562429000.0,0.451,109678000.0,266567000.0,25068990000.0,26313432500.0,41229000.0,0.0,0.0,0.0,12826777000.0,3575427000.0,9251350000.0,43659852927.0,-1007859000.0,0.0,46029000.0,100381000.0,-3663568000.0,-3542711000.0,-1149832000.0,615000.0,3663645000.0,21039000.0,1886278000.0,1886278000.0,1886278000.0,0.0,505692000.0,0.153,2748985000.0,2813444000.0,121035000.0,1.725,5.821,23.146,23.114,16865777000.0,0.0,52.93,3.54,3.537,1803357000.0,1084511000.0,12332144000.0,12332144000.0,0.0,0.085,0.244,0.089,0.189,55962000.0,1384699000.0,1.0,824860248.0,823974421,827901261.0,14.967,21674146000.0,42078000.0,181810000.0,341919000.0,26.304,889932000.0
34,LVS,MRT,2013-03-31,2013-03-31,2013-03-31,2021-10-22,217302000.0,22010953000.0,22437443250.0,4501701000.0,17509252000.0,0.52,8.898,-1245591000.0,2386493000.0,2386493000.0,6422919000.0,2006678000.0,1.674,1.797,9828349000.0,97347000.0,9731002000.0,9828349000.0,118065000.0,949856000.0,0.0,0.068,3.85,2033010000.0,2982866000.0,0.256,2982866000.0,2033010000.0,1770286000.0,1.94,1.93,1.94,7326043000.0,8071207250.0,7326043000.0,54166476176.0,27.0,18.159,2030233000.0,2.466,1.0,5248190000.0,0.45,68036000.0,262724000.0,26695747000.0,26530313000.0,42381000.0,0.0,0.0,0.0,13166828000.0,2689026000.0,10477802000.0,46455634176.0,-1676612000.0,0.0,39676000.0,-177333000.0,-3554669000.0,-3719822000.0,-1244997000.0,594000.0,3275824000.0,12383000.0,1597112000.0,1597112000.0,1597112000.0,0.0,409566000.0,0.137,2817659000.0,2430531000.0,132931000.0,1.985,6.341,29.087,29.046,17079753000.0,0.0,56.35,3.98,3.975,1973984000.0,843679000.0,11671109000.0,11671109000.0,0.0,0.071,0.198,0.077,0.174,59354000.0,1347979000.0,1.0,824412319.0,823367441,827452691.0,14.175,21942917000.0,39080000.0,173174000.0,397004000.0,26.65,1812675000.0
35,LVS,MRT,2012-12-31,2012-12-31,2012-12-31,2021-10-22,263078000.0,22163652000.0,22652463000.0,4477514000.0,17686138000.0,0.491,8.757,-1446325000.0,2519225000.0,2519225000.0,6069575000.0,1881813000.0,1.707,1.912,10230067000.0,97802000.0,10132265000.0,10230067000.0,118435000.0,892046000.0,0.0,0.081,3.75,1963420000.0,2855466000.0,0.257,2855466000.0,1963420000.0,1704856000.0,1.89,1.85,1.89,7061842000.0,8441315500.0,7061842000.0,43753135626.0,22.0,15.323,1611432000.0,1.998,1.0,5061557000.0,0.455,70618000.0,258564000.0,27181053000.0,26378493750.0,43875000.0,0.0,0.0,0.0,13505240000.0,2622823000.0,10882417000.0,38010415626.0,-1389952000.0,0.0,575148000.0,-149100000.0,-3442312000.0,-3045306000.0,-1445632000.0,693000.0,3057757000.0,43229000.0,1524093000.0,1524093000.0,1524093000.0,0.0,357720000.0,0.137,2750175000.0,2311382000.0,106498000.0,1.984,5.383,24.94,24.423,17225489000.0,0.0,46.16,3.415,3.344,1819260000.0,560452000.0,11131132000.0,11131132000.0,0.0,0.067,0.181,0.074,0.176,65428000.0,1268965000.0,1.0,823449212.0,806395660,824556036.0,13.804,22093034000.0,45579000.0,180763000.0,350071000.0,27.397,1854691000.0
36,LVS,MRT,2012-09-30,2012-09-30,2012-09-30,2021-10-22,256222000.0,23158362000.0,22672580750.0,5599077000.0,17559285000.0,0.467,11.039,-1480794000.0,3753282000.0,3753282000.0,5731516000.0,1834822000.0,2.222,1.393,9496002000.0,98136000.0,9397866000.0,9496002000.0,118805000.0,839660000.0,0.0,0.016,0.75,1979454000.0,2819114000.0,0.266,2819114000.0,1979454000.0,1719946000.0,1.81,1.71,1.81,9068196000.0,8638527250.0,9068196000.0,44003534698.0,22.0,15.609,1425362000.0,1.735,1.0,4866969000.0,0.459,73165000.0,259508000.0,26307940000.0,26030346750.0,42511000.0,0.0,0.0,0.0,12634308000.0,2519977000.0,10114331000.0,38158923698.0,-206160000.0,0.0,565221000.0,-644107000.0,-990448000.0,-1878865000.0,-1267213000.0,213581000.0,2906156000.0,33762000.0,1524595000.0,1409425000.0,1409425000.0,0.0,310227000.0,0.133,2564310000.0,2302659000.0,150192000.0,0.414,4.208,27.074,25.619,17082038000.0,115170000.0,46.37,3.6,3.594,1702458000.0,2598984000.0,10598485000.0,10598485000.0,0.0,0.062,0.163,0.076,0.187,65740000.0,1122668000.0,1.0,822922659.0,821482154,825606248.0,12.902,23085197000.0,43771000.0,195351000.0,319555000.0,28.102,3079100000.0
37,LVS,MRT,2012-06-30,2012-06-30,2012-06-30,2021-10-22,162529000.0,22416806000.0,22374303000.0,5225597000.0,17191209000.0,0.46,10.752,-1520154000.0,3529602000.0,3529602000.0,5451043000.0,1895014000.0,2.323,1.385,9374213000.0,97737000.0,9276476000.0,9374213000.0,119175000.0,813193000.0,0.0,0.011,0.5,2082044000.0,2895237000.0,0.281,2895237000.0,2082044000.0,1814067000.0,1.86,1.73,1.86,8828748000.0,8278767250.0,8828748000.0,41569229337.0,20.0,14.358,1479138000.0,1.801,1.0,4847335000.0,0.471,75435000.0,267977000.0,25936512000.0,25732789500.0,40537000.0,0.0,0.0,0.0,12229776000.0,2249470000.0,9980306000.0,35780956337.0,42894000.0,0.0,568881000.0,-781442000.0,-804122000.0,-1866674000.0,-1082419000.0,437260000.0,2999292000.0,-7305000.0,1599692000.0,1413274000.0,1413274000.0,0.0,295322000.0,0.137,2446215000.0,2401120000.0,134447000.0,0.269,4.053,25.318,23.382,16718992000.0,186418000.0,43.49,3.474,3.468,1561776000.0,2473724000.0,10298378000.0,10298378000.0,0.0,0.063,0.171,0.081,0.202,62292000.0,1093922000.0,1.0,822739856.0,821110555,826102326.0,12.542,22341371000.0,42453000.0,214375000.0,316443000.0,27.209,2976127000.0
38,LVS,MRT,2012-03-31,2012-03-31,2012-03-31,2021-10-22,191935000.0,22871032000.0,22204390750.0,5722739000.0,17148293000.0,0.453,11.581,-1570488000.0,4063700000.0,4063700000.0,5228203000.0,2097725000.0,2.296,1.428,9851973000.0,469324000.0,9382649000.0,9851973000.0,119545000.0,798914000.0,0.0,0.004,0.25,2273442000.0,3072356000.0,0.305,3072356000.0,2273442000.0,1999406000.0,2.07,1.89,2.07,8806476000.0,7921079750.0,8806476000.0,48383034540.0,21.0,15.748,1341081000.0,1.764,1.0,4833365000.0,0.48,78017000.0,274036000.0,26088470000.0,25510650000.0,40014000.0,0.0,0.0,0.0,12573184000.0,2492818000.0,10080366000.0,42259918540.0,922419000.0,0.0,571173000.0,-368225000.0,-439162000.0,-1090244000.0,-916022000.0,654237000.0,2911569000.0,17116000.0,1769742000.0,1540294000.0,1540294000.0,0.0,327983000.0,0.153,2221851000.0,2611514000.0,105205000.0,0.121,4.799,27.436,27.812,16743951000.0,229448000.0,57.57,4.2,4.351,1530340000.0,2438945000.0,10061568000.0,10061568000.0,0.0,0.069,0.194,0.089,0.226,61641000.0,1042229000.0,1.0,734061465.0,760437437,818797155.0,13.231,22793015000.0,33955000.0,229664000.0,336280000.0,29.974,3229921000.0
39,LVS,MRT,2011-12-31,2011-12-31,2011-12-31,2021-10-22,94104000.0,22244123000.0,21795880250.0,5397152000.0,16846971000.0,0.432,10.779,-1502400000.0,3909861000.0,3909861000.0,4922677000.0,1883119000.0,2.16,1.631,10032977000.0,455846000.0,9577131000.0,10032977000.0,119915000.0,794404000.0,0.0,0.0,0.0,2054776000.0,2849180000.0,0.303,2849180000.0,2054776000.0,1771827000.0,1.74,1.56,1.74,7850689000.0,7458856000.0,7850689000.0,36877039231.0,18.0,12.943,1160096000.0,1.593,1.0,4488068000.0,0.477,80068000.0,282949000.0,25788465000.0,25206545500.0,34990000.0,0.0,0.0,0.0,12804971000.0,2498706000.0,10306265000.0,31309062231.0,865637000.0,0.0,38017000.0,-183601000.0,-75297000.0,-1093461000.0,-698106000.0,804394000.0,2662496000.0,-5292000.0,1560123000.0,1269508000.0,1269508000.0,0.0,322996000.0,0.135,2098181000.0,2389887000.0,104113000.0,0.0,3.988,24.662,24.557,16421447000.0,290615000.0,42.73,3.327,3.307,1336817000.0,2145692000.0,9410745000.0,9410745000.0,0.0,0.058,0.17,0.082,0.218,62714000.0,1022618000.0,1.0,732718517.0,728343428,811816687.0,12.921,22164055000.0,72345000.0,211704000.0,313498000.0,30.431,2898446000.0
40,LVS,MRT,2011-09-30,2011-09-30,2011-09-30,2021-10-22,103067000.0,21965251000.0,21495926500.0,5342656000.0,16622595000.0,0.413,10.454,-1412051000.0,4171451000.0,4171451000.0,4619617000.0,1745174000.0,2.29,1.608,9739428000.0,457344000.0,9282084000.0,9739428000.0,120285000.0,780919000.0,0.0,0.0,0.0,1920050000.0,2700969000.0,0.304,2700969000.0,1920050000.0,1630174000.0,1.71,1.51,1.71,7629156000.0,7161931500.0,7629156000.0,34130880768.0,18.0,12.637,1179275000.0,1.616,1.0,4261819000.0,0.48,82546000.0,289876000.0,25117711000.0,24921407250.0,33462000.0,0.0,0.0,0.0,12267013000.0,2332971000.0,9934042000.0,27994897768.0,1556863000.0,0.0,267642000.0,-483758000.0,-151357000.0,-393251000.0,-674220000.0,-98170000.0,2591326000.0,33008000.0,1450348000.0,1222430000.0,1222430000.0,0.0,294826000.0,0.138,2046528000.0,2215291000.0,103319000.0,0.0,3.669,22.901,22.421,16187512000.0,227918000.0,38.34,3.152,3.15,1112896000.0,1830097000.0,8881436000.0,8881436000.0,-1258000.0,0.057,0.171,0.077,0.216,62711000.0,1030077000.0,1.0,730174694.0,729773246,812543534.0,12.17,21882705000.0,24025000.0,179826000.0,213375000.0,29.986,3009685000.0
41,LVS,MRT,2011-06-30,2011-06-30,2011-06-30,2021-10-22,218495000.0,21737157000.0,21066613000.0,4721305000.0,17015852000.0,0.398,10.152,-1568905000.0,3922897000.0,3922897000.0,4442289000.0,1508836000.0,1.724,1.672,10058880000.0,1073484000.0,8985396000.0,10058880000.0,116712000.0,767586000.0,0.0,0.0,0.0,1688416000.0,2456002000.0,0.293,2456002000.0,1688416000.0,1392578000.0,1.48,1.28,1.48,7397998000.0,6782527250.0,7397998000.0,37080116140.0,22.0,15.098,744864000.0,1.022,1.0,3938544000.0,0.47,85844000.0,295838000.0,25047954000.0,24798402500.0,35634000.0,0.0,0.0,0.0,12370507000.0,2739342000.0,9631165000.0,30770175140.0,-39729000.0,0.0,259136000.0,-806099000.0,-132217000.0,-666743000.0,-1742216000.0,-147812000.0,2313769000.0,55461000.0,1239966000.0,1036810000.0,1036810000.0,0.0,268870000.0,0.124,1972504000.0,1966040000.0,92953000.0,0.0,4.159,29.678,28.52,16333813000.0,203156000.0,42.21,3.671,3.67,968988000.0,1476466000.0,8380833000.0,8380833000.0,-833000.0,0.049,0.153,0.068,0.201,62378000.0,957536000.0,1.0,728978326.0,728695140,811274706.0,11.501,21651313000.0,23972000.0,152612000.0,172989000.0,29.712,1981963000.0
42,LVS,MRT,2011-03-31,2011-03-31,2011-03-31,2021-10-22,164012000.0,21236990000.0,20699112250.0,4205285000.0,17031705000.0,0.369,9.618,-1767767000.0,3792818000.0,3792818000.0,4177128000.0,1098292000.0,1.626,1.784,10102759000.0,917007000.0,9185752000.0,10102759000.0,139392000.0,732119000.0,0.0,0.0,0.0,1279680000.0,2011799000.0,0.264,2011799000.0,1279680000.0,977447000.0,0.97,0.82,0.97,6957581000.0,6395970500.0,6957581000.0,36965438724.0,29.0,18.374,237968000.0,0.329,1.0,3453085000.0,0.453,87905000.0,302233000.0,24872052000.0,24676650750.0,33633000.0,0.0,0.0,0.0,12411208000.0,2586974000.0,9824234000.0,30671616724.0,-617904000.0,0.0,256167000.0,-815177000.0,-112998000.0,-675982000.0,-1995150000.0,-364326000.0,2005735000.0,47493000.0,871136000.0,664524000.0,664524000.0,0.0,227156000.0,0.087,1928392000.0,1524693000.0,87734000.0,0.0,4.408,46.156,43.526,16097786000.0,206612000.0,42.22,4.02,4.003,803100000.0,1108859000.0,7630213000.0,7630213000.0,-157000.0,0.032,0.104,0.052,0.168,63167000.0,890472000.0,1.0,726471263.0,723389226,811239242.0,10.548,21149085000.0,42589000.0,106311000.0,132669000.0,29.236,1618311000.0
43,LVS,MRT,2010-12-31,2010-12-31,2010-12-31,2021-10-22,129519000.0,21044308000.0,20413229250.0,4058907000.0,16985401000.0,0.336,9.983,-1974246000.0,3847001000.0,3847001000.0,3875187000.0,781603000.0,1.561,1.893,10140823000.0,767068000.0,9373755000.0,10140823000.0,147378000.0,694971000.0,0.0,0.0,0.0,980509000.0,1675480000.0,0.244,1675480000.0,980509000.0,673696000.0,0.61,0.51,0.61,6662991000.0,6115531000.0,6662991000.0,38248738452.0,39.0,22.829,-104095000.0,-0.156,1.0,2977995000.0,0.435,89805000.0,306813000.0,24647912000.0,24584951750.0,32260000.0,0.0,0.0,0.0,12609741000.0,2600413000.0,10009328000.0,31463347452.0,-1918335000.0,0.0,241969000.0,-1269547000.0,-93400000.0,-1127557000.0,-2707815000.0,-688266000.0,1870151000.0,46886000.0,599394000.0,407463000.0,407463000.0,0.0,182209000.0,0.059,1797409000.0,1180586000.0,113505000.0,0.0,4.722,77.218,75.328,15901037000.0,191931000.0,45.95,4.591,4.475,716919000.0,880703000.0,6853182000.0,6853182000.0,0.0,0.02,0.067,0.04,0.143,58021000.0,792146000.0,1.0,684730086.0,667463535,791760624.0,10.268,20954503000.0,72029000.0,74302000.0,115219000.0,31.394,1458494000.0
44,LVS,MRT,2010-09-30,2010-09-30,2010-09-30,2021-10-22,101619000.0,20247997000.0,20295178750.0,3313560000.0,16934437000.0,0.302,9.248,-2197822000.0,3354458000.0,3354458000.0,3605201000.0,321179000.0,1.431,2.036,10139849000.0,572458000.0,9567391000.0,10139849000.0,147802000.0,665003000.0,0.0,0.0,0.0,577611000.0,1242614000.0,0.203,1242614000.0,577611000.0,248369000.0,0.03,-0.01,0.03,6111539000.0,5912458000.0,6111539000.0,29807042119.0,52.0,23.987,-883630000.0,-1.337,1.0,2517134000.0,0.411,91735000.0,329242000.0,24625692000.0,24581493000.0,27751000.0,0.0,0.0,0.0,12445778000.0,2315961000.0,10129817000.0,23026594119.0,-697133000.0,0.0,6465000.0,-1339867000.0,0.0,959585000.0,-2965202000.0,78630000.0,1314192000.0,-5708000.0,206458000.0,20513000.0,20513000.0,0.0,114721000.0,0.003,1781290000.0,735844000.0,101163000.0,0.0,3.768,1122.537,1161.667,15723412000.0,185945000.0,34.85,3.761,3.762,618998000.0,608260000.0,6122335000.0,6122335000.0,1447000.0,0.001,0.003,0.023,0.094,55183000.0,751525000.0,1.0,660734408.0,660836841,789156247.0,9.265,20156262000.0,43786000.0,41911000.0,52813000.0,30.501,997599000.0
45,LVS,MRT,2010-06-30,2010-06-30,2010-06-30,2021-10-22,26400000.0,20267154000.0,19801444000.0,4456824000.0,15810330000.0,0.27,8.861,-2187780000.0,3615409000.0,3615409000.0,3285411000.0,-28272000.0,1.861,2.188,10395857000.0,569196000.0,9826661000.0,10395857000.0,148226000.0,626942000.0,0.0,0.0,0.0,327554000.0,954496000.0,0.178,954496000.0,327554000.0,-13479000.0,-0.41,-0.41,-0.41,5851771000.0,5393175000.0,5851771000.0,21027837925.0,64.0,22.03,-1219108000.0,-1.846,1.0,2069296000.0,0.386,92010000.0,341033000.0,24560947000.0,24672800750.0,26523000.0,173461000.0,173461000.0,0.0,12806166000.0,2394645000.0,10411521000.0,14619863925.0,933802000.0,0.0,3987000.0,-14144000.0,0.0,2282830000.0,-2307124000.0,-95144000.0,968672000.0,-10576000.0,-84545000.0,-270490000.0,-270490000.0,0.0,56273000.0,-0.051,1654375000.0,414921000.0,119156000.0,0.0,2.498,-54.05,-54.0,15337174000.0,185945000.0,22.14,2.73,2.73,530331000.0,440249000.0,5354707000.0,5354707000.0,1102000.0,-0.014,-0.05,0.013,0.061,53572000.0,674071000.0,1.0,660337124.0,660364559,660364559.0,8.109,20175144000.0,101904000.0,71066000.0,65240000.0,30.552,2062179000.0
46,LVS,MRT,2010-03-31,2010-03-31,2010-03-31,2021-10-22,25871000.0,20093458000.0,19058904250.0,4756558000.0,15336900000.0,0.253,8.838,-2100742000.0,4053419000.0,4053419000.0,3019320000.0,-285083000.0,2.383,2.177,10461393000.0,286819000.0,10174574000.0,10461393000.0,148650000.0,599881000.0,0.0,0.0,0.0,35130000.0,635011000.0,0.132,635011000.0,35130000.0,-293787000.0,-0.74,-0.74,-0.74,5835823000.0,4963729250.0,5835823000.0,19917244360.0,567.0,31.365,-1325050000.0,-2.007,1.0,1799611000.0,0.373,0.0,328917000.0,24505256000.0,24449634250.0,24922000.0,173868000.0,173868000.0,0.0,12704138000.0,1996176000.0,10707962000.0,13965839360.0,993373000.0,0.0,137000.0,405246000.0,0.0,2698196000.0,-2468805000.0,-95348000.0,775692000.0,-11710000.0,-302292000.0,-488059000.0,-488059000.0,0.0,17209000.0,-0.101,1722810000.0,76801000.0,86829000.0,0.0,2.393,-28.615,-28.581,14954133000.0,185767000.0,21.15,2.898,2.898,436074000.0,444928000.0,4818931000.0,4818931000.0,436000.0,-0.026,-0.098,0.001,0.007,49042000.0,663305000.0,1.0,660323374.0,660280641,660280641.0,7.298,20093458000.0,51765000.0,8505000.0,7033000.0,30.432,2760382000.0
47,LVS,MRT,2009-12-31,2009-12-31,2009-12-31,2021-10-22,26748000.0,20572106000.0,18275947750.0,5623674000.0,14948432000.0,0.25,8.907,-2088693000.0,5074057000.0,5074057000.0,2876873000.0,-368743000.0,3.057,2.26,11025462000.0,173315000.0,10852147000.0,11025462000.0,149074000.0,586041000.0,0.0,0.0,0.0,-36493000.0,549548000.0,0.12,549548000.0,-36493000.0,-358363000.0,-0.82,-0.82,-0.82,5850699000.0,4587238750.0,5850699000.0,18308492385.0,-502.0,33.316,-1450080000.0,-2.208,1.0,1686232000.0,0.37,50129000.0,321870000.0,24634077000.0,24079630750.0,27073000.0,0.0,0.0,0.0,13220685000.0,1839305000.0,11381380000.0,9865031385.0,1917253000.0,0.0,51000.0,1014191000.0,0.0,3305973000.0,-2010063000.0,78630000.0,638613000.0,-17270000.0,-354479000.0,-540050000.0,-540050000.0,0.0,-14264000.0,-0.118,1714972000.0,-28740000.0,82695000.0,0.0,1.686,-18.267,-18.22,14561091000.0,185571000.0,14.94,2.162,2.151,460766000.0,473833000.0,4563105000.0,4563105000.0,533000.0,-0.03,-0.118,-0.002,-0.008,45545000.0,658297000.0,1.0,660309999.0,656836950,656836950.0,6.947,20521977000.0,48661000.0,-3884000.0,0.0,31.244,3784369000.0
48,LVS,MRT,2009-09-30,2009-09-30,2009-09-30,2021-10-22,25992000.0,18273058000.0,17418949500.0,3778257000.0,14494801000.0,0.251,6.11,-2415796000.0,3320936000.0,3320936000.0,2788405000.0,-406332000.0,2.19,3.434,11764397000.0,159921000.0,11604476000.0,11764397000.0,149498000.0,573792000.0,0.0,0.0,0.0,-85279000.0,488513000.0,0.112,488513000.0,-85279000.0,-437898000.0,-0.98,-0.98,-0.98,4034407000.0,4230091000.0,4034407000.0,19123566167.0,-224.0,39.146,-1975648000.0,-2.992,1.0,1583876000.0,0.362,0.0,352619000.0,24990923000.0,23633975500.0,26153000.0,0.0,0.0,0.0,13855514000.0,1725596000.0,12129918000.0,11119834167.0,1815870000.0,0.0,1053683000.0,1763440000.0,0.0,3775562000.0,-2407443000.0,218044000.0,440148000.0,7603000.0,-398372000.0,-562662000.0,-562662000.0,0.0,-7960000.0,-0.129,1690939000.0,-107063000.0,78672000.0,0.0,2.756,-19.763,-17.184,14063936000.0,164290000.0,16.84,2.543,2.543,375201000.0,587747000.0,4372281000.0,4372281000.0,1629000.0,-0.032,-0.133,-0.004,-0.02,48063000.0,628846000.0,1.0,660322694.0,660245590,660245590.0,6.622,18273058000.0,47448000.0,-39526000.0,0.0,27.676,2052661000.0
49,LVS,MRT,2009-06-30,2009-06-30,2009-06-30,2021-10-22,14798000.0,17296995000.0,16540538000.0,3217941000.0,14079054000.0,0.262,6.274,-2901211000.0,2773672000.0,2773672000.0,2799881000.0,-358206000.0,1.971,3.096,10777404000.0,141144000.0,10636260000.0,10777404000.0,149922000.0,557354000.0,0.0,0.0,0.0,-112701000.0,444653000.0,0.103,444653000.0,-112701000.0,-467341000.0,-0.88,-0.88,-0.88,4133988000.0,3791084500.0,4133988000.0,12729274967.0,-113.0,28.627,-2661885000.0,-4.04,1.0,1536690000.0,0.354,0.0,354640000.0,23668281000.0,22854427500.0,27180000.0,0.0,0.0,0.0,12798895000.0,1632446000.0,11166449000.0,5180791967.0,1783263000.0,0.0,1054082000.0,2401611000.0,0.0,4437477000.0,-2904938000.0,218044000.0,239326000.0,11398000.0,-354074000.0,-471878000.0,-471878000.0,0.0,-4132000.0,-0.109,1677940000.0,-141250000.0,88141000.0,0.0,1.253,-10.979,-8.932,13601962000.0,117804000.0,7.86,1.195,1.194,367244000.0,710739000.0,4336571000.0,4336571000.0,2702000.0,-0.029,-0.124,-0.005,-0.026,51445000.0,637720000.0,1.0,659133838.0,658877256,658877256.0,6.582,17296995000.0,121818000.0,-113267000.0,0.0,26.252,1585495000.0
50,LVS,MRT,2009-03-31,2009-03-31,2009-03-31,2021-10-22,-3472000.0,16961632000.0,15536844750.0,3363908000.0,13597724000.0,0.283,6.684,-3369308000.0,2860393000.0,2860393000.0,2807545000.0,-192937000.0,2.265,2.838,10408876000.0,134116000.0,10274760000.0,10408876000.0,150346000.0,532822000.0,0.0,0.0,0.0,129752000.0,662574000.0,0.151,662574000.0,129752000.0,-248491000.0,-0.56,-0.56,-0.56,4329861000.0,3334015000.0,4329861000.0,9202780385.0,71.0,13.889,-3171156000.0,-4.895,1.0,1582440000.0,0.36,0.0,378243000.0,23025242000.0,21827878750.0,27188000.0,0.0,0.0,0.0,12288472000.0,1484873000.0,10803599000.0,1965021385.0,1903110000.0,0.0,1055496000.0,2662270000.0,0.0,4727199000.0,-3034009000.0,218044000.0,198152000.0,11768000.0,-186930000.0,-258426000.0,-258426000.0,0.0,-6007000.0,-0.059,1479063000.0,103377000.0,68216000.0,0.0,0.454,-7.604,-5.375,13185655000.0,71496000.0,3.01,0.448,0.444,345954000.0,933339000.0,4389985000.0,4389985000.0,7151000.0,-0.017,-0.078,0.006,0.03,55843000.0,631121000.0,1.0,652831025.0,647802932,647802932.0,6.777,16961632000.0,53539000.0,-61561000.0,0.0,26.183,1879035000.0
51,LVS,MRT,2008-12-31,2008-12-31,2008-12-31,2021-10-22,17554000.0,17144113000.0,14438537000.0,3741276000.0,13402837000.0,0.304,11.277,-3789008000.0,3232979000.0,3232979000.0,2768752000.0,-168325000.0,2.445,2.804,10470738000.0,114623000.0,10356115000.0,10470738000.0,150771000.0,506986000.0,0.0,0.0,0.0,198567000.0,705553000.0,0.161,705553000.0,198567000.0,-223258000.0,-0.48,-0.48,-0.48,4422108000.0,2824249750.0,4422108000.0,10943274635.0,55.0,15.51,-3664136000.0,-9.344,1.0,1621194000.0,0.369,0.0,421825000.0,22851456000.0,20603390000.0,28837000.0,0.0,0.0,0.0,12400643000.0,1530416000.0,10870227000.0,2107973635.0,2181013000.0,0.0,1060529000.0,3272325000.0,0.0,5608153000.0,-3570964000.0,218044000.0,124872000.0,18952000.0,-163558000.0,-188764000.0,-188764000.0,0.0,-4767000.0,-0.043,1457531000.0,163663000.0,71035000.0,0.0,0.477,-11.167,-12.354,12968166000.0,25206000.0,5.93,0.48,0.53,384819000.0,1015554000.0,4389946000.0,4389946000.0,12789000.0,-0.013,-0.067,0.01,0.045,52742000.0,654884000.0,1.0,355476161.0,392131375,392131375.0,11.195,17144113000.0,67160000.0,-59700000.0,0.0,43.72,2210860000.0
52,LVS,MRT,2008-09-30,2008-09-30,2008-09-30,2021-10-22,15975000.0,14759412000.0,13019138000.0,1996975000.0,12762437000.0,0.334,6.411,-3980032000.0,1515119000.0,1515119000.0,2693374000.0,-16836000.0,1.16,5.478,10350420000.0,99314000.0,10251106000.0,10350420000.0,151195000.0,446048000.0,0.0,0.0,0.0,350664000.0,796712000.0,0.183,796712000.0,350664000.0,-26225000.0,-0.03,-0.03,-0.03,2278381000.0,2283791250.0,2278381000.0,20784465143.0,59.0,26.088,-3621196000.0,-10.189,1.0,1651670000.0,0.38,0.0,376889000.0,21872731000.0,18959690000.0,27284000.0,0.0,0.0,0.0,12481031000.0,1721982000.0,10759049000.0,12835873143.0,-403672000.0,0.0,13193000.0,2920072000.0,0.0,3184587000.0,-3944141000.0,0.0,358836000.0,-2954000.0,-12355000.0,-12355000.0,-12355000.0,0.0,-4481000.0,-0.003,1320063000.0,331607000.0,96345000.0,0.0,5.634,-1038.921,-1203.667,12353108000.0,0.0,36.11,2.954,2.954,333176000.0,1145296000.0,4345044000.0,4345044000.0,14005000.0,-0.001,-0.005,0.018,0.081,46756000.0,651879000.0,1.0,355465886.0,355393259,355393259.0,12.226,14759412000.0,85692000.0,-13870000.0,7145000.0,41.53,274993000.0
53,LVS,MRT,2008-06-30,2008-06-30,2008-06-30,2021-10-22,28499000.0,13282222000.0,12111673000.0,1360643000.0,11921579000.0,0.322,6.488,-4011985000.0,974836000.0,974836000.0,2378108000.0,-32852000.0,0.815,4.761,8923428000.0,110655000.0,8812773000.0,8923428000.0,151619000.0,368118000.0,0.0,0.0,0.0,334910000.0,703028000.0,0.18,703028000.0,334910000.0,-24051000.0,-0.08,-0.08,-0.08,2305710000.0,2264951750.0,2305710000.0,23920173418.0,71.0,34.024,-3634974000.0,-10.229,1.0,1522452000.0,0.39,0.0,358961000.0,19562086000.0,16917154500.0,24864000.0,0.0,0.0,0.0,10976512000.0,1668728000.0,9307784000.0,16861276418.0,-983333000.0,0.0,25175000.0,1559671000.0,0.0,1839226000.0,-3189648000.0,0.0,377011000.0,-9922000.0,-28654000.0,-28654000.0,-28654000.0,0.0,-4198000.0,-0.007,1239834000.0,282618000.0,103610000.0,0.0,7.313,-588.444,-593.0,11508816000.0,0.0,47.44,4.323,4.322,270025000.0,1177504000.0,3900560000.0,3900560000.0,16473000.0,-0.002,-0.013,0.02,0.086,38134000.0,601985000.0,1.0,355423196.0,355364583,355364583.0,10.976,13282222000.0,49973000.0,4603000.0,0.0,37.376,-308085000.0
54,LVS,MRT,2008-03-31,2008-03-31,2008-03-31,2021-10-22,22052000.0,12568401000.0,11403078500.0,1498061000.0,11070340000.0,0.298,6.448,-3972280000.0,1309721000.0,1309721000.0,2049314000.0,14540000.0,0.999,4.486,8368618000.0,78286000.0,8290332000.0,8368618000.0,151316000.0,284738000.0,0.0,0.0,0.0,352590000.0,637328000.0,0.187,637328000.0,352590000.0,27694000.0,0.04,0.04,0.04,2290800000.0,2243644750.0,2290800000.0,32471606331.0,92.0,50.95,-3590260000.0,-10.106,1.0,1352058000.0,0.398,0.0,324896000.0,18127287000.0,15465058500.0,24035000.0,0.0,0.0,0.0,10277601000.0,1500011000.0,8777590000.0,26168194331.0,415837000.0,0.0,25259000.0,3659005000.0,0.0,3935038000.0,-3891690000.0,0.0,382020000.0,-9531000.0,14540000.0,14540000.0,14540000.0,0.0,0.0,0.004,1056489000.0,295569000.0,99479000.0,0.0,11.423,1799.738,1841.0,10530009000.0,0.0,73.64,7.693,7.692,253614000.0,1186300000.0,3401372000.0,3401372000.0,13274000.0,0.001,0.006,0.023,0.104,32452000.0,505871000.0,1.0,355352992.0,355274537,355274537.0,9.574,12568401000.0,43928000.0,13154000.0,0.0,35.377,-1950000.0
55,LVS,MRT,2007-12-31,2007-12-31,2007-12-31,2021-10-22,-2493000.0,11466517000.0,10144891250.0,1379086000.0,10087431000.0,0.291,6.37,-3793703000.0,1268918000.0,1268918000.0,1745843000.0,116688000.0,0.924,4.073,7572330000.0,54333000.0,7517997000.0,7572330000.0,103546000.0,202557000.0,0.0,0.0,0.0,383087000.0,585644000.0,0.198,585644000.0,383087000.0,138279000.0,0.33,0.33,0.33,2260274000.0,2215053500.0,2260274000.0,41946812642.0,109.0,71.625,-3432767000.0,-9.675,1.0,1204724000.0,0.408,0.0,244808000.0,16276656000.0,13445373250.0,19902000.0,0.0,0.0,0.0,9206243000.0,1493273000.0,7712970000.0,36598063642.0,389084000.0,0.0,30222000.0,3285531000.0,0.0,3327386000.0,-3287427000.0,0.0,360936000.0,-11811000.0,116688000.0,116688000.0,116688000.0,0.0,0.0,0.04,874714000.0,330010000.0,99023000.0,0.0,16.192,313.64,312.273,9644223000.0,0.0,103.05,12.404,12.392,187195000.0,1197534000.0,2950567000.0,2950567000.0,9728000.0,0.012,0.053,0.028,0.13,26112000.0,413871000.0,1.0,355148604.0,354807700,355789619.0,8.316,11466517000.0,32471000.0,21591000.0,1553000.0,32.318,-114187000.0
56,LVS,MRT,2007-09-30,2007-09-30,2007-09-30,2021-10-22,-473000.0,11129552000.0,9059876500.0,2202596000.0,8926956000.0,0.28,6.208,-3360466000.0,1942449000.0,1942449000.0,1437669000.0,190445000.0,0.794,4.052,7291198000.0,1329829000.0,5961369000.0,7291198000.0,103853000.0,155857000.0,0.0,0.0,0.0,440956000.0,596813000.0,0.235,596813000.0,440956000.0,233918000.0,0.54,0.54,0.54,2203023000.0,2168773500.0,2203023000.0,51626747170.0,117.0,86.504,-2967108000.0,-8.361,1.0,1100685000.0,0.434,0.0,207038000.0,13702589000.0,11654331250.0,15914000.0,0.0,0.0,0.0,8926529000.0,2775712000.0,6150817000.0,47346401170.0,1185938000.0,0.0,27225000.0,3130529000.0,0.0,3164132000.0,-2374276000.0,0.0,393358000.0,2724000.0,190445000.0,190445000.0,190445000.0,0.0,0.0,0.075,737916000.0,362769000.0,68118000.0,0.0,21.492,248.609,247.074,8687262000.0,0.0,133.42,18.652,18.652,152307000.0,1157651000.0,2538354000.0,2538354000.0,10342000.0,0.021,0.088,0.038,0.174,20981000.0,344441000.0,1.0,354867345.0,354856121,354856121.0,7.153,11129552000.0,30125000.0,43473000.0,0.0,31.364,-573116000.0
57,LVS,MRT,2007-06-30,2007-06-30,2007-06-30,2021-10-22,-5269000.0,10447844000.0,7972106750.0,2348498000.0,8099346000.0,0.305,6.26,-2886865000.0,2829519000.0,2829519000.0,1311993000.0,336203000.0,2.41,3.705,7109865000.0,43592000.0,7066273000.0,7109865000.0,104159000.0,128291000.0,0.0,0.0,0.0,571635000.0,699926000.0,0.288,699926000.0,571635000.0,391861000.0,0.95,0.95,0.95,2220482000.0,2105823500.0,2220482000.0,30532687141.0,53.0,43.623,-3003449000.0,-8.467,1.0,1118639000.0,0.46,0.0,179774000.0,13753702000.0,10328264500.0,13077000.0,0.0,0.0,0.0,8227362000.0,974488000.0,7252874000.0,27104265141.0,1503104000.0,0.0,15527000.0,3847700000.0,0.0,3866808000.0,-2253018000.0,0.0,-116584000.0,5898000.0,336203000.0,336203000.0,336203000.0,0.0,0.0,0.138,601598000.0,517041000.0,52034000.0,0.0,12.206,80.619,80.411,7260668000.0,0.0,76.39,11.151,11.148,119070000.0,1206158000.0,2430632000.0,2430632000.0,12689000.0,0.042,0.16,0.055,0.235,18415000.0,314452000.0,1.0,354814310.0,354726843,355896858.0,6.852,10447844000.0,30687000.0,55658000.0,0.0,29.453,1374010000.0
58,LVS,MRT,2007-03-31,2007-03-31,2007-03-31,2021-10-22,-5428000.0,7535652000.0,6795356000.0,909523000.0,6626129000.0,0.344,6.137,-2396022000.0,995544000.0,995544000.0,1238851000.0,411134000.0,0.993,2.462,4423966000.0,165610000.0,4258356000.0,4423966000.0,104466000.0,116998000.0,0.0,0.0,0.0,617478000.0,734476000.0,0.315,734476000.0,617478000.0,468428000.0,1.16,1.16,1.16,2176435000.0,2013239750.0,2176435000.0,33439766567.0,54.0,45.529,-2687217000.0,-7.578,1.0,1095862000.0,0.469,0.0,149050000.0,10048546000.0,8489698250.0,13052000.0,0.0,0.0,0.0,5359217000.0,915528000.0,4443689000.0,30719088567.0,122248000.0,0.0,15345000.0,2649737000.0,0.0,2668144000.0,-2260230000.0,0.0,-291195000.0,5529000.0,411134000.0,411134000.0,411134000.0,0.0,0.0,0.176,539639000.0,556223000.0,56192000.0,0.0,14.114,74.718,74.664,6256423000.0,0.0,86.61,13.158,13.155,120854000.0,1171760000.0,2334713000.0,2334713000.0,19290000.0,0.061,0.204,0.073,0.264,13252000.0,298646000.0,1.0,354682930.0,354613724,356114292.0,6.584,7535652000.0,17567000.0,57294000.0,0.0,21.25,-6005000.0
59,LVS,MRT,2006-12-31,2006-12-31,2006-12-31,2021-10-22,-580000.0,7126458000.0,5935776500.0,1093557000.0,6032901000.0,0.377,5.857,-1925291000.0,1421960000.0,1421960000.0,1164112000.0,442003000.0,1.489,2.434,4142638000.0,6486000.0,4136152000.0,4142638000.0,104773000.0,110771000.0,0.0,0.0,0.0,640099000.0,750870000.0,0.336,750870000.0,640099000.0,504246000.0,1.25,1.24,1.25,2075154000.0,1903338000.0,2075154000.0,33951624564.0,53.0,45.216,-2122011000.0,-5.99,1.0,1072747000.0,0.48,0.0,135853000.0,9112488000.0,7047766250.0,12291000.0,0.0,0.0,0.0,5051304000.0,734648000.0,4316656000.0,31710014564.0,11220000.0,0.0,7226000.0,2434355000.0,0.0,2442982000.0,-2235856000.0,0.0,-196720000.0,814000.0,442003000.0,442003000.0,442003000.0,0.0,0.0,0.198,498650000.0,574097000.0,51038000.0,0.0,15.281,71.742,71.584,5392181000.0,0.0,89.48,14.176,14.172,173683000.0,1084951000.0,2236859000.0,2236859000.0,26112000.0,0.074,0.232,0.091,0.286,13327000.0,289925000.0,1.0,354381030.0,354277941,355264444.0,6.314,7126458000.0,15688000.0,62243000.0,20676000.0,20.115,358909000.0
60,LVS,MRT,2006-09-30,2006-09-30,2006-09-30,2021-10-22,-1198000.0,6778473000.0,5124096750.0,998309000.0,5780164000.0,0.41,5.507,-1565358000.0,1788782000.0,1788782000.0,1095032000.0,438412000.0,1.606,2.474,4030392000.0,6413000.0,4023979000.0,4030392000.0,105080000.0,102688000.0,0.0,0.0,0.0,604751000.0,707439000.0,0.337,707439000.0,604751000.0,493665000.0,1.23,1.23,1.23,1951223000.0,1786934000.0,1951223000.0,25424810225.0,42.0,35.939,-1774474000.0,-5.008,1.0,1006242000.0,0.479,0.0,111086000.0,8398322000.0,5757867000.0,11663000.0,0.0,0.0,0.0,4827250000.0,621761000.0,4205489000.0,24220856225.0,-96194000.0,0.0,4176000.0,2380505000.0,0.0,2385569000.0,-2274356000.0,0.0,-209116000.0,1709000.0,438412000.0,438412000.0,438412000.0,0.0,0.0,0.209,456981000.0,549261000.0,44080000.0,0.0,12.413,55.247,55.569,4737482000.0,0.0,68.35,11.527,11.525,102129000.0,971311000.0,2101274000.0,2101274000.0,28572000.0,0.086,0.245,0.105,0.288,9408000.0,271384000.0,1.0,354365124.0,354296742,355220167.0,5.931,6778473000.0,14832000.0,55253000.0,434000.0,19.132,376548000.0
61,LVS,MRT,2006-06-30,2006-06-30,2006-06-30,2021-10-22,812000.0,5740841000.0,4352812250.0,777348000.0,4963493000.0,0.456,5.223,-1217531000.0,1958983000.0,1958983000.0,1031998000.0,421257000.0,1.425,2.103,3162937000.0,6138000.0,3156799000.0,3162937000.0,105387000.0,103667000.0,0.0,0.0,0.0,568190000.0,671857000.0,0.338,671857000.0,568190000.0,471850000.0,1.19,1.19,1.19,1850147000.0,1673462500.0,1850147000.0,28266552839.0,50.0,42.072,-813961000.0,-2.298,1.0,953670000.0,0.48,0.0,96340000.0,6399437000.0,4567522250.0,10820000.0,0.0,0.0,0.0,3890694000.0,545358000.0,3345336000.0,27587139839.0,-368195000.0,0.0,3493000.0,1734995000.0,0.0,1739120000.0,-2512617000.0,0.0,403570000.0,1732000.0,421257000.0,421257000.0,421257000.0,0.0,0.0,0.212,429403000.0,524267000.0,45683000.0,0.0,14.911,65.488,65.429,3347330000.0,0.0,77.86,13.893,13.891,86939000.0,874060000.0,1985668000.0,1985668000.0,28530000.0,0.097,0.252,0.124,0.286,5967000.0,256968000.0,1.0,354317234.0,354255635,355259487.0,5.605,5740841000.0,28923000.0,50593000.0,3777000.0,16.205,231990000.0
62,LVS,MRT,2006-03-31,2006-03-31,2006-03-31,2021-10-22,1438000.0,4097334000.0,3749016000.0,578131000.0,3519203000.0,0.498,4.904,-1002690000.0,1007923000.0,1007923000.0,952592000.0,398357000.0,1.166,1.359,1687336000.0,7490000.0,1679846000.0,1687336000.0,105693000.0,100336000.0,0.0,0.0,0.0,543590000.0,643926000.0,0.345,643926000.0,543590000.0,452966000.0,1.12,1.12,1.12,1736828000.0,1565045500.0,1736828000.0,20608337046.0,38.0,32.004,-346071000.0,-0.977,1.0,914890000.0,0.49,0.0,90624000.0,4280818000.0,3788884750.0,10645000.0,0.0,0.0,0.0,2360506000.0,495929000.0,1864577000.0,20074817046.0,-482334000.0,0.0,2177000.0,178092000.0,0.0,171596000.0,-1311381000.0,4481000.0,656619000.0,832000.0,398357000.0,398357000.0,398357000.0,0.0,0.0,0.213,401895000.0,512995000.0,44259000.0,0.0,11.558,50.394,50.589,2887413000.0,0.0,56.66,10.75,10.747,108450000.0,764731000.0,1867482000.0,1867482000.0,26231000.0,0.106,0.255,0.143,0.291,3105000.0,242214000.0,1.0,354303160.0,354199253,354592597.0,5.272,4097334000.0,12427000.0,54609000.0,8200000.0,11.568,82202000.0
63,LVS,MRT,2005-12-31,2005-12-31,2005-12-31,2021-10-22,1726000.0,3879739000.0,3549162500.0,644706000.0,3235033000.0,0.491,4.545,-860621000.0,1099706000.0,1099706000.0,873452000.0,283686000.0,1.4,1.41,1633226000.0,7325000.0,1625901000.0,1633226000.0,105999000.0,95296000.0,0.0,0.0,0.0,384228000.0,479524000.0,0.275,479524000.0,384228000.0,287936000.0,0.8,0.8,0.8,1609538000.0,1463351000.0,1609538000.0,14396508513.0,37.0,30.022,-270705000.0,-0.764,1.0,867460000.0,0.498,0.0,96292000.0,3952891000.0,3535102500.0,9967000.0,0.0,0.0,0.0,2270201000.0,460368000.0,1809833000.0,13978722513.0,-838052000.0,0.0,313000.0,-168181000.0,-21052000.0,-302718000.0,-1126007000.0,0.0,589916000.0,757000.0,283686000.0,283686000.0,283686000.0,0.0,0.0,0.163,378009000.0,489451000.0,34803000.0,0.0,8.685,49.275,49.337,2600468000.0,0.0,39.47,8.03,8.03,84778000.0,642948000.0,1740912000.0,1740912000.0,22238000.0,0.08,0.194,0.109,0.221,8299000.0,231103000.0,1.0,354160692.0,354161165,354526604.0,4.916,3879739000.0,19278000.0,4250000.0,0.0,10.955,184338000.0
64,LVS,MRT,2005-09-30,2005-09-30,2005-09-30,2021-10-22,0.0,3693335000.0,3479597250.0,716140000.0,2977195000.0,0.456,4.228,-720915000.0,1175838000.0,1175838000.0,788828000.0,242893000.0,1.51,1.467,1593624000.0,56101000.0,1537523000.0,1593624000.0,106306000.0,86487000.0,0.0,0.0,0.0,326817000.0,413304000.0,0.26,413304000.0,326817000.0,212852000.0,0.7,0.7,0.7,1497337000.0,1389966750.0,1497337000.0,12009129374.0,37.0,29.056,-218515000.0,-0.617,1.0,798986000.0,0.503,0.0,113965000.0,3636943000.0,3323498250.0,8987000.0,0.0,0.0,0.0,2195998000.0,474178000.0,1721820000.0,11655428374.0,-32295000.0,0.0,742518000.0,-238939000.0,-21052000.0,397265000.0,-931960000.0,233091000.0,502400000.0,0.0,242893000.0,242893000.0,242893000.0,0.0,0.0,0.153,361281000.0,437705000.0,59543000.0,0.0,7.784,47.986,47.014,2337737000.0,0.0,32.91,7.341,7.341,53631000.0,532899000.0,1587814000.0,1587814000.0,24235000.0,0.07,0.175,0.098,0.206,8186000.0,224571000.0,1.0,354160692.0,354160692,354445509.0,4.483,3693335000.0,38452000.0,-30041000.0,0.0,10.428,241962000.0
65,LVS,MRT,2005-06-30,2005-06-30,2005-06-30,2021-10-22,0.0,3325656000.0,3252641250.0,795503000.0,2530153000.0,0.459,4.0,-603220000.0,1032849000.0,1032849000.0,727146000.0,76918000.0,2.017,1.348,1386550000.0,56442000.0,1330108000.0,1386550000.0,106613000.0,78111000.0,0.0,0.0,0.0,158142000.0,236253000.0,0.158,236253000.0,158142000.0,40304000.0,0.21,0.21,0.21,1416479000.0,1146952250.0,1416479000.0,12977387739.0,82.0,54.93,-179906000.0,-0.508,1.0,766682000.0,0.513,0.0,117838000.0,3284887000.0,3236441250.0,8769000.0,0.0,0.0,0.0,1909177000.0,394470000.0,1514707000.0,12661244739.0,-34288000.0,0.0,751577000.0,-106069000.0,-38170000.0,493767000.0,-951369000.0,0.0,423314000.0,0.0,76918000.0,76918000.0,76918000.0,0.0,0.0,0.051,485472000.0,281210000.0,61253000.0,0.0,8.939,164.607,170.238,2093013000.0,0.0,35.75,8.476,8.476,66386000.0,452803000.0,1493828000.0,1493828000.0,22876000.0,0.024,0.067,0.049,0.106,56654000.0,328481000.0,1.0,354160692.0,354160692,354795833.0,4.218,3325656000.0,44038000.0,-36614000.0,0.0,9.39,401033000.0
66,LVS,MRT,2005-03-31,2005-03-31,2005-03-31,2021-10-22,0.0,3297920000.0,,968040000.0,2329880000.0,,3.755,-526056000.0,1181566000.0,1181566000.0,641962000.0,452379000.0,2.779,1.48,1497709000.0,64033000.0,1433676000.0,1497709000.0,106920000.0,73870000.0,0.0,0.0,0.0,536677000.0,610547000.0,0.448,610547000.0,536677000.0,404344000.0,1.39,1.39,1.39,1330050000.0,,1330050000.0,16054787140.0,30.0,26.296,-134864000.0,-0.381,1.0,719702000.0,0.529,0.0,132333000.0,3265689000.0,,8334000.0,0.0,0.0,0.0,1967870000.0,348374000.0,1619496000.0,15937231140.0,639046000.0,649568000.0,751577000.0,-104512000.0,-141076000.0,401684000.0,-153830000.0,-4481000.0,391192000.0,0.0,452379000.0,452379000.0,452379000.0,0.0,0.0,0.332,475770000.0,243932000.0,33759000.0,0.0,11.982,35.23,32.374,1889251000.0,0.0,45.0,11.704,11.704,75759000.0,366374000.0,1361664000.0,1361664000.0,19540000.0,,,,0.394,56654000.0,316649000.0,1.0,354160692.0,354160692,355029968.0,3.845,3297920000.0,55459000.0,-48035000.0,0.0,9.312,619666000.0
67,LVS,MRT,2004-12-31,2004-12-31,2004-12-31,2021-10-22,0.0,3601478000.0,2759256500.0,1405126000.0,2196352000.0,0.434,4.031,-465748000.0,1672372000.0,1672372000.0,541721000.0,495183000.0,2.294,1.737,1789928000.0,304864000.0,1485064000.0,1789928000.0,107227000.0,69432000.0,0.0,0.0,0.0,619524000.0,688956000.0,0.576,688956000.0,619524000.0,481447000.0,1.52,1.52,1.52,1316001000.0,739054500.0,1316001000.0,17622740624.0,28.0,25.579,-92379000.0,-0.283,1.0,655335000.0,0.547,0.0,138077000.0,3106474000.0,3036023000.0,8010000.0,0.0,0.0,0.0,2285477000.0,612560000.0,1672917000.0,16828284624.0,1142105000.0,649568000.0,751577000.0,193836000.0,-125027000.0,820386000.0,-51650000.0,0.0,373369000.0,0.0,495183000.0,495183000.0,495183000.0,0.0,0.0,0.414,454443000.0,200892000.0,40615000.0,0.0,12.787,33.984,31.579,1756090000.0,0.0,48.0,14.058,13.092,56582000.0,359262000.0,1197056000.0,1197056000.0,14901000.0,0.179,0.67,0.204,0.518,49230000.0,299444000.0,1.0,350589263.0,326486740,326848911.0,3.666,3601478000.0,13736000.0,-13736000.0,0.0,11.031,792566000.0
68,LVS,MRT,2004-09-30,2004-09-30,2004-09-30,2021-10-22,0.0,2785511000.0,,712768000.0,2072743000.0,,1.613,-384764000.0,997088000.0,997088000.0,437382000.0,433608000.0,2.447,4.303,1791544000.0,13734000.0,1777810000.0,1791544000.0,107534000.0,67123000.0,0.0,,0.0,565050000.0,632173000.0,0.618,632173000.0,565050000.0,433608000.0,1.338,1.329,1.338,525279000.0,,525279000.0,,,,-65439000.0,-0.201,1.0,585521000.0,0.572,0.0,131442000.0,3288715000.0,,6541000.0,0.0,0.0,0.0,2260232000.0,291252000.0,1968980000.0,,468945000.0,643316000.0,9780000.0,245604000.0,-125027000.0,97379000.0,52241000.0,-250036000.0,319325000.0,0.0,433608000.0,433608000.0,433608000.0,0.0,0.0,0.424,435608000.0,149913000.0,35609000.0,0.0,,,,1635074000.0,0.0,,,,51760000.0,311058000.0,1022903000.0,1022903000.0,7329000.0,,,,0.552,49230000.0,286644000.0,1.0,350589263.0,325679693,325679693.0,3.141,2785511000.0,0.0,0.0,0.0,8.553,421516000.0
69,LVS,MRT,2004-06-30,2004-06-30,2004-06-30,2021-10-22,,,,,,,,,,,,,,,,,,,,,,,0.0,,,,,,,,,,,,,,,,,,1.0,,,,,,,,,,,,,,,,,,,,,,,,,,,,,,,,,,,,,,,,,,,,,,,,,,,,,,1.0,350589263.0,324658394,,,,,,,,
70,LVS,MRT,2004-03-31,2004-03-31,2004-03-31,2021-10-22,,,,,,,,,,,,,,,,,,,,,,,0.0,,,,,,,,,,,,,,,,,,1.0,,,,,,,,,,,,,,,,,,,,,,,,,,,,,,,,,,,,,,,,,,,,,,,,,,,,,,1.0,350589263.0,324658394,,,,,,,,
71,LVS,MRT,2003-12-31,2003-12-31,2003-12-31,2021-10-22,0.0,1917035000.0,1761898500.0,272739000.0,1644296000.0,0.393,0.499,-279948000.0,294592000.0,294592000.0,286722000.0,66634000.0,1.221,10.826,1566495000.0,41379000.0,1525116000.0,1566495000.0,0.0,53859000.0,0.0,,0.0,189076000.0,242935000.0,0.351,242935000.0,189076000.0,66634000.0,0.21,0.2,0.21,162108000.0,131246000.0,162108000.0,,,,-142832000.0,-0.44,1.0,405032000.0,0.586,0.0,122442000.0,2965572000.0,2765907500.0,6251000.0,0.0,0.0,0.0,1754927000.0,223366000.0,1531561000.0,,46310000.0,-7384000.0,721000.0,214183000.0,0.0,207520000.0,-298326000.0,-16945000.0,137116000.0,0.0,66634000.0,66634000.0,66634000.0,0.0,0.0,0.096,218906000.0,186126000.0,23911000.0,0.0,,,,1484670000.0,0.0,,,,52084000.0,8289000.0,691754000.0,691754000.0,0.0,0.038,0.508,0.068,0.273,0.0,136310000.0,1.0,350589263.0,324658394,325190459.0,2.131,1917035000.0,0.0,0.0,0.0,5.905,49373000.0
72,LVS,MRT,2002-12-31,2002-12-31,2002-12-31,2021-10-22,0.0,1606762000.0,,212239000.0,1394523000.0,,0.309,-136740000.0,231337000.0,231337000.0,258754000.0,-11844000.0,1.314,15.006,1352312000.0,8550000.0,1343762000.0,1352312000.0,0.0,46662000.0,0.0,,0.0,112615000.0,159277000.0,0.256,159277000.0,112615000.0,-11844000.0,-0.04,-0.04,-0.04,100384000.0,,100384000.0,,,,-49898000.0,-0.154,1.0,364582000.0,0.585,0.0,124459000.0,2566243000.0,,5226000.0,0.0,0.0,0.0,1506378000.0,161494000.0,1344884000.0,,40724000.0,0.0,719000.0,268737000.0,0.0,194119000.0,-240237000.0,0.0,86842000.0,0.0,-11844000.0,-11844000.0,-11844000.0,0.0,0.0,-0.019,204647000.0,159935000.0,22303000.0,0.0,,,,1246607000.0,0.0,,,,52856000.0,-58345000.0,623336000.0,623336000.0,0.0,,,,0.181,0.0,123027000.0,1.0,350589263.0,324658394,324658394.0,1.92,1606762000.0,0.0,0.0,0.0,4.949,50745000.0
73,LVS,MRT,2001-12-31,2001-12-31,2001-12-31,2021-10-22,,,,,,,,-56025000.0,,,273030000.0,7874000.0,,,,,,,,43972000.0,,,0.0,132043000.0,176015000.0,0.3,176015000.0,132043000.0,7874000.0,0.024,0.024,0.024,,,,,,,9727000.0,0.03,1.0,313943000.0,0.535,,124169000.0,,,,,,,,,,,0.0,0.0,720000.0,-152875000.0,-13800000.0,-165955000.0,-60291000.0,0.0,65752000.0,,7874000.0,7874000.0,7874000.0,0.0,0.0,0.013,183741000.0,130202000.0,,0.0,,,,,0.0,,,,,,586973000.0,586973000.0,0.0,,,,0.225,0.0,111142000.0,1.0,,324618420,324618420.0,1.808,,,0.0,,,
