None,ticker,dimension,calendardate,datekey,reportperiod,lastupdated,accoci,assets,assetsavg,assetsc,assetsnc,assetturnover,bvps,capex,cashneq,cashnequsd,cor,consolinc,currentratio,de,debt,debtc,debtnc,debtusd,deferredrev,depamor,deposits,divyield,dps,ebit,ebitda,ebitdamargin,ebitdausd,ebitusd,ebt,eps,epsdil,epsusd,equity,equityavg,equityusd,ev,evebit,evebitda,fcf,fcfps,fxusd,gp,grossmargin,intangibles,intexp,invcap,invcapavg,inventory,investments,investmentsc,investmentsnc,liabilities,liabilitiesc,liabilitiesnc,marketcap,ncf,ncfbus,ncfcommon,ncfdebt,ncfdiv,ncff,ncfi,ncfinv,ncfo,ncfx,netinc,netinccmn,netinccmnusd,netincdis,netincnci,netmargin,opex,opinc,payables,payoutratio,pb,pe,pe1,ppnenet,prefdivis,price,ps,ps1,receivables,retearn,revenue,revenueusd,rnd,roa,roe,roic,ros,sbcomp,sgna,sharefactor,sharesbas,shareswa,shareswadil,sps,tangibles,taxassets,taxexp,taxliabilities,tbvps,workingcapital
0,O,MRY,2020-12-31,2020-12-31,2020-12-31,2021-08-03,-54634000.0,20740285000.0,19606161000.0,,,0.084,31.816,-2032379000.0,824476000.0,824476000.0,104603000.0,396506000.0,,0.885,8817467000.0,,,8817467000.0,0.0,677038000.0,0.0,0.045,2.801,719515000.0,1396553000.0,0.846,1396553000.0,719515000.0,410179000.0,1.15,1.14,1.15,10985483000.0,10547118500.0,10985483000.0,29532167320.0,41.0,21.146,-916836000.0,-2.655,1.0,1547022000.0,0.937,1710655000.0,309336000.0,27022621000.0,25778970000.0,0.0,0.0,,,9722555000.0,,,21821056320.0,779674000.0,0.0,737992000.0,844085000.0,-964167000.0,1692079000.0,-2032379000.0,0.0,1115543000.0,4431000.0,395486000.0,395486000.0,395486000.0,0.0,1020000.0,0.239,821253000.0,725769000.0,327027000.0,2.436,1.986,55.175,54.061,17485156000.0,0.0,62.17,13.212,12.997,285701000.0,-3659933000.0,1651625000.0,1651625000.0,0.0,0.02,0.037,0.028,0.436,16503000.0,73215000.0,1.0,350990129.0,345280126.0,345415258.0,4.783,19029630000.0,0.0,14693000.0,0.0,55.114,
1,O,MRY,2019-12-31,2019-12-31,2019-12-31,2021-08-03,-17102000.0,18554796000.0,17061559500.0,,,0.087,30.948,-3487206000.0,54011000.0,54011000.0,88585000.0,437478000.0,,0.895,7901547000.0,,,7901547000.0,0.0,593961000.0,0.0,0.037,2.717,733631000.0,1327592000.0,0.89,1327592000.0,733631000.0,442640000.0,1.38,1.38,1.38,9774456000.0,8972318000.0,9774456000.0,30798749732.0,42.0,23.199,-2418269000.0,-7.657,1.0,1403006000.0,0.941,1493383000.0,290991000.0,24908949000.0,22897538250.0,0.0,0.0,,,8750638000.0,,,23997424732.0,49934000.0,0.0,832375000.0,1249076000.0,-852134000.0,2492602000.0,-3501809000.0,0.0,1068937000.0,-9796000.0,436482000.0,436482000.0,436482000.0,0.0,996000.0,0.293,670634000.0,732372000.0,253767000.0,1.969,2.455,54.979,53.355,16496772000.0,0.0,73.63,16.088,15.591,181969000.0,-3082291000.0,1491591000.0,1491591000.0,0.0,0.026,0.049,0.032,0.492,13662000.0,66483000.0,1.0,325919119.0,315837012.0,316159277.0,4.723,17061413000.0,0.0,6158000.0,0.0,54.02,
2,O,MRY,2018-12-31,2018-12-31,2018-12-31,2021-08-03,-8098000.0,15260483000.0,14875993750.0,,,0.089,27.947,-1652399000.0,10387000.0,10387000.0,66326000.0,364598000.0,,0.883,6499976000.0,,,6499976000.0,0.0,539780000.0,0.0,0.042,2.639,634974000.0,1174754000.0,0.885,1174754000.0,634974000.0,368954000.0,1.26,1.26,1.26,8088742000.0,7627178000.0,8088742000.0,25377128839.0,40.0,21.602,-711657000.0,-2.459,1.0,1261512000.0,0.95,1199597000.0,266020000.0,20550475000.0,20225460750.0,0.0,0.0,,,7139505000.0,,,18604135839.0,8929000.0,0.0,6362000.0,373044000.0,-761582000.0,707871000.0,-1639684000.0,5267000.0,940742000.0,0.0,363614000.0,363614000.0,363614000.0,0.0,984000.0,0.274,625554000.0,635958000.0,201554000.0,2.094,2.3,51.165,50.032,13843517000.0,0.0,63.04,14.011,13.741,144991000.0,-2657655000.0,1327838000.0,1327838000.0,0.0,0.024,0.048,0.031,0.478,27267000.0,84148000.0,1.0,295116368.0,289427430.0,289923984.0,4.588,14060886000.0,0.0,5340000.0,0.0,48.582,
3,O,MRY,2017-12-31,2017-12-31,2017-12-31,2021-08-03,0.0,14058166000.0,13688971750.0,,,0.089,26.956,-1261541000.0,6898000.0,6898000.0,69480000.0,319318000.0,,0.904,6111471000.0,,,6111471000.0,0.0,498788000.0,0.0,0.045,2.54,572255000.0,1071043000.0,0.881,1071043000.0,572255000.0,324842000.0,1.1,1.1,1.1,7371501000.0,7190569750.0,7371501000.0,21851232306.0,38.0,20.402,-385691000.0,-1.41,1.0,1146288000.0,0.943,1209900000.0,247413000.0,18952839000.0,18327300500.0,0.0,0.0,,,6667458000.0,,,16067404306.0,-3539000.0,0.0,774869000.0,99163000.0,-689294000.0,375118000.0,-1254507000.0,123000.0,875850000.0,0.0,318798000.0,301514000.0,301514000.0,0.0,520000.0,0.248,531087000.0,615201000.0,170322000.0,2.309,2.18,53.289,51.836,12676499000.0,17284000.0,57.02,13.216,12.826,119533000.0,-2252763000.0,1215768000.0,1215768000.0,0.0,0.022,0.042,0.031,0.471,13946000.0,58446000.0,1.0,281785414.0,273465680.0,273936752.0,4.446,12848266000.0,0.0,6044000.0,0.0,46.983,
4,O,MRY,2016-12-31,2016-12-31,2016-12-31,2021-08-03,0.0,13152871000.0,12493964500.0,,,0.088,26.53,-1713222000.0,9420000.0,9420000.0,62865000.0,316477000.0,,0.941,5839605000.0,,,5839605000.0,0.0,449943000.0,0.0,0.042,2.404,538807000.0,988750000.0,0.896,988750000.0,538807000.0,318833000.0,1.13,1.13,1.13,6766804000.0,6700293750.0,6766804000.0,20085178131.0,37.0,20.314,-913359000.0,-3.581,1.0,1040307000.0,0.943,1097387000.0,219974000.0,17885669000.0,16684836000.0,0.0,0.0,,,6365818000.0,,,14864282131.0,-34652000.0,0.0,384798000.0,971972000.0,-610516000.0,866192000.0,-1700707000.0,12515000.0,799863000.0,0.0,315571000.0,288491000.0,288491000.0,0.0,906000.0,0.262,500594000.0,539713000.0,176391000.0,2.127,2.197,51.524,50.867,11903791000.0,27080000.0,57.48,13.474,13.29,104584000.0,-1857168000.0,1103172000.0,1103172000.0,0.0,0.023,0.043,0.032,0.488,12007000.0,51966000.0,1.0,258599202.0,255066500.0,255624250.0,4.325,12055484000.0,0.0,3262000.0,0.0,47.264,
5,O,MRY,2015-12-31,2015-12-31,2015-12-31,2021-08-03,0.0,11845379000.0,11601103750.0,,,0.088,27.703,-1212609000.0,40294000.0,40294000.0,55352000.0,284855000.0,,0.81,4820995000.0,,,4820995000.0,0.0,409215000.0,0.0,0.044,2.28,520014000.0,929229000.0,0.908,929229000.0,520014000.0,286935000.0,1.09,1.09,1.09,6531596000.0,6045370750.0,6531596000.0,18131346801.0,35.0,19.512,-519042000.0,-2.201,1.0,967933000.0,0.946,1049738000.0,233079000.0,15576342000.0,15620296750.0,0.0,0.0,,,5292046000.0,,,12886871801.0,4152000.0,0.0,1156588000.0,-93612000.0,-533238000.0,523194000.0,-1212609000.0,0.0,693567000.0,0.0,283766000.0,256686000.0,256686000.0,0.0,1089000.0,0.251,446830000.0,521103000.0,166170000.0,2.092,1.973,50.205,47.367,10618884000.0,27080000.0,51.63,12.594,11.896,81678000.0,-1530210000.0,1023285000.0,1023285000.0,0.0,0.022,0.042,0.033,0.508,10391000.0,49298000.0,1.0,249600461.0,235767932.0,236208390.0,4.34,10795641000.0,0.0,3169000.0,0.0,45.789,
6,O,MRY,2014-12-31,2014-12-31,2014-12-31,2021-08-03,0.0,11012622000.0,10811411250.0,,,0.086,25.703,-1138669000.0,3852000.0,3852000.0,53871000.0,271940000.0,,0.957,4930947000.0,,,4930947000.0,0.0,374661000.0,0.0,0.046,2.193,490462000.0,865123000.0,0.927,865123000.0,490462000.0,274096000.0,1.04,1.04,1.04,5613401000.0,5584132500.0,5613401000.0,15369662031.0,31.0,17.766,-510977000.0,-2.34,1.0,879634000.0,0.942,1055194000.0,216366000.0,14884523000.0,14527601500.0,0.0,0.0,,,5371523000.0,,,10624359031.0,-6405000.0,0.0,687077000.0,602881000.0,-479256000.0,540762000.0,-1174859000.0,350000.0,627692000.0,0.0,270635000.0,227558000.0,227558000.0,-2800000.0,1305000.0,0.244,390667000.0,488967000.0,166962000.0,2.109,1.893,46.689,45.875,9781540000.0,43077000.0,47.71,11.381,11.162,64386000.0,-1246964000.0,933505000.0,933505000.0,0.0,0.021,0.041,0.034,0.525,11959000.0,51085000.0,1.0,222686209.0,218390885.0,218767885.0,4.274,9957428000.0,0.0,3461000.0,0.0,45.595,
7,O,MRY,2013-12-31,2013-12-31,2013-12-31,2021-08-03,0.0,9924441000.0,9496126000.0,,,0.082,28.085,-1311197000.0,10257000.0,10257000.0,38851000.0,246283000.0,,0.836,4166840000.0,,,4166840000.0,0.0,306769000.0,0.0,0.058,2.178,429356000.0,736125000.0,0.943,736125000.0,429356000.0,247914000.0,1.06,1.06,1.06,5385447000.0,5148041250.0,5385447000.0,11869136998.0,28.0,16.124,-792291000.0,-4.132,1.0,741358000.0,0.95,951119000.0,181442000.0,13129905000.0,12581856250.0,0.0,0.0,,,4503083000.0,,,7329638998.0,5009000.0,0.0,1189380000.0,94524000.0,-409222000.0,818114000.0,-1332011000.0,-10656000.0,518906000.0,0.0,245564000.0,203634000.0,203634000.0,-65670000.0,719000.0,0.261,376953000.0,364405000.0,143963000.0,2.055,1.361,35.994,35.217,8796609000.0,41930000.0,37.33,9.394,9.175,39323000.0,-991794000.0,780209000.0,780209000.0,0.0,0.021,0.04,0.034,0.55,20785000.0,56881000.0,1.0,196347147.0,191754857.0,191781622.0,4.069,8973322000.0,0.0,2350000.0,0.0,46.796,
8,O,MRY,2012-12-31,2012-12-31,2012-12-31,2021-08-03,0.0,5429348000.0,4860166500.0,,,0.1,18.166,-971693000.0,5248000.0,5248000.0,21306000.0,159152000.0,,1.25,2869853000.0,,,2869853000.0,0.0,147515000.0,0.0,0.044,1.778,283356000.0,430871000.0,0.889,430871000.0,283356000.0,160213000.0,0.86,0.86,0.86,2412794000.0,2447329750.0,2412794000.0,7855705362.0,28.0,18.232,-645224000.0,-4.858,1.0,463275000.0,0.956,259070000.0,123143000.0,8034883000.0,7078347000.0,0.0,0.0,,,3016554000.0,,,5366105362.0,1083000.0,0.0,2159000.0,691892000.0,-236348000.0,682988000.0,-1008374000.0,-34876000.0,326469000.0,0.0,159152000.0,114538000.0,114538000.0,-17257000.0,0.0,0.236,197176000.0,266099000.0,94171000.0,2.067,2.224,46.85,46.756,5042137000.0,44614000.0,40.21,11.074,11.021,21659000.0,-768661000.0,484581000.0,484581000.0,0.0,0.024,0.047,0.04,0.585,10001000.0,38123000.0,1.0,133452011.0,132817472.0,132884933.0,3.648,5170278000.0,0.0,1061000.0,0.0,38.928,
9,O,MRY,2011-12-31,2011-12-31,2011-12-31,2021-08-03,0.0,4419389000.0,4113943000.0,,,0.1,17.875,-933220000.0,4165000.0,4165000.0,15457000.0,157032000.0,,0.96,2055181000.0,,,2055181000.0,0.0,116546000.0,0.0,0.054,1.883,266803000.0,383349000.0,0.93,383349000.0,266803000.0,158502000.0,1.05,1.05,1.05,2254854000.0,2182884250.0,2254854000.0,6566083236.0,25.0,17.128,-634268000.0,-5.028,1.0,396903000.0,0.963,17206000.0,108301000.0,6453199000.0,5867849750.0,0.0,0.0,,,2164535000.0,,,4656876236.0,-13442000.0,0.0,491130000.0,377257000.0,-219297000.0,622469000.0,-934863000.0,-1593000.0,298952000.0,0.0,157032000.0,132779000.0,132779000.0,-17410000.0,0.0,0.322,147510000.0,249393000.0,80175000.0,1.793,2.065,35.072,33.295,4160008000.0,24253000.0,34.96,11.293,10.694,15375000.0,-645984000.0,412360000.0,412360000.0,0.0,0.032,0.061,0.045,0.647,7873000.0,30954000.0,1.0,133205842.0,126142696.0,126189399.0,3.269,4402183000.0,0.0,1470000.0,0.0,34.898,
10,O,MRY,2010-12-31,2010-12-31,2010-12-31,2021-08-03,0.0,3535590000.0,3217495500.0,,,0.104,17.446,-690997000.0,17607000.0,17607000.0,5805000.0,130784000.0,,0.914,1600000000.0,,,1600000000.0,0.0,91641000.0,0.0,0.05,1.723,225414000.0,317055000.0,0.951,317055000.0,225414000.0,132177000.0,1.01,1.01,1.01,1846965000.0,1597620750.0,1846965000.0,5230239942.0,23.0,16.496,-447629000.0,-4.228,1.0,327632000.0,0.983,17206000.0,93237000.0,5100777000.0,4710762000.0,0.0,0.0,,,1688625000.0,,,3785821942.0,7581000.0,0.0,432591000.0,237440000.0,-182500000.0,461571000.0,-697358000.0,0.0,243368000.0,0.0,130784000.0,106531000.0,106531000.0,-15583000.0,0.0,0.319,117801000.0,209831000.0,66070000.0,1.706,2.05,35.537,33.861,3404878000.0,24253000.0,34.2,11.354,10.859,11301000.0,-557112000.0,333437000.0,333437000.0,0.0,0.033,0.067,0.048,0.676,6166000.0,25311000.0,1.0,110696548.0,105869637.0,105942721.0,3.15,3518384000.0,0.0,1393000.0,0.0,33.233,
11,O,MRY,2009-12-31,2009-12-31,2009-12-31,2021-08-03,0.0,2914787000.0,2920087750.0,,,0.11,14.366,-41245000.0,10026000.0,10026000.0,6443000.0,131127000.0,,0.959,1354600000.0,,,1354600000.0,0.0,89902000.0,0.0,0.066,1.708,217332000.0,307234000.0,0.953,307234000.0,217332000.0,131804000.0,1.03,1.03,1.03,1488009000.0,1511175000.0,1488009000.0,4032018132.0,19.0,13.124,185462000.0,1.791,1.0,316107000.0,0.98,17206000.0,85528000.0,4242155000.0,4234949500.0,0.0,0.0,,,1426778000.0,,,2702060132.0,-36789000.0,0.0,0.0,-15400000.0,-178008000.0,-217772000.0,-45724000.0,0.0,226707000.0,0.0,131127000.0,106874000.0,106874000.0,-12272000.0,0.0,0.331,111047000.0,205060000.0,55371000.0,1.658,1.816,25.283,25.155,2816882000.0,24253000.0,25.91,8.377,8.32,10396000.0,-479018000.0,322550000.0,322550000.0,0.0,0.037,0.071,0.051,0.674,4726000.0,20946000.0,1.0,104286381.0,103577507.0,103581053.0,3.114,2897581000.0,0.0,677000.0,0.0,27.975,
12,O,MRY,2008-12-31,2008-12-31,2008-12-31,2021-08-03,0.0,2994179000.0,3041677750.0,,,0.107,15.366,-166302000.0,46815000.0,46815000.0,5458000.0,131841000.0,,0.926,1370000000.0,,,1370000000.0,0.0,89104000.0,0.0,0.072,1.667,227027000.0,316131000.0,0.973,316131000.0,227027000.0,133071000.0,1.06,1.06,1.06,1554661000.0,1538473250.0,1554661000.0,3771245047.0,17.0,11.929,79853000.0,0.789,1.0,319583000.0,0.983,17206000.0,93956000.0,4300158000.0,4416448500.0,0.0,0.0,,,1439518000.0,,,2413807047.0,-146286000.0,0.0,74425000.0,-103196000.0,-169655000.0,-222568000.0,-169873000.0,0.0,246155000.0,0.0,131841000.0,107588000.0,107588000.0,-21540000.0,0.0,0.331,114096000.0,205487000.0,54820000.0,1.573,1.553,22.436,21.84,2862153000.0,24253000.0,23.15,7.426,7.206,10624000.0,-407751000.0,325041000.0,325041000.0,0.0,0.035,0.07,0.051,0.698,5049000.0,21618000.0,1.0,104268123.0,101178191.0,101209883.0,3.213,2976973000.0,0.0,1230000.0,0.0,29.423,
13,O,MRY,2007-12-31,2007-12-31,2007-12-31,2021-08-03,0.0,3077352000.0,2818454750.0,,,0.103,15.351,-494976000.0,193101000.0,193101000.0,3356000.0,140409000.0,,1.001,1470000000.0,,,1470000000.0,0.0,75932000.0,0.0,0.058,1.571,206132000.0,282064000.0,0.968,282064000.0,206132000.0,141801000.0,1.16,1.16,1.16,1538092000.0,1555365500.0,1538092000.0,3934347379.0,19.0,13.948,-176807000.0,-1.765,1.0,288127000.0,0.988,17206000.0,64331000.0,4337045000.0,3891684250.0,0.0,0.0,,,1539260000.0,,,2730991379.0,182528000.0,-2648000.0,0.0,544397000.0,-157659000.0,362980000.0,-498621000.0,0.0,318169000.0,0.0,140409000.0,116156000.0,116156000.0,-16631000.0,0.0,0.399,98626000.0,189501000.0,53956000.0,1.354,1.776,23.511,23.293,2824255000.0,24253000.0,27.02,9.369,9.288,7142000.0,-344735000.0,291483000.0,291483000.0,0.0,0.041,0.075,0.053,0.707,3857000.0,22694000.0,1.0,101072960.0,100195031.0,100333966.0,2.909,3060146000.0,0.0,1392000.0,0.0,30.542,
14,O,MRY,2006-12-31,2006-12-31,2006-12-31,2021-08-03,0.0,2546508000.0,2153056750.0,,,0.11,17.557,-644343000.0,10573000.0,10573000.0,3300000.0,110781000.0,,0.616,920000000.0,,,920000000.0,0.0,58783000.0,0.0,0.052,1.448,162891000.0,221674000.0,0.934,221674000.0,162891000.0,111528000.0,1.11,1.11,1.11,1575992000.0,1243558250.0,1575992000.0,3572316434.0,22.0,16.115,-557398000.0,-6.209,1.0,234116000.0,0.986,17206000.0,51363000.0,3438729000.0,2967625750.0,0.0,0.0,,,970516000.0,,,2765690434.0,-55131000.0,0.0,403114000.0,25183000.0,-129667000.0,503204000.0,-645280000.0,0.0,86945000.0,0.0,110781000.0,99419000.0,99419000.0,0.0,0.0,0.419,76322000.0,157794000.0,42100000.0,1.305,1.755,27.819,24.955,2485081000.0,11362000.0,27.7,11.649,10.473,5953000.0,-302154000.0,237416000.0,237416000.0,0.0,0.046,0.08,0.055,0.686,2951000.0,17539000.0,1.0,99844420.0,89766714.0,89917554.0,2.645,2529302000.0,0.0,747000.0,0.0,28.176,
15,O,MRY,2005-12-31,2005-12-31,2005-12-31,2021-08-03,0.0,1920988000.0,1703625000.0,,,0.115,12.373,-395047000.0,65704000.0,65704000.0,3865000.0,99119000.0,,0.942,891700000.0,,,891700000.0,0.0,46002000.0,0.0,0.063,1.353,140881000.0,186883000.0,0.956,186883000.0,140881000.0,99932000.0,1.12,1.12,1.12,989214000.0,949046250.0,989214000.0,2577712216.0,18.0,13.793,-285490000.0,-3.571,1.0,191588000.0,0.98,17206000.0,40949000.0,2729778000.0,2386201000.0,0.0,0.0,,,931774000.0,,,1809456216.0,63563000.0,0.0,93159000.0,383366000.0,-108575000.0,358547000.0,-404541000.0,0.0,109557000.0,0.0,99119000.0,89716000.0,89716000.0,0.0,0.0,0.459,61423000.0,130165000.0,30512000.0,1.208,1.829,20.169,19.304,1802046000.0,9403000.0,21.62,9.258,8.844,5044000.0,-268890000.0,195453000.0,195453000.0,0.0,0.053,0.095,0.059,0.721,2167000.0,15421000.0,1.0,83693627.0,79950255.0,80208593.0,2.445,1903782000.0,0.0,813000.0,0.0,23.812,
16,O,MRY,2004-12-31,2004-12-31,2004-12-31,2021-08-03,0.0,1442315000.0,1434539000.0,,,0.121,11.637,-160869000.0,2141000.0,2141000.0,3058000.0,103397000.0,,0.578,503600000.0,,,503600000.0,0.0,39696000.0,0.0,0.047,1.196,138228000.0,177924000.0,1.028,177924000.0,138228000.0,104096000.0,1.15,1.15,1.15,913735000.0,905176750.0,913735000.0,2520450165.0,18.0,14.166,17468000.0,0.222,1.0,170004000.0,0.982,17206000.0,34132000.0,1926568000.0,1914579500.0,0.0,0.0,,,528580000.0,,,2005533165.0,-2696000.0,0.0,68502000.0,-2828000.0,-97420000.0,-20164000.0,-160869000.0,0.0,178337000.0,0.0,103397000.0,90168000.0,90168000.0,0.0,0.0,0.521,53531000.0,116473000.0,18694000.0,1.04,2.195,22.242,21.991,1406710000.0,13229000.0,25.29,11.589,11.474,4075000.0,-249025000.0,173062000.0,173062000.0,0.0,0.063,0.1,0.072,0.799,14000.0,13119000.0,1.0,79301430.0,78518296.0,78598788.0,2.204,1425109000.0,0.0,699000.0,0.0,18.15,
17,O,MRY,2003-12-31,2003-12-31,2003-12-31,2021-08-03,0.0,1360257000.0,1183585250.0,,,0.121,11.638,-259814000.0,4837000.0,4837000.0,2439000.0,86435000.0,,0.643,506400000.0,,,506400000.0,0.0,32231000.0,0.0,0.059,1.186,113349000.0,145580000.0,1.015,145580000.0,113349000.0,86936000.0,1.08,1.08,1.08,827766000.0,744307750.0,827766000.0,1935968080.0,17.0,13.298,-185857000.0,-2.613,1.0,141039000.0,0.983,17206000.0,26413000.0,1844614000.0,1578811500.0,0.0,0.0,,,532491000.0,,,1516377080.0,-4084000.0,0.0,112261000.0,163067000.0,-83842000.0,181773000.0,-259814000.0,0.0,73957000.0,0.0,86435000.0,76722000.0,76722000.0,0.0,0.0,0.535,42847000.0,98192000.0,19061000.0,1.098,1.832,19.765,18.519,1320645000.0,9713000.0,20.0,10.569,9.915,3950000.0,-240632000.0,143478000.0,143478000.0,0.0,0.065,0.103,0.072,0.79,951000.0,10616000.0,1.0,75818854.0,71128282.0,71222628.0,2.017,1343051000.0,0.0,501000.0,0.0,18.882,
18,O,MRY,2002-12-31,2002-12-31,2002-12-31,2021-08-03,0.0,1080230000.0,1059446250.0,,,0.123,10.359,-114699000.0,8921000.0,8921000.0,2188000.0,78667000.0,,0.495,339700000.0,,,339700000.0,0.0,29334000.0,0.0,0.066,1.154,102305000.0,131639000.0,1.013,131639000.0,102305000.0,79163000.0,1.02,1.01,1.02,722455000.0,700830250.0,722455000.0,1544301595.0,15.0,11.731,10108000.0,0.145,1.0,127737000.0,0.983,17206000.0,23142000.0,1393803000.0,1371994250.0,0.0,0.0,,,357775000.0,,,1220492595.0,6454000.0,0.0,59701000.0,24400000.0,-78042000.0,-3654000.0,-114699000.0,0.0,124807000.0,0.0,78667000.0,68954000.0,68954000.0,0.0,0.0,0.531,38377000.0,89360000.0,11848000.0,1.131,1.689,17.7,17.157,1038178000.0,9713000.0,17.5,9.394,9.394,4408000.0,-232731000.0,129925000.0,129925000.0,0.0,0.065,0.098,0.075,0.787,595000.0,9043000.0,1.0,69742434.0,69742434.0,,1.863,1063024000.0,0.0,496000.0,0.0,15.242,
19,O,MRY,2001-12-31,2001-12-31,2001-12-31,2021-08-03,0.0,1003708000.0,941839000.0,,,0.128,10.247,-92748000.0,2467000.0,2467000.0,2283000.0,67558000.0,,0.494,315300000.0,,,315300000.0,0.0,27727000.0,0.0,0.076,1.124,95816000.0,123543000.0,1.028,123543000.0,95816000.0,69350000.0,0.99,0.99,0.99,671793000.0,594408500.0,671793000.0,1279582451.0,13.0,10.357,-2713000.0,-0.041,1.0,117840000.0,0.981,17206000.0,26466000.0,1299335000.0,1249795750.0,0.0,0.0,,,331915000.0,,,963706451.0,-1348000.0,0.0,164648000.0,-88700000.0,-64871000.0,1365000.0,-92748000.0,0.0,90035000.0,0.0,67558000.0,57846000.0,57846000.0,-4445000.0,0.0,0.482,35567000.0,82273000.0,12072000.0,1.135,1.435,16.66,14.848,967670000.0,9712000.0,14.7,8.023,8.023,4857000.0,-223080000.0,120123000.0,120123000.0,0.0,0.061,0.097,0.077,0.798,301000.0,7840000.0,1.0,65558262.0,65558262.0,,1.832,986502000.0,0.0,1792000.0,0.0,15.048,
20,O,MRY,2000-12-31,2000-12-31,2000-12-31,2021-08-03,0.0,934766000.0,931977000.0,,,0.124,9.704,-56142000.0,3815000.0,3815000.0,1999000.0,54788000.0,,0.813,404000000.0,,,404000000.0,0.0,28325000.0,0.0,0.087,1.083,86335000.0,114660000.0,0.99,114660000.0,86335000.0,54788000.0,0.845,0.845,0.845,515569000.0,521306250.0,515569000.0,1071903353.0,12.0,9.349,448000.0,0.008,1.0,113795000.0,0.983,18130000.0,31547000.0,1316821000.0,1304960250.0,0.0,0.0,,,419197000.0,,,660900353.0,3042000.0,0.0,-6283000.0,54800000.0,-58262000.0,-19492000.0,-34056000.0,0.0,56590000.0,0.0,54788000.0,45076000.0,45076000.0,-1804000.0,0.0,0.389,35976000.0,77819000.0,10883000.0,1.282,1.282,14.662,14.722,894278000.0,9712000.0,12.44,5.708,5.708,5053000.0,-214731000.0,115794000.0,115794000.0,0.0,0.048,0.086,0.066,0.746,194000.0,6844000.0,1.0,53127038.0,53127038.0,,2.18,916636000.0,0.0,0.0,0.0,17.254,
21,O,MRY,1999-12-31,1999-12-31,1999-12-31,2021-08-03,0.0,905404000.0,860437750.0,,,0.119,9.97,-164625000.0,773000.0,773000.0,1816000.0,46241000.0,,0.693,349200000.0,,,349200000.0,0.0,25385000.0,0.0,0.102,1.049,70714000.0,96099000.0,0.941,96099000.0,70714000.0,46241000.0,0.765,0.765,0.765,534831000.0,507290750.0,534831000.0,882944243.0,12.0,9.188,-92471000.0,-1.724,1.0,100255000.0,0.982,19053000.0,24473000.0,1234778000.0,1169217750.0,0.0,0.0,,,370573000.0,,,553341243.0,-1760000.0,0.0,0.0,53899000.0,-55925000.0,92424000.0,-166338000.0,0.0,72154000.0,0.0,46241000.0,41012000.0,41012000.0,-1866000.0,0.0,0.402,32353000.0,67902000.0,17620000.0,1.371,1.035,13.492,13.484,867093000.0,5229000.0,10.315,5.421,5.421,3407000.0,-201459000.0,102071000.0,102071000.0,0.0,0.048,0.081,0.06,0.693,0.0,6544000.0,1.0,53644328.0,53644328.0,,1.903,886351000.0,0.0,0.0,0.0,16.523,
22,O,MRY,1998-12-31,1998-12-31,1998-12-31,2021-08-03,0.0,759234000.0,685873750.0,,,0.124,8.394,-189818000.0,2533000.0,2533000.0,1790000.0,41304000.0,,0.686,294800000.0,,,294800000.0,0.0,21935000.0,0.0,0.08,0.989,55027000.0,76962000.0,0.904,76962000.0,55027000.0,41304000.0,0.775,0.775,0.775,450209000.0,454797250.0,450209000.0,891419035.0,16.0,11.583,-125173000.0,-2.334,1.0,83342000.0,0.979,19977000.0,13723000.0,1031524000.0,879938000.0,0.0,0.0,,,309025000.0,,,667207035.0,410000.0,0.0,28448000.0,149436000.0,-52301000.0,125583000.0,-189818000.0,0.0,64645000.0,0.0,41304000.0,41304000.0,41304000.0,0.0,0.0,0.485,28615000.0,54727000.0,8595000.0,1.276,1.482,16.154,16.052,718280000.0,0.0,12.44,7.837,7.837,2973000.0,-186277000.0,85132000.0,85132000.0,0.0,0.06,0.091,0.063,0.646,0.0,6391000.0,1.0,53634006.0,53634006.0,,1.587,739257000.0,0.0,0.0,0.0,13.783,
23,O,MRY,1997-12-31,1997-12-31,1997-12-31,2021-08-03,0.0,577021000.0,515559000.0,,,0.132,8.187,-135957000.0,2123000.0,2123000.0,1785000.0,34770000.0,,0.332,132600000.0,,,132600000.0,0.0,18596000.0,0.0,0.075,0.95,42996000.0,61592000.0,0.907,61592000.0,42996000.0,34770000.0,0.74,0.74,0.74,433315000.0,403778000.0,433315000.0,,,,-83265000.0,-1.573,1.0,66112000.0,0.974,20901000.0,8226000.0,686597000.0,593650500.0,0.0,0.0,,,143706000.0,,,673256142.0,564000.0,0.0,68953000.0,61752000.0,-44367000.0,83829000.0,-135957000.0,0.0,52692000.0,0.0,34770000.0,34770000.0,34770000.0,0.0,0.0,0.512,22951000.0,43161000.0,6292000.0,1.284,1.554,19.363,17.189,547591000.0,0.0,12.72,9.916,9.916,3236000.0,-174833000.0,67897000.0,67897000.0,0.0,0.067,0.086,0.072,0.633,0.0,5437000.0,1.0,52928942.0,52928942.0,,1.283,556120000.0,0.0,0.0,0.0,10.507,
24,O,MRY,1996-12-31,1996-12-31,1996-12-31,2021-08-03,0.0,454097000.0,,,,,,-51300000.0,1559000.0,1559000.0,1640000.0,32223000.0,,0.213,70000000.0,,,70000000.0,0.0,16422000.0,0.0,0.072,0.856,34590000.0,51012000.0,0.896,51012000.0,34590000.0,32223000.0,0.7,0.7,0.7,374241000.0,,374241000.0,,,,-3227000.0,,1.0,55317000.0,0.971,21834000.0,2367000.0,500704000.0,,0.0,0.0,,,79856000.0,,,,-91000.0,0.0,0.0,51403000.0,0.0,3136000.0,-51300000.0,0.0,48073000.0,0.0,32223000.0,32223000.0,32223000.0,0.0,0.0,0.566,20148000.0,35169000.0,4791000.0,1.223,,,17.057,426233000.0,0.0,11.94,,,2288000.0,-164743000.0,56957000.0,56957000.0,0.0,,,,0.607,0.0,5181000.0,1.0,,,,,432263000.0,0.0,0.0,0.0,,
25,O,MRY,1995-12-31,1995-12-31,1995-12-31,2021-08-03,,,,,,,,-65273000.0,,,1607000.0,25600000.0,,,,,,,,14849000.0,,0.085,0.952,28242000.0,43091000.0,0.836,43091000.0,28242000.0,25600000.0,0.635,0.635,0.635,,,,,,,-24961000.0,,1.0,49948000.0,0.969,,2642000.0,,,,,,,,,,,-10023000.0,-982000.0,46630000.0,6000000.0,0.0,15920000.0,-66255000.0,0.0,40312000.0,0.0,25600000.0,25600000.0,25600000.0,0.0,0.0,0.497,21706000.0,28242000.0,,1.499,,,17.717,,0.0,11.25,,,,,51555000.0,51555000.0,0.0,,,,0.548,0.0,3214000.0,1.0,,,,,,,0.0,,,
0,O,MRQ,2021-06-30,2021-06-30,2021-06-30,2021-08-03,-19366000.0,21984941000.0,,,,,31.637,-1020697000.0,231164000.0,231164000.0,31734000.0,124768000.0,,0.854,9165387000.0,,,9165387000.0,0.0,187789000.0,0.0,0.042,0.706,207378000.0,395167000.0,0.851,395167000.0,207378000.0,133704000.0,0.33,0.33,0.33,11839532000.0,,11839532000.0,33276885215.0,48.0,23.803,-706016000.0,-1.887,1.0,432548000.0,0.932,1969793000.0,73674000.0,28949371000.0,,0.0,0.0,,,10111262000.0,,,24928374215.0,73655000.0,0.0,452332000.0,603105000.0,-263359000.0,791904000.0,-1031850000.0,0.0,314681000.0,-1080000.0,124479000.0,124479000.0,124479000.0,0.0,289000.0,0.268,225281000.0,207267000.0,350260000.0,2.139,2.106,69.005,66.74,18939854000.0,0.0,66.74,14.412,14.44,327920000.0,-3968333000.0,464282000.0,464282000.0,0.0,,,,,4472000.0,21849000.0,1.0,373514747.0,374236424.0,374341023.0,1.241,20015148000.0,0.0,9225000.0,0.0,53.483,
1,O,MRQ,2021-03-31,2021-03-31,2021-03-31,2021-08-03,-8484000.0,20979570000.0,,,,,31.048,-993726000.0,183984000.0,183984000.0,28499000.0,96236000.0,,0.816,8532495000.0,,,8532495000.0,0.0,177985000.0,0.0,0.044,0.704,175240000.0,353225000.0,0.798,353225000.0,175240000.0,102165000.0,0.26,0.26,0.26,11534872000.0,,11534872000.0,31703297974.0,47.0,23.317,-727273000.0,-1.958,1.0,414305000.0,0.936,1820146000.0,73075000.0,27507935000.0,,0.0,0.0,,,9412557000.0,,,23710306974.0,-657349000.0,0.0,672244000.0,-337140000.0,-260697000.0,69876000.0,-993726000.0,0.0,266453000.0,48000.0,95940000.0,95940000.0,95940000.0,0.0,296000.0,0.217,193100000.0,221205000.0,288830000.0,2.708,2.056,68.806,64.796,18198186000.0,0.0,63.5,14.113,14.042,307017000.0,-3827660000.0,442804000.0,442804000.0,0.0,,,,,3697000.0,20796000.0,1.0,373390661.0,371522607.0,371601901.0,1.192,19159424000.0,0.0,6225000.0,0.0,51.57,
2,O,MRQ,2020-12-31,2020-12-31,2020-12-31,2021-08-03,-54634000.0,20740285000.0,,,,,30.991,-917679000.0,824476000.0,824476000.0,27135000.0,118150000.0,,0.885,8817467000.0,,,8817467000.0,0.0,175041000.0,0.0,0.045,0.703,201195000.0,376236000.0,0.9,376236000.0,201195000.0,122431000.0,0.34,0.33,0.34,10985483000.0,,10985483000.0,29532167320.0,41.0,21.146,-611941000.0,-1.726,1.0,390941000.0,0.935,1710655000.0,78764000.0,27022621000.0,,0.0,0.0,,,9722555000.0,,,21821056320.0,111668000.0,0.0,-439970000.0,324234000.0,-247632000.0,723317000.0,-920553000.0,0.0,305738000.0,3166000.0,117931000.0,117931000.0,117931000.0,0.0,219000.0,0.282,192838000.0,198103000.0,327027000.0,2.068,1.986,55.175,54.061,17485156000.0,0.0,62.17,13.212,12.997,285701000.0,-3659933000.0,418076000.0,418076000.0,0.0,,,,,3083000.0,16674000.0,1.0,350990129.0,354478012.0,354211378.0,1.179,19029630000.0,0.0,4500000.0,0.0,53.684,
3,O,MRQ,2020-09-30,2020-09-30,2020-09-30,2021-08-03,-52446000.0,19785370000.0,,,,,30.22,-611459000.0,724750000.0,724750000.0,25410000.0,23143000.0,,0.887,8435861000.0,,,8435861000.0,0.0,169084000.0,0.0,0.046,0.701,104302000.0,273386000.0,0.676,273386000.0,104302000.0,27496000.0,0.07,0.07,0.07,10470527000.0,,10470527000.0,28800571480.0,40.0,20.824,-316298000.0,-0.913,1.0,379162000.0,0.937,1610457000.0,76806000.0,25886024000.0,,0.0,0.0,,,9285582000.0,,,20961139480.0,608693000.0,0.0,350188000.0,517080000.0,-242241000.0,618785000.0,-308693000.0,300000000.0,295161000.0,3440000.0,22904000.0,22904000.0,22904000.0,0.0,239000.0,0.057,276957000.0,102205000.0,289606000.0,10.014,2.002,51.52,50.207,16782766000.0,0.0,60.75,12.851,12.905,261752000.0,-3527521000.0,404572000.0,404572000.0,0.0,,,,,3020000.0,16514000.0,1.0,345039333.0,346476217.0,346749474.0,1.168,18174913000.0,0.0,4592000.0,0.0,52.456,
4,O,MRQ,2020-06-30,2020-06-30,2020-06-30,2021-08-03,-53084000.0,19102547000.0,,,,,30.113,-152571000.0,35345000.0,35345000.0,26452000.0,108070000.0,,0.844,7874777000.0,,,7874777000.0,0.0,168328000.0,0.0,0.046,0.7,188503000.0,356831000.0,0.861,356831000.0,188503000.0,110662000.0,0.31,0.31,0.31,10344449000.0,,10344449000.0,27927065392.0,35.0,19.457,96857000.0,0.282,1.0,388184000.0,0.936,1508177000.0,77841000.0,25433802000.0,,0.0,300000000.0,,,8728628000.0,,,20433255392.0,-6839000.0,0.0,96525000.0,339216000.0,-240470000.0,194701000.0,-451722000.0,-300000000.0,249428000.0,754000.0,107824000.0,107824000.0,107824000.0,0.0,246000.0,0.26,199937000.0,188247000.0,282560000.0,2.258,1.975,42.131,40.753,16542862000.0,0.0,59.5,12.765,12.768,255609000.0,-3306588000.0,414636000.0,414636000.0,0.0,,,,,4882000.0,19063000.0,1.0,343416057.0,343515406.0,343685259.0,1.207,17594370000.0,0.0,2838000.0,0.0,51.219,
5,O,MRQ,2020-03-31,2020-03-31,2020-03-31,2021-08-03,-42572000.0,18796442000.0,,,,,30.859,-350670000.0,41804000.0,41804000.0,25606000.0,147143000.0,,0.807,7535614000.0,,,7535614000.0,0.0,164585000.0,0.0,0.055,0.698,225515000.0,390100000.0,0.941,390100000.0,225515000.0,149590000.0,0.44,0.44,0.44,10388015000.0,,10388015000.0,24482191233.0,32.0,17.515,-85454000.0,-0.254,1.0,388735000.0,0.938,1516819000.0,75925000.0,24773433000.0,,0.0,0.0,,,8378803000.0,,,16634655233.0,66152000.0,0.0,731249000.0,-336445000.0,-233824000.0,155276000.0,-351411000.0,0.0,265216000.0,-2929000.0,146827000.0,146827000.0,146827000.0,0.0,316000.0,0.354,151521000.0,237214000.0,263088000.0,1.586,1.601,35.216,34.151,16591937000.0,0.0,49.86,10.721,10.818,185632000.0,-3173468000.0,414341000.0,414341000.0,0.0,,,,,5518000.0,20964000.0,1.0,333627261.0,336624567.0,336976515.0,1.231,17279623000.0,0.0,2763000.0,0.0,51.332,
6,O,MRQ,2019-12-31,2019-12-31,2019-12-31,2021-08-03,-17102000.0,18554796000.0,,,,,29.739,-1524307000.0,54011000.0,54011000.0,25253000.0,129553000.0,,0.895,7901547000.0,,,7901547000.0,0.0,156594000.0,0.0,0.037,0.681,206106000.0,362700000.0,0.912,362700000.0,206106000.0,131033000.0,0.39,0.4,0.39,9774456000.0,,9774456000.0,30798749732.0,42.0,23.199,-1233076000.0,-3.752,1.0,372276000.0,0.936,1493383000.0,75073000.0,24908949000.0,,0.0,0.0,,,8750638000.0,,,23997424732.0,-188284000.0,0.0,-687463000.0,702793000.0,-222476000.0,1061411000.0,-1531737000.0,0.0,291231000.0,-9189000.0,129297000.0,129297000.0,129297000.0,0.0,256000.0,0.325,167706000.0,204570000.0,253767000.0,1.746,2.455,54.979,53.355,16496772000.0,0.0,73.63,16.088,15.591,181969000.0,-3082291000.0,397529000.0,397529000.0,0.0,,,,,3184000.0,16330000.0,1.0,325919119.0,328679211.0,329040878.0,1.209,17061413000.0,0.0,1736000.0,0.0,51.909,
7,O,MRQ,2019-09-30,2019-09-30,2019-09-30,2021-08-03,-13599000.0,17179904000.0,,,,,29.047,-397609000.0,236064000.0,236064000.0,20354000.0,101275000.0,,0.846,7037389000.0,,,7037389000.0,0.0,149424000.0,0.0,0.035,0.68,176281000.0,325705000.0,0.87,325705000.0,176281000.0,102871000.0,0.32,0.32,0.32,9293419000.0,,9293419000.0,31448860011.0,46.0,24.961,-109566000.0,-0.342,1.0,353893000.0,0.946,1328301000.0,73410000.0,22652928000.0,,0.0,0.0,,,7861807000.0,,,24401708011.0,219397000.0,0.0,568749000.0,-25668000.0,-216248000.0,326391000.0,-395163000.0,0.0,288043000.0,126000.0,101049000.0,101049000.0,101049000.0,0.0,226000.0,0.27,177713000.0,176180000.0,237889000.0,2.125,2.626,62.208,59.442,15146726000.0,0.0,76.68,16.985,17.077,163444000.0,-2987120000.0,374247000.0,374247000.0,0.0,,,,,3187000.0,16460000.0,1.0,318227804.0,319945932.0,320263017.0,1.17,15851603000.0,0.0,1822000.0,0.0,49.545,
8,O,MRQ,2019-06-30,2019-06-30,2019-06-30,2021-08-03,-14597000.0,16748630000.0,,,,,28.413,-1066776000.0,27136000.0,27136000.0,21342000.0,95420000.0,,0.892,7074288000.0,,,7074288000.0,0.0,150426000.0,0.0,0.039,0.678,168837000.0,319263000.0,0.874,319263000.0,168837000.0,96349000.0,0.31,0.31,0.31,8837502000.0,,8837502000.0,27966525721.0,41.0,22.539,-789140000.0,-2.537,1.0,344108000.0,0.942,1323100000.0,72488000.0,22472682000.0,,0.0,0.0,,,7886036000.0,,,20954095721.0,17558000.0,0.0,969150000.0,57186000.0,-208864000.0,817050000.0,-1076395000.0,0.0,277636000.0,-733000.0,95194000.0,95194000.0,95194000.0,0.0,226000.0,0.26,175181000.0,168927000.0,229611000.0,2.187,2.371,53.7,52.649,14940266000.0,0.0,68.97,14.962,15.318,165470000.0,-2869937000.0,365450000.0,365450000.0,0.0,,,,,4527000.0,18585000.0,1.0,303814640.0,311032972.0,311322162.0,1.175,15425530000.0,0.0,1155000.0,0.0,49.595,
9,O,MRQ,2019-03-31,2019-03-31,2019-03-31,2021-08-03,-11797000.0,15762908000.0,,,,,26.304,-498514000.0,2997000.0,2997000.0,21636000.0,111230000.0,,0.971,7015427000.0,,,7015427000.0,0.0,137517000.0,0.0,0.036,0.677,182407000.0,319924000.0,0.903,319924000.0,182407000.0,112387000.0,0.37,0.37,0.37,7983895000.0,,7983895000.0,28836507703.0,43.0,23.641,-286487000.0,-0.944,1.0,332729000.0,0.939,1219744000.0,70020000.0,21555594000.0,,0.0,0.0,,,7753832000.0,,,22346918703.0,1263000.0,0.0,-18061000.0,514765000.0,-204546000.0,287750000.0,-498514000.0,0.0,212027000.0,0.0,110942000.0,110942000.0,110942000.0,0.0,288000.0,0.313,150034000.0,182695000.0,183483000.0,1.83,2.799,57.096,54.896,14141894000.0,0.0,73.56,16.384,16.37,151341000.0,-2752775000.0,354365000.0,354365000.0,0.0,,,,,2764000.0,15108000.0,1.0,303791717.0,303528336.0,303819878.0,1.167,14543164000.0,0.0,1445000.0,0.0,47.914,
10,O,MRQ,2018-12-31,2018-12-31,2018-12-31,2021-08-03,-8098000.0,15260483000.0,,,,,27.151,-275614000.0,10387000.0,10387000.0,17732000.0,85303000.0,,0.883,6499976000.0,,,6499976000.0,0.0,137711000.0,0.0,0.042,0.662,157314000.0,295025000.0,0.861,295025000.0,157314000.0,86679000.0,0.29,0.29,0.29,8088742000.0,,8088742000.0,25377128839.0,40.0,21.602,-24714000.0,-0.083,1.0,324844000.0,0.948,1199597000.0,70635000.0,20550475000.0,,0.0,0.0,,,7139505000.0,,,18604135839.0,5343000.0,0.0,-589464000.0,-293546000.0,-196835000.0,26455000.0,-272012000.0,0.0,250900000.0,0.0,85072000.0,85072000.0,85072000.0,0.0,231000.0,0.248,167299000.0,157545000.0,201554000.0,2.283,2.3,51.165,50.032,13843517000.0,0.0,63.04,14.011,13.741,144991000.0,-2657655000.0,342576000.0,342576000.0,0.0,,,,,14740000.0,34178000.0,1.0,295116368.0,297912147.0,298380081.0,1.15,14060886000.0,0.0,1607000.0,0.0,47.198,
11,O,MRQ,2018-09-30,2018-09-30,2018-09-30,2021-08-03,0.0,15095325000.0,,,,,26.409,-577476000.0,6666000.0,6666000.0,15806000.0,99283000.0,,0.962,6779659000.0,,,6779659000.0,0.0,136967000.0,0.0,0.046,0.66,169643000.0,306610000.0,0.907,306610000.0,169643000.0,100301000.0,0.34,0.34,0.34,7676240000.0,,7676240000.0,23010048337.0,38.0,20.318,-364903000.0,-1.255,1.0,322275000.0,0.953,1227540000.0,69342000.0,20640778000.0,,0.0,0.0,,,7384071000.0,,,16500563337.0,-29072000.0,0.0,293037000.0,238839000.0,-191703000.0,335821000.0,-577466000.0,0.0,212573000.0,0.0,98999000.0,98999000.0,98999000.0,0.0,284000.0,0.293,152348000.0,169927000.0,184893000.0,1.941,2.15,48.618,48.212,13686974000.0,0.0,56.89,12.733,12.76,135866000.0,-2543852000.0,338081000.0,338081000.0,0.0,,,,,3870000.0,16332000.0,1.0,290043300.0,290664368.0,291207186.0,1.163,13867785000.0,0.0,1302000.0,0.0,47.711,
12,O,MRQ,2018-06-30,2018-06-30,2018-06-30,2021-08-03,0.0,14674074000.0,,,,,26.237,-305700000.0,30717000.0,30717000.0,16236000.0,96697000.0,,0.958,6540202000.0,,,6540202000.0,0.0,133999000.0,0.0,0.048,0.659,164216000.0,298215000.0,0.907,298215000.0,164216000.0,97588000.0,0.34,0.34,0.34,7475750000.0,,7475750000.0,21870803402.0,37.0,19.784,-41960000.0,-0.147,1.0,312650000.0,0.951,1243482000.0,66628000.0,19940077000.0,,0.0,0.0,,,7161605000.0,,,15297188402.0,18218000.0,442000.0,300443000.0,-56060000.0,-187488000.0,51849000.0,-297371000.0,5235000.0,263740000.0,0.0,96380000.0,96380000.0,96380000.0,0.0,317000.0,0.293,148117000.0,164533000.0,186778000.0,1.938,2.046,46.59,46.371,13230042000.0,0.0,53.79,12.095,12.118,126126000.0,-2449793000.0,328886000.0,328886000.0,0.0,,,,,4995000.0,17954000.0,1.0,284387217.0,284928969.0,285372256.0,1.154,13430592000.0,0.0,1208000.0,0.0,47.137,
13,O,MRQ,2018-03-31,2018-03-31,2018-03-31,2021-08-03,0.0,14474093000.0,,,,,25.599,-493609000.0,20627000.0,20627000.0,16552000.0,83315000.0,,0.987,6594242000.0,,,6594242000.0,0.0,131103000.0,0.0,0.05,0.657,143801000.0,274904000.0,0.864,274904000.0,143801000.0,84386000.0,0.29,0.29,0.29,7267980000.0,,7267980000.0,20808592922.0,37.0,19.346,-280080000.0,-0.986,1.0,301743000.0,0.948,1277195000.0,59415000.0,19770513000.0,,0.0,0.0,,,7176434000.0,,,14704019922.0,14440000.0,-442000.0,2346000.0,483811000.0,-185556000.0,293746000.0,-492835000.0,32000.0,213529000.0,0.0,83163000.0,83163000.0,83163000.0,0.0,152000.0,0.261,157790000.0,143953000.0,155283000.0,2.266,2.023,46.964,46.188,13001513000.0,0.0,51.73,11.896,11.882,125690000.0,-2357220000.0,318295000.0,318295000.0,0.0,,,,,3662000.0,15684000.0,1.0,284245504.0,283917418.0,284345328.0,1.121,13196898000.0,0.0,1223000.0,0.0,46.481,
14,O,MRQ,2017-12-31,2017-12-31,2017-12-31,2021-08-03,0.0,14058166000.0,,,,,26.13,-354474000.0,6898000.0,6898000.0,16652000.0,60952000.0,,0.904,6111471000.0,,,6111471000.0,0.0,127033000.0,0.0,0.045,0.637,125753000.0,252786000.0,0.814,252786000.0,125753000.0,64275000.0,0.21,0.21,0.21,7371501000.0,,7371501000.0,21851232306.0,38.0,20.402,-120172000.0,-0.426,1.0,294001000.0,0.946,1209900000.0,61478000.0,18952839000.0,,0.0,0.0,,,6667458000.0,,,16067404306.0,-18220000.0,0.0,2118000.0,154538000.0,-179307000.0,107756000.0,-360278000.0,31000.0,234302000.0,0.0,60852000.0,60852000.0,60852000.0,0.0,100000.0,0.196,125722000.0,168279000.0,170322000.0,3.033,2.18,53.289,51.836,12676499000.0,0.0,57.02,13.216,12.826,119533000.0,-2252763000.0,310653000.0,310653000.0,0.0,,,,,3305000.0,15219000.0,1.0,281785414.0,282109625.0,282368666.0,1.101,12848266000.0,0.0,3423000.0,0.0,45.544,
15,O,MRQ,2017-09-30,2017-09-30,2017-09-30,2021-08-03,0.0,13701419000.0,,,,,26.694,-245724000.0,3199000.0,3199000.0,17267000.0,88073000.0,,0.86,5787027000.0,,,5787027000.0,0.0,127569000.0,0.0,0.044,0.636,152024000.0,279593000.0,0.911,279593000.0,152024000.0,89073000.0,0.32,0.32,0.32,7354429000.0,,7354429000.0,21651467634.0,37.0,20.088,-66015000.0,-0.24,1.0,289653000.0,0.944,1180002000.0,62951000.0,18305245000.0,,0.0,0.0,,,6327492000.0,,,15674364634.0,7951000.0,0.0,8164000.0,-202009000.0,-174607000.0,61189000.0,-232947000.0,31000.0,179709000.0,0.0,87940000.0,87940000.0,87940000.0,0.0,133000.0,0.287,137496000.0,152157000.0,153051000.0,1.988,2.131,48.032,46.877,12347776000.0,0.0,57.19,13.139,13.208,113721000.0,-2133614000.0,306920000.0,306920000.0,0.0,,,,,3426000.0,13881000.0,1.0,274075269.0,275511870.0,276050671.0,1.114,12521417000.0,0.0,1133000.0,0.0,45.448,
16,O,MRQ,2017-06-30,2017-06-30,2017-06-30,2021-08-03,0.0,13574116000.0,,,,,25.685,-314253000.0,10945000.0,10945000.0,16486000.0,81259000.0,,0.936,5988048000.0,,,5988048000.0,0.0,123089000.0,0.0,0.045,0.634,145256000.0,268345000.0,0.894,268345000.0,145256000.0,81577000.0,0.3,0.3,0.3,7001406000.0,,7001406000.0,20463438850.0,36.0,19.618,-68433000.0,-0.251,1.0,283684000.0,0.945,1195183000.0,63679000.0,18356036000.0,,0.0,0.0,,,6553064000.0,,,15067410850.0,-32588000.0,0.0,2584000.0,563556000.0,-172874000.0,35814000.0,-314222000.0,31000.0,245820000.0,0.0,81136000.0,81136000.0,81136000.0,0.0,123000.0,0.27,138305000.0,145379000.0,173879000.0,2.113,2.152,48.81,47.162,12207198000.0,0.0,55.18,12.953,12.931,107147000.0,-2045127000.0,300170000.0,300170000.0,0.0,,,,,4462000.0,15781000.0,1.0,273059276.0,272588332.0,273099487.0,1.101,12378933000.0,0.0,441000.0,0.0,45.413,
17,O,MRQ,2017-03-31,2017-03-31,2017-03-31,2021-08-03,0.0,13422186000.0,,,,,26.714,-347090000.0,27598000.0,27598000.0,19075000.0,89035000.0,,0.905,5423626000.0,,,5423626000.0,0.0,121097000.0,0.0,0.041,0.633,149222000.0,270319000.0,0.907,270319000.0,149222000.0,89917000.0,0.27,0.27,0.27,7034943000.0,,7034943000.0,21315137649.0,38.0,20.913,-131071000.0,-0.498,1.0,278950000.0,0.936,1123132000.0,59305000.0,17695082000.0,,0.0,0.0,,,6367463000.0,,,15484952649.0,39318000.0,0.0,762003000.0,-416922000.0,-162506000.0,170359000.0,-347060000.0,30000.0,216019000.0,0.0,88870000.0,71586000.0,71586000.0,0.0,165000.0,0.24,129563000.0,149387000.0,144523000.0,2.344,2.201,52.207,52.219,12095840000.0,17284000.0,59.53,13.654,13.823,103759000.0,-1952990000.0,298025000.0,298025000.0,0.0,,,,,2753000.0,13565000.0,1.0,260120152.0,263340491.0,263934304.0,1.132,12299054000.0,0.0,1047000.0,0.0,46.704,
18,O,MRQ,2016-12-31,2016-12-31,2016-12-31,2021-08-03,0.0,13152871000.0,,,,,26.187,-735124000.0,9420000.0,9420000.0,17411000.0,92724000.0,,0.941,5839605000.0,,,5839605000.0,0.0,117751000.0,0.0,0.042,0.607,141826000.0,259577000.0,0.902,259577000.0,141826000.0,92891000.0,0.33,0.33,0.33,6766804000.0,,6766804000.0,20085178131.0,37.0,20.314,-514471000.0,-1.991,1.0,270432000.0,0.94,1097387000.0,48935000.0,17885669000.0,,0.0,0.0,,,6365818000.0,,,14864282131.0,-24159000.0,0.0,2078000.0,576706000.0,-156742000.0,482526000.0,-727338000.0,29000.0,220653000.0,0.0,92441000.0,85671000.0,85671000.0,0.0,283000.0,0.298,128323000.0,142109000.0,176391000.0,1.839,2.197,51.524,50.867,11903791000.0,6770000.0,57.48,13.474,13.29,104584000.0,-1857168000.0,287843000.0,287843000.0,0.0,,,,,2803000.0,13559000.0,1.0,258599202.0,258406553.0,258876031.0,1.114,12055484000.0,0.0,450000.0,0.0,46.653,
19,O,MRQ,2016-09-30,2016-09-30,2016-09-30,2021-08-03,0.0,12536453000.0,,,,,26.172,-391844000.0,29801000.0,29801000.0,15678000.0,77202000.0,,0.854,5250697000.0,,,5250697000.0,0.0,113917000.0,0.0,0.035,0.603,130918000.0,244835000.0,0.883,244835000.0,130918000.0,77966000.0,0.27,0.27,0.27,6754731000.0,,6754731000.0,22233209135.0,42.0,22.908,-174061000.0,-0.674,1.0,261496000.0,0.943,1102813000.0,52952000.0,16654536000.0,,0.0,0.0,,,5765956000.0,,,17306048135.0,9358000.0,0.0,-6611000.0,302599000.0,-155193000.0,173856000.0,-382281000.0,29000.0,217783000.0,0.0,77072000.0,70302000.0,70302000.0,0.0,130000.0,0.254,130448000.0,131048000.0,152309000.0,2.233,2.562,62.031,60.845,11263658000.0,6770000.0,66.93,16.039,16.009,94498000.0,-1785630000.0,277174000.0,277174000.0,0.0,,,,,2652000.0,12103000.0,1.0,258569373.0,258085633.0,258673914.0,1.074,11433640000.0,0.0,894000.0,0.0,44.302,
20,O,MRQ,2016-06-30,2016-06-30,2016-06-30,2021-08-03,0.0,12249431000.0,,,,,26.84,-283221000.0,20443000.0,20443000.0,14671000.0,76068000.0,,0.798,4947604000.0,,,4947604000.0,0.0,110342000.0,0.0,0.034,0.598,134177000.0,244519000.0,0.902,244519000.0,134177000.0,76768000.0,0.27,0.27,0.27,6800641000.0,,6800641000.0,22512108469.0,42.0,23.396,-58084000.0,-0.229,1.0,256368000.0,0.946,1078265000.0,57409000.0,16098327000.0,,0.0,0.0,,,5429354000.0,,,17415705469.0,11748000.0,0.0,385819000.0,-157994000.0,-151236000.0,83006000.0,-296395000.0,29000.0,225137000.0,0.0,75815000.0,69045000.0,69045000.0,0.0,253000.0,0.255,121938000.0,134430000.0,184047000.0,2.215,2.561,64.648,63.633,11008146000.0,6770000.0,69.36,16.419,16.568,87166000.0,-1699966000.0,271039000.0,271039000.0,0.0,,,,,3947000.0,13985000.0,1.0,251091486.0,253375546.0,253973745.0,1.07,11171166000.0,0.0,953000.0,0.0,44.089,
21,O,MRQ,2016-03-31,2016-03-31,2016-03-31,2021-08-03,0.0,12037103000.0,,,,,25.898,-303033000.0,8695000.0,8695000.0,15105000.0,70484000.0,,0.855,5105098000.0,,,5105098000.0,0.0,107933000.0,0.0,0.037,0.596,131885000.0,239818000.0,0.898,239818000.0,131885000.0,71207000.0,0.25,0.25,0.25,6478999000.0,,6478999000.0,20462338695.0,39.0,21.672,-166743000.0,-0.667,1.0,252011000.0,0.943,1032694000.0,60678000.0,16100812000.0,,0.0,0.0,,,5536613000.0,,,15661146695.0,-31599000.0,0.0,3512000.0,250661000.0,-147345000.0,126804000.0,-294693000.0,12428000.0,136290000.0,0.0,70243000.0,63473000.0,63473000.0,0.0,241000.0,0.238,119885000.0,132126000.0,138811000.0,2.384,2.417,60.313,57.88,10868267000.0,6770000.0,62.51,15.008,14.986,82990000.0,-1616216000.0,267116000.0,267116000.0,0.0,,,,,2605000.0,12318000.0,1.0,250538261.0,250173815.0,250698023.0,1.068,11004409000.0,0.0,964000.0,0.0,43.987,
22,O,MRQ,2015-12-31,2015-12-31,2015-12-31,2021-08-03,0.0,11845379000.0,,,,,26.256,-196835000.0,40294000.0,40294000.0,12897000.0,83111000.0,,0.81,4820995000.0,,,4820995000.0,0.0,105739000.0,0.0,0.044,0.572,135643000.0,241382000.0,0.915,241382000.0,135643000.0,83662000.0,0.31,0.31,0.31,6531596000.0,,6531596000.0,18131346801.0,35.0,19.512,23784000.0,0.096,1.0,250771000.0,0.951,1049738000.0,51981000.0,15576342000.0,,0.0,0.0,,,5292046000.0,,,12886871801.0,930000.0,0.0,519217000.0,-408429000.0,-140471000.0,-2337000.0,-217352000.0,0.0,220619000.0,0.0,82941000.0,76171000.0,76171000.0,0.0,170000.0,0.289,114958000.0,135813000.0,166170000.0,1.845,1.973,50.205,47.367,10618884000.0,6770000.0,51.63,12.594,11.896,81678000.0,-1530210000.0,263668000.0,263668000.0,0.0,,,,,2793000.0,12967000.0,1.0,249600461.0,248768165.0,249245259.0,1.06,10795641000.0,0.0,721000.0,0.0,43.396,
23,O,MRQ,2015-09-30,2015-09-30,2015-09-30,2021-08-03,0.0,11738569000.0,,,,,25.569,-119218000.0,7074000.0,7074000.0,13542000.0,67813000.0,,0.94,5251549000.0,,,5251549000.0,0.0,104338000.0,0.0,0.048,0.571,132170000.0,236508000.0,0.914,236508000.0,132170000.0,68220000.0,0.26,0.26,0.26,6039648000.0,,6039648000.0,16417223299.0,31.0,17.798,32020000.0,0.136,1.0,245347000.0,0.948,1058926000.0,63950000.0,15924118000.0,,0.0,0.0,,,5674733000.0,,,11130440299.0,-11667000.0,0.0,152908000.0,-52688000.0,-134490000.0,-42891000.0,-120014000.0,0.0,151238000.0,0.0,67475000.0,60705000.0,60705000.0,0.0,338000.0,0.234,112839000.0,132508000.0,145063000.0,2.196,1.843,44.25,42.694,10509311000.0,6770000.0,47.39,11.051,11.114,74977000.0,-1463392000.0,258889000.0,258889000.0,0.0,,,,,2236000.0,10861000.0,1.0,234868966.0,236211706.0,236739942.0,1.096,10679643000.0,0.0,745000.0,0.0,45.212,
24,O,MRQ,2015-06-30,2015-06-30,2015-06-30,2021-08-03,0.0,11728314000.0,,,,,25.646,-714704000.0,18741000.0,18741000.0,14937000.0,66350000.0,,0.964,5305524000.0,,,5305524000.0,0.0,101101000.0,0.0,0.05,0.57,125395000.0,226496000.0,0.892,226496000.0,125395000.0,66715000.0,0.26,0.25,0.26,5960203000.0,,5960203000.0,15335246572.0,30.0,16.89,-510846000.0,-2.198,1.0,238923000.0,0.941,1067099000.0,58680000.0,15947998000.0,,0.0,0.0,,,5743841000.0,,,10322400572.0,6551000.0,0.0,382301000.0,271801000.0,-131595000.0,514167000.0,-711474000.0,0.0,203858000.0,0.0,66087000.0,59317000.0,59317000.0,0.0,263000.0,0.234,113265000.0,125658000.0,159913000.0,2.192,1.732,41.494,39.991,10489666000.0,6770000.0,44.39,10.49,10.484,70318000.0,-1388854000.0,253860000.0,253860000.0,0.0,,,,,2810000.0,12609000.0,1.0,232538873.0,232403586.0,232886185.0,1.092,10661215000.0,0.0,628000.0,0.0,45.874,
25,O,MRQ,2015-03-31,2015-03-31,2015-03-31,2021-08-03,0.0,11092153000.0,,,,,25.073,-181852000.0,12190000.0,12190000.0,13976000.0,67581000.0,,0.959,5025036000.0,,,5025036000.0,0.0,98037000.0,0.0,0.043,0.568,126806000.0,224843000.0,0.911,224843000.0,126806000.0,68338000.0,0.27,0.27,0.27,5650036000.0,,5650036000.0,16539364884.0,33.0,18.594,-64000000.0,-0.284,1.0,232891000.0,0.943,1072270000.0,58468000.0,15032729000.0,,0.0,0.0,,,5417691000.0,,,11612269884.0,8338000.0,0.0,102162000.0,95704000.0,-126682000.0,54255000.0,-163769000.0,0.0,117852000.0,0.0,67264000.0,60494000.0,60494000.0,0.0,317000.0,0.245,105768000.0,127123000.0,123060000.0,2.104,2.055,48.209,47.778,9853141000.0,6770000.0,51.6,12.111,12.128,66831000.0,-1314952000.0,246867000.0,246867000.0,0.0,,,,,2552000.0,12862000.0,1.0,225043990.0,225346407.0,225825854.0,1.096,10019883000.0,0.0,1074000.0,0.0,44.464,
26,O,MRQ,2014-12-31,2014-12-31,2014-12-31,2021-08-03,0.0,11012622000.0,,,,,25.155,-111302000.0,3852000.0,3852000.0,20397000.0,78077000.0,,0.957,4930947000.0,,,4930947000.0,0.0,96537000.0,0.0,0.046,0.549,138011000.0,234548000.0,0.947,234548000.0,138011000.0,78891000.0,0.32,0.32,0.32,5613401000.0,,5613401000.0,15369662031.0,31.0,17.766,76309000.0,0.342,1.0,227176000.0,0.918,1055194000.0,59120000.0,14884523000.0,,0.0,0.0,,,5371523000.0,,,10624359031.0,-13084000.0,0.0,101882000.0,170515000.0,-122521000.0,-80193000.0,-120502000.0,0.0,187611000.0,0.0,77788000.0,71018000.0,71018000.0,297000.0,289000.0,0.287,88579000.0,138597000.0,166962000.0,1.716,1.893,46.689,45.875,9781540000.0,6770000.0,47.71,11.381,11.162,64386000.0,-1246964000.0,247573000.0,247573000.0,0.0,,,,,4306000.0,15586000.0,1.0,222686209.0,223149095.0,223630435.0,1.109,9957428000.0,0.0,1103000.0,0.0,44.622,
27,O,MRQ,2014-09-30,2014-09-30,2014-09-30,2021-08-03,0.0,10939840000.0,,,,,25.046,-144951000.0,16936000.0,16936000.0,12770000.0,73627000.0,,0.962,4762239000.0,,,4762239000.0,0.0,95260000.0,0.0,0.054,0.549,126794000.0,222054000.0,0.942,222054000.0,126794000.0,73980000.0,0.26,0.26,0.26,5561790000.0,,5561790000.0,13665559931.0,29.0,16.434,-3646000.0,-0.016,1.0,222943000.0,0.946,1075414000.0,52814000.0,14609729000.0,,0.0,0.0,,,5349454000.0,,,9081256931.0,8028000.0,0.0,2364000.0,164864000.0,-122092000.0,33734000.0,-167011000.0,0.0,141305000.0,0.0,73283000.0,57941000.0,57941000.0,0.0,344000.0,0.246,95805000.0,127138000.0,121560000.0,2.112,1.633,43.163,41.622,9701841000.0,15342000.0,40.79,10.067,10.041,47852000.0,-1194987000.0,235713000.0,235713000.0,0.0,,,,,2204000.0,11025000.0,1.0,222634394.0,222061661.0,222236071.0,1.061,9864426000.0,0.0,697000.0,0.0,44.422,
28,O,MRQ,2014-06-30,2014-06-30,2014-06-30,2021-08-03,0.0,10812402000.0,,,,,26.408,-289757000.0,8908000.0,8908000.0,10127000.0,62241000.0,,0.848,4593211000.0,,,4593211000.0,0.0,92894000.0,0.0,0.049,0.548,115184000.0,208078000.0,0.91,208078000.0,115184000.0,62472000.0,0.23,0.23,0.23,5835701000.0,,5835701000.0,14640471332.0,33.0,18.478,-105177000.0,-0.476,1.0,218519000.0,0.956,1063695000.0,52712000.0,14333010000.0,,0.0,0.0,,,4947988000.0,,,9836447332.0,-5234000.0,0.0,580705000.0,-342801000.0,-121229000.0,104413000.0,-294227000.0,350000.0,184580000.0,0.0,61902000.0,51420000.0,51420000.0,-20000.0,339000.0,0.225,103016000.0,115503000.0,143326000.0,2.383,1.686,50.824,47.763,9621129000.0,10482000.0,44.42,11.326,11.303,43751000.0,-1130746000.0,228646000.0,228646000.0,0.0,,,,,2752000.0,11587000.0,1.0,221441858.0,220979955.0,221360641.0,1.035,9748707000.0,0.0,570000.0,0.0,44.116,
29,O,MRQ,2014-03-31,2014-03-31,2014-03-31,2021-08-03,0.0,10480781000.0,,,,,25.727,-592659000.0,14142000.0,14142000.0,10577000.0,57993000.0,,0.963,4818166000.0,,,4818166000.0,0.0,89970000.0,0.0,0.053,0.547,110472000.0,200442000.0,0.905,200442000.0,110472000.0,58752000.0,0.23,0.23,0.23,5325638000.0,,5325638000.0,12638861378.0,30.0,16.753,-478463000.0,-2.311,1.0,210995000.0,0.952,1001661000.0,51720000.0,14283144000.0,,0.0,0.0,,,5126013000.0,,,8482278378.0,3885000.0,0.0,2126000.0,610303000.0,-113414000.0,482808000.0,-593119000.0,0.0,114196000.0,0.0,57661000.0,47179000.0,47179000.0,-3077000.0,332000.0,0.213,103268000.0,107727000.0,111883000.0,2.378,1.593,45.1,43.935,9353225000.0,10482000.0,40.86,10.266,10.237,40329000.0,-1058120000.0,221572000.0,221572000.0,0.0,,,,,2697000.0,12886000.0,1.0,207593695.0,207003950.0,207324363.0,1.07,9479120000.0,0.0,1091000.0,0.0,45.792,
30,O,MRQ,2013-12-31,2013-12-31,2013-12-31,2021-08-03,0.0,9924441000.0,,,,,26.451,-117687000.0,10257000.0,10257000.0,13059000.0,64633000.0,,0.836,4166840000.0,,,4166840000.0,0.0,85293000.0,0.0,0.058,0.546,115691000.0,200984000.0,0.93,200984000.0,115691000.0,64916000.0,0.26,0.26,0.26,5385447000.0,,5385447000.0,11869136998.0,28.0,16.124,55552000.0,0.273,1.0,203105000.0,0.94,951119000.0,50775000.0,13129905000.0,,0.0,0.0,,,4503083000.0,,,7329638998.0,297000.0,0.0,430468000.0,-358312000.0,-110678000.0,-52336000.0,-120606000.0,-105000.0,173239000.0,0.0,64336000.0,53853000.0,53853000.0,-14839000.0,297000.0,0.249,101956000.0,101149000.0,143963000.0,2.1,1.361,35.994,35.217,8796609000.0,10483000.0,37.33,9.394,9.175,39323000.0,-991794000.0,216164000.0,216164000.0,0.0,,,,,6550000.0,16525000.0,1.0,196347147.0,203603762.0,201926944.0,1.062,8973322000.0,0.0,580000.0,0.0,44.072,
31,O,MRQ,2013-09-30,2013-09-30,2013-09-30,2021-08-03,0.0,9880927000.0,,,,,25.593,-518183000.0,9960000.0,9960000.0,8466000.0,51907000.0,,0.965,4549458000.0,,,4549458000.0,0.0,80821000.0,0.0,0.053,0.545,101976000.0,182797000.0,0.905,182797000.0,101976000.0,52140000.0,0.21,0.21,0.21,5010248000.0,,5010248000.0,11823215379.0,30.0,18.152,-393949000.0,-2.012,1.0,193615000.0,0.958,971632000.0,49836000.0,13448793000.0,,0.0,0.0,,,4834601000.0,,,7797681379.0,-12615000.0,0.0,1864000.0,495228000.0,-106875000.0,375197000.0,-512046000.0,-967000.0,124234000.0,0.0,51571000.0,41089000.0,41089000.0,-6399000.0,336000.0,0.203,97702000.0,95913000.0,108658000.0,2.595,1.556,43.728,38.971,8721078000.0,10482000.0,39.75,11.017,10.994,32169000.0,-932876000.0,202081000.0,202081000.0,0.0,,,,,6737000.0,16640000.0,1.0,196168085.0,195768298.0,196619866.0,1.032,8909295000.0,0.0,569000.0,0.0,45.509,
32,O,MRQ,2013-06-30,2013-06-30,2013-06-30,2021-08-03,0.0,9415533000.0,,,,,25.918,-573598000.0,22575000.0,22575000.0,7754000.0,56516000.0,,0.85,4048109000.0,,,4048109000.0,0.0,73906000.0,0.0,0.047,0.544,96295000.0,170201000.0,0.913,170201000.0,96295000.0,57063000.0,0.23,0.23,0.23,5068879000.0,,5068879000.0,11622693051.0,33.0,20.288,-408439000.0,-2.088,1.0,178689000.0,0.958,987883000.0,39232000.0,12453184000.0,,0.0,0.0,,,4310447000.0,,,8226112051.0,18416000.0,0.0,742000.0,582327000.0,-106692000.0,463406000.0,-610149000.0,3000.0,165159000.0,0.0,56439000.0,45957000.0,45957000.0,-4572000.0,77000.0,0.246,86889000.0,91800000.0,116691000.0,2.365,1.623,50.096,41.505,8230711000.0,10482000.0,41.92,13.206,13.162,27507000.0,-870199000.0,186443000.0,186443000.0,0.0,,,,,3653000.0,12088000.0,1.0,196233589.0,195574014.0,196076113.0,0.953,8427650000.0,0.0,624000.0,0.0,43.092,
33,O,MRQ,2013-03-31,2013-03-31,2013-03-31,2021-08-03,0.0,8763603000.0,,,,,29.871,-101729000.0,4159000.0,4159000.0,9572000.0,73226000.0,,0.706,3400740000.0,,,3400740000.0,0.0,66749000.0,0.0,0.042,0.543,115393000.0,182142000.0,1.038,182142000.0,115393000.0,73794000.0,0.37,0.36,0.37,5127591000.0,,5127591000.0,10992714379.0,33.0,21.562,-45455000.0,-0.265,1.0,165950000.0,0.945,864641000.0,41599000.0,11295543000.0,,0.0,0.0,,,3622214000.0,,,8114094379.0,-1089000.0,0.0,756306000.0,-624719000.0,-84977000.0,31847000.0,-89210000.0,-9587000.0,56274000.0,0.0,73217000.0,62735000.0,62735000.0,-39859000.0,9000.0,0.357,90407000.0,75543000.0,90837000.0,1.468,1.582,53.664,44.029,7702917000.0,10482000.0,45.35,14.764,14.165,24594000.0,-807626000.0,175522000.0,175522000.0,0.0,,,,,3845000.0,11628000.0,1.0,178921596.0,171659191.0,172053880.0,1.023,7898962000.0,0.0,577000.0,0.0,46.015,
34,O,MRQ,2012-12-31,2012-12-31,2012-12-31,2021-08-03,0.0,5429348000.0,,,,,18.131,-350871000.0,5248000.0,5248000.0,16150000.0,39023000.0,,1.25,2869853000.0,,,2869853000.0,0.0,41687000.0,0.0,0.044,0.455,74535000.0,116222000.0,0.808,116222000.0,74535000.0,38869000.0,0.21,0.21,0.21,2412794000.0,,2412794000.0,7855705362.0,28.0,18.232,-232930000.0,-1.75,1.0,127622000.0,0.888,259070000.0,35666000.0,8034883000.0,,0.0,0.0,,,3016554000.0,,,5366105362.0,2454000.0,0.0,0.0,338532000.0,-60629000.0,267312000.0,-382799000.0,-34876000.0,117941000.0,0.0,39023000.0,28540000.0,28540000.0,-4991000.0,0.0,0.199,58078000.0,69544000.0,94171000.0,2.167,2.224,46.85,46.756,5042137000.0,10483000.0,40.21,11.074,11.021,21659000.0,-768661000.0,143772000.0,143772000.0,0.0,,,,,2221000.0,10348000.0,1.0,133452011.0,133073936.0,133001822.0,1.08,5170278000.0,0.0,-154000.0,0.0,38.853,
35,O,MRQ,2012-09-30,2012-09-30,2012-09-30,2021-08-03,0.0,5036326000.0,,,,,18.399,-417412000.0,2794000.0,2794000.0,1532000.0,37458000.0,,1.062,2492394000.0,,,2492394000.0,0.0,36735000.0,0.0,0.047,0.449,67583000.0,104318000.0,0.89,104318000.0,67583000.0,37863000.0,0.2,0.2,0.2,2442703000.0,,2442703000.0,7440706949.0,27.0,17.932,-364817000.0,-2.748,1.0,115617000.0,0.987,17010000.0,29720000.0,7508916000.0,,0.0,0.0,,,2593623000.0,,,5456509949.0,-3270000.0,6449000.0,611000.0,425170000.0,-59167000.0,356056000.0,-411921000.0,3795000.0,52595000.0,0.0,37458000.0,26976000.0,26976000.0,-3835000.0,0.0,0.23,51869000.0,63748000.0,61730000.0,2.245,2.234,45.118,44.934,4734688000.0,10482000.0,40.89,12.086,12.025,17187000.0,-736531000.0,117149000.0,117149000.0,0.0,,,,,2230000.0,9335000.0,1.0,133443628.0,132764877.0,132931813.0,0.882,5019316000.0,0.0,405000.0,0.0,37.806,
36,O,MRQ,2012-06-30,2012-06-30,2012-06-30,2021-08-03,0.0,4576559000.0,,,,,18.65,-198056000.0,6064000.0,6064000.0,1746000.0,43407000.0,,0.851,1990261000.0,,,1990261000.0,0.0,34515000.0,0.0,0.045,0.438,72618000.0,107133000.0,0.947,107133000.0,72618000.0,43812000.0,0.25,0.25,0.25,2472883000.0,,2472883000.0,7417139543.0,26.0,18.01,-92449000.0,-0.697,1.0,111387000.0,0.985,17094000.0,28806000.0,6543662000.0,,0.0,0.0,,,2103676000.0,,,5572455543.0,870000.0,-6449000.0,805000.0,133396000.0,-58360000.0,99629000.0,-204366000.0,-2100000.0,105607000.0,0.0,43407000.0,32950000.0,32950000.0,-5246000.0,0.0,0.291,44015000.0,67372000.0,82490000.0,1.752,2.253,43.305,42.622,4304181000.0,10457000.0,41.77,12.649,12.572,17600000.0,-703628000.0,113133000.0,113133000.0,0.0,,,,,2594000.0,9273000.0,1.0,133408081.0,132592939.0,132828540.0,0.853,4559465000.0,0.0,405000.0,0.0,34.387,
37,O,MRQ,2012-03-31,2012-03-31,2012-03-31,2021-08-03,0.0,4398433000.0,,,,,18.562,-5354000.0,5194000.0,5194000.0,2155000.0,39263000.0,,0.787,1849878000.0,,,1849878000.0,0.0,34578000.0,0.0,0.049,0.437,68620000.0,103198000.0,0.919,103198000.0,68620000.0,39668000.0,0.2,0.2,0.2,2460939000.0,,2460939000.0,7217016004.0,26.0,18.113,44972000.0,0.339,1.0,110150000.0,0.981,17190000.0,28952000.0,6225927000.0,,0.0,0.0,,,1937494000.0,,,5166000004.0,1029000.0,0.0,743000.0,-205206000.0,-58192000.0,-40009000.0,-9288000.0,-1695000.0,50326000.0,0.0,39263000.0,26071000.0,26071000.0,-2216000.0,0.0,0.232,43746000.0,66404000.0,57172000.0,2.185,2.099,40.073,39.121,4137783000.0,13192000.0,38.73,12.041,11.968,17567000.0,-678172000.0,112305000.0,112305000.0,0.0,,,,,2956000.0,9168000.0,1.0,133384973.0,132577100.0,132703954.0,0.847,4381243000.0,0.0,405000.0,0.0,33.047,
38,O,MRQ,2011-12-31,2011-12-31,2011-12-31,2021-08-03,0.0,4419389000.0,,,,,16.978,-167072000.0,4165000.0,4165000.0,10516000.0,41005000.0,,0.96,2055181000.0,,,2055181000.0,0.0,29940000.0,0.0,0.054,0.581,70356000.0,100296000.0,0.921,100296000.0,70356000.0,41373000.0,0.26,0.26,0.26,2254854000.0,,2254854000.0,6566083236.0,25.0,17.128,-67367000.0,-0.507,1.0,98358000.0,0.903,17206000.0,28983000.0,6453199000.0,,0.0,0.0,,,2164535000.0,,,4656876236.0,-1378000.0,0.0,652000.0,140718000.0,-58021000.0,77277000.0,-178360000.0,-1593000.0,99705000.0,0.0,41005000.0,34942000.0,34942000.0,-9901000.0,0.0,0.321,37903000.0,60455000.0,80175000.0,2.235,2.065,35.072,33.295,4160008000.0,6063000.0,34.96,11.293,10.694,15375000.0,-645984000.0,108874000.0,108874000.0,0.0,,,,,1775000.0,7953000.0,1.0,133205842.0,132806833.0,132718170.0,0.82,4402183000.0,0.0,368000.0,0.0,33.147,
39,O,MRQ,2011-09-30,2011-09-30,2011-09-30,2021-08-03,0.0,4274774000.0,,,,,18.006,-462384000.0,5543000.0,5543000.0,1657000.0,40780000.0,,0.879,1914750000.0,,,1914750000.0,0.0,31502000.0,0.0,0.054,0.435,69697000.0,101199000.0,0.953,101199000.0,69697000.0,41147000.0,0.27,0.27,0.27,2275542000.0,,2275542000.0,5744265680.0,22.0,15.607,-400105000.0,-3.166,1.0,104573000.0,0.984,17206000.0,28550000.0,6166775000.0,,0.0,0.0,,,1999232000.0,,,4090330680.0,-150128000.0,0.0,204157000.0,96454000.0,-55145000.0,239380000.0,-451787000.0,0.0,62279000.0,0.0,40780000.0,34717000.0,34717000.0,-3828000.0,0.0,0.327,38704000.0,65869000.0,55898000.0,1.611,1.798,31.549,30.131,4018076000.0,6063000.0,32.24,10.571,10.529,12065000.0,-622860000.0,106230000.0,106230000.0,0.0,,,,,1751000.0,7143000.0,1.0,126871299.0,126376201.0,126582609.0,0.841,4257568000.0,0.0,367000.0,0.0,33.69,
40,O,MRQ,2011-06-30,2011-06-30,2011-06-30,2021-08-03,0.0,3991053000.0,,,,,16.595,-154220000.0,155671000.0,155671000.0,1597000.0,39248000.0,,0.909,1809606000.0,,,1809606000.0,0.0,28496000.0,0.0,0.052,0.434,65263000.0,93759000.0,0.923,93759000.0,65263000.0,39616000.0,0.26,0.26,0.26,2090993000.0,,2090993000.0,5717783350.0,23.0,16.437,-58778000.0,-0.466,1.0,100023000.0,0.984,17206000.0,25647000.0,5627782000.0,,0.0,0.0,,,1900060000.0,,,4247490350.0,25964000.0,0.0,788000.0,140085000.0,-55008000.0,79546000.0,-149024000.0,0.0,95442000.0,0.0,39248000.0,33185000.0,33185000.0,-1900000.0,0.0,0.327,36660000.0,63363000.0,72364000.0,1.669,2.031,35.241,31.895,3633063000.0,6063000.0,33.49,11.556,11.481,10899000.0,-601473000.0,101620000.0,101620000.0,0.0,,,,,2167000.0,7987000.0,1.0,126828616.0,125999323.0,126202047.0,0.807,3973847000.0,0.0,368000.0,0.0,31.539,
41,O,MRQ,2011-03-31,2011-03-31,2011-03-31,2021-08-03,0.0,3770556000.0,,,,,17.738,-149544000.0,129707000.0,129707000.0,1705000.0,35999000.0,,0.787,1600000000.0,,,1600000000.0,0.0,26608000.0,0.0,0.049,0.433,61489000.0,88097000.0,0.906,88097000.0,61489000.0,36367000.0,0.25,0.25,0.25,2110148000.0,,2110148000.0,5713507570.0,24.0,17.301,-108018000.0,-0.908,1.0,95579000.0,0.982,17206000.0,25122000.0,5223643000.0,,0.0,0.0,,,1660408000.0,,,4131114570.0,112100000.0,0.0,285533000.0,0.0,-51123000.0,226266000.0,-155692000.0,0.0,41526000.0,0.0,35999000.0,29936000.0,29936000.0,-388000.0,0.0,0.308,34478000.0,61101000.0,44160000.0,1.732,1.958,36.778,33.932,3496973000.0,6063000.0,34.95,11.86,11.936,10506000.0,-579604000.0,97284000.0,97284000.0,0.0,,,,,2180000.0,7870000.0,1.0,118200703.0,118960878.0,119109044.0,0.818,3753350000.0,0.0,368000.0,0.0,31.551,
42,O,MRQ,2010-12-31,2010-12-31,2010-12-31,2021-08-03,0.0,3535590000.0,,,,,16.471,-386382000.0,17607000.0,17607000.0,481000.0,37877000.0,,0.914,1600000000.0,,,1600000000.0,0.0,21496000.0,0.0,0.05,0.432,63511000.0,85007000.0,1.039,85007000.0,63511000.0,38380000.0,0.29,0.29,0.29,1846965000.0,,1846965000.0,5230239942.0,23.0,16.496,-299775000.0,-2.673,1.0,81334000.0,0.994,17206000.0,25131000.0,5100777000.0,,0.0,0.0,,,1688625000.0,,,3785821942.0,-137975000.0,0.0,235692000.0,-4091000.0,-47800000.0,177768000.0,-402350000.0,0.0,86607000.0,0.0,37877000.0,31814000.0,31814000.0,-10307000.0,0.0,0.389,28130000.0,53204000.0,66070000.0,1.49,2.05,35.537,33.861,3404878000.0,6063000.0,34.2,11.354,10.859,11301000.0,-557112000.0,81815000.0,81815000.0,0.0,,,,,1342000.0,5785000.0,1.0,110696548.0,112135224.0,112107847.0,0.73,3518384000.0,0.0,503000.0,0.0,31.376,
43,O,MRQ,2010-09-30,2010-09-30,2010-09-30,2021-08-03,0.0,3285534000.0,,,,,15.67,-13972000.0,155582000.0,155582000.0,1742000.0,31654000.0,,1.019,1600000000.0,,,1600000000.0,0.0,23865000.0,0.0,0.051,0.431,57124000.0,80989000.0,0.933,80989000.0,57124000.0,31989000.0,0.25,0.25,0.25,1626984000.0,,1626984000.0,5149709530.0,24.0,16.576,32273000.0,0.311,1.0,85091000.0,0.98,17206000.0,25135000.0,4712746000.0,,0.0,0.0,,,1658550000.0,,,3523681530.0,154710000.0,0.0,196899000.0,-27029000.0,-45026000.0,118783000.0,-10318000.0,0.0,46245000.0,0.0,31654000.0,25591000.0,25591000.0,-2139000.0,0.0,0.295,30106000.0,54985000.0,44800000.0,1.724,2.166,33.886,33.72,3039722000.0,6063000.0,33.72,10.683,10.614,10398000.0,-540029000.0,86833000.0,86833000.0,0.0,,,,,1348000.0,6165000.0,1.0,104498266.0,103830029.0,103977023.0,0.836,3268328000.0,0.0,335000.0,0.0,31.478,
44,O,MRQ,2010-06-30,2010-06-30,2010-06-30,2021-08-03,0.0,3143155000.0,,,,,13.986,-262727000.0,872000.0,872000.0,1646000.0,31048000.0,,1.169,1626900000.0,,,1626900000.0,0.0,23239000.0,0.0,0.057,0.43,52901000.0,76140000.0,0.924,76140000.0,52901000.0,31325000.0,0.24,0.24,0.24,1449095000.0,,1449095000.0,4557832678.0,21.0,14.859,-188738000.0,-1.822,1.0,80751000.0,0.98,17206000.0,21576000.0,4751977000.0,,0.0,0.0,,,1694060000.0,,,3168781678.0,23000.0,0.0,0.0,233260000.0,-44910000.0,182199000.0,-256165000.0,0.0,73989000.0,0.0,31048000.0,24985000.0,24985000.0,-2087000.0,0.0,0.303,29937000.0,50814000.0,55405000.0,1.792,2.187,30.04,30.03,3056073000.0,6063000.0,30.33,9.766,9.685,10123000.0,-519669000.0,82397000.0,82397000.0,0.0,,,,,1715000.0,6650000.0,1.0,104476811.0,103612454.0,103765828.0,0.795,3125949000.0,0.0,277000.0,0.0,30.17,
45,O,MRQ,2010-03-31,2010-03-31,2010-03-31,2021-08-03,0.0,2905703000.0,,,,,14.164,-27916000.0,849000.0,849000.0,1971000.0,30205000.0,,0.98,1389900000.0,,,1389900000.0,0.0,23041000.0,0.0,0.056,0.429,51877000.0,74918000.0,0.907,74918000.0,51877000.0,30482000.0,0.23,0.23,0.23,1467439000.0,,1467439000.0,4548633232.0,21.0,14.788,8611000.0,0.083,1.0,80647000.0,0.976,17206000.0,21395000.0,4277548000.0,,0.0,0.0,,,1438264000.0,,,3204059232.0,-9177000.0,0.0,0.0,35300000.0,-44764000.0,-17179000.0,-28525000.0,0.0,36527000.0,0.0,30205000.0,24142000.0,24142000.0,-982000.0,0.0,0.292,29752000.0,50895000.0,36383000.0,1.865,2.183,29.946,29.796,2821489000.0,6063000.0,30.69,9.908,9.832,9517000.0,-499697000.0,82618000.0,82618000.0,0.0,,,,,1761000.0,6711000.0,1.0,104400757.0,103606241.0,103686440.0,0.797,2888497000.0,0.0,277000.0,0.0,27.88,
46,O,MRQ,2009-12-31,2009-12-31,2009-12-31,2021-08-03,0.0,2914787000.0,,,,,14.346,-38180000.0,10026000.0,10026000.0,1153000.0,35331000.0,,0.959,1354600000.0,,,1354600000.0,0.0,21926000.0,0.0,0.066,0.428,56701000.0,78627000.0,1.008,78627000.0,56701000.0,35324000.0,0.28,0.28,0.28,1488009000.0,,1488009000.0,4032018132.0,19.0,13.124,39703000.0,0.383,1.0,76850000.0,0.985,17206000.0,21377000.0,4242155000.0,,0.0,0.0,,,1426778000.0,,,2702060132.0,-10016000.0,0.0,0.0,4600000.0,-44641000.0,-46100000.0,-41799000.0,0.0,77883000.0,0.0,35331000.0,29268000.0,29268000.0,-7060000.0,0.0,0.375,27209000.0,49641000.0,55371000.0,1.529,1.816,25.283,25.155,2816882000.0,6063000.0,25.91,8.377,8.32,10396000.0,-479018000.0,78003000.0,78003000.0,0.0,,,,,993000.0,5084000.0,1.0,104286381.0,103723172.0,103725530.0,0.752,2897581000.0,0.0,-7000.0,0.0,27.936,
47,O,MRQ,2009-09-30,2009-09-30,2009-09-30,2021-08-03,0.0,2901375000.0,,,,,14.52,-6398000.0,20042000.0,20042000.0,1472000.0,33152000.0,,0.931,1350000000.0,,,1350000000.0,0.0,22447000.0,0.0,0.066,0.427,54600000.0,77047000.0,0.946,77047000.0,54600000.0,33226000.0,0.26,0.26,0.26,1502409000.0,,1502409000.0,3988999963.0,18.0,12.967,35617000.0,0.344,1.0,79991000.0,0.982,17206000.0,21374000.0,4214127000.0,,0.0,0.0,,,1398966000.0,,,2674822963.0,-15781000.0,0.0,0.0,0.0,-44541000.0,-50538000.0,-7258000.0,0.0,42015000.0,0.0,33152000.0,27089000.0,27089000.0,-2195000.0,0.0,0.333,27586000.0,52405000.0,37609000.0,1.642,1.78,25.264,25.147,2800502000.0,6063000.0,25.65,8.26,8.195,9582000.0,-463620000.0,81463000.0,81463000.0,0.0,,,,,994000.0,4906000.0,1.0,104281597.0,103470512.0,103481892.0,0.787,2884169000.0,0.0,74000.0,0.0,27.874,
48,O,MRQ,2009-06-30,2009-06-30,2009-06-30,2021-08-03,0.0,2932558000.0,,,,,14.682,4679000.0,35823000.0,35823000.0,1786000.0,32560000.0,,0.931,1350000000.0,,,1350000000.0,0.0,22766000.0,0.0,0.077,0.427,54235000.0,77001000.0,0.947,77001000.0,54235000.0,32868000.0,0.26,0.26,0.26,1518837000.0,,1518837000.0,3626236804.0,16.0,11.617,75870000.0,0.733,1.0,79515000.0,0.978,17206000.0,21367000.0,4229529000.0,,0.0,0.0,,,1413721000.0,,,2286674804.0,25385000.0,0.0,0.0,0.0,-44464000.0,-50485000.0,4679000.0,0.0,71191000.0,0.0,32560000.0,26497000.0,26497000.0,-2508000.0,0.0,0.326,27788000.0,51727000.0,53425000.0,1.642,1.506,21.287,20.876,2815317000.0,6063000.0,21.92,7.044,6.986,10419000.0,-446133000.0,81301000.0,81301000.0,0.0,,,,,1342000.0,5006000.0,1.0,104319106.0,103446949.0,103450457.0,0.786,2915352000.0,0.0,308000.0,0.0,28.182,
49,O,MRQ,2009-03-31,2009-03-31,2009-03-31,2021-08-03,0.0,2931631000.0,,,,,14.844,-1346000.0,10438000.0,10438000.0,2140000.0,30084000.0,,0.909,1350000000.0,,,1350000000.0,0.0,22763000.0,0.0,0.089,0.426,51797000.0,74560000.0,0.903,74560000.0,51797000.0,30387000.0,0.23,0.23,0.23,1535445000.0,,1535445000.0,3286469540.0,15.0,10.431,34272000.0,0.331,1.0,80392000.0,0.974,17206000.0,21410000.0,4253987000.0,,0.0,0.0,,,1396186000.0,,,1963284540.0,-36377000.0,0.0,0.0,-20000000.0,-44362000.0,-70649000.0,-1346000.0,0.0,35618000.0,0.0,30084000.0,24021000.0,24021000.0,-118000.0,0.0,0.291,28713000.0,51679000.0,34701000.0,1.852,1.279,18.194,17.755,2840378000.0,6063000.0,18.82,6.034,5.983,10122000.0,-428140000.0,82532000.0,82532000.0,0.0,,,,,1397000.0,5950000.0,1.0,104319051.0,103439114.0,103445044.0,0.798,2914425000.0,0.0,303000.0,0.0,28.175,
50,O,MRQ,2008-12-31,2008-12-31,2008-12-31,2021-08-03,0.0,2994179000.0,,,,,15.019,15838000.0,46815000.0,46815000.0,1422000.0,34331000.0,,0.926,1370000000.0,,,1370000000.0,0.0,21645000.0,0.0,0.072,0.424,57365000.0,79010000.0,1.006,79010000.0,57365000.0,34639000.0,0.27,0.27,0.27,1554661000.0,,1554661000.0,3771245047.0,17.0,11.929,87746000.0,0.848,1.0,77127000.0,0.982,17206000.0,22726000.0,4300158000.0,,0.0,0.0,,,1439518000.0,,,2413807047.0,-65747000.0,0.0,-72000.0,-100000000.0,-44136000.0,-150319000.0,12664000.0,0.0,71908000.0,0.0,34331000.0,28268000.0,28268000.0,-10311000.0,0.0,0.36,30073000.0,47054000.0,54820000.0,1.57,1.553,22.436,21.84,2862153000.0,6063000.0,23.15,7.426,7.206,10624000.0,-407751000.0,78549000.0,78549000.0,0.0,,,,,1083000.0,5054000.0,1.0,104268123.0,103512128.0,103452344.0,0.759,2976973000.0,0.0,308000.0,0.0,28.76,
51,O,MRQ,2008-09-30,2008-09-30,2008-09-30,2021-08-03,0.0,3090131000.0,,,,,15.639,1908000.0,112562000.0,112562000.0,1730000.0,34697000.0,,0.969,1470000000.0,,,1470000000.0,0.0,22656000.0,0.0,0.065,0.42,58920000.0,81576000.0,0.992,81576000.0,58920000.0,35005000.0,0.29,0.29,0.29,1569624000.0,,1569624000.0,4024951557.0,18.0,12.832,46963000.0,0.468,1.0,80493000.0,0.979,17206000.0,23915000.0,4430363000.0,,0.0,0.0,,,1520507000.0,,,2594324557.0,73189000.0,0.0,74497000.0,4000.0,-42209000.0,26226000.0,1908000.0,0.0,45055000.0,0.0,34697000.0,28634000.0,28634000.0,-6278000.0,0.0,0.348,27851000.0,52642000.0,38648000.0,1.448,1.653,24.375,23.925,2887120000.0,6063000.0,25.6,8.0,7.923,8858000.0,-391825000.0,82223000.0,82223000.0,0.0,,,,,1113000.0,5097000.0,1.0,101340803.0,100362872.0,100420070.0,0.819,3072925000.0,0.0,308000.0,0.0,30.618,
52,O,MRQ,2008-06-30,2008-06-30,2008-06-30,2021-08-03,0.0,3042937000.0,,,,,15.031,-4199000.0,39373000.0,39373000.0,1086000.0,33051000.0,,1.017,1470000000.0,,,1470000000.0,0.0,22727000.0,0.0,0.072,0.413,57198000.0,79925000.0,0.974,79925000.0,57198000.0,33269000.0,0.27,0.27,0.27,1508321000.0,,1508321000.0,3762182114.0,17.0,12.463,76880000.0,0.766,1.0,80976000.0,0.987,17206000.0,23929000.0,4456358000.0,,0.0,0.0,,,1534616000.0,,,2305525114.0,26030000.0,0.0,0.0,-3200000.0,-41756000.0,-50850000.0,-4199000.0,0.0,81079000.0,0.0,33051000.0,26988000.0,26988000.0,0.0,0.0,0.329,28676000.0,52300000.0,53383000.0,1.53,1.529,21.81,21.472,2914434000.0,6063000.0,22.76,7.306,7.237,9130000.0,-377521000.0,82062000.0,82062000.0,0.0,,,,,1710000.0,5924000.0,1.0,101297237.0,100346512.0,100394431.0,0.818,3025731000.0,0.0,218000.0,0.0,30.153,
53,O,MRQ,2008-03-31,2008-03-31,2008-03-31,2021-08-03,0.0,3039464000.0,,,,,15.17,-179849000.0,13343000.0,13343000.0,1216000.0,29761000.0,,0.998,1470000000.0,,,1470000000.0,0.0,22076000.0,0.0,0.062,0.411,53545000.0,75621000.0,0.915,75621000.0,53545000.0,30159000.0,0.24,0.24,0.24,1521287000.0,,1521287000.0,3871851880.0,18.0,13.322,-131736000.0,-1.314,1.0,81473000.0,0.985,17206000.0,23386000.0,4478915000.0,,0.0,0.0,,,1518177000.0,,,2594952880.0,-179758000.0,0.0,0.0,0.0,-41554000.0,-47625000.0,-180246000.0,0.0,48113000.0,0.0,29761000.0,23698000.0,23698000.0,0.0,0.0,0.287,27620000.0,53853000.0,36449000.0,1.712,1.706,23.678,23.291,2965989000.0,6063000.0,25.62,8.541,8.456,8312000.0,-362683000.0,82689000.0,82689000.0,0.0,,,,,1143000.0,5544000.0,1.0,101286217.0,100280264.0,100365576.0,0.825,3022258000.0,0.0,398000.0,0.0,30.138,
54,O,MRQ,2007-12-31,2007-12-31,2007-12-31,2021-08-03,0.0,3077352000.0,,,,,15.33,-124896000.0,193101000.0,193101000.0,726000.0,33176000.0,,1.001,1470000000.0,,,1470000000.0,0.0,20192000.0,0.0,0.058,0.409,56339000.0,76531000.0,0.99,76531000.0,56339000.0,33620000.0,0.27,0.27,0.27,1538092000.0,,1538092000.0,3934347379.0,19.0,13.948,-25582000.0,-0.255,1.0,76573000.0,0.991,17206000.0,22719000.0,4337045000.0,,0.0,0.0,,,1539260000.0,,,2730991379.0,-73543000.0,0.0,-545165000.0,544397000.0,-41277000.0,-47283000.0,-125574000.0,0.0,99314000.0,0.0,33176000.0,27113000.0,27113000.0,-16631000.0,0.0,0.351,25667000.0,50906000.0,53956000.0,1.515,1.776,23.511,23.293,2824255000.0,6063000.0,27.02,9.369,9.288,7142000.0,-344735000.0,77299000.0,77299000.0,0.0,,,,,832000.0,5475000.0,1.0,101072960.0,100333145.0,100355287.0,0.77,3060146000.0,0.0,444000.0,0.0,30.5,
55,O,MRQ,2007-09-30,2007-09-30,2007-09-30,2021-08-03,0.0,3076262000.0,,,,,15.485,-277743000.0,266644000.0,266644000.0,815000.0,33973000.0,,0.983,1470000000.0,,,1470000000.0,0.0,19305000.0,0.0,0.055,0.399,50486000.0,69791000.0,0.949,69791000.0,50486000.0,34323000.0,0.28,0.28,0.28,1551400000.0,,1551400000.0,3746048232.0,19.0,13.966,-231145000.0,-2.307,1.0,72707000.0,0.989,17206000.0,16163000.0,4262412000.0,,0.0,0.0,,,1524862000.0,,,2824962232.0,257730000.0,0.0,544457000.0,-10000000.0,-39519000.0,488875000.0,-277743000.0,0.0,46598000.0,0.0,33973000.0,27910000.0,27910000.0,0.0,0.0,0.38,25723000.0,46984000.0,45022000.0,1.425,1.821,24.057,23.686,2746200000.0,6063000.0,27.95,10.017,9.929,6098000.0,-330507000.0,73522000.0,73522000.0,0.0,,,,,829000.0,6290000.0,1.0,101071994.0,100187901.0,100252953.0,0.734,3059056000.0,0.0,350000.0,0.0,30.533,
56,O,MRQ,2007-06-30,2007-06-30,2007-06-30,2021-08-03,0.0,2544892000.0,,,,,15.609,-34389000.0,8914000.0,8914000.0,958000.0,36936000.0,,0.628,930000000.0,,,930000000.0,0.0,18367000.0,0.0,0.06,0.382,50318000.0,68685000.0,0.977,68685000.0,50318000.0,37289000.0,0.31,0.31,0.31,1563008000.0,,1563008000.0,3505214906.0,19.0,13.902,83517000.0,0.834,1.0,69367000.0,0.986,17206000.0,13029000.0,3448772000.0,,0.0,0.0,,,981884000.0,,,2544813906.0,3515000.0,0.0,405000.0,-35800000.0,-38534000.0,-80002000.0,-34389000.0,0.0,117906000.0,0.0,36936000.0,30873000.0,30873000.0,0.0,0.0,0.439,24252000.0,45115000.0,41160000.0,1.232,1.628,22.377,21.53,2480497000.0,6063000.0,25.19,9.507,9.423,6019000.0,-318051000.0,70325000.0,70325000.0,0.0,,,,,1373000.0,5838000.0,1.0,101024768.0,100133094.0,100246112.0,0.702,2527686000.0,0.0,353000.0,0.0,25.243,
57,O,MRQ,2007-03-31,2007-03-31,2007-03-31,2021-08-03,0.0,2575313000.0,,,,,15.681,-57948000.0,5399000.0,5399000.0,861000.0,36323000.0,,0.641,965800000.0,,,965800000.0,0.0,18068000.0,0.0,0.052,0.38,49104000.0,67172000.0,0.942,67172000.0,49104000.0,36568000.0,0.3,0.3,0.3,1568962000.0,,1568962000.0,3757792449.0,22.0,15.854,-3597000.0,-0.036,1.0,70469000.0,0.988,17206000.0,12536000.0,3518508000.0,,0.0,0.0,,,1006351000.0,,,2848365449.0,-5174000.0,-2648000.0,303000.0,45800000.0,-38329000.0,1390000.0,-60915000.0,0.0,54351000.0,0.0,36323000.0,30260000.0,30260000.0,0.0,0.0,0.424,23159000.0,47310000.0,31054000.0,1.267,1.815,26.585,24.737,2511247000.0,6063000.0,28.2,11.222,11.117,5639000.0,-310319000.0,71330000.0,71330000.0,0.0,,,,,823000.0,5091000.0,1.0,101005867.0,100054868.0,100276300.0,0.713,2558107000.0,0.0,245000.0,0.0,25.567,
58,O,MRQ,2006-12-31,2006-12-31,2006-12-31,2021-08-03,0.0,2546508000.0,,,,,16.039,-409561000.0,10573000.0,10573000.0,969000.0,32696000.0,,0.616,920000000.0,,,920000000.0,0.0,15987000.0,0.0,0.052,0.378,46591000.0,62578000.0,0.936,62578000.0,46591000.0,32885000.0,0.29,0.29,0.29,1575992000.0,,1575992000.0,3572316434.0,22.0,16.115,-450458000.0,-4.584,1.0,65883000.0,0.986,17206000.0,13706000.0,3438729000.0,,0.0,0.0,,,970516000.0,,,2765690434.0,-102801000.0,0.0,-98790000.0,271883000.0,-37062000.0,347657000.0,-409561000.0,0.0,-40897000.0,0.0,32696000.0,28386000.0,28386000.0,0.0,0.0,0.425,20843000.0,45040000.0,42100000.0,1.303,1.755,27.819,24.955,2485081000.0,4310000.0,27.7,11.649,10.473,5953000.0,-302154000.0,66852000.0,66852000.0,0.0,,,,,654000.0,4856000.0,1.0,99844420.0,98258373.0,98416581.0,0.68,2529302000.0,0.0,189000.0,0.0,25.741,
59,O,MRQ,2006-09-30,2006-09-30,2006-09-30,2021-08-03,0.0,2160190000.0,,,,,13.433,-93813000.0,113374000.0,113374000.0,787000.0,26558000.0,,0.804,920000000.0,,,920000000.0,0.0,14511000.0,0.0,0.057,0.369,39184000.0,53695000.0,0.908,53695000.0,39184000.0,26654000.0,0.27,0.27,0.27,1197762000.0,,1197762000.0,3028943253.0,19.0,14.294,-50729000.0,-0.569,1.0,58377000.0,0.987,17206000.0,12530000.0,2949610000.0,,0.0,0.0,,,962428000.0,,,2202389253.0,102628000.0,0.0,381053000.0,-192300000.0,-32109000.0,154294000.0,-94750000.0,0.0,43084000.0,0.0,26558000.0,24207000.0,24207000.0,0.0,0.0,0.409,18669000.0,39708000.0,32688000.0,1.367,1.839,22.82,21.867,1996154000.0,2351000.0,24.71,9.848,9.852,5270000.0,-292546000.0,59164000.0,59164000.0,0.0,,,,,654000.0,4083000.0,1.0,89129472.0,89166429.0,89267138.0,0.664,2142984000.0,0.0,96000.0,0.0,24.034,
60,O,MRQ,2006-06-30,2006-06-30,2006-06-30,2021-08-03,0.0,1975597000.0,,,,,12.426,-54814000.0,10746000.0,10746000.0,685000.0,26640000.0,,0.8,837300000.0,,,837300000.0,0.0,14781000.0,0.0,0.063,0.351,38801000.0,53582000.0,0.949,53582000.0,38801000.0,26871000.0,0.28,0.27,0.28,1097294000.0,,1097294000.0,2604148977.0,17.0,12.83,-8587000.0,-0.097,1.0,55784000.0,0.988,17206000.0,11930000.0,2784945000.0,,0.0,0.0,,,878303000.0,,,1819655977.0,6639000.0,0.0,118000.0,48700000.0,-31241000.0,15226000.0,-54814000.0,0.0,46227000.0,0.0,26640000.0,24289000.0,24289000.0,0.0,0.0,0.43,19136000.0,36648000.0,30744000.0,1.254,1.658,19.551,19.554,1916677000.0,2351000.0,21.9,8.528,9.063,4814000.0,-283303000.0,56469000.0,56469000.0,0.0,,,,,1005000.0,4354000.0,1.0,83089314.0,88305175.0,88466024.0,0.639,1958391000.0,0.0,231000.0,0.0,22.178,
61,O,MRQ,2006-03-31,2006-03-31,2006-03-31,2021-08-03,0.0,1929932000.0,,,,,13.258,-86155000.0,4107000.0,4107000.0,860000.0,24888000.0,,0.749,788600000.0,,,788600000.0,0.0,13504000.0,0.0,0.057,0.349,38317000.0,51821000.0,0.94,51821000.0,38317000.0,25119000.0,0.27,0.27,0.27,1103185000.0,,1103185000.0,2856751935.0,20.0,14.635,-47624000.0,-0.572,1.0,54258000.0,0.984,17206000.0,13198000.0,2697219000.0,,0.0,0.0,,,826747000.0,,,2030755935.0,-61597000.0,0.0,120733000.0,-103100000.0,-29255000.0,-13973000.0,-86155000.0,0.0,38531000.0,0.0,24888000.0,22537000.0,22537000.0,0.0,0.0,0.409,17749000.0,36509000.0,28210000.0,1.293,1.841,22.292,21.616,1877264000.0,2351000.0,24.21,9.949,9.869,4593000.0,-276290000.0,55118000.0,55118000.0,0.0,,,,,638000.0,4245000.0,1.0,83880873.0,83208660.0,83412391.0,0.662,1912726000.0,0.0,231000.0,0.0,22.987,
62,O,MRQ,2005-12-31,2005-12-31,2005-12-31,2021-08-03,0.0,1920988000.0,,,,,12.237,-65484000.0,65704000.0,65704000.0,989000.0,27828000.0,,0.942,891700000.0,,,891700000.0,0.0,12904000.0,0.0,0.063,0.348,39907000.0,52811000.0,0.998,52811000.0,39907000.0,28038000.0,0.31,0.31,0.31,989214000.0,,989214000.0,2577712216.0,18.0,13.793,-26182000.0,-0.324,1.0,51908000.0,0.981,17206000.0,11869000.0,2729778000.0,,0.0,0.0,,,931774000.0,,,1809456216.0,63460000.0,0.0,-270357000.0,391466000.0,-29032000.0,89726000.0,-65568000.0,0.0,39302000.0,0.0,27828000.0,25477000.0,25477000.0,0.0,0.0,0.482,16398000.0,35510000.0,30512000.0,1.123,1.829,20.169,19.304,1802046000.0,2351000.0,21.62,9.258,8.844,5044000.0,-268890000.0,52897000.0,52897000.0,0.0,,,,,2156000.0,3494000.0,1.0,83693627.0,80840196.0,81653264.0,0.654,1903782000.0,0.0,210000.0,0.0,23.55,
63,O,MRQ,2005-09-30,2005-09-30,2005-09-30,2021-08-03,0.0,1798707000.0,,,,,12.437,-209161000.0,2244000.0,2244000.0,1002000.0,23122000.0,,0.813,770500000.0,,,770500000.0,0.0,11210000.0,0.0,0.053,0.342,33552000.0,44762000.0,0.916,44762000.0,33552000.0,23324000.0,0.26,0.26,0.26,992251000.0,,992251000.0,2536395339.0,19.0,14.135,-196242000.0,-2.46,1.0,47885000.0,0.98,17206000.0,10228000.0,2549757000.0,,0.0,0.0,,,806456000.0,,,1903543339.0,296000.0,0.0,363436000.0,-136323000.0,-26867000.0,197896000.0,-210519000.0,0.0,12919000.0,0.0,23122000.0,20771000.0,20771000.0,0.0,0.0,0.425,15392000.0,32493000.0,26800000.0,1.315,1.918,21.497,21.348,1748737000.0,2351000.0,23.91,10.18,10.201,3587000.0,-265283000.0,48887000.0,48887000.0,0.0,,,,,4000.0,4166000.0,1.0,79612854.0,79779808.0,79843553.0,0.613,1781501000.0,0.0,202000.0,0.0,22.33,
64,O,MRQ,2005-06-30,2005-06-30,2005-06-30,2021-08-03,0.0,1571583000.0,,,,,11.377,-52196000.0,1948000.0,1948000.0,1008000.0,24666000.0,,0.735,634800000.0,,,634800000.0,0.0,11140000.0,0.0,0.05,0.333,34662000.0,45802000.0,0.97,45802000.0,34662000.0,24869000.0,0.28,0.28,0.28,905581000.0,,905581000.0,2564772054.0,19.0,14.351,-30328000.0,-0.381,1.0,46207000.0,0.979,17206000.0,9793000.0,2187229000.0,,0.0,0.0,,,666002000.0,,,1992748054.0,-9128000.0,0.0,31000.0,51702000.0,-26414000.0,22968000.0,-53964000.0,0.0,21868000.0,0.0,24666000.0,22315000.0,22315000.0,0.0,0.0,0.473,14869000.0,31338000.0,23571000.0,1.189,2.201,22.199,21.965,1522898000.0,2351000.0,25.04,10.964,10.966,3539000.0,-258367000.0,47215000.0,47215000.0,0.0,,,,,-534000.0,3706000.0,1.0,79582590.0,79597321.0,79676168.0,0.593,1554377000.0,0.0,203000.0,0.0,19.528,
65,O,MRQ,2005-03-31,2005-03-31,2005-03-31,2021-08-03,0.0,1523222000.0,,,,,11.424,-68206000.0,11076000.0,11076000.0,845000.0,23503000.0,,0.675,583100000.0,,,583100000.0,0.0,10748000.0,0.0,0.054,0.331,32759000.0,43507000.0,0.935,43507000.0,32759000.0,23701000.0,0.27,0.27,0.27,909139000.0,,909139000.0,2322306714.0,17.0,13.018,-32738000.0,-0.411,1.0,45708000.0,0.982,17206000.0,9058000.0,2078040000.0,,0.0,0.0,,,614083000.0,,,1820847714.0,8935000.0,0.0,49000.0,76521000.0,-26262000.0,47957000.0,-74490000.0,0.0,35468000.0,0.0,23503000.0,21152000.0,21152000.0,0.0,0.0,0.454,14804000.0,30904000.0,23894000.0,1.226,2.003,20.482,20.248,1469155000.0,2351000.0,22.88,10.208,10.208,3512000.0,-254216000.0,46553000.0,46553000.0,0.0,,,,,541000.0,4056000.0,1.0,79582505.0,79581517.0,79659364.0,0.585,1506016000.0,0.0,198000.0,0.0,18.924,
66,O,MRQ,2004-12-31,2004-12-31,2004-12-31,2021-08-03,0.0,1442315000.0,,,,,11.521,-22072000.0,2141000.0,2141000.0,853000.0,26556000.0,,0.578,503600000.0,,,503600000.0,0.0,10040000.0,0.0,0.047,0.274,35333000.0,45373000.0,1.023,45373000.0,35333000.0,26734000.0,0.31,0.31,0.31,913735000.0,,913735000.0,2520450165.0,18.0,14.166,14439000.0,0.182,1.0,43479000.0,0.981,17206000.0,8599000.0,1926568000.0,,0.0,0.0,,,528580000.0,,,2005533165.0,-6342000.0,0.0,-132000.0,-19828000.0,-26021000.0,-20781000.0,-22072000.0,0.0,36511000.0,0.0,26556000.0,24312000.0,24312000.0,0.0,0.0,0.548,14252000.0,29227000.0,18694000.0,0.884,2.195,22.242,21.991,1406710000.0,2244000.0,25.29,11.589,11.474,4075000.0,-249025000.0,44332000.0,44332000.0,0.0,,,,,-1061000.0,3496000.0,1.0,79301430.0,79306972.0,79389702.0,0.559,1425109000.0,0.0,178000.0,0.0,17.97,
67,O,MRQ,2004-09-30,2004-09-30,2004-09-30,2021-08-03,0.0,1437644000.0,,,,,11.2,-26572000.0,8483000.0,8483000.0,756000.0,25203000.0,,0.619,523400000.0,,,523400000.0,0.0,10098000.0,0.0,0.054,0.319,33932000.0,44030000.0,1.009,44030000.0,33932000.0,25380000.0,0.28,0.28,0.28,887930000.0,,887930000.0,2249604450.0,16.0,12.787,11296000.0,0.142,1.0,42899000.0,0.983,17206000.0,8552000.0,1935355000.0,,0.0,0.0,,,549714000.0,,,1784644450.0,-6557000.0,0.0,319000.0,43400000.0,-24674000.0,-17853000.0,-26572000.0,0.0,37868000.0,0.0,25203000.0,21988000.0,21988000.0,0.0,0.0,0.504,13342000.0,29557000.0,21001000.0,1.139,2.01,19.63,19.081,1398129000.0,3215000.0,22.515,10.694,10.696,2614000.0,-247266000.0,43655000.0,43655000.0,0.0,,,,,366000.0,3202000.0,1.0,79264688.0,79280944.0,79349986.0,0.551,1420438000.0,0.0,177000.0,0.0,17.917,
68,O,MRQ,2004-06-30,2004-06-30,2004-06-30,2021-08-03,0.0,1424863000.0,,,,,11.655,-10979000.0,15040000.0,15040000.0,749000.0,26788000.0,,0.543,480000000.0,,,480000000.0,0.0,9996000.0,0.0,0.057,0.303,35484000.0,45480000.0,1.038,45480000.0,35484000.0,26979000.0,0.27,0.27,0.27,923584000.0,,923584000.0,2160721647.0,16.0,12.95,40672000.0,0.513,1.0,43084000.0,0.983,17206000.0,8505000.0,1872617000.0,,0.0,0.0,,,501279000.0,,,1653071647.0,9490000.0,0.0,233000.0,-33200000.0,-23923000.0,-31182000.0,-10979000.0,0.0,51651000.0,0.0,26788000.0,21446000.0,21446000.0,0.0,0.0,0.489,13268000.0,29816000.0,16480000.0,1.122,1.79,19.039,18.065,1377680000.0,5342000.0,20.865,10.364,10.367,2924000.0,-243932000.0,43833000.0,43833000.0,0.0,,,,,357000.0,3260000.0,1.0,79227014.0,79245656.0,79323180.0,0.553,1407657000.0,0.0,191000.0,0.0,17.763,
69,O,MRQ,2004-03-31,2004-03-31,2004-03-31,2021-08-03,0.0,1433334000.0,,,,,11.747,-101246000.0,5550000.0,5550000.0,707000.0,24851000.0,,0.601,513200000.0,,,513200000.0,0.0,9562000.0,0.0,0.053,0.301,33480000.0,43042000.0,1.038,43042000.0,33480000.0,25004000.0,0.29,0.29,0.29,895458000.0,,895458000.0,2382744923.0,19.0,15.207,-48939000.0,-0.642,1.0,40749000.0,0.983,17206000.0,8476000.0,1923778000.0,,0.0,0.0,,,537876000.0,,,1881181923.0,713000.0,0.0,68082000.0,6800000.0,-22802000.0,49652000.0,-101246000.0,0.0,52307000.0,0.0,24851000.0,22423000.0,22423000.0,0.0,0.0,0.541,12722000.0,28027000.0,18493000.0,1.038,2.101,22.518,19.498,1394441000.0,2428000.0,22.325,12.452,11.265,3216000.0,-241401000.0,41456000.0,41456000.0,0.0,,,,,352000.0,3160000.0,1.0,84263468.0,76228344.0,76321278.0,0.544,1416128000.0,0.0,153000.0,0.0,18.577,
70,O,MRQ,2003-12-31,2003-12-31,2003-12-31,2021-08-03,0.0,1360257000.0,,,,,11.638,-179508000.0,4837000.0,4837000.0,620000.0,27483000.0,,0.643,506400000.0,,,506400000.0,0.0,8379000.0,0.0,0.059,0.299,35001000.0,43380000.0,1.143,43380000.0,35001000.0,27599000.0,0.34,0.345,0.34,827766000.0,,827766000.0,1935968080.0,17.0,13.298,-166391000.0,-2.339,1.0,37319000.0,0.984,17206000.0,7402000.0,1844614000.0,,0.0,0.0,,,532491000.0,,,1516377080.0,-872000.0,0.0,111016000.0,78961000.0,-22030000.0,165519000.0,-179508000.0,0.0,13117000.0,0.0,27483000.0,25055000.0,25055000.0,0.0,0.0,0.66,11240000.0,26079000.0,19061000.0,0.879,1.832,19.765,18.519,1320645000.0,2428000.0,20.0,10.569,9.915,3950000.0,-240632000.0,37939000.0,37939000.0,0.0,,,,,244000.0,2861000.0,1.0,75818854.0,71128282.0,,0.533,1343051000.0,0.0,116000.0,0.0,18.882,
71,O,MRQ,2003-09-30,2003-09-30,2003-09-30,2021-08-03,0.0,1161044000.0,,,,,10.195,-23182000.0,5709000.0,5709000.0,655000.0,20329000.0,,0.626,425300000.0,,,425300000.0,0.0,7934000.0,0.0,0.059,0.297,27021000.0,34955000.0,0.964,34955000.0,27021000.0,20443000.0,0.255,0.255,0.255,714101000.0,,714101000.0,1766060277.0,17.0,13.154,-19160000.0,-0.274,1.0,35616000.0,0.982,17206000.0,6578000.0,1563429000.0,,0.0,0.0,,,446943000.0,,,1388679277.0,990000.0,0.0,-98377000.0,141706000.0,-20750000.0,20150000.0,-23182000.0,0.0,4022000.0,0.0,20329000.0,17901000.0,17901000.0,0.0,0.0,0.494,10626000.0,24990000.0,15384000.0,1.165,1.945,20.025,19.925,1121689000.0,2428000.0,19.825,10.297,10.297,3384000.0,-243037000.0,36271000.0,36271000.0,0.0,,,,,246000.0,2544000.0,1.0,70046874.0,70046874.0,,0.518,1143838000.0,0.0,114000.0,0.0,16.33,
72,O,MRQ,2003-06-30,2003-06-30,2003-06-30,2021-08-03,0.0,1119114000.0,,,,,10.234,-28999000.0,4719000.0,4719000.0,566000.0,20590000.0,,0.562,382100000.0,,,382100000.0,0.0,8043000.0,0.0,0.062,0.298,27272000.0,35315000.0,0.997,35315000.0,27272000.0,20726000.0,0.26,0.26,0.26,716620000.0,,716620000.0,1684477007.0,16.0,12.461,-3172000.0,-0.045,1.0,34844000.0,0.984,17206000.0,6546000.0,1479289000.0,,0.0,0.0,,,402494000.0,,,1333283007.0,1113000.0,0.0,25000.0,27300000.0,-20612000.0,4285000.0,-28999000.0,0.0,25827000.0,0.0,20590000.0,18162000.0,18162000.0,0.0,0.0,0.513,10723000.0,24121000.0,14309000.0,1.146,1.861,18.821,18.667,1082337000.0,2428000.0,19.04,9.952,9.952,3279000.0,-240141000.0,35410000.0,35410000.0,0.0,,,,,240000.0,2636000.0,1.0,70025368.0,70025368.0,,0.506,1101908000.0,0.0,136000.0,0.0,15.736,
73,O,MRQ,2003-03-31,2003-03-31,2003-03-31,2021-08-03,0.0,1093926000.0,,,,,10.278,-28125000.0,3606000.0,3606000.0,608000.0,18034000.0,,0.522,354800000.0,,,354800000.0,0.0,7875000.0,0.0,0.065,0.293,24056000.0,31931000.0,0.92,31931000.0,24056000.0,18169000.0,0.225,0.225,0.225,718744000.0,,718744000.0,1580729988.0,15.0,11.97,2866000.0,0.041,1.0,34092000.0,0.982,17206000.0,5887000.0,1427914000.0,,0.0,0.0,,,375182000.0,,,1249950988.0,-5315000.0,0.0,99597000.0,-84900000.0,-20450000.0,-8181000.0,-28125000.0,0.0,30991000.0,0.0,18034000.0,15606000.0,15606000.0,0.0,0.0,0.45,10450000.0,23642000.0,14584000.0,1.302,1.739,18.196,17.875,1057583000.0,2428000.0,17.875,9.445,9.445,3343000.0,-237644000.0,34700000.0,34700000.0,0.0,,,,,221000.0,2575000.0,1.0,69927328.0,69927328.0,,0.496,1076720000.0,0.0,135000.0,0.0,15.398,
74,O,MRQ,2002-12-31,2002-12-31,2002-12-31,2021-08-03,0.0,1080230000.0,,,,,10.359,-13822000.0,8921000.0,8921000.0,306000.0,20108000.0,,0.495,339700000.0,,,339700000.0,0.0,7034000.0,0.0,0.066,0.291,25030000.0,32064000.0,1.126,32064000.0,25030000.0,19215000.0,0.255,0.25,0.255,722455000.0,,722455000.0,1544301595.0,15.0,11.731,15704000.0,0.225,1.0,28171000.0,0.989,17206000.0,5815000.0,1393803000.0,,0.0,0.0,,,357775000.0,,,1220492595.0,530000.0,0.0,24000.0,7500000.0,-20269000.0,-15174000.0,-13822000.0,0.0,29526000.0,0.0,20108000.0,17679000.0,17679000.0,6719000.0,0.0,0.621,9027000.0,19144000.0,11848000.0,1.141,1.689,17.7,17.157,1038178000.0,2429000.0,17.5,9.394,9.394,4408000.0,-232731000.0,28477000.0,28477000.0,0.0,,,,,156000.0,1993000.0,1.0,69742434.0,69742434.0,,0.408,1063024000.0,0.0,-893000.0,0.0,15.242,
75,O,MRQ,2002-09-30,2002-09-30,2002-09-30,2021-08-03,0.0,1075654000.0,,,,,10.394,-20525000.0,8391000.0,8391000.0,760000.0,21820000.0,,0.484,332200000.0,,,332200000.0,0.0,7627000.0,0.0,0.067,0.289,28242000.0,35869000.0,1.014,35869000.0,28242000.0,22323000.0,0.28,0.28,0.28,724907000.0,,724907000.0,1555364197.0,15.0,11.774,15894000.0,0.228,1.0,34618000.0,0.979,17206000.0,5919000.0,1382257000.0,,0.0,0.0,,,350747000.0,,,1190806197.0,-12851000.0,0.0,49004000.0,-53600000.0,-19839000.0,-28745000.0,-20525000.0,0.0,36419000.0,0.0,21820000.0,19392000.0,19392000.0,-3676000.0,0.0,0.548,10052000.0,24566000.0,13659000.0,1.032,1.643,17.702,16.906,1037207000.0,2428000.0,17.075,9.042,9.042,3116000.0,-230096000.0,35378000.0,35378000.0,0.0,,,,,155000.0,2302000.0,1.0,69739748.0,69739748.0,,0.507,1058448000.0,0.0,503000.0,0.0,15.177,
76,O,MRQ,2002-06-30,2002-06-30,2002-06-30,2021-08-03,0.0,1080320000.0,,,,,10.153,-75300000.0,21242000.0,21242000.0,525000.0,18445000.0,,0.597,385800000.0,,,385800000.0,0.0,7352000.0,0.0,0.062,0.288,24846000.0,32198000.0,0.953,32198000.0,24846000.0,19043000.0,0.24,0.24,0.24,676528000.0,,676528000.0,1529950328.0,16.0,12.216,-43507000.0,-0.653,1.0,33257000.0,0.984,17206000.0,5803000.0,1427672000.0,,0.0,0.0,,,403792000.0,,,1230080328.0,17512000.0,0.0,88000.0,82200000.0,-19114000.0,61019000.0,-75300000.0,0.0,31793000.0,0.0,18445000.0,16017000.0,16017000.0,-1353000.0,0.0,0.474,9764000.0,23493000.0,13874000.0,1.2,1.818,21.265,18.646,1028121000.0,2428000.0,18.46,10.216,10.216,3284000.0,-229307000.0,33782000.0,33782000.0,0.0,,,,,153000.0,2348000.0,1.0,66634904.0,66634904.0,,0.507,1063114000.0,0.0,598000.0,0.0,15.954,
77,O,MRQ,2002-03-31,2002-03-31,2002-03-31,2021-08-03,0.0,1001581000.0,,,,,10.225,-5052000.0,3730000.0,3730000.0,616000.0,18294000.0,,0.474,303600000.0,,,303600000.0,0.0,7321000.0,0.0,0.068,0.286,24187000.0,31508000.0,0.948,31508000.0,24187000.0,18582000.0,0.24,0.24,0.24,679431000.0,,679431000.0,1415832184.0,15.0,11.668,22017000.0,0.331,1.0,32622000.0,0.981,17206000.0,5605000.0,1284245000.0,,0.0,0.0,,,322150000.0,,,1102999184.0,1263000.0,0.0,10585000.0,-11700000.0,-18820000.0,-20754000.0,-5052000.0,0.0,27069000.0,0.0,18294000.0,15866000.0,15866000.0,-935000.0,0.0,0.477,9710000.0,22912000.0,14205000.0,1.192,1.623,19.127,17.849,966282000.0,2428000.0,16.6,9.044,9.044,3294000.0,-226164000.0,33238000.0,33238000.0,0.0,,,,,131000.0,2389000.0,1.0,66445734.0,66445734.0,,0.5,984375000.0,0.0,288000.0,0.0,14.815,
78,O,MRQ,2001-12-31,2001-12-31,2001-12-31,2021-08-03,0.0,1003708000.0,,,,,10.247,-51067000.0,2467000.0,2467000.0,561000.0,18423000.0,,0.494,315300000.0,,,315300000.0,0.0,6568000.0,0.0,0.076,0.284,25955000.0,32523000.0,1.11,32523000.0,25955000.0,20215000.0,0.25,0.25,0.25,671793000.0,,671793000.0,1279582451.0,13.0,10.357,-24658000.0,-0.376,1.0,28740000.0,0.981,17206000.0,5740000.0,1299335000.0,,0.0,0.0,,,331915000.0,,,963706451.0,-9157000.0,0.0,79627000.0,-12200000.0,-17966000.0,45151000.0,-80717000.0,0.0,26409000.0,0.0,18423000.0,15995000.0,15995000.0,-3263000.0,0.0,0.546,6225000.0,22515000.0,12072000.0,1.136,1.435,16.66,14.848,967670000.0,2428000.0,14.7,8.023,8.023,4857000.0,-223080000.0,29301000.0,29301000.0,0.0,,,,,73000.0,2020000.0,1.0,65558262.0,65558262.0,,0.447,986502000.0,0.0,1792000.0,0.0,15.048,
79,O,MRQ,2001-09-30,2001-09-30,2001-09-30,2021-08-03,0.0,941495000.0,,,,,10.016,-27243000.0,11624000.0,11624000.0,479000.0,12396000.0,,0.579,327500000.0,,,327500000.0,0.0,7294000.0,0.0,0.076,0.282,21714000.0,29008000.0,1.204,29008000.0,21714000.0,12396000.0,0.26,0.26,0.26,596170000.0,,596170000.0,1162108894.0,12.0,9.354,-14321000.0,-0.241,1.0,23609000.0,0.98,17437000.0,9318000.0,1239934000.0,,0.0,0.0,,,345325000.0,,,863088894.0,10444000.0,0.0,6633000.0,27300000.0,-16716000.0,14789000.0,-17267000.0,0.0,12922000.0,0.0,12396000.0,9968000.0,9968000.0,1440000.0,0.0,0.414,9036000.0,14573000.0,13617000.0,1.085,1.448,15.389,14.356,895779000.0,2428000.0,14.5,7.196,7.196,3606000.0,-220510000.0,24088000.0,24088000.0,0.0,,,,,83000.0,1083000.0,1.0,59523372.0,59523372.0,,0.405,924058000.0,0.0,0.0,0.0,15.524,
80,O,MRQ,2001-06-30,2001-06-30,2001-06-30,2021-08-03,0.0,909325000.0,,,,,10.04,-6896000.0,1180000.0,1180000.0,620000.0,18266000.0,,0.537,300200000.0,,,300200000.0,0.0,6692000.0,0.0,0.074,0.28,21615000.0,28307000.0,0.801,28307000.0,21615000.0,18266000.0,0.18,0.18,0.18,591778000.0,,591778000.0,1245433662.0,13.0,10.152,11992000.0,0.203,1.0,34713000.0,0.982,17668000.0,3349000.0,1190677000.0,,0.0,0.0,,,317547000.0,,,871125662.0,-812000.0,0.0,78523000.0,-76100000.0,-15419000.0,-15424000.0,-4276000.0,0.0,18888000.0,0.0,18266000.0,15838000.0,15838000.0,-2496000.0,0.0,0.448,9983000.0,24730000.0,13391000.0,1.556,1.472,15.545,15.807,873234000.0,2428000.0,14.78,6.928,6.928,3270000.0,-218465000.0,35333000.0,35333000.0,0.0,,,,,78000.0,2696000.0,1.0,58939490.0,58939490.0,,0.599,891657000.0,0.0,0.0,0.0,15.128,
81,O,MRQ,2001-03-31,2001-03-31,2001-03-31,2021-08-03,0.0,912828000.0,,,,,9.73,-7542000.0,1992000.0,1992000.0,623000.0,18473000.0,,0.763,376300000.0,,,376300000.0,0.0,7173000.0,0.0,0.082,0.278,26532000.0,33705000.0,1.073,33705000.0,26532000.0,18473000.0,0.3,0.3,0.3,517893000.0,,517893000.0,1105423617.0,12.0,9.095,24274000.0,0.456,1.0,30778000.0,0.98,17899000.0,8059000.0,1269237000.0,,0.0,0.0,,,394935000.0,,,705238617.0,-1823000.0,0.0,-135000.0,-27700000.0,-14770000.0,-43151000.0,9512000.0,0.0,31816000.0,0.0,18473000.0,16045000.0,16045000.0,-126000.0,0.0,0.511,10323000.0,20455000.0,14381000.0,0.927,1.362,13.927,13.947,875159000.0,2428000.0,13.25,5.934,5.934,3696000.0,-213498000.0,31401000.0,31401000.0,0.0,,,,,67000.0,2041000.0,1.0,53225556.0,53225556.0,,0.59,894929000.0,0.0,0.0,0.0,16.814,
82,O,MRQ,2000-12-31,2000-12-31,2000-12-31,2021-08-03,0.0,934766000.0,,,,,9.704,-8334000.0,3815000.0,3815000.0,482000.0,16662000.0,,0.813,404000000.0,,,404000000.0,0.0,7820000.0,0.0,0.087,0.266,25396000.0,33216000.0,1.141,33216000.0,25396000.0,16662000.0,0.27,0.27,0.27,515569000.0,,515569000.0,1071903353.0,12.0,9.349,8113000.0,0.153,1.0,28631000.0,0.983,18130000.0,8734000.0,1316821000.0,,0.0,0.0,,,419197000.0,,,660900353.0,-1482000.0,0.0,-836000.0,-12300000.0,-14650000.0,-32131000.0,14202000.0,0.0,16447000.0,0.0,16662000.0,14234000.0,14234000.0,-1804000.0,0.0,0.489,9920000.0,18711000.0,10883000.0,0.985,1.282,14.662,14.722,894278000.0,2428000.0,12.44,5.708,5.708,5053000.0,-214731000.0,29113000.0,29113000.0,0.0,,,,,194000.0,1847000.0,1.0,53127038.0,53127038.0,,0.548,916636000.0,0.0,0.0,0.0,17.254,
83,O,MRQ,2000-09-30,2000-09-30,2000-09-30,2021-08-03,0.0,953029000.0,,,,,9.695,-25896000.0,5297000.0,5297000.0,536000.0,12351000.0,,0.844,416300000.0,,,416300000.0,0.0,6913000.0,0.0,0.093,0.275,20535000.0,27448000.0,0.918,27448000.0,20535000.0,12351000.0,0.185,0.185,0.185,516882000.0,,516882000.0,1011221451.0,13.0,9.448,-4428000.0,-0.083,1.0,29349000.0,0.982,18360000.0,8184000.0,1345672000.0,,0.0,0.0,,,436147000.0,,,621370451.0,2848000.0,0.0,-1284000.0,24000000.0,-14594000.0,7576000.0,-26196000.0,0.0,21468000.0,0.0,12351000.0,9923000.0,9923000.0,0.0,0.0,0.332,9045000.0,20304000.0,14964000.0,1.486,1.202,15.102,15.136,912020000.0,2428000.0,11.655,5.501,5.501,3558000.0,-214288000.0,29885000.0,29885000.0,0.0,,,,,0.0,1724000.0,1.0,53313638.0,53313638.0,,0.561,934669000.0,0.0,0.0,0.0,17.532,
84,O,MRQ,2000-06-30,2000-06-30,2000-06-30,2021-08-03,0.0,928392000.0,,,,,9.786,-8482000.0,2449000.0,2449000.0,466000.0,12863000.0,,0.776,392300000.0,,,392300000.0,0.0,6844000.0,0.0,0.091,0.271,20334000.0,27178000.0,0.956,27178000.0,20334000.0,12863000.0,0.195,0.195,0.195,522856000.0,,522856000.0,994712413.0,13.0,9.43,-7980000.0,-0.149,1.0,27975000.0,0.984,18591000.0,7471000.0,1299652000.0,,0.0,0.0,,,405536000.0,,,629915413.0,346000.0,0.0,-3212000.0,25400000.0,-14534000.0,5226000.0,-5382000.0,0.0,502000.0,0.0,12863000.0,10435000.0,10435000.0,0.0,0.0,0.367,8579000.0,19396000.0,9710000.0,1.39,1.205,14.926,15.019,889627000.0,2428000.0,11.79,5.728,5.728,3048000.0,-209595000.0,28441000.0,28441000.0,0.0,,,,,0.0,1699000.0,1.0,53427940.0,53427940.0,,0.532,909801000.0,0.0,0.0,0.0,17.029,
85,O,MRQ,2000-03-31,2000-03-31,2000-03-31,2021-08-03,0.0,911721000.0,,,,,9.883,-13430000.0,2103000.0,2103000.0,515000.0,12912000.0,,0.72,366900000.0,,,366900000.0,0.0,6748000.0,0.0,0.11,0.27,20070000.0,26818000.0,0.946,26818000.0,20070000.0,12912000.0,0.195,0.195,0.195,529918000.0,,529918000.0,864488122.0,12.0,8.558,4743000.0,0.088,1.0,27840000.0,0.982,18822000.0,7158000.0,1257696000.0,,0.0,0.0,,,381803000.0,,,516061122.0,1330000.0,0.0,-951000.0,17700000.0,-14484000.0,-163000.0,-16680000.0,0.0,18173000.0,0.0,12912000.0,10484000.0,10484000.0,0.0,0.0,0.37,8432000.0,19408000.0,11062000.0,1.385,0.974,12.415,12.419,868604000.0,2428000.0,9.625,4.848,4.848,3180000.0,-205487000.0,28355000.0,28355000.0,0.0,,,,,0.0,1574000.0,1.0,53616740.0,53616740.0,,0.529,892899000.0,0.0,0.0,0.0,16.653,
86,O,MRQ,1999-12-31,1999-12-31,1999-12-31,2021-08-03,0.0,905404000.0,,,,,9.97,-18385000.0,773000.0,773000.0,460000.0,12740000.0,,0.693,349200000.0,,,349200000.0,0.0,6398000.0,0.0,0.102,0.268,19188000.0,25586000.0,0.973,25586000.0,19188000.0,12740000.0,0.195,0.195,0.195,534831000.0,,534831000.0,882944243.0,12.0,9.188,-2104000.0,-0.039,1.0,25823000.0,0.982,19053000.0,6448000.0,1234778000.0,,0.0,0.0,,,370573000.0,,,553341243.0,-2124000.0,0.0,-99679000.0,16700000.0,-14283000.0,-20000.0,-18385000.0,0.0,16281000.0,0.0,12740000.0,10303000.0,10303000.0,-1866000.0,0.0,0.392,8211000.0,17612000.0,17620000.0,1.374,1.035,13.492,13.484,867093000.0,2437000.0,10.315,5.421,5.421,3407000.0,-201459000.0,26283000.0,26283000.0,0.0,,,,,0.0,1389000.0,1.0,53644328.0,53644328.0,,0.49,886351000.0,0.0,0.0,0.0,16.523,
87,O,MRQ,1999-09-30,1999-09-30,1999-09-30,2021-08-03,0.0,890342000.0,,,,,10.045,-61304000.0,2897000.0,2897000.0,478000.0,13144000.0,,0.652,332500000.0,,,332500000.0,0.0,6660000.0,0.0,0.089,0.264,19244000.0,25904000.0,0.963,25904000.0,19244000.0,13144000.0,0.2,0.2,0.2,538877000.0,,538877000.0,926881082.0,14.0,10.115,-39997000.0,-0.746,1.0,26422000.0,0.982,19284000.0,6100000.0,1200661000.0,,0.0,0.0,,,351465000.0,,,620399082.0,-13921000.0,0.0,33121000.0,9200000.0,-14082000.0,26076000.0,-61304000.0,0.0,21307000.0,0.0,13144000.0,10981000.0,10981000.0,0.0,0.0,0.408,8414000.0,18008000.0,15498000.0,1.32,1.151,15.026,15.118,851358000.0,2163000.0,11.565,6.244,6.244,2268000.0,-197412000.0,26900000.0,26900000.0,0.0,,,,,0.0,1754000.0,1.0,53644538.0,53644538.0,,0.501,871058000.0,0.0,0.0,0.0,16.238,
88,O,MRQ,1999-06-30,1999-06-30,1999-06-30,2021-08-03,0.0,849466000.0,,,,,9.487,-45251000.0,16818000.0,16818000.0,437000.0,10428000.0,,0.669,323300000.0,,,323300000.0,0.0,6237000.0,0.0,0.086,0.26,16473000.0,22710000.0,0.912,22710000.0,16473000.0,10428000.0,0.185,0.185,0.185,508934000.0,,508934000.0,965234366.0,16.0,11.285,-30323000.0,-0.565,1.0,24465000.0,0.982,19515000.0,6045000.0,1136433000.0,,0.0,0.0,,,340532000.0,,,637028366.0,11124000.0,0.0,66558000.0,-10601000.0,-13881000.0,41447000.0,-45251000.0,0.0,14928000.0,0.0,10428000.0,9799000.0,9799000.0,0.0,0.0,0.394,7992000.0,16473000.0,13936000.0,1.405,1.252,15.613,15.625,795647000.0,629000.0,11.875,6.746,6.746,2320000.0,-194244000.0,24902000.0,24902000.0,0.0,,,,,0.0,1755000.0,1.0,53644494.0,53644494.0,,0.464,829951000.0,0.0,0.0,0.0,15.471,
89,O,MRQ,1999-03-31,1999-03-31,1999-03-31,2021-08-03,0.0,796539000.0,,,,,8.324,-39685000.0,5694000.0,5694000.0,441000.0,9929000.0,,0.784,333900000.0,,,333900000.0,0.0,6090000.0,0.0,0.096,0.257,15809000.0,21899000.0,0.913,21899000.0,15809000.0,9929000.0,0.185,0.185,0.185,446521000.0,,446521000.0,855535846.0,15.0,10.515,-20047000.0,-0.374,1.0,23545000.0,0.982,19746000.0,5880000.0,1104999000.0,,0.0,0.0,,,350018000.0,,,563268846.0,3161000.0,0.0,0.0,38600000.0,-13679000.0,24921000.0,-41398000.0,0.0,19638000.0,0.0,9929000.0,9929000.0,9929000.0,0.0,0.0,0.414,7736000.0,15809000.0,12623000.0,1.389,1.261,13.635,13.636,753415000.0,0.0,10.5,6.266,6.266,2064000.0,-190095000.0,23986000.0,23986000.0,0.0,,,,,0.0,1646000.0,1.0,53644652.0,53644652.0,,0.447,776793000.0,0.0,0.0,0.0,14.48,
90,O,MRQ,1998-12-31,1998-12-31,1998-12-31,2021-08-03,0.0,759234000.0,,,,,8.394,-55804000.0,2533000.0,2533000.0,394000.0,10579000.0,,0.686,294800000.0,,,294800000.0,0.0,5852000.0,0.0,0.08,0.253,15265000.0,21117000.0,0.896,21117000.0,15265000.0,10579000.0,0.195,0.195,0.195,450209000.0,,450209000.0,891419035.0,16.0,11.583,-41803000.0,-0.779,1.0,23180000.0,0.983,19977000.0,4686000.0,1031524000.0,,0.0,0.0,,,309025000.0,,,667207035.0,-255000.0,0.0,-13000.0,55036000.0,-13475000.0,41548000.0,-55804000.0,0.0,14001000.0,0.0,10579000.0,10579000.0,10579000.0,0.0,0.0,0.449,8215000.0,14965000.0,8595000.0,1.297,1.482,16.154,16.052,718280000.0,0.0,12.44,7.837,7.837,2973000.0,-186277000.0,23574000.0,23574000.0,0.0,,,,,0.0,1548000.0,1.0,53634006.0,53634006.0,,0.44,739257000.0,0.0,0.0,0.0,13.783,
91,O,MRQ,1998-09-30,1998-09-30,1998-09-30,2021-08-03,0.0,697599000.0,,,,,8.443,-34770000.0,2788000.0,2788000.0,497000.0,10493000.0,,0.539,227000000.0,,,227000000.0,0.0,5630000.0,0.0,0.078,0.249,14175000.0,19805000.0,0.901,19805000.0,14175000.0,10493000.0,0.195,0.195,0.195,453181000.0,,453181000.0,862492640.0,17.0,11.768,-16147000.0,-0.301,1.0,21472000.0,0.977,20208000.0,3682000.0,901603000.0,,0.0,0.0,,,244418000.0,,,667708640.0,-328000.0,0.0,0.0,29100000.0,-13281000.0,15819000.0,-34770000.0,0.0,18623000.0,0.0,10493000.0,10493000.0,10493000.0,0.0,0.0,0.478,7297000.0,14175000.0,12786000.0,1.277,1.473,16.375,15.949,670448000.0,0.0,12.44,8.242,8.242,1374000.0,-183314000.0,21969000.0,21969000.0,0.0,,,,,0.0,1667000.0,1.0,53674328.0,53674328.0,,0.409,677391000.0,0.0,0.0,0.0,12.62,
92,O,MRQ,1998-06-30,1998-06-30,1998-06-30,2021-08-03,0.0,666021000.0,,,,,8.504,-49131000.0,3116000.0,3116000.0,426000.0,10308000.0,,0.459,197900000.0,,,197900000.0,0.0,5369000.0,0.0,0.073,0.245,13172000.0,18541000.0,0.91,18541000.0,13172000.0,10308000.0,0.195,0.195,0.195,456462000.0,,456462000.0,854235558.0,17.0,12.361,-35369000.0,-0.659,1.0,19941000.0,0.979,20439000.0,2864000.0,840366000.0,,0.0,0.0,,,209559000.0,,,707948558.0,1403000.0,0.0,-45000.0,49900000.0,-25545000.0,36772000.0,-49131000.0,0.0,13762000.0,0.0,10308000.0,10308000.0,10308000.0,0.0,0.0,0.506,6769000.0,13172000.0,7077000.0,1.256,1.551,18.27,17.13,637534000.0,0.0,13.19,9.329,9.329,1826000.0,-180462000.0,20367000.0,20367000.0,0.0,,,,,0.0,1711000.0,1.0,53673128.0,53673128.0,,0.379,645582000.0,0.0,0.0,0.0,12.028,
93,O,MRQ,1998-03-31,1998-03-31,1998-03-31,2021-08-03,0.0,620641000.0,,,,,8.678,-50113000.0,1713000.0,1713000.0,473000.0,9924000.0,,0.351,148000000.0,,,148000000.0,0.0,5084000.0,0.0,0.07,0.241,12415000.0,17499000.0,0.91,17499000.0,12415000.0,9924000.0,0.19,0.19,0.19,459337000.0,,459337000.0,850045966.0,19.0,13.052,-31854000.0,-0.602,1.0,18749000.0,0.975,20669000.0,2491000.0,746259000.0,,0.0,0.0,,,161304000.0,,,719568966.0,-410000.0,0.0,28506000.0,15400000.0,0.0,31444000.0,-50113000.0,0.0,18259000.0,0.0,9924000.0,9924000.0,9924000.0,0.0,0.0,0.516,6334000.0,12415000.0,8494000.0,1.268,1.567,19.709,18.127,592896000.0,0.0,13.595,10.044,10.044,2104000.0,-177619000.0,19222000.0,19222000.0,0.0,,,,,0.0,1465000.0,1.0,52928942.0,52928942.0,,0.363,599972000.0,0.0,0.0,0.0,11.335,
94,O,MRQ,1997-12-31,1997-12-31,1997-12-31,2021-08-03,0.0,577021000.0,,,,,8.187,-25625000.0,2123000.0,2123000.0,523000.0,10051000.0,,0.332,132600000.0,,,132600000.0,0.0,4942000.0,0.0,0.075,0.239,12506000.0,17448000.0,0.897,17448000.0,12506000.0,10051000.0,0.2,0.2,0.2,433315000.0,,433315000.0,,,,-16001000.0,-0.302,1.0,18928000.0,0.973,20901000.0,2455000.0,686597000.0,,0.0,0.0,,,143706000.0,,,673256142.0,-4075000.0,0.0,68707000.0,-45000000.0,-44367000.0,11926000.0,-25625000.0,0.0,9624000.0,0.0,10051000.0,10051000.0,10051000.0,0.0,0.0,0.517,6397000.0,12531000.0,6292000.0,1.195,1.554,19.363,17.189,547591000.0,0.0,12.72,9.916,9.916,3236000.0,-174833000.0,19451000.0,19451000.0,0.0,,,,,0.0,1514000.0,1.0,52928942.0,52928942.0,,0.367,556120000.0,0.0,0.0,0.0,10.507,
95,O,MRQ,1997-09-30,1997-09-30,1997-09-30,2021-08-03,,,,,,,,-56280000.0,,,409000.0,8466000.0,,,,,,,,4706000.0,,0.07,0.237,10916000.0,15622000.0,0.928,15622000.0,10916000.0,8466000.0,0.185,0.185,0.185,,,,,,,-40502000.0,,1.0,16434000.0,0.976,,2450000.0,,,,,,,,,,,3346000.0,0.0,246000.0,54752000.0,0.0,43848000.0,-56280000.0,0.0,15778000.0,0.0,8466000.0,8466000.0,8466000.0,0.0,0.0,0.503,5378000.0,11056000.0,,1.281,,,,,0.0,13.47,,,,,16843000.0,16843000.0,0.0,,,,,0.0,1338000.0,1.0,,,,,,,0.0,,,
96,O,MRQ,1997-06-30,1997-06-30,1997-06-30,2021-08-03,,,,,,,,-37458000.0,,,362000.0,8068000.0,,,,,,,,4484000.0,,0.072,0.237,10077000.0,14561000.0,0.903,14561000.0,10077000.0,8068000.0,0.175,0.175,0.175,,,,,,,-21196000.0,,1.0,15761000.0,0.978,,2009000.0,,,,,,,,,,,-480000.0,0.0,0.0,33800000.0,0.0,20716000.0,-37458000.0,0.0,16262000.0,0.0,8068000.0,8068000.0,8068000.0,0.0,0.0,0.5,5684000.0,10077000.0,,1.354,,,,,0.0,13.125,,,,,16123000.0,16123000.0,0.0,,,,,0.0,1332000.0,1.0,,,,,,,0.0,,,
97,O,MRQ,1997-03-31,1997-03-31,1997-03-31,2021-08-03,,,,,,,,-16594000.0,,,491000.0,8185000.0,,,,,,,,4464000.0,,0.082,0.237,9497000.0,13961000.0,0.902,13961000.0,9497000.0,8185000.0,0.18,0.18,0.18,,,,,,,-5566000.0,,1.0,14989000.0,0.968,,1312000.0,,,,,,,,,,,1773000.0,0.0,0.0,18200000.0,0.0,7339000.0,-16594000.0,0.0,11028000.0,0.0,8185000.0,8185000.0,8185000.0,0.0,0.0,0.529,5492000.0,9497000.0,,1.317,,,,,0.0,11.5,,,,,15480000.0,15480000.0,0.0,,,,,0.0,1253000.0,1.0,,,,,,,0.0,,,
98,O,MRQ,1996-12-31,1996-12-31,1996-12-31,2021-08-03,0.0,454097000.0,,,,,,,1559000.0,1559000.0,,,,0.213,70000000.0,,,70000000.0,0.0,,0.0,0.072,0.235,,,,,,,,,,374241000.0,,374241000.0,,,,,,1.0,,,21834000.0,,500704000.0,,0.0,0.0,,,79856000.0,,,,,,,,,,,,,,,,,,,,,,4791000.0,,,,17.057,426233000.0,,11.94,,,2288000.0,-164743000.0,,,,,,,,,,1.0,,,,,432263000.0,0.0,,0.0,,
0,O,MRT,2021-06-30,2021-06-30,2021-06-30,2021-08-03,-19366000.0,21984941000.0,20872541500.0,,,0.083,31.637,-3543561000.0,231164000.0,231164000.0,112778000.0,362297000.0,,0.854,9165387000.0,,,9165387000.0,0.0,709899000.0,0.0,0.042,2.813,688115000.0,1398014000.0,0.808,1398014000.0,688115000.0,385796000.0,1.0,0.99,1.0,11839532000.0,11207603500.0,11839532000.0,33276885215.0,48.0,23.803,-2361528000.0,-6.31,1.0,1616956000.0,0.935,1969793000.0,302319000.0,28949371000.0,27341487750.0,0.0,0.0,,,10111262000.0,,,24928374215.0,136667000.0,0.0,1034794000.0,1107279000.0,-1013929000.0,2203882000.0,-3254822000.0,300000000.0,1182033000.0,5574000.0,361254000.0,361254000.0,361254000.0,0.0,1043000.0,0.209,888176000.0,728780000.0,350260000.0,2.813,2.106,69.005,66.74,18939854000.0,0.0,66.74,14.412,14.44,327920000.0,-3968333000.0,1729734000.0,1729734000.0,0.0,0.017,0.032,0.025,0.398,14272000.0,75833000.0,1.0,373514747.0,374236424.0,374341023.0,4.622,20015148000.0,0.0,24542000.0,0.0,53.483,
1,O,MRT,2021-03-31,2021-03-31,2021-03-31,2021-08-03,-8484000.0,20979570000.0,20151943000.0,,,0.083,31.048,-2675435000.0,183984000.0,183984000.0,107496000.0,345599000.0,,0.816,8532495000.0,,,8532495000.0,0.0,690438000.0,0.0,0.044,2.807,669240000.0,1359678000.0,0.809,1359678000.0,669240000.0,362754000.0,0.98,0.97,0.98,11534872000.0,10833832750.0,11534872000.0,31703297974.0,47.0,23.317,-1558655000.0,-4.195,1.0,1572592000.0,0.936,1820146000.0,306486000.0,27507935000.0,26462595500.0,0.0,0.0,,,9412557000.0,,,23710306974.0,56173000.0,0.0,678987000.0,843390000.0,-991040000.0,1606679000.0,-2674694000.0,0.0,1116780000.0,7408000.0,344599000.0,344599000.0,344599000.0,0.0,1000000.0,0.205,862832000.0,709760000.0,288830000.0,2.864,2.056,68.806,64.796,18198186000.0,0.0,63.5,14.113,14.042,307017000.0,-3827660000.0,1680088000.0,1680088000.0,0.0,0.017,0.032,0.025,0.398,14682000.0,73047000.0,1.0,373390661.0,371522607.0,371601901.0,4.522,19159424000.0,0.0,18155000.0,0.0,51.57,
2,O,MRT,2020-12-31,2020-12-31,2020-12-31,2021-08-03,-54634000.0,20740285000.0,19606161000.0,,,0.084,31.816,-2032379000.0,824476000.0,824476000.0,104603000.0,396506000.0,,0.885,8817467000.0,,,8817467000.0,0.0,677038000.0,0.0,0.045,2.801,719515000.0,1396553000.0,0.846,1396553000.0,719515000.0,410179000.0,1.15,1.14,1.15,10985483000.0,10547118500.0,10985483000.0,29532167320.0,41.0,21.146,-916836000.0,-2.655,1.0,1547022000.0,0.937,1710655000.0,309336000.0,27022621000.0,25778970000.0,0.0,0.0,,,9722555000.0,,,21821056320.0,779674000.0,0.0,737992000.0,844085000.0,-964167000.0,1692079000.0,-2032379000.0,0.0,1115543000.0,4431000.0,395486000.0,395486000.0,395486000.0,0.0,1020000.0,0.239,821253000.0,725769000.0,327027000.0,2.436,1.986,55.175,54.061,17485156000.0,0.0,62.17,13.212,12.997,285701000.0,-3659933000.0,1651625000.0,1651625000.0,0.0,0.02,0.037,0.028,0.436,16503000.0,73215000.0,1.0,350990129.0,345280126.0,345415258.0,4.783,19029630000.0,0.0,14693000.0,0.0,55.114,
3,O,MRT,2020-09-30,2020-09-30,2020-09-30,2021-08-03,-52446000.0,19785370000.0,19059788750.0,,,0.086,30.22,-2639007000.0,724750000.0,724750000.0,102721000.0,407909000.0,,0.887,8435861000.0,,,8435861000.0,0.0,658591000.0,0.0,0.046,2.78,724426000.0,1383017000.0,0.848,1383017000.0,724426000.0,418781000.0,1.21,1.22,1.21,10470527000.0,10244361750.0,10470527000.0,28800571480.0,40.0,20.824,-1537971000.0,-4.439,1.0,1528357000.0,0.937,1610457000.0,305645000.0,25886024000.0,25250552000.0,0.0,0.0,,,9285582000.0,,,20961139480.0,479722000.0,0.0,490499000.0,1222644000.0,-939011000.0,2030173000.0,-2643563000.0,0.0,1101036000.0,-7924000.0,406852000.0,406852000.0,406852000.0,0.0,1057000.0,0.249,796121000.0,732236000.0,289606000.0,2.298,2.002,51.52,50.207,16782766000.0,0.0,60.75,12.851,12.905,261752000.0,-3527521000.0,1631078000.0,1631078000.0,0.0,0.021,0.04,0.029,0.444,16604000.0,72871000.0,1.0,345039333.0,346476217.0,346749474.0,4.708,18174913000.0,0.0,11929000.0,0.0,52.456,
4,O,MRT,2020-06-30,2020-06-30,2020-06-30,2021-08-03,-53084000.0,19102547000.0,18408422250.0,,,0.087,30.113,-2425157000.0,35345000.0,35345000.0,97665000.0,486041000.0,,0.844,7874777000.0,,,7874777000.0,0.0,638931000.0,0.0,0.046,2.759,796405000.0,1435336000.0,0.897,1435336000.0,796405000.0,494156000.0,1.46,1.47,1.46,10344449000.0,9950084750.0,10344449000.0,27927065392.0,35.0,19.457,-1331239000.0,-3.875,1.0,1503088000.0,0.939,1508177000.0,302249000.0,25433802000.0,24442278000.0,0.0,300000000.0,,,8728628000.0,,,20433255392.0,90426000.0,0.0,709060000.0,679896000.0,-913018000.0,1737779000.0,-2730033000.0,-300000000.0,1093918000.0,-11238000.0,484997000.0,484997000.0,484997000.0,0.0,1044000.0,0.303,696877000.0,806211000.0,282560000.0,1.89,1.975,42.131,40.753,16542862000.0,0.0,59.5,12.765,12.768,255609000.0,-3306588000.0,1600753000.0,1600753000.0,0.0,0.026,0.049,0.033,0.498,16771000.0,72817000.0,1.0,343416057.0,343515406.0,343685259.0,4.66,17594370000.0,0.0,9159000.0,0.0,51.219,
5,O,MRT,2020-03-31,2020-03-31,2020-03-31,2021-08-03,-42572000.0,18796442000.0,17819943000.0,,,0.087,30.859,-3339362000.0,41804000.0,41804000.0,92555000.0,473391000.0,,0.807,7535614000.0,,,7535614000.0,0.0,621029000.0,0.0,0.055,2.738,776739000.0,1397768000.0,0.901,1397768000.0,776739000.0,479843000.0,1.46,1.47,1.46,10388015000.0,9573348000.0,10388015000.0,24482191233.0,32.0,17.515,-2217236000.0,-6.587,1.0,1459012000.0,0.94,1516819000.0,296896000.0,24773433000.0,23701998000.0,0.0,0.0,,,8378803000.0,,,16634655233.0,114823000.0,0.0,1581685000.0,397866000.0,-881412000.0,2360128000.0,-3354706000.0,0.0,1122126000.0,-12725000.0,472367000.0,472367000.0,472367000.0,0.0,1024000.0,0.304,672121000.0,786891000.0,263088000.0,1.875,1.601,35.216,34.151,16591937000.0,0.0,49.86,10.721,10.818,185632000.0,-3173468000.0,1551567000.0,1551567000.0,0.0,0.027,0.049,0.033,0.501,16416000.0,72339000.0,1.0,333627261.0,336624567.0,336976515.0,4.609,17279623000.0,0.0,7476000.0,0.0,51.332,
6,O,MRT,2019-12-31,2019-12-31,2019-12-31,2021-08-03,-17102000.0,18554796000.0,17061559500.0,,,0.087,30.948,-3487206000.0,54011000.0,54011000.0,88585000.0,437478000.0,,0.895,7901547000.0,,,7901547000.0,0.0,593961000.0,0.0,0.037,2.717,733631000.0,1327592000.0,0.89,1327592000.0,733631000.0,442640000.0,1.38,1.38,1.38,9774456000.0,8972318000.0,9774456000.0,30798749732.0,42.0,23.199,-2418269000.0,-7.657,1.0,1403006000.0,0.941,1493383000.0,290991000.0,24908949000.0,22897538250.0,0.0,0.0,,,8750638000.0,,,23997424732.0,49934000.0,0.0,832375000.0,1249076000.0,-852134000.0,2492602000.0,-3501809000.0,0.0,1068937000.0,-9796000.0,436482000.0,436482000.0,436482000.0,0.0,996000.0,0.293,670634000.0,732372000.0,253767000.0,1.969,2.455,54.979,53.355,16496772000.0,0.0,73.63,16.088,15.591,181969000.0,-3082291000.0,1491591000.0,1491591000.0,0.0,0.026,0.049,0.032,0.492,13662000.0,66483000.0,1.0,325919119.0,315837012.0,316159277.0,4.723,17061413000.0,0.0,6158000.0,0.0,54.02,
7,O,MRT,2019-09-30,2019-09-30,2019-09-30,2021-08-03,-13599000.0,17179904000.0,16237981250.0,,,0.088,29.047,-2238513000.0,236064000.0,236064000.0,81064000.0,393228000.0,,0.846,7037389000.0,,,7037389000.0,0.0,575078000.0,0.0,0.035,2.697,684839000.0,1259917000.0,0.877,1259917000.0,684839000.0,398286000.0,1.29,1.29,1.29,9293419000.0,8550889500.0,9293419000.0,31448860011.0,46.0,24.961,-1209907000.0,-3.782,1.0,1355574000.0,0.944,1328301000.0,286553000.0,22652928000.0,21807919750.0,0.0,0.0,,,7861807000.0,,,24401708011.0,243561000.0,0.0,930374000.0,252737000.0,-826493000.0,1457646000.0,-2242084000.0,0.0,1028606000.0,-607000.0,392257000.0,392257000.0,392257000.0,0.0,971000.0,0.273,670227000.0,685347000.0,237889000.0,2.091,2.626,62.208,59.442,15146726000.0,0.0,76.68,16.985,17.077,163444000.0,-2987120000.0,1436638000.0,1436638000.0,0.0,0.024,0.046,0.031,0.477,25218000.0,84331000.0,1.0,318227804.0,319945932.0,320263017.0,4.49,15851603000.0,0.0,6029000.0,0.0,49.545,
8,O,MRT,2019-06-30,2019-06-30,2019-06-30,2021-08-03,-14597000.0,16748630000.0,15716836500.0,,,0.089,28.413,-2418380000.0,27136000.0,27136000.0,76516000.0,391236000.0,,0.892,7074288000.0,,,7074288000.0,0.0,562621000.0,0.0,0.039,2.678,678201000.0,1240822000.0,0.886,1240822000.0,678201000.0,395716000.0,1.31,1.31,1.31,8837502000.0,8146594750.0,8837502000.0,27966525721.0,41.0,22.539,-1465244000.0,-4.711,1.0,1323956000.0,0.945,1323100000.0,282485000.0,22472682000.0,21304882250.0,0.0,0.0,,,7886036000.0,,,20954095721.0,-4908000.0,0.0,654662000.0,517244000.0,-801948000.0,1467076000.0,-2424387000.0,0.0,953136000.0,-733000.0,390207000.0,390207000.0,390207000.0,0.0,1029000.0,0.279,644862000.0,679094000.0,229611000.0,2.044,2.371,53.7,52.649,14940266000.0,0.0,68.97,14.962,15.318,165470000.0,-2869937000.0,1400472000.0,1400472000.0,0.0,0.025,0.048,0.032,0.484,25901000.0,84203000.0,1.0,303814640.0,311032972.0,311322162.0,4.503,15425530000.0,0.0,5509000.0,0.0,49.595,
9,O,MRT,2019-03-31,2019-03-31,2019-03-31,2021-08-03,-11797000.0,15762908000.0,15198197500.0,,,0.09,26.304,-1657304000.0,2997000.0,2997000.0,71410000.0,392513000.0,,0.971,7015427000.0,,,7015427000.0,0.0,546194000.0,0.0,0.036,2.659,673580000.0,1219774000.0,0.894,1219774000.0,673580000.0,396955000.0,1.34,1.34,1.34,7983895000.0,7806156750.0,7983895000.0,28836507703.0,43.0,23.641,-718064000.0,-2.366,1.0,1292498000.0,0.948,1219744000.0,276625000.0,21555594000.0,20671731000.0,0.0,0.0,,,7753832000.0,,,22346918703.0,-4248000.0,442000.0,-14045000.0,403998000.0,-780572000.0,701875000.0,-1645363000.0,5235000.0,939240000.0,0.0,391393000.0,391393000.0,391393000.0,0.0,1120000.0,0.287,617798000.0,674700000.0,183483000.0,1.984,2.799,57.096,54.896,14141894000.0,0.0,73.56,16.384,16.37,151341000.0,-2752775000.0,1363908000.0,1363908000.0,0.0,0.026,0.05,0.033,0.494,26369000.0,83572000.0,1.0,303791717.0,303528336.0,303819878.0,4.494,14543164000.0,0.0,5562000.0,0.0,47.914,
10,O,MRT,2018-12-31,2018-12-31,2018-12-31,2021-08-03,-8098000.0,15260483000.0,14875993750.0,,,0.089,27.947,-1652399000.0,10387000.0,10387000.0,66326000.0,364598000.0,,0.883,6499976000.0,,,6499976000.0,0.0,539780000.0,0.0,0.042,2.639,634974000.0,1174754000.0,0.885,1174754000.0,634974000.0,368954000.0,1.26,1.26,1.26,8088742000.0,7627178000.0,8088742000.0,25377128839.0,40.0,21.602,-711657000.0,-2.459,1.0,1261512000.0,0.95,1199597000.0,266020000.0,20550475000.0,20225460750.0,0.0,0.0,,,7139505000.0,,,18604135839.0,8929000.0,0.0,6362000.0,373044000.0,-761582000.0,707871000.0,-1639684000.0,5267000.0,940742000.0,0.0,363614000.0,363614000.0,363614000.0,0.0,984000.0,0.274,625554000.0,635958000.0,201554000.0,2.094,2.3,51.165,50.032,13843517000.0,0.0,63.04,14.011,13.741,144991000.0,-2657655000.0,1327838000.0,1327838000.0,0.0,0.024,0.048,0.031,0.478,27267000.0,84148000.0,1.0,295116368.0,289427430.0,289923984.0,4.588,14060886000.0,0.0,5340000.0,0.0,48.582,
11,O,MRT,2018-09-30,2018-09-30,2018-09-30,2021-08-03,0.0,15095325000.0,14575414500.0,,,0.089,26.409,-1731259000.0,6666000.0,6666000.0,65246000.0,340247000.0,,0.962,6779659000.0,,,6779659000.0,0.0,529102000.0,0.0,0.046,2.615,603413000.0,1132515000.0,0.874,1132515000.0,603413000.0,346550000.0,1.18,1.18,1.18,7676240000.0,7447867750.0,7676240000.0,23010048337.0,38.0,20.318,-807115000.0,-2.777,1.0,1230669000.0,0.95,1227540000.0,256863000.0,20640778000.0,19826051750.0,0.0,0.0,,,7384071000.0,,,16500563337.0,-14634000.0,0.0,597944000.0,821128000.0,-744054000.0,789172000.0,-1727950000.0,5298000.0,924144000.0,0.0,339394000.0,339394000.0,339394000.0,0.0,853000.0,0.262,583977000.0,646692000.0,184893000.0,2.216,2.15,48.618,48.212,13686974000.0,0.0,56.89,12.733,12.76,135866000.0,-2543852000.0,1295915000.0,1295915000.0,0.0,0.023,0.046,0.03,0.466,15832000.0,65189000.0,1.0,290043300.0,290664368.0,291207186.0,4.458,13867785000.0,0.0,7156000.0,0.0,47.711,
12,O,MRT,2018-06-30,2018-06-30,2018-06-30,2021-08-03,0.0,14674074000.0,14226938000.0,,,0.089,26.237,-1399507000.0,30717000.0,30717000.0,66707000.0,329037000.0,,0.958,6540202000.0,,,6540202000.0,0.0,519704000.0,0.0,0.048,2.59,585794000.0,1105498000.0,0.874,1105498000.0,585794000.0,335322000.0,1.16,1.16,1.16,7475750000.0,7367415000.0,7475750000.0,21870803402.0,37.0,19.784,-508227000.0,-1.784,1.0,1198047000.0,0.947,1243482000.0,250472000.0,19940077000.0,19242168500.0,0.0,0.0,,,7161605000.0,,,15297188402.0,22389000.0,0.0,313071000.0,380280000.0,-726958000.0,514540000.0,-1383431000.0,5329000.0,891280000.0,0.0,328335000.0,328335000.0,328335000.0,0.0,702000.0,0.26,569125000.0,628922000.0,186778000.0,2.233,2.046,46.59,46.371,13230042000.0,0.0,53.79,12.095,12.118,126126000.0,-2449793000.0,1264754000.0,1264754000.0,0.0,0.023,0.045,0.03,0.463,15388000.0,62738000.0,1.0,284387217.0,284928969.0,285372256.0,4.439,13430592000.0,0.0,6987000.0,0.0,47.137,
13,O,MRT,2018-03-31,2018-03-31,2018-03-31,2021-08-03,0.0,14474093000.0,13951948500.0,,,0.089,25.599,-1408060000.0,20627000.0,20627000.0,66957000.0,313599000.0,,0.987,6594242000.0,,,6594242000.0,0.0,508794000.0,0.0,0.05,2.564,566834000.0,1075628000.0,0.87,1075628000.0,566834000.0,319311000.0,1.12,1.12,1.12,7267980000.0,7248829000.0,7267980000.0,20808592922.0,37.0,19.346,-534700000.0,-1.883,1.0,1169081000.0,0.946,1277195000.0,247523000.0,19770513000.0,18846158250.0,0.0,0.0,,,7176434000.0,,,14704019922.0,-28417000.0,-442000.0,15212000.0,999896000.0,-712344000.0,498505000.0,-1400282000.0,125000.0,873360000.0,0.0,313091000.0,313091000.0,313091000.0,0.0,508000.0,0.253,559313000.0,609768000.0,155283000.0,2.289,2.023,46.964,46.188,13001513000.0,0.0,51.73,11.896,11.882,125690000.0,-2357220000.0,1236038000.0,1236038000.0,0.0,0.022,0.043,0.03,0.459,14855000.0,60565000.0,1.0,284245504.0,283917418.0,284345328.0,4.354,13196898000.0,0.0,6220000.0,0.0,46.481,
14,O,MRT,2017-12-31,2017-12-31,2017-12-31,2021-08-03,0.0,14058166000.0,13688971750.0,,,0.089,26.956,-1261541000.0,6898000.0,6898000.0,69480000.0,319318000.0,,0.904,6111471000.0,,,6111471000.0,0.0,498788000.0,0.0,0.045,2.54,572255000.0,1071043000.0,0.881,1071043000.0,572255000.0,324842000.0,1.1,1.1,1.1,7371501000.0,7190569750.0,7371501000.0,21851232306.0,38.0,20.402,-385691000.0,-1.41,1.0,1146288000.0,0.943,1209900000.0,247413000.0,18952839000.0,18327300500.0,0.0,0.0,,,6667458000.0,,,16067404306.0,-3539000.0,0.0,774869000.0,99163000.0,-689294000.0,375118000.0,-1254507000.0,123000.0,875850000.0,0.0,318798000.0,301514000.0,301514000.0,0.0,520000.0,0.248,531087000.0,615201000.0,170322000.0,2.309,2.18,53.289,51.836,12676499000.0,17284000.0,57.02,13.216,12.826,119533000.0,-2252763000.0,1215768000.0,1215768000.0,0.0,0.022,0.042,0.031,0.471,13946000.0,58446000.0,1.0,281785414.0,273465680.0,273936752.0,4.446,12848266000.0,0.0,6044000.0,0.0,46.983,
15,O,MRT,2017-09-30,2017-09-30,2017-09-30,2021-08-03,0.0,13701419000.0,13462648000.0,,,0.089,26.694,-1642191000.0,3199000.0,3199000.0,70239000.0,351091000.0,,0.86,5787027000.0,,,5787027000.0,0.0,489506000.0,0.0,0.044,2.51,588328000.0,1077834000.0,0.903,1077834000.0,588328000.0,353458000.0,1.22,1.22,1.22,7354429000.0,7039395500.0,7354429000.0,21651467634.0,37.0,20.088,-779990000.0,-2.831,1.0,1122719000.0,0.941,1180002000.0,234870000.0,18305245000.0,18060508000.0,0.0,0.0,,,6327492000.0,,,15674364634.0,-9478000.0,0.0,774829000.0,521331000.0,-666729000.0,749888000.0,-1621567000.0,121000.0,862201000.0,0.0,350387000.0,326333000.0,326333000.0,0.0,704000.0,0.274,533687000.0,589032000.0,153051000.0,2.057,2.131,48.032,46.877,12347776000.0,24054000.0,57.19,13.139,13.208,113721000.0,-2133614000.0,1192958000.0,1192958000.0,0.0,0.024,0.046,0.033,0.493,13444000.0,56786000.0,1.0,274075269.0,275511870.0,276050671.0,4.33,12521417000.0,0.0,3071000.0,0.0,45.448,
16,O,MRT,2017-06-30,2017-06-30,2017-06-30,2021-08-03,0.0,13574116000.0,13171406500.0,,,0.088,25.685,-1788311000.0,10945000.0,10945000.0,68650000.0,340220000.0,,0.936,5988048000.0,,,5988048000.0,0.0,475854000.0,0.0,0.045,2.477,567222000.0,1043076000.0,0.897,1043076000.0,567222000.0,342351000.0,1.17,1.17,1.17,7001406000.0,6889471000.0,7001406000.0,20463438850.0,36.0,19.618,-888036000.0,-3.258,1.0,1094562000.0,0.941,1195183000.0,224871000.0,18356036000.0,17647830750.0,0.0,0.0,,,6553064000.0,,,15067410850.0,-8071000.0,0.0,760054000.0,1025939000.0,-647315000.0,862555000.0,-1770901000.0,119000.0,900275000.0,0.0,339519000.0,308695000.0,308695000.0,0.0,701000.0,0.265,526639000.0,567923000.0,173879000.0,2.117,2.152,48.81,47.162,12207198000.0,30824000.0,55.18,12.953,12.931,107147000.0,-2045127000.0,1163212000.0,1163212000.0,0.0,0.023,0.045,0.032,0.488,12670000.0,55008000.0,1.0,273059276.0,272588332.0,273099487.0,4.267,12378933000.0,0.0,2832000.0,0.0,45.413,
17,O,MRT,2017-03-31,2017-03-31,2017-03-31,2021-08-03,0.0,13422186000.0,12840235250.0,,,0.088,26.714,-1757279000.0,27598000.0,27598000.0,66835000.0,335029000.0,,0.905,5423626000.0,,,5423626000.0,0.0,463107000.0,0.0,0.041,2.44,556143000.0,1019250000.0,0.899,1019250000.0,556143000.0,337542000.0,1.14,1.14,1.14,7034943000.0,6839279750.0,7034943000.0,21315137649.0,38.0,20.913,-877687000.0,-3.333,1.0,1067246000.0,0.941,1123132000.0,218601000.0,17695082000.0,17083403500.0,0.0,0.0,,,6367463000.0,,,15484952649.0,36265000.0,0.0,1143289000.0,304389000.0,-625677000.0,909747000.0,-1753074000.0,117000.0,879592000.0,0.0,334198000.0,296604000.0,296604000.0,0.0,831000.0,0.262,510272000.0,556974000.0,144523000.0,2.14,2.201,52.207,52.219,12095840000.0,37594000.0,59.53,13.654,13.823,103759000.0,-1952990000.0,1134081000.0,1134081000.0,0.0,0.023,0.043,0.033,0.49,12155000.0,53212000.0,1.0,260120152.0,263340491.0,263934304.0,4.307,12299054000.0,0.0,3344000.0,0.0,46.704,
18,O,MRT,2016-12-31,2016-12-31,2016-12-31,2021-08-03,0.0,13152871000.0,12493964500.0,,,0.088,26.53,-1713222000.0,9420000.0,9420000.0,62865000.0,316477000.0,,0.941,5839605000.0,,,5839605000.0,0.0,449943000.0,0.0,0.042,2.404,538807000.0,988750000.0,0.896,988750000.0,538807000.0,318833000.0,1.13,1.13,1.13,6766804000.0,6700293750.0,6766804000.0,20085178131.0,37.0,20.314,-913359000.0,-3.581,1.0,1040307000.0,0.943,1097387000.0,219974000.0,17885669000.0,16684836000.0,0.0,0.0,,,6365818000.0,,,14864282131.0,-34652000.0,0.0,384798000.0,971972000.0,-610516000.0,866192000.0,-1700707000.0,12515000.0,799863000.0,0.0,315571000.0,288491000.0,288491000.0,0.0,906000.0,0.262,500594000.0,539713000.0,176391000.0,2.127,2.197,51.524,50.867,11903791000.0,27080000.0,57.48,13.474,13.29,104584000.0,-1857168000.0,1103172000.0,1103172000.0,0.0,0.023,0.043,0.032,0.488,12007000.0,51966000.0,1.0,258599202.0,255066500.0,255624250.0,4.325,12055484000.0,0.0,3262000.0,0.0,47.264,
19,O,MRT,2016-09-30,2016-09-30,2016-09-30,2021-08-03,0.0,12536453000.0,12167091500.0,,,0.089,26.172,-1174933000.0,29801000.0,29801000.0,58351000.0,306865000.0,,0.854,5250697000.0,,,5250697000.0,0.0,437931000.0,0.0,0.035,2.369,532623000.0,970554000.0,0.899,970554000.0,532623000.0,309603000.0,1.1,1.1,1.1,6754731000.0,6641491750.0,6754731000.0,22233209135.0,42.0,22.908,-375104000.0,-1.453,1.0,1020646000.0,0.946,1102813000.0,223020000.0,16654536000.0,16107504250.0,0.0,0.0,,,5765956000.0,,,17306048135.0,-9563000.0,0.0,901937000.0,-13163000.0,-594245000.0,381329000.0,-1190721000.0,12486000.0,799829000.0,0.0,306071000.0,278991000.0,278991000.0,0.0,794000.0,0.259,487229000.0,533417000.0,152309000.0,2.154,2.562,62.031,60.845,11263658000.0,27080000.0,66.93,16.039,16.009,94498000.0,-1785630000.0,1078997000.0,1078997000.0,0.0,0.023,0.042,0.033,0.494,11997000.0,51373000.0,1.0,258569373.0,258085633.0,258673914.0,4.181,11433640000.0,0.0,3532000.0,0.0,44.302,
20,O,MRT,2016-06-30,2016-06-30,2016-06-30,2021-08-03,0.0,12249431000.0,11967620500.0,,,0.089,26.84,-902307000.0,20443000.0,20443000.0,56215000.0,297476000.0,,0.798,4947604000.0,,,4947604000.0,0.0,428352000.0,0.0,0.034,2.337,533875000.0,962227000.0,0.907,962227000.0,533875000.0,299857000.0,1.09,1.09,1.09,6800641000.0,6462721000.0,6800641000.0,22512108469.0,42.0,23.396,-169023000.0,-0.667,1.0,1004497000.0,0.947,1078265000.0,234018000.0,16098327000.0,15924899750.0,0.0,0.0,,,5429354000.0,,,17415705469.0,-30588000.0,0.0,1061456000.0,-368450000.0,-573542000.0,164582000.0,-928454000.0,12457000.0,733284000.0,0.0,296474000.0,269394000.0,269394000.0,0.0,1002000.0,0.254,469620000.0,534877000.0,184047000.0,2.144,2.561,64.648,63.633,11008146000.0,27080000.0,69.36,16.419,16.568,87166000.0,-1699966000.0,1060712000.0,1060712000.0,0.0,0.023,0.042,0.034,0.503,11581000.0,50131000.0,1.0,251091486.0,253375546.0,253973745.0,4.186,11171166000.0,0.0,3383000.0,0.0,44.089,
21,O,MRT,2016-03-31,2016-03-31,2016-03-31,2021-08-03,0.0,12037103000.0,11837341250.0,,,0.088,25.898,-1333790000.0,8695000.0,8695000.0,56481000.0,287758000.0,,0.855,5105098000.0,,,5105098000.0,0.0,419111000.0,0.0,0.037,2.308,525093000.0,944204000.0,0.905,944204000.0,525093000.0,289804000.0,1.08,1.07,1.08,6478999000.0,6252611500.0,6478999000.0,20462338695.0,39.0,21.672,-621785000.0,-2.485,1.0,987052000.0,0.946,1032694000.0,235289000.0,16100812000.0,15887317500.0,0.0,0.0,,,5536613000.0,,,15661146695.0,-35785000.0,0.0,1057938000.0,61345000.0,-553901000.0,595743000.0,-1343533000.0,12428000.0,712005000.0,0.0,286746000.0,259666000.0,259666000.0,0.0,1012000.0,0.249,460947000.0,526105000.0,138811000.0,2.137,2.417,60.313,57.88,10868267000.0,27080000.0,62.51,15.008,14.986,82990000.0,-1616216000.0,1043533000.0,1043533000.0,0.0,0.022,0.042,0.033,0.503,10444000.0,48755000.0,1.0,250538261.0,250173815.0,250698023.0,4.171,11004409000.0,0.0,3058000.0,0.0,43.987,
22,O,MRT,2015-12-31,2015-12-31,2015-12-31,2021-08-03,0.0,11845379000.0,11601103750.0,,,0.088,27.703,-1212609000.0,40294000.0,40294000.0,55352000.0,284855000.0,,0.81,4820995000.0,,,4820995000.0,0.0,409215000.0,0.0,0.044,2.28,520014000.0,929229000.0,0.908,929229000.0,520014000.0,286935000.0,1.09,1.09,1.09,6531596000.0,6045370750.0,6531596000.0,18131346801.0,35.0,19.512,-519042000.0,-2.201,1.0,967933000.0,0.946,1049738000.0,233079000.0,15576342000.0,15620296750.0,0.0,0.0,,,5292046000.0,,,12886871801.0,4152000.0,0.0,1156588000.0,-93612000.0,-533238000.0,523194000.0,-1212609000.0,0.0,693567000.0,0.0,283766000.0,256686000.0,256686000.0,0.0,1089000.0,0.251,446830000.0,521103000.0,166170000.0,2.092,1.973,50.205,47.367,10618884000.0,27080000.0,51.63,12.594,11.896,81678000.0,-1530210000.0,1023285000.0,1023285000.0,0.0,0.022,0.042,0.033,0.508,10391000.0,49298000.0,1.0,249600461.0,235767932.0,236208390.0,4.34,10795641000.0,0.0,3169000.0,0.0,45.789,
23,O,MRT,2015-09-30,2015-09-30,2015-09-30,2021-08-03,0.0,11738569000.0,11392914500.0,,,0.088,25.569,-1127076000.0,7074000.0,7074000.0,62852000.0,279821000.0,,0.94,5251549000.0,,,5251549000.0,0.0,400013000.0,0.0,0.048,2.258,522382000.0,922395000.0,0.916,922395000.0,522382000.0,282164000.0,1.11,1.1,1.11,6039648000.0,5815822000.0,6039648000.0,16417223299.0,31.0,17.798,-466517000.0,-1.975,1.0,944337000.0,0.938,1058926000.0,240218000.0,15924118000.0,15447342000.0,0.0,0.0,,,5674733000.0,,,11130440299.0,-9862000.0,0.0,739253000.0,485332000.0,-515288000.0,445338000.0,-1115759000.0,0.0,660559000.0,0.0,278614000.0,251534000.0,251534000.0,297000.0,1207000.0,0.25,420451000.0,523886000.0,145063000.0,2.034,1.843,44.25,42.694,10509311000.0,27080000.0,47.39,11.051,11.114,74977000.0,-1463392000.0,1007189000.0,1007189000.0,0.0,0.022,0.043,0.034,0.519,11904000.0,51918000.0,1.0,234868966.0,236211706.0,236739942.0,4.264,10679643000.0,0.0,3550000.0,0.0,45.212,
24,O,MRT,2015-06-30,2015-06-30,2015-06-30,2021-08-03,0.0,11728314000.0,11193232250.0,,,0.088,25.646,-1152809000.0,18741000.0,18741000.0,62080000.0,285635000.0,,0.964,5305524000.0,,,5305524000.0,0.0,390935000.0,0.0,0.05,2.236,517006000.0,907941000.0,0.923,907941000.0,517006000.0,287924000.0,1.11,1.1,1.11,5960203000.0,5696357500.0,5960203000.0,15335246572.0,30.0,16.89,-502183000.0,-2.161,1.0,921933000.0,0.937,1067099000.0,229082000.0,15947998000.0,15118744750.0,0.0,0.0,,,5743841000.0,,,10322400572.0,9833000.0,0.0,588709000.0,702884000.0,-502890000.0,521963000.0,-1162756000.0,0.0,650626000.0,0.0,284422000.0,248770000.0,248770000.0,297000.0,1213000.0,0.253,403417000.0,518516000.0,159913000.0,2.014,1.732,41.494,39.991,10489666000.0,35652000.0,44.39,10.49,10.484,70318000.0,-1388854000.0,984013000.0,984013000.0,0.0,0.022,0.044,0.034,0.525,11872000.0,52082000.0,1.0,232538873.0,232403586.0,232886185.0,4.234,10661215000.0,0.0,3502000.0,0.0,45.874,
25,O,MRT,2015-03-31,2015-03-31,2015-03-31,2021-08-03,0.0,11092153000.0,10964254250.0,,,0.087,25.073,-727862000.0,12190000.0,12190000.0,57270000.0,281526000.0,,0.959,5025036000.0,,,5025036000.0,0.0,382728000.0,0.0,0.043,2.214,506795000.0,889523000.0,0.928,889523000.0,506795000.0,283681000.0,1.08,1.08,1.08,5650036000.0,5665232000.0,5650036000.0,16539364884.0,33.0,18.594,-96514000.0,-0.428,1.0,901529000.0,0.94,1072270000.0,223114000.0,15032729000.0,14714997750.0,0.0,0.0,,,5417691000.0,,,11612269884.0,-1952000.0,0.0,787113000.0,88282000.0,-492524000.0,112209000.0,-745509000.0,350000.0,631348000.0,0.0,280237000.0,240873000.0,240873000.0,277000.0,1289000.0,0.251,393168000.0,508361000.0,123060000.0,2.05,2.055,48.209,47.778,9853141000.0,39364000.0,51.6,12.111,12.128,66831000.0,-1314952000.0,958799000.0,958799000.0,0.0,0.022,0.043,0.034,0.529,11814000.0,51060000.0,1.0,225043990.0,225346407.0,225825854.0,4.255,10019883000.0,0.0,3444000.0,0.0,44.464,
26,O,MRT,2014-12-31,2014-12-31,2014-12-31,2021-08-03,0.0,11012622000.0,10811411250.0,,,0.086,25.703,-1138669000.0,3852000.0,3852000.0,53871000.0,271940000.0,,0.957,4930947000.0,,,4930947000.0,0.0,374661000.0,0.0,0.046,2.193,490462000.0,865123000.0,0.927,865123000.0,490462000.0,274096000.0,1.04,1.04,1.04,5613401000.0,5584132500.0,5613401000.0,15369662031.0,31.0,17.766,-510977000.0,-2.34,1.0,879634000.0,0.942,1055194000.0,216366000.0,14884523000.0,14527601500.0,0.0,0.0,,,5371523000.0,,,10624359031.0,-6405000.0,0.0,687077000.0,602881000.0,-479256000.0,540762000.0,-1174859000.0,350000.0,627692000.0,0.0,270635000.0,227558000.0,227558000.0,-2800000.0,1305000.0,0.244,390667000.0,488967000.0,166962000.0,2.109,1.893,46.689,45.875,9781540000.0,43077000.0,47.71,11.381,11.162,64386000.0,-1246964000.0,933505000.0,933505000.0,0.0,0.021,0.041,0.034,0.525,11959000.0,51085000.0,1.0,222686209.0,218390885.0,218767885.0,4.274,9957428000.0,0.0,3461000.0,0.0,45.595,
27,O,MRT,2014-09-30,2014-09-30,2014-09-30,2021-08-03,0.0,10939840000.0,10539366000.0,,,0.086,25.046,-1145054000.0,16936000.0,16936000.0,46533000.0,258494000.0,,0.962,4762239000.0,,,4762239000.0,0.0,363417000.0,0.0,0.054,2.189,468141000.0,831558000.0,0.922,831558000.0,468141000.0,260120000.0,0.98,0.98,0.98,5561790000.0,5527144000.0,5561790000.0,13665559931.0,29.0,16.434,-531734000.0,-2.395,1.0,855562000.0,0.948,1075414000.0,208021000.0,14609729000.0,14088947000.0,0.0,0.0,,,5349454000.0,,,9081256931.0,6976000.0,0.0,1015663000.0,74054000.0,-467413000.0,568619000.0,-1174963000.0,245000.0,613320000.0,0.0,257182000.0,210393000.0,210393000.0,-17936000.0,1312000.0,0.233,404045000.0,451517000.0,121560000.0,2.234,1.633,43.163,41.622,9701841000.0,46789000.0,40.79,10.067,10.041,47852000.0,-1194987000.0,902095000.0,902095000.0,0.0,0.02,0.038,0.033,0.519,14203000.0,52023000.0,1.0,222634394.0,222061661.0,222236071.0,4.062,9864426000.0,0.0,2938000.0,0.0,44.422,
28,O,MRT,2014-06-30,2014-06-30,2014-06-30,2021-08-03,0.0,10812402000.0,10274637750.0,,,0.085,26.408,-1518286000.0,8908000.0,8908000.0,42229000.0,236774000.0,,0.848,4593211000.0,,,4593211000.0,0.0,348978000.0,0.0,0.049,2.185,443323000.0,792301000.0,0.912,792301000.0,443323000.0,238280000.0,0.93,0.93,0.93,5835701000.0,5389258500.0,5835701000.0,14640471332.0,33.0,18.478,-922037000.0,-4.172,1.0,826234000.0,0.951,1063695000.0,205043000.0,14333010000.0,13798713000.0,0.0,0.0,,,4947988000.0,,,9836447332.0,-13667000.0,0.0,1015163000.0,404418000.0,-452196000.0,910082000.0,-1519998000.0,-722000.0,596249000.0,0.0,235470000.0,193541000.0,193541000.0,-24335000.0,1304000.0,0.223,405942000.0,420292000.0,143326000.0,2.349,1.686,50.824,47.763,9621129000.0,41929000.0,44.42,11.326,11.303,43751000.0,-1130746000.0,868463000.0,868463000.0,0.0,0.019,0.036,0.032,0.51,18736000.0,57638000.0,1.0,221441858.0,220979955.0,221360641.0,3.93,9748707000.0,0.0,2810000.0,0.0,44.116,
29,O,MRT,2014-03-31,2014-03-31,2014-03-31,2021-08-03,0.0,10480781000.0,9925420500.0,,,0.083,25.727,-1802127000.0,14142000.0,14142000.0,39856000.0,231049000.0,,0.963,4818166000.0,,,4818166000.0,0.0,329990000.0,0.0,0.053,2.182,424434000.0,754424000.0,0.913,754424000.0,424434000.0,232871000.0,0.93,0.93,0.93,5325638000.0,5197553000.0,5325638000.0,12638861378.0,30.0,16.753,-1225299000.0,-5.919,1.0,786404000.0,0.952,1001661000.0,191563000.0,14283144000.0,13328756500.0,0.0,0.0,,,5126013000.0,,,8482278378.0,9983000.0,0.0,435200000.0,1329546000.0,-437659000.0,1269075000.0,-1835920000.0,-1069000.0,576828000.0,0.0,230007000.0,188078000.0,188078000.0,-28887000.0,1042000.0,0.228,389815000.0,396589000.0,111883000.0,2.346,1.593,45.1,43.935,9353225000.0,41929000.0,40.86,10.266,10.237,40329000.0,-1058120000.0,826260000.0,826260000.0,0.0,0.019,0.036,0.032,0.514,19637000.0,58139000.0,1.0,207593695.0,207003950.0,207324363.0,3.992,9479120000.0,0.0,2864000.0,0.0,45.792,
30,O,MRT,2013-12-31,2013-12-31,2013-12-31,2021-08-03,0.0,9924441000.0,9496126000.0,,,0.082,28.085,-1311197000.0,10257000.0,10257000.0,38851000.0,246283000.0,,0.836,4166840000.0,,,4166840000.0,0.0,306769000.0,0.0,0.058,2.178,429356000.0,736125000.0,0.943,736125000.0,429356000.0,247914000.0,1.06,1.06,1.06,5385447000.0,5148041250.0,5385447000.0,11869136998.0,28.0,16.124,-792291000.0,-4.132,1.0,741358000.0,0.95,951119000.0,181442000.0,13129905000.0,12581856250.0,0.0,0.0,,,4503083000.0,,,7329638998.0,5009000.0,0.0,1189380000.0,94524000.0,-409222000.0,818114000.0,-1332011000.0,-10656000.0,518906000.0,0.0,245564000.0,203634000.0,203634000.0,-65670000.0,719000.0,0.261,376953000.0,364405000.0,143963000.0,2.055,1.361,35.994,35.217,8796609000.0,41930000.0,37.33,9.394,9.175,39323000.0,-991794000.0,780209000.0,780209000.0,0.0,0.021,0.04,0.034,0.55,20785000.0,56881000.0,1.0,196347147.0,191754857.0,191781622.0,4.069,8973322000.0,0.0,2350000.0,0.0,46.796,
31,O,MRT,2013-09-30,2013-09-30,2013-09-30,2021-08-03,0.0,9880927000.0,8372352750.0,,,0.085,25.593,-1544381000.0,9960000.0,9960000.0,41942000.0,220672000.0,,0.965,4549458000.0,,,4549458000.0,0.0,263163000.0,0.0,0.053,2.087,388199000.0,651362000.0,0.92,651362000.0,388199000.0,221866000.0,1.02,1.01,1.02,5010248000.0,4404878000.0,5010248000.0,11823215379.0,30.0,18.152,-1080773000.0,-5.521,1.0,665876000.0,0.941,971632000.0,166333000.0,13448793000.0,11308100750.0,0.0,0.0,,,4834601000.0,,,7797681379.0,7166000.0,0.0,758912000.0,791368000.0,-359173000.0,1137762000.0,-1594204000.0,-45427000.0,463608000.0,0.0,220250000.0,178321000.0,178321000.0,-55821000.0,422000.0,0.252,333076000.0,332800000.0,108658000.0,2.046,1.556,43.728,38.971,8721078000.0,41929000.0,39.75,11.017,10.994,32169000.0,-932876000.0,707818000.0,707818000.0,0.0,0.021,0.04,0.034,0.548,16456000.0,50704000.0,1.0,196168085.0,195768298.0,196619866.0,3.616,8909295000.0,0.0,1616000.0,0.0,45.509,
32,O,MRT,2013-06-30,2013-06-30,2013-06-30,2021-08-03,0.0,9415533000.0,7161202500.0,,,0.087,25.918,-1443610000.0,22575000.0,22575000.0,35008000.0,206223000.0,,0.85,4048109000.0,,,4048109000.0,0.0,219077000.0,0.0,0.047,1.99,353806000.0,572883000.0,0.92,572883000.0,353806000.0,207589000.0,1.01,1.0,1.01,5068879000.0,3762991750.0,5068879000.0,11622693051.0,33.0,20.288,-1051641000.0,-5.377,1.0,587878000.0,0.944,987883000.0,146217000.0,12453184000.0,9823131500.0,0.0,0.0,,,4310447000.0,,,8226112051.0,16511000.0,6449000.0,757659000.0,721310000.0,-311465000.0,1118621000.0,-1494079000.0,-40665000.0,391969000.0,0.0,206137000.0,164208000.0,164208000.0,-53257000.0,86000.0,0.264,287243000.0,300635000.0,116691000.0,1.97,1.623,50.096,41.505,8230711000.0,41929000.0,41.92,13.206,13.162,27507000.0,-870199000.0,622886000.0,622886000.0,0.0,0.023,0.044,0.036,0.568,11949000.0,43399000.0,1.0,196233589.0,195574014.0,196076113.0,3.185,8427650000.0,0.0,1452000.0,0.0,43.092,
33,O,MRT,2013-03-31,2013-03-31,2013-03-31,2021-08-03,0.0,8763603000.0,5951459000.0,,,0.092,29.871,-1068068000.0,4159000.0,4159000.0,29000000.0,193114000.0,,0.706,3400740000.0,,,3400740000.0,0.0,179686000.0,0.0,0.042,1.884,330129000.0,509815000.0,0.928,509815000.0,330129000.0,194338000.0,1.03,1.02,1.03,5127591000.0,3113992750.0,5127591000.0,10992714379.0,33.0,21.562,-735651000.0,-4.286,1.0,520576000.0,0.947,864641000.0,135791000.0,11295543000.0,8345751000.0,0.0,0.0,,,3622214000.0,,,8114094379.0,-1035000.0,0.0,757722000.0,272379000.0,-263133000.0,754844000.0,-1088296000.0,-42768000.0,332417000.0,0.0,193105000.0,151201000.0,151201000.0,-53931000.0,9000.0,0.275,244369000.0,276207000.0,90837000.0,1.829,1.582,53.664,44.029,7702917000.0,41904000.0,45.35,14.764,14.165,24594000.0,-807626000.0,549576000.0,549576000.0,0.0,0.025,0.049,0.04,0.601,10890000.0,40584000.0,1.0,178921596.0,171659191.0,172053880.0,3.202,7898962000.0,0.0,1233000.0,0.0,46.015,
34,O,MRT,2012-12-31,2012-12-31,2012-12-31,2021-08-03,0.0,5429348000.0,4860166500.0,,,0.1,18.166,-971693000.0,5248000.0,5248000.0,21306000.0,159152000.0,,1.25,2869853000.0,,,2869853000.0,0.0,147515000.0,0.0,0.044,1.778,283356000.0,430871000.0,0.889,430871000.0,283356000.0,160213000.0,0.86,0.86,0.86,2412794000.0,2447329750.0,2412794000.0,7855705362.0,28.0,18.232,-645224000.0,-4.858,1.0,463275000.0,0.956,259070000.0,123143000.0,8034883000.0,7078347000.0,0.0,0.0,,,3016554000.0,,,5366105362.0,1083000.0,0.0,2159000.0,691892000.0,-236348000.0,682988000.0,-1008374000.0,-34876000.0,326469000.0,0.0,159152000.0,114538000.0,114538000.0,-17257000.0,0.0,0.236,197176000.0,266099000.0,94171000.0,2.067,2.224,46.85,46.756,5042137000.0,44614000.0,40.21,11.074,11.021,21659000.0,-768661000.0,484581000.0,484581000.0,0.0,0.024,0.047,0.04,0.585,10001000.0,38123000.0,1.0,133452011.0,132817472.0,132884933.0,3.648,5170278000.0,0.0,1061000.0,0.0,38.928,
35,O,MRT,2012-09-30,2012-09-30,2012-09-30,2021-08-03,0.0,5036326000.0,4607676750.0,,,0.098,18.399,-787894000.0,2794000.0,2794000.0,15949000.0,161133000.0,,1.062,2492394000.0,,,2492394000.0,0.0,135768000.0,0.0,0.047,1.905,279177000.0,414945000.0,0.919,414945000.0,279177000.0,162716000.0,0.91,0.91,0.91,2442703000.0,2407844750.0,2442703000.0,7440706949.0,27.0,17.932,-479661000.0,-3.613,1.0,435512000.0,0.965,17010000.0,116461000.0,7508916000.0,6682926000.0,0.0,0.0,,,2593623000.0,,,5456509949.0,-2749000.0,0.0,2811000.0,494078000.0,-233740000.0,492953000.0,-803935000.0,-1593000.0,308233000.0,0.0,161133000.0,120939000.0,120939000.0,-21198000.0,0.0,0.268,177533000.0,257979000.0,61730000.0,2.093,2.234,45.118,44.934,4734688000.0,40194000.0,40.89,12.086,12.025,17187000.0,-736531000.0,451461000.0,451461000.0,0.0,0.026,0.05,0.042,0.618,9555000.0,35729000.0,1.0,133443628.0,132764877.0,132931813.0,3.4,5019316000.0,0.0,1583000.0,0.0,37.806,
36,O,MRT,2012-06-30,2012-06-30,2012-06-30,2021-08-03,0.0,4576559000.0,4417288750.0,,,0.1,18.65,-832866000.0,6064000.0,6064000.0,16074000.0,164455000.0,,0.851,1990261000.0,,,1990261000.0,0.0,130535000.0,0.0,0.045,1.891,281291000.0,411826000.0,0.935,411826000.0,281291000.0,166000000.0,0.98,0.98,0.98,2472883000.0,2366054500.0,2472883000.0,7417139543.0,26.0,18.01,-514949000.0,-3.884,1.0,424468000.0,0.964,17094000.0,115291000.0,6543662000.0,6347390750.0,0.0,0.0,,,2103676000.0,,,5572455543.0,-149607000.0,-6449000.0,206357000.0,165362000.0,-229718000.0,376277000.0,-843801000.0,-5388000.0,317917000.0,0.0,164455000.0,128680000.0,128680000.0,-21191000.0,0.0,0.292,164368000.0,260100000.0,82490000.0,1.93,2.253,43.305,42.622,4304181000.0,35775000.0,41.77,12.649,12.572,17600000.0,-703628000.0,440542000.0,440542000.0,0.0,0.029,0.054,0.044,0.639,9076000.0,33537000.0,1.0,133408081.0,132592939.0,132828540.0,3.323,4559465000.0,0.0,1545000.0,0.0,34.387,
37,O,MRT,2012-03-31,2012-03-31,2012-03-31,2021-08-03,0.0,4398433000.0,4270912250.0,,,0.1,18.562,-789030000.0,5194000.0,5194000.0,15925000.0,160296000.0,,0.787,1849878000.0,,,1849878000.0,0.0,124516000.0,0.0,0.049,1.887,273936000.0,398452000.0,0.929,398452000.0,273936000.0,161804000.0,0.99,0.99,0.99,2460939000.0,2270582000.0,2460939000.0,7217016004.0,26.0,18.113,-481278000.0,-3.63,1.0,413104000.0,0.963,17190000.0,112132000.0,6225927000.0,6118420750.0,0.0,0.0,,,1937494000.0,,,5166000004.0,-124513000.0,0.0,206340000.0,172051000.0,-226366000.0,356194000.0,-788459000.0,-3288000.0,307752000.0,0.0,160296000.0,128915000.0,128915000.0,-17845000.0,0.0,0.3,157013000.0,256091000.0,57172000.0,1.906,2.099,40.073,39.121,4137783000.0,31381000.0,38.73,12.041,11.968,17567000.0,-678172000.0,429029000.0,429029000.0,0.0,0.03,0.057,0.045,0.639,8649000.0,32251000.0,1.0,133384973.0,132577100.0,132703954.0,3.236,4381243000.0,0.0,1508000.0,0.0,33.047,
38,O,MRT,2011-12-31,2011-12-31,2011-12-31,2021-08-03,0.0,4419389000.0,4113943000.0,,,0.1,17.875,-933220000.0,4165000.0,4165000.0,15457000.0,157032000.0,,0.96,2055181000.0,,,2055181000.0,0.0,116546000.0,0.0,0.054,1.883,266803000.0,383349000.0,0.93,383349000.0,266803000.0,158502000.0,1.05,1.05,1.05,2254854000.0,2182884250.0,2254854000.0,6566083236.0,25.0,17.128,-634268000.0,-5.028,1.0,396903000.0,0.963,17206000.0,108301000.0,6453199000.0,5867849750.0,0.0,0.0,,,2164535000.0,,,4656876236.0,-13442000.0,0.0,491130000.0,377257000.0,-219297000.0,622469000.0,-934863000.0,-1593000.0,298952000.0,0.0,157032000.0,132779000.0,132779000.0,-17410000.0,0.0,0.322,147510000.0,249393000.0,80175000.0,1.793,2.065,35.072,33.295,4160008000.0,24253000.0,34.96,11.293,10.694,15375000.0,-645984000.0,412360000.0,412360000.0,0.0,0.032,0.061,0.045,0.647,7873000.0,30954000.0,1.0,133205842.0,126142696.0,126189399.0,3.269,4402183000.0,0.0,1470000.0,0.0,34.898,
39,O,MRT,2011-09-30,2011-09-30,2011-09-30,2021-08-03,0.0,4274774000.0,3892993250.0,,,0.099,18.006,-1152530000.0,5543000.0,5543000.0,5440000.0,153904000.0,,0.879,1914750000.0,,,1914750000.0,0.0,108102000.0,0.0,0.054,1.734,259960000.0,368062000.0,0.951,368062000.0,259960000.0,155510000.0,1.07,1.07,1.07,2275542000.0,2080912000.0,2275542000.0,5744265680.0,22.0,15.607,-866676000.0,-6.858,1.0,381509000.0,0.986,17206000.0,104450000.0,6166775000.0,5529744250.0,0.0,0.0,,,1999232000.0,,,4090330680.0,-150039000.0,0.0,726170000.0,232448000.0,-209076000.0,722960000.0,-1158853000.0,0.0,285854000.0,0.0,153904000.0,129652000.0,129652000.0,-16423000.0,0.0,0.335,137972000.0,243537000.0,55898000.0,1.621,1.798,31.549,30.131,4018076000.0,24252000.0,32.24,10.571,10.529,12065000.0,-622860000.0,386949000.0,386949000.0,0.0,0.033,0.062,0.047,0.672,7440000.0,28785000.0,1.0,126871299.0,126376201.0,126582609.0,3.062,4257568000.0,0.0,1606000.0,0.0,33.69,
40,O,MRT,2011-06-30,2011-06-30,2011-06-30,2021-08-03,0.0,3991053000.0,3645683250.0,,,0.101,16.595,-704118000.0,155671000.0,155671000.0,5525000.0,144778000.0,,0.909,1809606000.0,,,1809606000.0,0.0,100465000.0,0.0,0.052,1.73,247387000.0,347852000.0,0.946,347852000.0,247387000.0,146352000.0,1.05,1.05,1.05,2090993000.0,1918772500.0,2090993000.0,5717783350.0,23.0,16.437,-434298000.0,-3.447,1.0,362027000.0,0.985,17206000.0,101035000.0,5627782000.0,5166237000.0,0.0,0.0,,,1900060000.0,,,4247490350.0,154799000.0,0.0,718912000.0,108965000.0,-198957000.0,602363000.0,-717384000.0,0.0,269820000.0,0.0,144778000.0,120526000.0,120526000.0,-14734000.0,0.0,0.328,129374000.0,232653000.0,72364000.0,1.648,2.031,35.241,31.895,3633063000.0,24252000.0,33.49,11.556,11.481,10899000.0,-601473000.0,367552000.0,367552000.0,0.0,0.033,0.063,0.048,0.673,7037000.0,27807000.0,1.0,126828616.0,125999323.0,126202047.0,2.917,3973847000.0,0.0,1574000.0,0.0,31.539,
41,O,MRT,2011-03-31,2011-03-31,2011-03-31,2021-08-03,0.0,3770556000.0,3433708750.0,,,0.101,17.738,-812625000.0,129707000.0,129707000.0,5574000.0,136578000.0,,0.787,1600000000.0,,,1600000000.0,0.0,95208000.0,0.0,0.049,1.727,235025000.0,330233000.0,0.948,330233000.0,235025000.0,138061000.0,1.03,1.03,1.03,2110148000.0,1758298000.0,2110148000.0,5713507570.0,24.0,17.301,-564258000.0,-4.743,1.0,342755000.0,0.984,17206000.0,96964000.0,5223643000.0,4947285750.0,0.0,0.0,,,1660408000.0,,,4131114570.0,128858000.0,0.0,718124000.0,202140000.0,-188859000.0,705016000.0,-824525000.0,0.0,248367000.0,0.0,136578000.0,112326000.0,112326000.0,-14921000.0,0.0,0.322,122651000.0,220104000.0,44160000.0,1.677,1.958,36.778,33.932,3496973000.0,24252000.0,34.95,11.86,11.936,10506000.0,-579604000.0,348329000.0,348329000.0,0.0,0.033,0.064,0.048,0.675,6585000.0,26470000.0,1.0,118200703.0,118960878.0,119109044.0,2.928,3753350000.0,0.0,1483000.0,0.0,31.551,
42,O,MRT,2010-12-31,2010-12-31,2010-12-31,2021-08-03,0.0,3535590000.0,3217495500.0,,,0.104,17.446,-690997000.0,17607000.0,17607000.0,5805000.0,130784000.0,,0.914,1600000000.0,,,1600000000.0,0.0,91641000.0,0.0,0.05,1.723,225414000.0,317055000.0,0.951,317055000.0,225414000.0,132177000.0,1.01,1.01,1.01,1846965000.0,1597620750.0,1846965000.0,5230239942.0,23.0,16.496,-447629000.0,-4.228,1.0,327632000.0,0.983,17206000.0,93237000.0,5100777000.0,4710762000.0,0.0,0.0,,,1688625000.0,,,3785821942.0,7581000.0,0.0,432591000.0,237440000.0,-182500000.0,461571000.0,-697358000.0,0.0,243368000.0,0.0,130784000.0,106531000.0,106531000.0,-15583000.0,0.0,0.319,117801000.0,209831000.0,66070000.0,1.706,2.05,35.537,33.861,3404878000.0,24253000.0,34.2,11.354,10.859,11301000.0,-557112000.0,333437000.0,333437000.0,0.0,0.033,0.067,0.048,0.676,6166000.0,25311000.0,1.0,110696548.0,105869637.0,105942721.0,3.15,3518384000.0,0.0,1393000.0,0.0,33.233,
43,O,MRT,2010-09-30,2010-09-30,2010-09-30,2021-08-03,0.0,3285534000.0,3062294750.0,,,0.108,15.67,-342795000.0,155582000.0,155582000.0,6512000.0,128238000.0,,1.019,1600000000.0,,,1600000000.0,0.0,92071000.0,0.0,0.051,1.719,218603000.0,310674000.0,0.942,310674000.0,218603000.0,129120000.0,1.0,1.0,1.0,1626984000.0,1507881750.0,1626984000.0,5149709530.0,24.0,16.576,-108151000.0,-1.042,1.0,323339000.0,0.98,17206000.0,89483000.0,4712746000.0,4496106500.0,0.0,0.0,,,1658550000.0,,,3523681530.0,135540000.0,0.0,196899000.0,246131000.0,-179341000.0,237703000.0,-336807000.0,0.0,234644000.0,0.0,128238000.0,103986000.0,103986000.0,-12268000.0,0.0,0.315,117004000.0,206335000.0,44800000.0,1.719,2.166,33.886,33.72,3039722000.0,24252000.0,33.72,10.683,10.614,10398000.0,-540029000.0,329851000.0,329851000.0,0.0,0.034,0.069,0.049,0.663,5817000.0,24610000.0,1.0,104498266.0,103830029.0,103977023.0,3.177,3268328000.0,0.0,882000.0,0.0,31.478,
44,O,MRT,2010-06-30,2010-06-30,2010-06-30,2021-08-03,0.0,3143155000.0,2966255000.0,,,0.109,13.986,-335221000.0,872000.0,872000.0,6242000.0,129736000.0,,1.169,1626900000.0,,,1626900000.0,0.0,90653000.0,0.0,0.057,1.715,216079000.0,306732000.0,0.945,306732000.0,216079000.0,130357000.0,1.01,1.01,1.01,1449095000.0,1476738000.0,1449095000.0,4557832678.0,21.0,14.859,-104807000.0,-1.012,1.0,318239000.0,0.981,17206000.0,85722000.0,4751977000.0,4371451750.0,0.0,0.0,,,1694060000.0,,,3168781678.0,-34951000.0,0.0,0.0,273160000.0,-178856000.0,68382000.0,-333747000.0,0.0,230414000.0,0.0,129736000.0,105484000.0,105484000.0,-12324000.0,0.0,0.325,114484000.0,203755000.0,55405000.0,1.698,2.187,30.04,30.03,3056073000.0,24252000.0,30.33,9.766,9.685,10123000.0,-519669000.0,324481000.0,324481000.0,0.0,0.036,0.071,0.049,0.666,5463000.0,23351000.0,1.0,104476811.0,103612454.0,103765828.0,3.132,3125949000.0,0.0,621000.0,0.0,30.17,
45,O,MRT,2010-03-31,2010-03-31,2010-03-31,2021-08-03,0.0,2905703000.0,2913605750.0,,,0.111,14.164,-67815000.0,849000.0,849000.0,6382000.0,131248000.0,,0.98,1389900000.0,,,1389900000.0,0.0,90180000.0,0.0,0.056,1.712,217413000.0,307593000.0,0.951,307593000.0,217413000.0,131900000.0,1.03,1.03,1.03,1467439000.0,1494173500.0,1467439000.0,4548633232.0,21.0,14.788,159801000.0,1.542,1.0,317003000.0,0.98,17206000.0,85513000.0,4277548000.0,4240839750.0,0.0,0.0,,,1438264000.0,,,3204059232.0,-9589000.0,0.0,0.0,39900000.0,-178410000.0,-164302000.0,-72903000.0,0.0,227616000.0,0.0,131248000.0,106996000.0,106996000.0,-12745000.0,0.0,0.331,112335000.0,204668000.0,36383000.0,1.662,2.183,29.946,29.796,2821489000.0,24252000.0,30.69,9.908,9.832,9517000.0,-499697000.0,323385000.0,323385000.0,0.0,0.037,0.072,0.051,0.672,5090000.0,21707000.0,1.0,104400757.0,103606241.0,103686440.0,3.121,2888497000.0,0.0,652000.0,0.0,27.88,
46,O,MRT,2009-12-31,2009-12-31,2009-12-31,2021-08-03,0.0,2914787000.0,2920087750.0,,,0.11,14.366,-41245000.0,10026000.0,10026000.0,6443000.0,131127000.0,,0.959,1354600000.0,,,1354600000.0,0.0,89902000.0,0.0,0.066,1.708,217332000.0,307234000.0,0.953,307234000.0,217332000.0,131804000.0,1.03,1.03,1.03,1488009000.0,1511175000.0,1488009000.0,4032018132.0,19.0,13.124,185462000.0,1.791,1.0,316107000.0,0.98,17206000.0,85528000.0,4242155000.0,4234949500.0,0.0,0.0,,,1426778000.0,,,2702060132.0,-36789000.0,0.0,0.0,-15400000.0,-178008000.0,-217772000.0,-45724000.0,0.0,226707000.0,0.0,131127000.0,106874000.0,106874000.0,-12272000.0,0.0,0.331,111047000.0,205060000.0,55371000.0,1.658,1.816,25.283,25.155,2816882000.0,24253000.0,25.91,8.377,8.32,10396000.0,-479018000.0,322550000.0,322550000.0,0.0,0.037,0.071,0.051,0.674,4726000.0,20946000.0,1.0,104286381.0,103577507.0,103581053.0,3.114,2897581000.0,0.0,677000.0,0.0,27.975,
47,O,MRT,2009-09-30,2009-09-30,2009-09-30,2021-08-03,0.0,2901375000.0,2939935750.0,,,0.11,14.52,12773000.0,20042000.0,20042000.0,6820000.0,130127000.0,,0.931,1350000000.0,,,1350000000.0,0.0,89621000.0,0.0,0.066,1.704,217997000.0,307618000.0,0.95,307618000.0,217997000.0,131120000.0,1.02,1.02,1.02,1502409000.0,1527838000.0,1502409000.0,3988999963.0,18.0,12.967,233505000.0,2.257,1.0,317025000.0,0.979,17206000.0,86877000.0,4214127000.0,4249450250.0,0.0,0.0,,,1398966000.0,,,2674822963.0,-92520000.0,0.0,-72000.0,-120000000.0,-177503000.0,-321991000.0,8739000.0,0.0,220732000.0,0.0,130127000.0,105875000.0,105875000.0,-15132000.0,0.0,0.327,114160000.0,202865000.0,37609000.0,1.671,1.78,25.264,25.147,2800502000.0,24252000.0,25.65,8.26,8.195,9582000.0,-463620000.0,323845000.0,323845000.0,0.0,0.036,0.069,0.051,0.673,4816000.0,20916000.0,1.0,104281597.0,103470512.0,103481892.0,3.13,2884169000.0,0.0,993000.0,0.0,27.874,
48,O,MRT,2009-06-30,2009-06-30,2009-06-30,2021-08-03,0.0,2932558000.0,2987124750.0,,,0.109,14.682,21079000.0,35823000.0,35823000.0,7078000.0,131672000.0,,0.931,1350000000.0,,,1350000000.0,0.0,89830000.0,0.0,0.077,1.696,222317000.0,312147000.0,0.962,312147000.0,222317000.0,132899000.0,1.05,1.05,1.05,1518837000.0,1544641750.0,1518837000.0,3626236804.0,16.0,11.617,244851000.0,2.367,1.0,317527000.0,0.978,17206000.0,89418000.0,4229529000.0,4303509250.0,0.0,0.0,,,1413721000.0,,,2286674804.0,-3550000.0,0.0,74425000.0,-119996000.0,-175171000.0,-245227000.0,17905000.0,0.0,223772000.0,0.0,131672000.0,107420000.0,107420000.0,-19215000.0,0.0,0.331,114425000.0,203102000.0,53425000.0,1.615,1.506,21.287,20.876,2815317000.0,24252000.0,21.92,7.044,6.986,10419000.0,-446133000.0,324605000.0,324605000.0,0.0,0.036,0.07,0.052,0.685,4935000.0,21107000.0,1.0,104319106.0,103446949.0,103450457.0,3.138,2915352000.0,0.0,1227000.0,0.0,28.182,
49,O,MRT,2009-03-31,2009-03-31,2009-03-31,2021-08-03,0.0,2931631000.0,3014719500.0,,,0.108,14.844,12201000.0,10438000.0,10438000.0,6378000.0,132163000.0,,0.909,1350000000.0,,,1350000000.0,0.0,89791000.0,0.0,0.089,1.682,225280000.0,315071000.0,0.968,315071000.0,225280000.0,133300000.0,1.06,1.06,1.06,1535445000.0,1542012750.0,1535445000.0,3286469540.0,15.0,10.431,245861000.0,2.377,1.0,318988000.0,0.98,17206000.0,91980000.0,4253987000.0,4360216500.0,0.0,0.0,,,1396186000.0,,,1963284540.0,-2905000.0,0.0,74425000.0,-123196000.0,-172463000.0,-245592000.0,9027000.0,0.0,233660000.0,0.0,132163000.0,107911000.0,107911000.0,-16707000.0,0.0,0.332,115313000.0,203675000.0,34701000.0,1.587,1.279,18.194,17.755,2840378000.0,24252000.0,18.82,6.034,5.983,10122000.0,-428140000.0,325366000.0,325366000.0,0.0,0.036,0.07,0.052,0.692,5303000.0,22025000.0,1.0,104319051.0,103439114.0,103445044.0,3.145,2914425000.0,0.0,1137000.0,0.0,28.175,
50,O,MRT,2008-12-31,2008-12-31,2008-12-31,2021-08-03,0.0,2994179000.0,3041677750.0,,,0.107,15.366,-166302000.0,46815000.0,46815000.0,5458000.0,131841000.0,,0.926,1370000000.0,,,1370000000.0,0.0,89104000.0,0.0,0.072,1.667,227027000.0,316131000.0,0.973,316131000.0,227027000.0,133071000.0,1.06,1.06,1.06,1554661000.0,1538473250.0,1554661000.0,3771245047.0,17.0,11.929,79853000.0,0.789,1.0,319583000.0,0.983,17206000.0,93956000.0,4300158000.0,4416448500.0,0.0,0.0,,,1439518000.0,,,2413807047.0,-146286000.0,0.0,74425000.0,-103196000.0,-169655000.0,-222568000.0,-169873000.0,0.0,246155000.0,0.0,131841000.0,107588000.0,107588000.0,-21540000.0,0.0,0.331,114096000.0,205487000.0,54820000.0,1.573,1.553,22.436,21.84,2862153000.0,24253000.0,23.15,7.426,7.206,10624000.0,-407751000.0,325041000.0,325041000.0,0.0,0.035,0.07,0.051,0.698,5049000.0,21618000.0,1.0,104268123.0,101178191.0,101209883.0,3.213,2976973000.0,0.0,1230000.0,0.0,29.423,
51,O,MRT,2008-09-30,2008-09-30,2008-09-30,2021-08-03,0.0,3090131000.0,3062471000.0,,,0.106,15.639,-307036000.0,112562000.0,112562000.0,4758000.0,130685000.0,,0.969,1470000000.0,,,1470000000.0,0.0,87651000.0,0.0,0.065,1.652,226002000.0,313653000.0,0.967,313653000.0,226002000.0,132053000.0,1.07,1.07,1.07,1569624000.0,1534331000.0,1569624000.0,4024951557.0,18.0,12.832,-33475000.0,-0.334,1.0,319515000.0,0.985,17206000.0,93949000.0,4430363000.0,4425670250.0,0.0,0.0,,,1520507000.0,,,2594324557.0,-154082000.0,0.0,-470668000.0,541201000.0,-166796000.0,-119532000.0,-308111000.0,0.0,273561000.0,0.0,130685000.0,106433000.0,106433000.0,-22909000.0,0.0,0.328,109814000.0,209701000.0,38648000.0,1.544,1.653,24.375,23.925,2887120000.0,24252000.0,25.6,8.0,7.923,8858000.0,-391825000.0,324273000.0,324273000.0,0.0,0.035,0.069,0.051,0.697,4798000.0,22040000.0,1.0,101340803.0,100362872.0,100420070.0,3.231,3072925000.0,0.0,1368000.0,0.0,30.618,
52,O,MRT,2008-06-30,2008-06-30,2008-06-30,2021-08-03,0.0,3042937000.0,3059003750.0,,,0.103,15.031,-586687000.0,39373000.0,39373000.0,3843000.0,129961000.0,,1.017,1470000000.0,,,1470000000.0,0.0,84300000.0,0.0,0.072,1.632,217568000.0,301868000.0,0.957,301868000.0,217568000.0,131371000.0,1.06,1.06,1.06,1508321000.0,1529775000.0,1508321000.0,3762182114.0,17.0,12.463,-311583000.0,-3.105,1.0,311729000.0,0.988,17206000.0,86197000.0,4456358000.0,4383682500.0,0.0,0.0,,,1534616000.0,,,2305525114.0,30459000.0,0.0,-708000.0,531197000.0,-164106000.0,343117000.0,-587762000.0,0.0,275104000.0,0.0,129961000.0,105709000.0,105709000.0,-16631000.0,0.0,0.335,107686000.0,204043000.0,53383000.0,1.54,1.529,21.81,21.472,2914434000.0,24252000.0,22.76,7.306,7.237,9130000.0,-377521000.0,315572000.0,315572000.0,0.0,0.035,0.069,0.05,0.689,4514000.0,23233000.0,1.0,101297237.0,100346512.0,100394431.0,3.145,3025731000.0,0.0,1410000.0,0.0,30.153,
53,O,MRT,2008-03-31,2008-03-31,2008-03-31,2021-08-03,0.0,3039464000.0,2934492500.0,,,0.104,15.17,-616877000.0,13343000.0,13343000.0,3715000.0,133846000.0,,0.998,1470000000.0,,,1470000000.0,0.0,79940000.0,0.0,0.062,1.601,210688000.0,290628000.0,0.957,290628000.0,210688000.0,135391000.0,1.1,1.1,1.1,1521287000.0,1543446750.0,1521287000.0,3871851880.0,18.0,13.322,-304946000.0,-3.041,1.0,300120000.0,0.988,17206000.0,75297000.0,4478915000.0,4131786000.0,0.0,0.0,,,1518177000.0,,,2594952880.0,7944000.0,0.0,-303000.0,498597000.0,-160884000.0,313965000.0,-617952000.0,0.0,311931000.0,0.0,133846000.0,109594000.0,109594000.0,-16631000.0,0.0,0.361,103262000.0,196858000.0,36449000.0,1.455,1.706,23.678,23.291,2965989000.0,24252000.0,25.62,8.541,8.456,8312000.0,-362683000.0,303835000.0,303835000.0,0.0,0.037,0.071,0.051,0.693,4177000.0,23147000.0,1.0,101286217.0,100280264.0,100365576.0,3.03,3022258000.0,0.0,1545000.0,0.0,30.138,
54,O,MRT,2007-12-31,2007-12-31,2007-12-31,2021-08-03,0.0,3077352000.0,2818454750.0,,,0.103,15.351,-494976000.0,193101000.0,193101000.0,3356000.0,140409000.0,,1.001,1470000000.0,,,1470000000.0,0.0,75932000.0,0.0,0.058,1.571,206132000.0,282064000.0,0.968,282064000.0,206132000.0,141801000.0,1.16,1.16,1.16,1538092000.0,1555365500.0,1538092000.0,3934347379.0,19.0,13.948,-176807000.0,-1.765,1.0,288127000.0,0.988,17206000.0,64331000.0,4337045000.0,3891684250.0,0.0,0.0,,,1539260000.0,,,2730991379.0,182528000.0,-2648000.0,0.0,544397000.0,-157659000.0,362980000.0,-498621000.0,0.0,318169000.0,0.0,140409000.0,116156000.0,116156000.0,-16631000.0,0.0,0.399,98626000.0,189501000.0,53956000.0,1.354,1.776,23.511,23.293,2824255000.0,24253000.0,27.02,9.369,9.288,7142000.0,-344735000.0,291483000.0,291483000.0,0.0,0.041,0.075,0.053,0.707,3857000.0,22694000.0,1.0,101072960.0,100195031.0,100333966.0,2.909,3060146000.0,0.0,1392000.0,0.0,30.542,
55,O,MRT,2007-09-30,2007-09-30,2007-09-30,2021-08-03,0.0,3076262000.0,2685743750.0,,,0.105,15.485,-779641000.0,266644000.0,266644000.0,3603000.0,139928000.0,,0.983,1470000000.0,,,1470000000.0,0.0,71727000.0,0.0,0.055,1.54,196499000.0,268226000.0,0.951,268226000.0,196499000.0,141065000.0,1.18,1.18,1.18,1551400000.0,1564840500.0,1551400000.0,3746048232.0,19.0,13.966,-601683000.0,-6.006,1.0,278426000.0,0.987,17206000.0,55434000.0,4262412000.0,3667105250.0,0.0,0.0,,,1524862000.0,,,2824962232.0,153270000.0,-2648000.0,446375000.0,271883000.0,-153444000.0,757920000.0,-782608000.0,0.0,177958000.0,0.0,139928000.0,117429000.0,117429000.0,0.0,0.0,0.416,93977000.0,184449000.0,45022000.0,1.305,1.821,24.057,23.686,2746200000.0,22499000.0,27.95,10.017,9.929,6098000.0,-330507000.0,282029000.0,282029000.0,0.0,0.044,0.075,0.054,0.697,3679000.0,22075000.0,1.0,101071994.0,100187901.0,100252953.0,2.815,3059056000.0,0.0,1137000.0,0.0,30.533,
56,O,MRT,2007-06-30,2007-06-30,2007-06-30,2021-08-03,0.0,2544892000.0,2456725750.0,,,0.109,15.609,-595711000.0,8914000.0,8914000.0,3575000.0,132513000.0,,0.628,930000000.0,,,930000000.0,0.0,66933000.0,0.0,0.06,1.509,185197000.0,252130000.0,0.942,252130000.0,185197000.0,133396000.0,1.17,1.17,1.17,1563008000.0,1476431000.0,1563008000.0,3505214906.0,19.0,13.902,-421267000.0,-4.207,1.0,264096000.0,0.987,17206000.0,51801000.0,3448772000.0,3338904750.0,0.0,0.0,,,981884000.0,,,2544813906.0,-1832000.0,-2648000.0,282971000.0,89583000.0,-146034000.0,423339000.0,-599615000.0,0.0,174444000.0,0.0,132513000.0,113726000.0,113726000.0,0.0,0.0,0.425,86923000.0,177173000.0,41160000.0,1.29,1.628,22.377,21.53,2480497000.0,18787000.0,25.19,9.507,9.423,6019000.0,-318051000.0,267671000.0,267671000.0,0.0,0.046,0.077,0.055,0.692,3504000.0,19868000.0,1.0,101024768.0,100133094.0,100246112.0,2.673,2527686000.0,0.0,883000.0,0.0,25.243,
57,O,MRT,2007-03-31,2007-03-31,2007-03-31,2021-08-03,0.0,2575313000.0,2314402000.0,,,0.11,15.681,-616136000.0,5399000.0,5399000.0,3302000.0,122217000.0,,0.641,965800000.0,,,965800000.0,0.0,63347000.0,0.0,0.052,1.478,173680000.0,237027000.0,0.934,237027000.0,173680000.0,122978000.0,1.14,1.13,1.14,1568962000.0,1360002500.0,1568962000.0,3757792449.0,22.0,15.854,-513371000.0,-5.131,1.0,250513000.0,0.987,17206000.0,50702000.0,3518508000.0,3172948000.0,0.0,0.0,,,1006351000.0,,,2848365449.0,1292000.0,-2648000.0,282684000.0,174083000.0,-138741000.0,518567000.0,-620040000.0,0.0,102765000.0,0.0,122217000.0,107142000.0,107142000.0,0.0,0.0,0.422,81807000.0,168706000.0,31054000.0,1.296,1.815,26.585,24.737,2511247000.0,15075000.0,28.2,11.222,11.117,5639000.0,-310319000.0,253815000.0,253815000.0,0.0,0.046,0.079,0.055,0.684,3136000.0,18384000.0,1.0,101005867.0,100054868.0,100276300.0,2.537,2558107000.0,0.0,761000.0,0.0,25.567,
58,O,MRT,2006-12-31,2006-12-31,2006-12-31,2021-08-03,0.0,2546508000.0,2153056750.0,,,0.11,17.557,-644343000.0,10573000.0,10573000.0,3300000.0,110781000.0,,0.616,920000000.0,,,920000000.0,0.0,58783000.0,0.0,0.052,1.448,162891000.0,221674000.0,0.934,221674000.0,162891000.0,111528000.0,1.11,1.11,1.11,1575992000.0,1243558250.0,1575992000.0,3572316434.0,22.0,16.115,-557398000.0,-6.209,1.0,234116000.0,0.986,17206000.0,51363000.0,3438729000.0,2967625750.0,0.0,0.0,,,970516000.0,,,2765690434.0,-55131000.0,0.0,403114000.0,25183000.0,-129667000.0,503204000.0,-645280000.0,0.0,86945000.0,0.0,110781000.0,99419000.0,99419000.0,0.0,0.0,0.419,76322000.0,157794000.0,42100000.0,1.305,1.755,27.819,24.955,2485081000.0,11362000.0,27.7,11.649,10.473,5953000.0,-302154000.0,237416000.0,237416000.0,0.0,0.046,0.08,0.055,0.686,2951000.0,17539000.0,1.0,99844420.0,89766714.0,89917554.0,2.645,2529302000.0,0.0,747000.0,0.0,28.176,
59,O,MRT,2006-09-30,2006-09-30,2006-09-30,2021-08-03,0.0,2160190000.0,1996676750.0,,,0.112,13.433,-300266000.0,113374000.0,113374000.0,3321000.0,105914000.0,,0.804,920000000.0,,,920000000.0,0.0,55700000.0,0.0,0.057,1.417,156209000.0,211909000.0,0.948,211909000.0,156209000.0,106682000.0,1.13,1.12,1.13,1197762000.0,1096863750.0,1197762000.0,3028943253.0,19.0,14.294,-133122000.0,-1.493,1.0,220327000.0,0.985,17206000.0,49527000.0,2949610000.0,2790388000.0,0.0,0.0,,,962428000.0,,,2202389253.0,111130000.0,0.0,231547000.0,144766000.0,-121637000.0,245273000.0,-301287000.0,0.0,167144000.0,0.0,105914000.0,96510000.0,96510000.0,0.0,0.0,0.432,71952000.0,148375000.0,32688000.0,1.254,1.839,22.82,21.867,1996154000.0,9404000.0,24.71,9.848,9.852,5270000.0,-292546000.0,223648000.0,223648000.0,0.0,0.048,0.088,0.056,0.698,4453000.0,16176000.0,1.0,89129472.0,89166429.0,89267138.0,2.508,2142984000.0,0.0,768000.0,0.0,24.034,
60,O,MRT,2006-06-30,2006-06-30,2006-06-30,2021-08-03,0.0,1975597000.0,1906306000.0,,,0.112,12.426,-415614000.0,10746000.0,10746000.0,3536000.0,102478000.0,,0.8,837300000.0,,,837300000.0,0.0,52399000.0,0.0,0.063,1.39,150577000.0,202976000.0,0.951,202976000.0,150577000.0,103352000.0,1.12,1.11,1.12,1097294000.0,1045486000.0,1097294000.0,2604148977.0,17.0,12.83,-278635000.0,-3.155,1.0,209835000.0,0.983,17206000.0,47225000.0,2784945000.0,2690424750.0,0.0,0.0,,,878303000.0,,,1819655977.0,8798000.0,0.0,213930000.0,200743000.0,-116395000.0,288875000.0,-417056000.0,0.0,136979000.0,0.0,102478000.0,93074000.0,93074000.0,0.0,0.0,0.436,68675000.0,141160000.0,30744000.0,1.241,1.658,19.551,19.554,1916677000.0,9404000.0,21.9,8.528,9.063,4814000.0,-283303000.0,213371000.0,213371000.0,0.0,0.049,0.089,0.056,0.706,3803000.0,16259000.0,1.0,83089314.0,88305175.0,88466024.0,2.416,1958391000.0,0.0,874000.0,0.0,22.178,
61,O,MRT,2006-03-31,2006-03-31,2006-03-31,2021-08-03,0.0,1929932000.0,1805302500.0,,,0.113,13.258,-412996000.0,4107000.0,4107000.0,3859000.0,100504000.0,,0.749,788600000.0,,,788600000.0,0.0,48758000.0,0.0,0.057,1.371,146438000.0,195196000.0,0.956,195196000.0,146438000.0,101350000.0,1.12,1.12,1.12,1103185000.0,997557750.0,1103185000.0,2856751935.0,20.0,14.635,-300376000.0,-3.61,1.0,200258000.0,0.981,17206000.0,45088000.0,2697219000.0,2540995750.0,0.0,0.0,,,826747000.0,,,2030755935.0,-6969000.0,0.0,213843000.0,203745000.0,-111568000.0,296617000.0,-416206000.0,0.0,112620000.0,0.0,100504000.0,91100000.0,91100000.0,0.0,0.0,0.446,64408000.0,135850000.0,28210000.0,1.224,1.841,22.292,21.616,1877264000.0,9404000.0,24.21,9.949,9.869,4593000.0,-276290000.0,204117000.0,204117000.0,0.0,0.05,0.091,0.058,0.717,2264000.0,15611000.0,1.0,83880873.0,83208660.0,83412391.0,2.453,1912726000.0,0.0,846000.0,0.0,22.987,
62,O,MRT,2005-12-31,2005-12-31,2005-12-31,2021-08-03,0.0,1920988000.0,1703625000.0,,,0.115,12.373,-395047000.0,65704000.0,65704000.0,3865000.0,99119000.0,,0.942,891700000.0,,,891700000.0,0.0,46002000.0,0.0,0.063,1.353,140881000.0,186883000.0,0.956,186883000.0,140881000.0,99932000.0,1.12,1.12,1.12,989214000.0,949046250.0,989214000.0,2577712216.0,18.0,13.793,-285490000.0,-3.571,1.0,191588000.0,0.98,17206000.0,40949000.0,2729778000.0,2386201000.0,0.0,0.0,,,931774000.0,,,1809456216.0,63563000.0,0.0,93159000.0,383366000.0,-108575000.0,358547000.0,-404541000.0,0.0,109557000.0,0.0,99119000.0,89716000.0,89716000.0,0.0,0.0,0.459,61423000.0,130165000.0,30512000.0,1.208,1.829,20.169,19.304,1802046000.0,9403000.0,21.62,9.258,8.844,5044000.0,-268890000.0,195453000.0,195453000.0,0.0,0.053,0.095,0.059,0.721,2167000.0,15421000.0,1.0,83693627.0,79950255.0,80208593.0,2.445,1903782000.0,0.0,813000.0,0.0,23.812,
63,O,MRT,2005-09-30,2005-09-30,2005-09-30,2021-08-03,0.0,1798707000.0,1583956750.0,,,0.118,12.437,-351635000.0,2244000.0,2244000.0,3708000.0,97847000.0,,0.813,770500000.0,,,770500000.0,0.0,43138000.0,0.0,0.053,1.279,136306000.0,179444000.0,0.96,179444000.0,136306000.0,98628000.0,1.12,1.12,1.12,992251000.0,930176500.0,992251000.0,2536395339.0,19.0,14.135,-244869000.0,-3.069,1.0,183279000.0,0.98,17206000.0,37678000.0,2549757000.0,2185398500.0,0.0,0.0,,,806456000.0,,,1903543339.0,-6239000.0,0.0,363384000.0,-27928000.0,-105564000.0,248040000.0,-361045000.0,0.0,106766000.0,0.0,97847000.0,88550000.0,88550000.0,0.0,0.0,0.474,59317000.0,123962000.0,26800000.0,1.142,1.918,21.497,21.348,1748737000.0,9297000.0,23.91,10.18,10.201,3587000.0,-265283000.0,186987000.0,186987000.0,0.0,0.056,0.095,0.062,0.729,-1050000.0,15424000.0,1.0,79612854.0,79779808.0,79843553.0,2.344,1781501000.0,0.0,781000.0,0.0,22.33,
64,O,MRT,2005-06-30,2005-06-30,2005-06-30,2021-08-03,0.0,1571583000.0,1493691000.0,,,0.122,11.377,-169046000.0,1948000.0,1948000.0,3462000.0,99928000.0,,0.735,634800000.0,,,634800000.0,0.0,42026000.0,0.0,0.05,1.256,136686000.0,178712000.0,0.983,178712000.0,136686000.0,100684000.0,1.14,1.14,1.14,905581000.0,904096250.0,905581000.0,2564772054.0,19.0,14.351,-37331000.0,-0.469,1.0,178293000.0,0.981,17206000.0,36002000.0,2187229000.0,2031798000.0,0.0,0.0,,,666002000.0,,,1992748054.0,-13092000.0,0.0,267000.0,151795000.0,-103371000.0,32291000.0,-177098000.0,0.0,131715000.0,0.0,99928000.0,89767000.0,89767000.0,0.0,0.0,0.494,57267000.0,121026000.0,23571000.0,1.102,2.201,22.199,21.965,1522898000.0,10161000.0,25.04,10.964,10.966,3539000.0,-258367000.0,181755000.0,181755000.0,0.0,0.06,0.099,0.067,0.752,-688000.0,14460000.0,1.0,79582590.0,79597321.0,79676168.0,2.283,1554377000.0,0.0,756000.0,0.0,19.528,
65,O,MRT,2005-03-31,2005-03-31,2005-03-31,2021-08-03,0.0,1523222000.0,1457011000.0,,,0.122,11.424,-127829000.0,11076000.0,11076000.0,3203000.0,102050000.0,,0.675,583100000.0,,,583100000.0,0.0,40882000.0,0.0,0.054,1.226,137508000.0,178390000.0,1.0,178390000.0,137508000.0,102794000.0,1.13,1.13,1.13,909139000.0,908597000.0,909139000.0,2322306714.0,17.0,13.018,33669000.0,0.423,1.0,175170000.0,0.982,17206000.0,34714000.0,2078040000.0,1953145000.0,0.0,0.0,,,614083000.0,,,1820847714.0,5526000.0,0.0,469000.0,66893000.0,-100880000.0,-21859000.0,-134113000.0,0.0,161498000.0,0.0,102050000.0,88898000.0,88898000.0,0.0,0.0,0.498,55666000.0,119504000.0,23894000.0,1.085,2.003,20.482,20.248,1469155000.0,13152000.0,22.88,10.208,10.208,3512000.0,-254216000.0,178373000.0,178373000.0,0.0,0.061,0.098,0.07,0.771,203000.0,14014000.0,1.0,79582505.0,79581517.0,79659364.0,2.241,1506016000.0,0.0,744000.0,0.0,18.924,
66,O,MRT,2004-12-31,2004-12-31,2004-12-31,2021-08-03,0.0,1442315000.0,1434539000.0,,,0.121,11.637,-160869000.0,2141000.0,2141000.0,3058000.0,103397000.0,,0.578,503600000.0,,,503600000.0,0.0,39696000.0,0.0,0.047,1.196,138228000.0,177924000.0,1.028,177924000.0,138228000.0,104096000.0,1.15,1.15,1.15,913735000.0,905176750.0,913735000.0,2520450165.0,18.0,14.166,17468000.0,0.222,1.0,170004000.0,0.982,17206000.0,34132000.0,1926568000.0,1914579500.0,0.0,0.0,,,528580000.0,,,2005533165.0,-2696000.0,0.0,68502000.0,-2828000.0,-97420000.0,-20164000.0,-160869000.0,0.0,178337000.0,0.0,103397000.0,90168000.0,90168000.0,0.0,0.0,0.521,53531000.0,116473000.0,18694000.0,1.04,2.195,22.242,21.991,1406710000.0,13229000.0,25.29,11.589,11.474,4075000.0,-249025000.0,173062000.0,173062000.0,0.0,0.063,0.1,0.072,0.799,14000.0,13119000.0,1.0,79301430.0,78518296.0,78598788.0,2.204,1425109000.0,0.0,699000.0,0.0,18.15,
67,O,MRT,2004-09-30,2004-09-30,2004-09-30,2021-08-03,0.0,1437644000.0,1414024500.0,,,0.118,11.2,-318305000.0,8483000.0,8483000.0,2832000.0,104325000.0,,0.619,523400000.0,,,523400000.0,0.0,38035000.0,0.0,0.054,1.221,137897000.0,175932000.0,1.054,175932000.0,137897000.0,104962000.0,1.18,1.185,1.18,887930000.0,883684500.0,887930000.0,2249604450.0,16.0,12.787,-163362000.0,-2.061,1.0,164051000.0,0.983,17206000.0,32935000.0,1935355000.0,1894091000.0,0.0,0.0,,,549714000.0,,,1784644450.0,2774000.0,0.0,179650000.0,95961000.0,-93429000.0,166136000.0,-318305000.0,0.0,154943000.0,0.0,104325000.0,90912000.0,90912000.0,0.0,0.0,0.545,50572000.0,113479000.0,21001000.0,1.035,2.01,19.63,19.081,1398129000.0,13413000.0,22.515,10.694,10.696,2614000.0,-247266000.0,166883000.0,166883000.0,0.0,0.064,0.103,0.073,0.826,1319000.0,12483000.0,1.0,79264688.0,79280944.0,,2.105,1420438000.0,0.0,637000.0,0.0,17.917,
68,O,MRT,2004-06-30,2004-06-30,2004-06-30,2021-08-03,0.0,1424863000.0,1344874500.0,,,0.119,11.655,-314915000.0,15040000.0,15040000.0,2731000.0,99451000.0,,0.543,480000000.0,,,480000000.0,0.0,35871000.0,0.0,0.057,1.199,130986000.0,166857000.0,1.046,166857000.0,130986000.0,100025000.0,1.155,1.16,1.155,923584000.0,840227250.0,923584000.0,2160721647.0,16.0,12.95,-193818000.0,-2.446,1.0,156768000.0,0.983,17206000.0,30961000.0,1872617000.0,1801109500.0,0.0,0.0,,,501279000.0,,,1653071647.0,10321000.0,0.0,80954000.0,194267000.0,-89505000.0,204139000.0,-314915000.0,0.0,121097000.0,0.0,99451000.0,86825000.0,86825000.0,0.0,0.0,0.544,47856000.0,108912000.0,16480000.0,1.038,1.79,19.039,18.065,1377680000.0,12626000.0,20.865,10.364,10.367,2924000.0,-243932000.0,159499000.0,159499000.0,0.0,0.065,0.103,0.073,0.821,1199000.0,11825000.0,1.0,79227014.0,79245656.0,,2.013,1407657000.0,0.0,574000.0,0.0,17.763,
69,O,MRT,2004-03-31,2004-03-31,2004-03-31,2021-08-03,0.0,1433334000.0,1268437250.0,,,0.119,11.747,-332935000.0,5550000.0,5550000.0,2548000.0,93253000.0,,0.601,513200000.0,,,513200000.0,0.0,33918000.0,0.0,0.053,1.194,122774000.0,156692000.0,1.037,156692000.0,122774000.0,93772000.0,1.145,1.15,1.145,895458000.0,788486250.0,895458000.0,2382744923.0,19.0,15.207,-237662000.0,-3.118,1.0,148528000.0,0.983,17206000.0,29002000.0,1923778000.0,1702777500.0,0.0,0.0,,,537876000.0,,,1881181923.0,1944000.0,0.0,80746000.0,254767000.0,-86194000.0,239606000.0,-332935000.0,0.0,95273000.0,0.0,93253000.0,83541000.0,83541000.0,0.0,0.0,0.553,45311000.0,103217000.0,18493000.0,1.043,2.101,22.518,19.498,1394441000.0,9712000.0,22.325,12.452,11.265,3216000.0,-241401000.0,151076000.0,151076000.0,0.0,0.066,0.106,0.072,0.813,1082000.0,11201000.0,1.0,84263468.0,76228344.0,,1.982,1416128000.0,0.0,519000.0,0.0,18.577,
70,O,MRT,2003-12-31,2003-12-31,2003-12-31,2021-08-03,0.0,1360257000.0,1183585250.0,,,0.121,11.638,-259814000.0,4837000.0,4837000.0,2439000.0,86435000.0,,0.643,506400000.0,,,506400000.0,0.0,32231000.0,0.0,0.059,1.186,113349000.0,145580000.0,1.015,145580000.0,113349000.0,86936000.0,1.08,1.08,1.08,827766000.0,744307750.0,827766000.0,1935968080.0,17.0,13.298,-185857000.0,-2.613,1.0,141039000.0,0.983,17206000.0,26413000.0,1844614000.0,1578811500.0,0.0,0.0,,,532491000.0,,,1516377080.0,-4084000.0,0.0,112261000.0,163067000.0,-83842000.0,181773000.0,-259814000.0,0.0,73957000.0,0.0,86435000.0,76722000.0,76722000.0,0.0,0.0,0.535,42847000.0,98192000.0,19061000.0,1.098,1.832,19.765,18.519,1320645000.0,9713000.0,20.0,10.569,9.915,3950000.0,-240632000.0,143478000.0,143478000.0,0.0,0.065,0.103,0.072,0.79,951000.0,10616000.0,1.0,75818854.0,71128282.0,71222628.0,2.017,1343051000.0,0.0,501000.0,0.0,18.882,
71,O,MRT,2003-09-30,2003-09-30,2003-09-30,2021-08-03,0.0,1161044000.0,1113578500.0,,,0.121,10.195,-94128000.0,5709000.0,5709000.0,2135000.0,79061000.0,,0.626,425300000.0,,,425300000.0,0.0,30886000.0,0.0,0.059,1.179,103379000.0,134265000.0,0.996,134265000.0,103379000.0,78553000.0,0.995,0.99,0.995,714101000.0,717980000.0,714101000.0,1766060277.0,17.0,13.154,-3762000.0,-0.054,1.0,132723000.0,0.984,17206000.0,24826000.0,1563429000.0,1466108750.0,0.0,0.0,,,446943000.0,,,1388679277.0,-2682000.0,0.0,1269000.0,91606000.0,-82081000.0,1080000.0,-94128000.0,0.0,90366000.0,0.0,79061000.0,69348000.0,69348000.0,6719000.0,0.0,0.514,40826000.0,91897000.0,15384000.0,1.185,1.945,20.025,19.925,1121689000.0,9713000.0,19.825,10.297,10.297,3384000.0,-243037000.0,134858000.0,134858000.0,0.0,0.062,0.097,0.071,0.767,863000.0,9748000.0,1.0,70046874.0,70046874.0,,1.925,1143838000.0,0.0,-508000.0,0.0,16.33,
72,O,MRT,2003-06-30,2003-06-30,2003-06-30,2021-08-03,0.0,1119114000.0,1092231000.0,,,0.123,10.234,-91471000.0,4719000.0,4719000.0,2240000.0,80552000.0,,0.562,382100000.0,,,382100000.0,0.0,30579000.0,0.0,0.062,1.171,104600000.0,135179000.0,1.009,135179000.0,104600000.0,80433000.0,1.02,1.015,1.02,716620000.0,720681500.0,716620000.0,1684477007.0,16.0,12.461,31292000.0,0.447,1.0,131725000.0,0.983,17206000.0,24167000.0,1479289000.0,1420815750.0,0.0,0.0,,,402494000.0,,,1333283007.0,-16523000.0,0.0,148650000.0,-103700000.0,-81170000.0,-47815000.0,-91471000.0,0.0,122763000.0,0.0,80552000.0,70839000.0,70839000.0,3043000.0,0.0,0.529,40252000.0,91473000.0,14309000.0,1.148,1.861,18.821,18.667,1082337000.0,9713000.0,19.04,9.952,9.952,3279000.0,-240141000.0,133965000.0,133965000.0,0.0,0.065,0.098,0.074,0.781,772000.0,9506000.0,1.0,70025368.0,70025368.0,,1.913,1101908000.0,0.0,-119000.0,0.0,15.736,
73,O,MRT,2003-03-31,2003-03-31,2003-03-31,2021-08-03,0.0,1093926000.0,1082532500.0,,,0.122,10.278,-137772000.0,3606000.0,3606000.0,2199000.0,78407000.0,,0.522,354800000.0,,,354800000.0,0.0,29888000.0,0.0,0.065,1.161,102174000.0,132062000.0,0.998,132062000.0,102174000.0,78750000.0,1.0,0.995,1.0,718744000.0,710658500.0,718744000.0,1580729988.0,15.0,11.97,-9043000.0,-0.129,1.0,130138000.0,0.983,17206000.0,23424000.0,1427914000.0,1407911500.0,0.0,0.0,,,375182000.0,,,1249950988.0,-124000.0,0.0,148713000.0,-48800000.0,-79672000.0,8919000.0,-137772000.0,0.0,128729000.0,0.0,78407000.0,68694000.0,68694000.0,1690000.0,0.0,0.519,39293000.0,90845000.0,14584000.0,1.161,1.739,18.196,17.875,1057583000.0,9713000.0,17.875,9.445,9.445,3343000.0,-237644000.0,132337000.0,132337000.0,0.0,0.063,0.097,0.073,0.772,685000.0,9218000.0,1.0,69927328.0,69927328.0,,1.892,1076720000.0,0.0,343000.0,0.0,15.398,
74,O,MRT,2002-12-31,2002-12-31,2002-12-31,2021-08-03,0.0,1080230000.0,1059446250.0,,,0.123,10.359,-114699000.0,8921000.0,8921000.0,2188000.0,78667000.0,,0.495,339700000.0,,,339700000.0,0.0,29334000.0,0.0,0.066,1.154,102305000.0,131639000.0,1.013,131639000.0,102305000.0,79163000.0,1.02,1.01,1.02,722455000.0,700830250.0,722455000.0,1544301595.0,15.0,11.731,10108000.0,0.145,1.0,127737000.0,0.983,17206000.0,23142000.0,1393803000.0,1371994250.0,0.0,0.0,,,357775000.0,,,1220492595.0,6454000.0,0.0,59701000.0,24400000.0,-78042000.0,-3654000.0,-114699000.0,0.0,124807000.0,0.0,78667000.0,68954000.0,68954000.0,0.0,0.0,0.531,38377000.0,89360000.0,11848000.0,1.131,1.689,17.7,17.157,1038178000.0,9713000.0,17.5,9.394,9.394,4408000.0,-232731000.0,129925000.0,129925000.0,0.0,0.065,0.098,0.075,0.787,595000.0,9043000.0,1.0,69742434.0,69742434.0,,1.863,1063024000.0,0.0,496000.0,0.0,15.242,
75,O,MRT,2002-09-30,2002-09-30,2002-09-30,2021-08-03,0.0,1075654000.0,1040315750.0,,,0.127,10.394,-151944000.0,8391000.0,8391000.0,2462000.0,76982000.0,,0.484,332200000.0,,,332200000.0,0.0,28868000.0,0.0,0.067,1.146,103230000.0,132098000.0,1.003,132098000.0,103230000.0,80163000.0,1.01,1.01,1.01,724907000.0,688164750.0,724907000.0,1555364197.0,15.0,11.774,-30254000.0,-0.434,1.0,129237000.0,0.981,17206000.0,23067000.0,1382257000.0,1348377250.0,0.0,0.0,,,350747000.0,,,1190806197.0,-3233000.0,0.0,139304000.0,4700000.0,-75739000.0,56671000.0,-181594000.0,0.0,121690000.0,0.0,76982000.0,67270000.0,67270000.0,-9227000.0,0.0,0.511,35751000.0,93486000.0,13659000.0,1.135,1.643,17.702,16.906,1037207000.0,9712000.0,17.075,9.042,9.042,3116000.0,-230096000.0,131699000.0,131699000.0,0.0,0.065,0.098,0.077,0.784,512000.0,9059000.0,1.0,69739748.0,69739748.0,,1.888,1058448000.0,0.0,3181000.0,0.0,15.177,
76,O,MRT,2002-06-30,2002-06-30,2002-06-30,2021-08-03,0.0,1080320000.0,1006776000.0,,,0.12,10.153,-158662000.0,21242000.0,21242000.0,2181000.0,67558000.0,,0.597,385800000.0,,,385800000.0,0.0,28535000.0,0.0,0.062,1.139,96702000.0,125237000.0,1.04,125237000.0,96702000.0,70236000.0,0.99,0.99,0.99,676528000.0,655980500.0,676528000.0,1529950328.0,16.0,12.216,-60469000.0,-0.907,1.0,118228000.0,0.982,17206000.0,26466000.0,1427672000.0,1312796500.0,0.0,0.0,,,403792000.0,,,1230080328.0,20062000.0,0.0,96933000.0,85600000.0,-72616000.0,100205000.0,-178336000.0,0.0,98193000.0,0.0,67558000.0,57846000.0,57846000.0,-4111000.0,0.0,0.48,34735000.0,83493000.0,13874000.0,1.151,1.818,21.265,18.646,1028121000.0,9712000.0,18.46,10.216,10.216,3284000.0,-229307000.0,120409000.0,120409000.0,0.0,0.057,0.088,0.074,0.803,440000.0,7840000.0,1.0,66634904.0,66634904.0,,1.807,1063114000.0,0.0,2678000.0,0.0,15.954,
77,O,MRT,2002-03-31,2002-03-31,2002-03-31,2021-08-03,0.0,1001581000.0,964027250.0,,,0.127,10.225,-90258000.0,3730000.0,3730000.0,2276000.0,67379000.0,,0.474,303600000.0,,,303600000.0,0.0,27875000.0,0.0,0.068,1.131,93471000.0,121346000.0,0.995,121346000.0,93471000.0,69459000.0,0.93,0.93,0.93,679431000.0,634793000.0,679431000.0,1415832184.0,15.0,11.668,-4970000.0,-0.075,1.0,119684000.0,0.981,17206000.0,24012000.0,1284245000.0,1253547750.0,0.0,0.0,,,322150000.0,,,1102999184.0,1738000.0,0.0,175368000.0,-72700000.0,-68921000.0,23762000.0,-107312000.0,0.0,85288000.0,0.0,67379000.0,57667000.0,57667000.0,-5254000.0,0.0,0.473,34954000.0,84730000.0,14205000.0,1.216,1.623,19.127,17.849,966282000.0,9712000.0,16.6,9.044,9.044,3294000.0,-226164000.0,121960000.0,121960000.0,0.0,0.06,0.091,0.075,0.766,365000.0,8188000.0,1.0,66445734.0,66445734.0,,1.835,984375000.0,0.0,2080000.0,0.0,14.815,
78,O,MRT,2001-12-31,2001-12-31,2001-12-31,2021-08-03,0.0,1003708000.0,941839000.0,,,0.128,10.247,-92748000.0,2467000.0,2467000.0,2283000.0,67558000.0,,0.494,315300000.0,,,315300000.0,0.0,27727000.0,0.0,0.076,1.124,95816000.0,123543000.0,1.028,123543000.0,95816000.0,69350000.0,0.99,0.99,0.99,671793000.0,594408500.0,671793000.0,1279582451.0,13.0,10.357,-2713000.0,-0.041,1.0,117840000.0,0.981,17206000.0,26466000.0,1299335000.0,1249795750.0,0.0,0.0,,,331915000.0,,,963706451.0,-1348000.0,0.0,164648000.0,-88700000.0,-64871000.0,1365000.0,-92748000.0,0.0,90035000.0,0.0,67558000.0,57846000.0,57846000.0,-4445000.0,0.0,0.482,35567000.0,82273000.0,12072000.0,1.135,1.435,16.66,14.848,967670000.0,9712000.0,14.7,8.023,8.023,4857000.0,-223080000.0,120123000.0,120123000.0,0.0,0.061,0.097,0.077,0.798,301000.0,7840000.0,1.0,65558262.0,65558262.0,,1.832,986502000.0,0.0,1792000.0,0.0,15.048,
79,O,MRT,2001-09-30,2001-09-30,2001-09-30,2021-08-03,0.0,941495000.0,924603500.0,,,0.13,10.016,-50015000.0,11624000.0,11624000.0,2204000.0,65797000.0,,0.579,327500000.0,,,327500000.0,0.0,28979000.0,0.0,0.076,1.106,95257000.0,124236000.0,1.036,124236000.0,95257000.0,65797000.0,1.01,1.01,1.01,596170000.0,555352500.0,596170000.0,1162108894.0,12.0,9.354,30058000.0,0.505,1.0,117731000.0,0.982,17437000.0,29460000.0,1239934000.0,1254167250.0,0.0,0.0,,,345325000.0,,,863088894.0,6327000.0,0.0,84185000.0,-88800000.0,-61555000.0,-75917000.0,2171000.0,0.0,80073000.0,0.0,65797000.0,56085000.0,56085000.0,-2986000.0,0.0,0.468,39262000.0,78469000.0,13617000.0,1.095,1.448,15.389,14.356,895779000.0,9712000.0,14.5,7.196,7.196,3606000.0,-220510000.0,119935000.0,119935000.0,0.0,0.061,0.101,0.076,0.794,422000.0,7667000.0,1.0,59523372.0,59523372.0,,2.015,924058000.0,0.0,0.0,0.0,15.524,
80,O,MRT,2001-06-30,2001-06-30,2001-06-30,2021-08-03,0.0,909325000.0,927487000.0,,,0.136,10.04,-48668000.0,1180000.0,1180000.0,2261000.0,65752000.0,,0.537,300200000.0,,,300200000.0,0.0,28598000.0,0.0,0.074,1.099,94078000.0,122676000.0,0.976,122676000.0,94078000.0,65752000.0,0.935,0.935,0.935,591778000.0,535530500.0,591778000.0,1245433662.0,13.0,10.152,39951000.0,0.678,1.0,123471000.0,0.982,17668000.0,28326000.0,1190677000.0,1280601750.0,0.0,0.0,,,317547000.0,,,871125662.0,-1269000.0,0.0,76268000.0,-92100000.0,-59433000.0,-83130000.0,-6758000.0,0.0,88619000.0,0.0,65752000.0,56040000.0,56040000.0,-4426000.0,0.0,0.446,39271000.0,84200000.0,13391000.0,1.175,1.472,15.545,15.807,873234000.0,9712000.0,14.78,6.928,6.928,3270000.0,-218465000.0,125732000.0,125732000.0,0.0,0.06,0.105,0.073,0.748,339000.0,8308000.0,1.0,58939490.0,58939490.0,,2.133,891657000.0,0.0,0.0,0.0,15.128,
81,O,MRT,2001-03-31,2001-03-31,2001-03-31,2021-08-03,0.0,912828000.0,932253750.0,,,0.127,9.73,-50254000.0,1992000.0,1992000.0,2107000.0,60349000.0,,0.763,376300000.0,,,376300000.0,0.0,28750000.0,0.0,0.082,1.091,92797000.0,121547000.0,1.023,121547000.0,92797000.0,60349000.0,0.95,0.95,0.95,517893000.0,518300000.0,517893000.0,1105423617.0,12.0,9.095,19979000.0,0.375,1.0,116733000.0,0.982,17899000.0,32448000.0,1269237000.0,1307845500.0,0.0,0.0,,,394935000.0,,,705238617.0,-111000.0,0.0,-5467000.0,9400000.0,-58548000.0,-62480000.0,-7864000.0,0.0,70233000.0,0.0,60349000.0,50637000.0,50637000.0,-1930000.0,0.0,0.426,37867000.0,78866000.0,14381000.0,1.148,1.362,13.927,13.947,875159000.0,9712000.0,13.25,5.934,5.934,3696000.0,-213498000.0,118840000.0,118840000.0,0.0,0.054,0.098,0.071,0.781,261000.0,7311000.0,1.0,53225556.0,53225556.0,,2.233,894929000.0,0.0,0.0,0.0,16.814,
82,O,MRT,2000-12-31,2000-12-31,2000-12-31,2021-08-03,0.0,934766000.0,931977000.0,,,0.124,9.704,-56142000.0,3815000.0,3815000.0,1999000.0,54788000.0,,0.813,404000000.0,,,404000000.0,0.0,28325000.0,0.0,0.087,1.083,86335000.0,114660000.0,0.99,114660000.0,86335000.0,54788000.0,0.845,0.845,0.845,515569000.0,521306250.0,515569000.0,1071903353.0,12.0,9.349,448000.0,0.008,1.0,113795000.0,0.983,18130000.0,31547000.0,1316821000.0,1304960250.0,0.0,0.0,,,419197000.0,,,660900353.0,3042000.0,0.0,-6283000.0,54800000.0,-58262000.0,-19492000.0,-34056000.0,0.0,56590000.0,0.0,54788000.0,45076000.0,45076000.0,-1804000.0,0.0,0.389,35976000.0,77819000.0,10883000.0,1.282,1.282,14.662,14.722,894278000.0,9712000.0,12.44,5.708,5.708,5053000.0,-214731000.0,115794000.0,115794000.0,0.0,0.048,0.086,0.066,0.746,194000.0,6844000.0,1.0,53127038.0,53127038.0,,2.18,916636000.0,0.0,0.0,0.0,17.254,
83,O,MRT,2000-09-30,2000-09-30,2000-09-30,2021-08-03,0.0,953029000.0,924636500.0,,,0.122,9.695,-66193000.0,5297000.0,5297000.0,1977000.0,50866000.0,,0.844,416300000.0,,,416300000.0,0.0,26903000.0,0.0,0.093,1.085,80127000.0,107030000.0,0.947,107030000.0,80127000.0,50866000.0,0.77,0.77,0.77,516882000.0,526121750.0,516882000.0,1011221451.0,13.0,9.448,-9769000.0,-0.183,1.0,110987000.0,0.982,18360000.0,29261000.0,1345672000.0,1284449500.0,0.0,0.0,,,436147000.0,,,621370451.0,2400000.0,0.0,-105126000.0,83800000.0,-57895000.0,12619000.0,-66643000.0,0.0,56424000.0,0.0,50866000.0,41145000.0,41145000.0,-1866000.0,0.0,0.364,34267000.0,76720000.0,14964000.0,1.409,1.202,15.102,15.136,912020000.0,9721000.0,11.655,5.501,5.501,3558000.0,-214288000.0,112964000.0,112964000.0,0.0,0.044,0.078,0.062,0.709,0.0,6386000.0,1.0,53313638.0,53313638.0,,2.119,934669000.0,0.0,0.0,0.0,17.532,
84,O,MRT,2000-06-30,2000-06-30,2000-06-30,2021-08-03,0.0,928392000.0,908964750.0,,,0.121,9.786,-101601000.0,2449000.0,2449000.0,1919000.0,51659000.0,,0.776,392300000.0,,,392300000.0,0.0,26650000.0,0.0,0.091,1.074,78836000.0,105486000.0,0.959,105486000.0,78836000.0,51659000.0,0.785,0.785,0.785,522856000.0,531620500.0,522856000.0,994712413.0,13.0,9.43,-45338000.0,-0.849,1.0,108060000.0,0.983,18591000.0,27177000.0,1299652000.0,1248196750.0,0.0,0.0,,,405536000.0,,,629915413.0,-14369000.0,0.0,-70721000.0,69000000.0,-57383000.0,31119000.0,-101751000.0,0.0,56263000.0,0.0,51659000.0,42203000.0,42203000.0,-1866000.0,0.0,0.384,33636000.0,74424000.0,9710000.0,1.368,1.205,14.926,15.019,889627000.0,9456000.0,11.79,5.728,5.728,3048000.0,-209595000.0,109979000.0,109979000.0,0.0,0.046,0.079,0.063,0.717,0.0,6416000.0,1.0,53427940.0,53427940.0,,2.058,909801000.0,0.0,0.0,0.0,17.029,
85,O,MRT,2000-03-31,2000-03-31,2000-03-31,2021-08-03,0.0,911721000.0,889233250.0,,,0.12,9.883,-138370000.0,2103000.0,2103000.0,1890000.0,49224000.0,,0.72,366900000.0,,,366900000.0,0.0,26043000.0,0.0,0.11,1.063,74975000.0,101018000.0,0.949,101018000.0,74975000.0,49224000.0,0.775,0.775,0.775,529918000.0,528140000.0,529918000.0,864488122.0,12.0,8.558,-67681000.0,-1.262,1.0,104550000.0,0.982,18822000.0,25751000.0,1257696000.0,1207392000.0,0.0,0.0,,,381803000.0,,,516061122.0,-3591000.0,0.0,-951000.0,32999000.0,-56730000.0,67340000.0,-141620000.0,0.0,70689000.0,0.0,49224000.0,41567000.0,41567000.0,-1866000.0,0.0,0.391,33049000.0,71501000.0,11062000.0,1.372,0.974,12.415,12.419,868604000.0,7657000.0,9.625,4.848,4.848,3180000.0,-205487000.0,106440000.0,106440000.0,0.0,0.047,0.079,0.062,0.704,0.0,6472000.0,1.0,53616740.0,53616740.0,,1.985,892899000.0,0.0,0.0,0.0,16.653,
86,O,MRT,1999-12-31,1999-12-31,1999-12-31,2021-08-03,0.0,905404000.0,860437750.0,,,0.119,9.97,-164625000.0,773000.0,773000.0,1816000.0,46241000.0,,0.693,349200000.0,,,349200000.0,0.0,25385000.0,0.0,0.102,1.049,70714000.0,96099000.0,0.941,96099000.0,70714000.0,46241000.0,0.765,0.765,0.765,534831000.0,507290750.0,534831000.0,882944243.0,12.0,9.188,-92471000.0,-1.724,1.0,100255000.0,0.982,19053000.0,24473000.0,1234778000.0,1169217750.0,0.0,0.0,,,370573000.0,,,553341243.0,-1760000.0,0.0,0.0,53899000.0,-55925000.0,92424000.0,-166338000.0,0.0,72154000.0,0.0,46241000.0,41012000.0,41012000.0,-1866000.0,0.0,0.402,32353000.0,67902000.0,17620000.0,1.371,1.035,13.492,13.484,867093000.0,5229000.0,10.315,5.421,5.421,3407000.0,-201459000.0,102071000.0,102071000.0,0.0,0.048,0.081,0.06,0.693,0.0,6544000.0,1.0,53644328.0,53644328.0,,1.903,886351000.0,0.0,0.0,0.0,16.523,
87,O,MRT,1999-09-30,1999-09-30,1999-09-30,2021-08-03,0.0,890342000.0,823895250.0,,,0.121,10.045,-202044000.0,2897000.0,2897000.0,1750000.0,44080000.0,,0.652,332500000.0,,,332500000.0,0.0,24839000.0,0.0,0.089,1.034,66791000.0,91630000.0,0.922,91630000.0,66791000.0,44080000.0,0.765,0.765,0.765,538877000.0,486135250.0,538877000.0,926881082.0,14.0,10.115,-132170000.0,-2.464,1.0,97612000.0,0.982,19284000.0,22711000.0,1200661000.0,1118404250.0,0.0,0.0,,,351465000.0,,,620399082.0,109000.0,0.0,99666000.0,92235000.0,-55117000.0,133992000.0,-203757000.0,0.0,69874000.0,0.0,44080000.0,41288000.0,41288000.0,0.0,0.0,0.416,32357000.0,65255000.0,15498000.0,1.352,1.151,15.026,15.118,851358000.0,2792000.0,11.565,6.244,6.244,2268000.0,-197412000.0,99362000.0,99362000.0,0.0,0.05,0.085,0.06,0.672,0.0,6703000.0,1.0,53644538.0,53644538.0,,1.852,871058000.0,0.0,0.0,0.0,16.238,
88,O,MRT,1999-06-30,1999-06-30,1999-06-30,2021-08-03,0.0,849466000.0,775709500.0,,,0.122,9.487,-175510000.0,16818000.0,16818000.0,1769000.0,41429000.0,,0.669,323300000.0,,,323300000.0,0.0,23809000.0,0.0,0.086,1.019,61722000.0,85531000.0,0.906,85531000.0,61722000.0,41429000.0,0.76,0.76,0.76,508934000.0,464711250.0,508934000.0,965234366.0,16.0,11.285,-108320000.0,-2.019,1.0,92662000.0,0.981,19515000.0,20293000.0,1136433000.0,1043639750.0,0.0,0.0,,,340532000.0,,,637028366.0,13702000.0,0.0,66545000.0,112135000.0,-54316000.0,123735000.0,-177223000.0,0.0,67190000.0,0.0,41429000.0,40800000.0,40800000.0,0.0,0.0,0.432,31240000.0,61422000.0,13936000.0,1.341,1.252,15.613,15.625,795647000.0,629000.0,11.875,6.746,6.746,2320000.0,-194244000.0,94431000.0,94431000.0,0.0,0.053,0.088,0.059,0.654,0.0,6616000.0,1.0,53644494.0,53644494.0,,1.76,829951000.0,0.0,0.0,0.0,15.471,
89,O,MRT,1999-03-31,1999-03-31,1999-03-31,2021-08-03,0.0,796539000.0,729848250.0,,,0.123,8.324,-179390000.0,5694000.0,5694000.0,1758000.0,41309000.0,,0.784,333900000.0,,,333900000.0,0.0,22941000.0,0.0,0.096,1.004,58421000.0,81362000.0,0.905,81362000.0,58421000.0,41309000.0,0.77,0.77,0.77,446521000.0,451593250.0,446521000.0,855535846.0,15.0,10.515,-113366000.0,-2.113,1.0,88138000.0,0.98,19746000.0,17112000.0,1104999000.0,969623000.0,0.0,0.0,,,350018000.0,,,563268846.0,3981000.0,0.0,-58000.0,172636000.0,-65980000.0,119060000.0,-181103000.0,0.0,66024000.0,0.0,41309000.0,41309000.0,41309000.0,0.0,0.0,0.46,30017000.0,58121000.0,12623000.0,1.304,1.261,13.635,13.636,753415000.0,0.0,10.5,6.266,6.266,2064000.0,-190095000.0,89896000.0,89896000.0,0.0,0.057,0.091,0.06,0.65,0.0,6572000.0,1.0,53644652.0,53644652.0,,1.676,776793000.0,0.0,0.0,0.0,14.48,
90,O,MRT,1998-12-31,1998-12-31,1998-12-31,2021-08-03,0.0,759234000.0,685873750.0,,,0.124,8.394,-189818000.0,2533000.0,2533000.0,1790000.0,41304000.0,,0.686,294800000.0,,,294800000.0,0.0,21935000.0,0.0,0.08,0.989,55027000.0,76962000.0,0.904,76962000.0,55027000.0,41304000.0,0.775,0.775,0.775,450209000.0,454797250.0,450209000.0,891419035.0,16.0,11.583,-125173000.0,-2.334,1.0,83342000.0,0.979,19977000.0,13723000.0,1031524000.0,879938000.0,0.0,0.0,,,309025000.0,,,667207035.0,410000.0,0.0,28448000.0,149436000.0,-52301000.0,125583000.0,-189818000.0,0.0,64645000.0,0.0,41304000.0,41304000.0,41304000.0,0.0,0.0,0.485,28615000.0,54727000.0,8595000.0,1.276,1.482,16.154,16.052,718280000.0,0.0,12.44,7.837,7.837,2973000.0,-186277000.0,85132000.0,85132000.0,0.0,0.06,0.091,0.063,0.646,0.0,6391000.0,1.0,53634006.0,53634006.0,,1.587,739257000.0,0.0,0.0,0.0,13.783,
91,O,MRT,1998-09-30,1998-09-30,1998-09-30,2021-08-03,0.0,697599000.0,640320500.0,,,0.127,8.443,-159639000.0,2788000.0,2788000.0,1919000.0,40776000.0,,0.539,227000000.0,,,227000000.0,0.0,21025000.0,0.0,0.078,0.975,52268000.0,73293000.0,0.905,73293000.0,52268000.0,40776000.0,0.78,0.78,0.78,453181000.0,450573750.0,453181000.0,862492640.0,17.0,11.768,-99371000.0,-1.851,1.0,79090000.0,0.976,20208000.0,11492000.0,901603000.0,793706250.0,0.0,0.0,,,244418000.0,,,667708640.0,-3410000.0,0.0,97168000.0,49400000.0,-83193000.0,95961000.0,-159639000.0,0.0,60268000.0,0.0,40776000.0,40776000.0,40776000.0,0.0,0.0,0.503,26797000.0,52293000.0,12786000.0,1.25,1.473,16.375,15.949,670448000.0,0.0,12.44,8.242,8.242,1374000.0,-183314000.0,81009000.0,81009000.0,0.0,0.064,0.09,0.066,0.645,0.0,6357000.0,1.0,53674328.0,53674328.0,,1.509,677391000.0,0.0,0.0,0.0,12.62,
92,O,MRT,1998-06-30,1998-06-30,1998-06-30,2021-08-03,0.0,666021000.0,,,,,8.504,-181149000.0,3116000.0,3116000.0,1831000.0,38749000.0,,0.459,197900000.0,,,197900000.0,0.0,20101000.0,0.0,0.073,0.963,49009000.0,69110000.0,0.911,69110000.0,49009000.0,38749000.0,0.77,0.77,0.77,456462000.0,,456462000.0,854235558.0,17.0,12.361,-123726000.0,-2.305,1.0,74052000.0,0.976,20439000.0,10260000.0,840366000.0,,0.0,0.0,,,209559000.0,,,707948558.0,264000.0,0.0,97414000.0,75052000.0,-69912000.0,123990000.0,-181149000.0,0.0,57423000.0,0.0,38749000.0,38749000.0,38749000.0,0.0,0.0,0.511,24878000.0,49174000.0,7077000.0,1.251,1.551,18.27,17.13,637534000.0,0.0,13.19,9.329,9.329,1826000.0,-180462000.0,75883000.0,75883000.0,0.0,,,,0.646,0.0,6028000.0,1.0,53673128.0,53673128.0,,1.414,645582000.0,0.0,0.0,0.0,12.028,
93,O,MRT,1998-03-31,1998-03-31,1998-03-31,2021-08-03,0.0,620641000.0,,,,,8.678,-169476000.0,1713000.0,1713000.0,1767000.0,36509000.0,,0.351,148000000.0,,,148000000.0,0.0,19216000.0,0.0,0.07,0.954,45914000.0,65130000.0,0.909,65130000.0,45914000.0,36509000.0,0.75,0.75,0.75,459337000.0,,459337000.0,850045966.0,19.0,13.052,-109553000.0,-2.07,1.0,69872000.0,0.975,20669000.0,9405000.0,746259000.0,,0.0,0.0,,,161304000.0,,,719568966.0,-1619000.0,0.0,97459000.0,58952000.0,-44367000.0,107934000.0,-169476000.0,0.0,59923000.0,0.0,36509000.0,36509000.0,36509000.0,0.0,0.0,0.51,23793000.0,46079000.0,8494000.0,1.272,1.567,19.709,18.127,592896000.0,0.0,13.595,10.044,10.044,2104000.0,-177619000.0,71639000.0,71639000.0,0.0,,,,0.641,0.0,5649000.0,1.0,52928942.0,52928942.0,,1.353,599972000.0,0.0,0.0,0.0,11.335,
94,O,MRT,1997-12-31,1997-12-31,1997-12-31,2021-08-03,0.0,577021000.0,515559000.0,,,0.132,8.187,-135957000.0,2123000.0,2123000.0,1785000.0,34770000.0,,0.332,132600000.0,,,132600000.0,0.0,18596000.0,0.0,0.075,0.95,42996000.0,61592000.0,0.907,61592000.0,42996000.0,34770000.0,0.74,0.74,0.74,433315000.0,403778000.0,433315000.0,,,,-83265000.0,-1.573,1.0,66112000.0,0.974,20901000.0,8226000.0,686597000.0,593650500.0,0.0,0.0,,,143706000.0,,,673256142.0,564000.0,0.0,68953000.0,61752000.0,-44367000.0,83829000.0,-135957000.0,0.0,52692000.0,0.0,34770000.0,34770000.0,34770000.0,0.0,0.0,0.512,22951000.0,43161000.0,6292000.0,1.284,1.554,19.363,17.189,547591000.0,0.0,12.72,9.916,9.916,3236000.0,-174833000.0,67897000.0,67897000.0,0.0,0.067,0.086,0.072,0.633,0.0,5437000.0,1.0,52928942.0,52928942.0,,1.283,556120000.0,0.0,0.0,0.0,10.507,
95,O,MRT,1997-09-30,1997-09-30,1997-09-30,2021-08-03,,,,,,,,,,,,,,,,,,,,,,0.07,0.946,,,,,,,,,,,,,,,,,,1.0,,,,,,,,,,,,,,,,,,,,,,,,,,,,,,,,,,,,,,,,13.47,,,,,,,,,,,,,,1.0,,,,,,,,,,
96,O,MRT,1997-06-30,1997-06-30,1997-06-30,2021-08-03,,,,,,,,,,,,,,,,,,,,,,0.072,0.942,,,,,,,,,,,,,,,,,,1.0,,,,,,,,,,,,,,,,,,,,,,,,,,,,,,,,,,,,,,,,13.125,,,,,,,,,,,,,,1.0,,,,,,,,,,
97,O,MRT,1997-03-31,1997-03-31,1997-03-31,2021-08-03,,,,,,,,,,,,,,,,,,,,,,0.082,0.938,,,,,,,,,,,,,,,,,,1.0,,,,,,,,,,,,,,,,,,,,,,,,,,,,,,,,,,,,,,,,11.5,,,,,,,,,,,,,,1.0,,,,,,,,,,
98,O,MRT,1996-12-31,1996-12-31,1996-12-31,2021-08-03,0.0,454097000.0,,,,,,-51300000.0,1559000.0,1559000.0,1640000.0,32223000.0,,0.213,70000000.0,,,70000000.0,0.0,16422000.0,0.0,0.072,0.856,34590000.0,51012000.0,0.896,51012000.0,34590000.0,32223000.0,0.7,0.7,0.7,374241000.0,,374241000.0,,,,-3227000.0,,1.0,55317000.0,0.971,21834000.0,2367000.0,500704000.0,,0.0,0.0,,,79856000.0,,,,-91000.0,0.0,0.0,51403000.0,0.0,3136000.0,-51300000.0,0.0,48073000.0,0.0,32223000.0,32223000.0,32223000.0,0.0,0.0,0.566,20148000.0,35169000.0,4791000.0,1.223,,,17.057,426233000.0,0.0,11.94,,,2288000.0,-164743000.0,56957000.0,56957000.0,0.0,,,,0.607,0.0,5181000.0,1.0,,,,,432263000.0,0.0,0.0,0.0,,
99,O,MRT,1995-12-31,1995-12-31,1995-12-31,2021-08-03,,,,,,,,-65273000.0,,,1607000.0,25600000.0,,,,,,,,14849000.0,,0.085,0.952,28242000.0,43091000.0,0.836,43091000.0,28242000.0,25600000.0,0.635,0.635,0.635,,,,,,,-24961000.0,,1.0,49948000.0,0.969,,2642000.0,,,,,,,,,,,-10023000.0,-982000.0,46630000.0,6000000.0,0.0,15920000.0,-66255000.0,0.0,40312000.0,0.0,25600000.0,25600000.0,25600000.0,0.0,0.0,0.497,21706000.0,28242000.0,,1.499,,,17.717,,0.0,11.25,,,,,51555000.0,51555000.0,0.0,,,,0.548,0.0,3214000.0,1.0,,,,,,,0.0,,,
