None,ticker,dimension,calendardate,datekey,reportperiod,lastupdated,accoci,assets,assetsavg,assetsc,assetsnc,assetturnover,bvps,capex,cashneq,cashnequsd,cor,consolinc,currentratio,de,debt,debtc,debtnc,debtusd,deferredrev,depamor,deposits,divyield,dps,ebit,ebitda,ebitdamargin,ebitdausd,ebitusd,ebt,eps,epsdil,epsusd,equity,equityavg,equityusd,ev,evebit,evebitda,fcf,fcfps,fxusd,gp,grossmargin,intangibles,intexp,invcap,invcapavg,inventory,investments,investmentsc,investmentsnc,liabilities,liabilitiesc,liabilitiesnc,marketcap,ncf,ncfbus,ncfcommon,ncfdebt,ncfdiv,ncff,ncfi,ncfinv,ncfo,ncfx,netinc,netinccmn,netinccmnusd,netincdis,netincnci,netmargin,opex,opinc,payables,payoutratio,pb,pe,pe1,ppnenet,prefdivis,price,ps,ps1,receivables,retearn,revenue,revenueusd,rnd,roa,roe,roic,ros,sbcomp,sgna,sharefactor,sharesbas,shareswa,shareswadil,sps,tangibles,taxassets,taxexp,taxliabilities,tbvps,workingcapital
0,GT,MRY,2020-12-31,2020-12-31,2020-12-31,2021-09-07,-4135000000.0,16506000000.0,16304000000.0,5620000000.0,10886000000.0,0.756,13.154,-647000000.0,1539000000.0,1539000000.0,10337000000.0,-1250000000.0,1.101,4.304,6872000000.0,756000000.0,6116000000.0,6872000000.0,0.0,859000000.0,0.0,0.015,0.16,-816000000.0,43000000.0,0.003,43000000.0,-816000000.0,-1140000000.0,-5.35,-5.35,-5.35,3078000000.0,3070250000.0,3078000000.0,9015492846.0,-11.0,209.663,468000000.0,2.0,1.0,1984000000.0,0.161,543000000.0,324000000.0,16190000000.0,17084750000.0,2153000000.0,0.0,0.0,0.0,13247000000.0,5106000000.0,8141000000.0,2543492846.0,650000000.0,0.0,0.0,250000000.0,-37000000.0,203000000.0,-667000000.0,-13000000.0,1115000000.0,-1000000.0,-1250000000.0,-1250000000.0,-1250000000.0,0.0,0.0,-0.101,2681000000.0,-697000000.0,2945000000.0,-0.03,0.826,-2.035,-2.039,7924000000.0,0.0,10.91,0.206,0.207,1691000000.0,4809000000.0,12321000000.0,12321000000.0,0.0,-0.077,-0.407,-0.048,-0.066,0.0,2192000000.0,1.0,233134083.0,234000000,234000000.0,52.654,15963000000.0,1467000000.0,110000000.0,84000000.0,68.218,514000000.0
1,GT,MRY,2019-12-31,2019-12-31,2019-12-31,2021-09-07,-4136000000.0,17185000000.0,18056750000.0,5934000000.0,11251000000.0,0.817,18.674,-770000000.0,908000000.0,908000000.0,11602000000.0,-297000000.0,1.122,2.905,6530000000.0,1109000000.0,5421000000.0,6530000000.0,0.0,795000000.0,0.0,0.041,0.64,517000000.0,1312000000.0,0.089,1312000000.0,517000000.0,177000000.0,-1.33,-1.33,-1.33,4351000000.0,4710250000.0,4351000000.0,10264525382.0,20.0,7.824,437000000.0,1.876,1.0,3143000000.0,0.213,702000000.0,340000000.0,16818000000.0,18569500000.0,2851000000.0,0.0,0.0,0.0,12640000000.0,5287000000.0,7353000000.0,3617525382.0,101000000.0,12000000.0,1000000.0,-119000000.0,-148000000.0,-307000000.0,-800000000.0,-14000000.0,1207000000.0,1000000.0,-297000000.0,-297000000.0,-297000000.0,0.0,0.0,-0.02,2528000000.0,615000000.0,2908000000.0,-0.481,0.831,-12.18,-11.695,8063000000.0,0.0,15.555,0.245,0.246,1941000000.0,6113000000.0,14745000000.0,14745000000.0,0.0,-0.016,-0.063,0.028,0.035,0.0,2323000000.0,1.0,232563509.0,233000000,233000000.0,63.283,16483000000.0,1527000000.0,474000000.0,90000000.0,70.742,647000000.0
2,GT,MRY,2018-12-31,2018-12-31,2018-12-31,2021-09-07,-4076000000.0,16872000000.0,17349500000.0,5925000000.0,10947000000.0,0.892,20.523,-811000000.0,801000000.0,801000000.0,11961000000.0,708000000.0,1.239,2.426,5763000000.0,653000000.0,5110000000.0,5763000000.0,0.0,778000000.0,0.0,0.028,0.58,1332000000.0,2110000000.0,0.136,2110000000.0,1332000000.0,1011000000.0,2.92,2.89,2.92,4864000000.0,4759500000.0,4864000000.0,10379735039.0,8.0,4.919,105000000.0,0.443,1.0,3514000000.0,0.227,705000000.0,321000000.0,16348000000.0,17075500000.0,2856000000.0,0.0,0.0,0.0,11802000000.0,4781000000.0,7021000000.0,4755735039.0,-237000000.0,2000000.0,-216000000.0,135000000.0,-138000000.0,-243000000.0,-867000000.0,-55000000.0,916000000.0,-43000000.0,708000000.0,708000000.0,708000000.0,0.0,0.0,0.046,2356000000.0,1158000000.0,2920000000.0,0.199,0.978,6.717,6.99,7259000000.0,0.0,20.41,0.307,0.313,2030000000.0,6597000000.0,15475000000.0,15475000000.0,0.0,0.041,0.149,0.078,0.086,0.0,2312000000.0,1.0,233010046.0,237000000,237000000.0,65.295,16167000000.0,1847000000.0,303000000.0,95000000.0,68.215,1144000000.0
3,GT,MRY,2017-12-31,2017-12-31,2017-12-31,2021-09-07,-3976000000.0,17064000000.0,17439000000.0,6079000000.0,10985000000.0,0.882,18.486,-881000000.0,1043000000.0,1043000000.0,11680000000.0,365000000.0,1.21,2.653,5729000000.0,653000000.0,5076000000.0,5729000000.0,0.0,781000000.0,0.0,0.014,0.44,1213000000.0,1994000000.0,0.13,1994000000.0,1213000000.0,878000000.0,1.39,1.37,1.39,4603000000.0,4781750000.0,4603000000.0,13527828795.0,11.0,6.784,277000000.0,1.112,1.0,3697000000.0,0.24,734000000.0,335000000.0,15991000000.0,16844500000.0,2787000000.0,0.0,0.0,0.0,12214000000.0,5025000000.0,7189000000.0,7958828795.0,-79000000.0,12000000.0,-386000000.0,129000000.0,-110000000.0,-415000000.0,-879000000.0,0.0,1158000000.0,57000000.0,365000000.0,365000000.0,365000000.0,0.0,0.0,0.024,2414000000.0,1283000000.0,2807000000.0,0.317,1.729,21.805,23.245,7451000000.0,0.0,32.31,0.518,0.523,2025000000.0,6044000000.0,15377000000.0,15377000000.0,0.0,0.021,0.076,0.072,0.079,0.0,2279000000.0,1.0,246327106.0,249000000,249000000.0,61.755,16330000000.0,2008000000.0,513000000.0,100000000.0,65.582,1054000000.0
4,GT,MRY,2016-12-31,2016-12-31,2016-12-31,2021-09-07,-4198000000.0,16511000000.0,16822750000.0,5718000000.0,10793000000.0,0.901,17.137,-996000000.0,1132000000.0,1132000000.0,10935000000.0,1284000000.0,1.187,2.615,5479000000.0,681000000.0,4798000000.0,5479000000.0,0.0,727000000.0,0.0,0.01,0.31,1579000000.0,2306000000.0,0.152,2306000000.0,1579000000.0,1207000000.0,4.81,4.74,4.81,4507000000.0,4317500000.0,4507000000.0,13111691354.0,8.0,5.686,561000000.0,2.133,1.0,4223000000.0,0.279,671000000.0,372000000.0,15370000000.0,16297500000.0,2627000000.0,0.0,0.0,0.0,11786000000.0,4817000000.0,6969000000.0,8058691354.0,-313000000.0,35000000.0,-487000000.0,-256000000.0,-82000000.0,-876000000.0,-979000000.0,-12000000.0,1557000000.0,-15000000.0,1284000000.0,1284000000.0,1284000000.0,0.0,0.0,0.085,2619000000.0,1604000000.0,2589000000.0,0.064,1.788,6.276,6.418,7040000000.0,0.0,30.87,0.532,0.536,1769000000.0,5808000000.0,15158000000.0,15158000000.0,0.0,0.076,0.297,0.097,0.104,0.0,2409000000.0,1.0,261052522.0,263000000,263000000.0,57.635,15840000000.0,2414000000.0,-77000000.0,85000000.0,60.228,901000000.0
5,GT,MRY,2015-12-31,2015-12-31,2015-12-31,2021-09-07,-4010000000.0,16391000000.0,17189500000.0,6126000000.0,10265000000.0,0.957,14.572,-983000000.0,1476000000.0,1476000000.0,12164000000.0,376000000.0,1.236,3.125,5708000000.0,634000000.0,5074000000.0,5708000000.0,0.0,698000000.0,0.0,0.008,0.25,1046000000.0,1744000000.0,0.106,1744000000.0,1046000000.0,608000000.0,1.14,1.12,1.14,3920000000.0,3956250000.0,3920000000.0,13095228966.0,13.0,7.509,745000000.0,2.77,1.0,4279000000.0,0.26,693000000.0,438000000.0,14975000000.0,16177000000.0,2464000000.0,0.0,0.0,0.0,12249000000.0,4955000000.0,7294000000.0,8785228966.0,-679000000.0,-258000000.0,-127000000.0,-477000000.0,-68000000.0,-1026000000.0,-1256000000.0,-8000000.0,1728000000.0,-125000000.0,376000000.0,376000000.0,376000000.0,0.0,0.0,0.023,2728000000.0,1551000000.0,2769000000.0,0.219,2.241,23.365,28.658,6777000000.0,0.0,32.67,0.534,0.534,2033000000.0,4570000000.0,16443000000.0,16443000000.0,0.0,0.022,0.095,0.065,0.064,0.0,2614000000.0,1.0,268908141.0,269000000,269000000.0,61.126,15698000000.0,2141000000.0,232000000.0,91000000.0,58.357,1171000000.0
6,GT,MRY,2014-12-31,2014-12-31,2014-12-31,2021-09-07,-4131000000.0,18044000000.0,17183500000.0,7159000000.0,10885000000.0,1.056,13.47,-923000000.0,2161000000.0,2161000000.0,13906000000.0,2521000000.0,1.514,3.772,6394000000.0,178000000.0,6216000000.0,6394000000.0,0.0,732000000.0,0.0,0.008,0.22,1062000000.0,1794000000.0,0.099,1794000000.0,1062000000.0,618000000.0,9.13,8.78,9.13,3610000000.0,2222500000.0,3610000000.0,12955250739.0,12.0,7.221,-583000000.0,-2.175,1.0,4232000000.0,0.233,739000000.0,444000000.0,16808000000.0,16452250000.0,2671000000.0,0.0,0.0,0.0,13617000000.0,4730000000.0,8887000000.0,7844250739.0,-835000000.0,18000000.0,-195000000.0,309000000.0,-60000000.0,-11000000.0,-851000000.0,23000000.0,340000000.0,-313000000.0,2452000000.0,2445000000.0,2445000000.0,0.0,69000000.0,0.135,2815000000.0,1417000000.0,2878000000.0,0.024,2.173,3.208,3.129,7153000000.0,7000000.0,28.57,0.432,0.422,2126000000.0,4331000000.0,18138000000.0,18138000000.0,0.0,0.142,1.1,0.065,0.059,0.0,2720000000.0,1.0,274562504.0,268000000,268000000.0,67.679,17305000000.0,2253000000.0,-1834000000.0,90000000.0,64.571,2429000000.0
7,GT,MRY,2013-12-31,2013-12-31,2013-12-31,2021-09-07,-3947000000.0,17527000000.0,17510250000.0,8644000000.0,8883000000.0,1.116,6.528,-1168000000.0,2996000000.0,2996000000.0,15422000000.0,675000000.0,1.72,9.391,6249000000.0,87000000.0,6162000000.0,6249000000.0,0.0,722000000.0,0.0,0.002,0.05,1159000000.0,1881000000.0,0.096,1881000000.0,1159000000.0,767000000.0,2.44,2.28,2.44,1606000000.0,952250000.0,1606000000.0,9930500486.0,9.0,5.279,-230000000.0,-0.935,1.0,4118000000.0,0.211,806000000.0,392000000.0,14949000000.0,15401250000.0,2816000000.0,0.0,0.0,0.0,15082000000.0,5025000000.0,10057000000.0,5888500486.0,715000000.0,25000000.0,22000000.0,1143000000.0,-12000000.0,1082000000.0,-1136000000.0,-16000000.0,938000000.0,-169000000.0,629000000.0,600000000.0,600000000.0,0.0,46000000.0,0.031,2816000000.0,1302000000.0,3097000000.0,0.02,3.667,9.814,9.775,7320000000.0,29000000.0,23.85,0.301,0.3,2435000000.0,1958000000.0,19540000000.0,19540000000.0,0.0,0.034,0.63,0.075,0.059,0.0,2758000000.0,1.0,246897295.0,246000000,246000000.0,79.431,16721000000.0,300000000.0,138000000.0,256000000.0,67.972,3619000000.0
8,GT,MRY,2012-12-31,2012-12-31,2012-12-31,2021-09-07,-4560000000.0,16973000000.0,17625750000.0,8498000000.0,8475000000.0,1.191,1.51,-1127000000.0,2281000000.0,2281000000.0,17163000000.0,237000000.0,1.597,42.741,5086000000.0,198000000.0,4888000000.0,5086000000.0,0.0,687000000.0,0.0,0.0,0.0,772000000.0,1459000000.0,0.07,1459000000.0,772000000.0,415000000.0,0.75,0.74,0.75,370000000.0,852500000.0,370000000.0,7106936088.0,9.0,4.871,-89000000.0,-0.363,1.0,3829000000.0,0.182,804000000.0,357000000.0,13652000000.0,14710750000.0,3250000000.0,0.0,0.0,0.0,15814000000.0,5322000000.0,10492000000.0,3382936088.0,-491000000.0,16000000.0,3000000.0,-265000000.0,0.0,-426000000.0,-1123000000.0,-29000000.0,1038000000.0,20000000.0,212000000.0,183000000.0,183000000.0,0.0,25000000.0,0.009,3032000000.0,797000000.0,3223000000.0,0.0,9.143,18.486,18.413,6956000000.0,29000000.0,13.81,0.161,0.161,2563000000.0,1370000000.0,20992000000.0,20992000000.0,0.0,0.01,0.215,0.052,0.037,0.0,2718000000.0,1.0,244962787.0,245000000,245000000.0,85.682,16169000000.0,186000000.0,203000000.0,264000000.0,65.996,3176000000.0
9,GT,MRY,2011-12-31,2011-12-31,2011-12-31,2021-09-07,-3991000000.0,17629000000.0,17664000000.0,9812000000.0,7817000000.0,1.289,3.07,-1043000000.0,2772000000.0,2772000000.0,18821000000.0,417000000.0,1.655,21.368,5201000000.0,412000000.0,4789000000.0,5201000000.0,0.0,715000000.0,0.0,0.0,0.0,874000000.0,1589000000.0,0.07,1589000000.0,874000000.0,544000000.0,1.32,1.26,1.32,749000000.0,1262500000.0,749000000.0,7419527311.0,8.0,4.669,-270000000.0,-1.107,1.0,3946000000.0,0.173,811000000.0,330000000.0,13318000000.0,14214500000.0,3856000000.0,0.0,0.0,0.0,16005000000.0,5929000000.0,10076000000.0,3462527311.0,767000000.0,76000000.0,8000000.0,562000000.0,0.0,994000000.0,-902000000.0,91000000.0,773000000.0,-98000000.0,343000000.0,321000000.0,321000000.0,0.0,74000000.0,0.014,2998000000.0,948000000.0,3668000000.0,0.0,4.623,10.787,10.735,6375000000.0,22000000.0,14.17,0.152,0.152,2849000000.0,1187000000.0,22767000000.0,22767000000.0,0.0,0.018,0.254,0.061,0.038,0.0,2822000000.0,1.0,244356197.0,244000000,244000000.0,93.307,16818000000.0,145000000.0,201000000.0,244000000.0,68.926,3883000000.0
10,GT,MRY,2010-12-31,2010-12-31,2010-12-31,2021-09-07,-3270000000.0,15630000000.0,15125250000.0,8045000000.0,7585000000.0,1.245,2.661,-944000000.0,2005000000.0,2005000000.0,15452000000.0,-164000000.0,1.516,21.933,4745000000.0,426000000.0,4319000000.0,4745000000.0,0.0,652000000.0,0.0,0.0,0.0,272000000.0,924000000.0,0.049,924000000.0,272000000.0,-44000000.0,-0.89,-0.89,-0.89,644000000.0,716000000.0,644000000.0,6185523375.0,23.0,6.694,-20000000.0,-0.083,1.0,3380000000.0,0.179,844000000.0,316000000.0,12219000000.0,12469500000.0,2977000000.0,0.0,0.0,0.0,14125000000.0,5307000000.0,8818000000.0,2878523375.0,83000000.0,70000000.0,1000000.0,212000000.0,0.0,179000000.0,-859000000.0,0.0,924000000.0,-161000000.0,-216000000.0,-216000000.0,-216000000.0,0.0,52000000.0,-0.011,3056000000.0,324000000.0,3107000000.0,0.0,4.47,-13.326,-13.315,6165000000.0,0.0,11.85,0.153,0.152,2736000000.0,866000000.0,18832000000.0,18832000000.0,0.0,-0.014,-0.302,0.022,0.014,0.0,2630000000.0,1.0,242913365.0,242000000,242000000.0,77.818,14786000000.0,58000000.0,172000000.0,242000000.0,61.099,2738000000.0
11,GT,MRY,2009-12-31,2009-12-31,2009-12-31,2021-09-07,-3372000000.0,14410000000.0,14952750000.0,7225000000.0,7185000000.0,1.09,3.05,-746000000.0,1922000000.0,1922000000.0,13676000000.0,-364000000.0,1.764,17.457,4520000000.0,338000000.0,4182000000.0,4520000000.0,0.0,636000000.0,0.0,0.0,0.0,-57000000.0,579000000.0,0.036,579000000.0,-57000000.0,-368000000.0,-1.55,-1.55,-1.55,735000000.0,670500000.0,735000000.0,6734371217.0,-118.0,11.631,551000000.0,2.286,1.0,2625000000.0,0.161,870000000.0,311000000.0,12043000000.0,13066750000.0,2443000000.0,0.0,0.0,0.0,12831000000.0,4095000000.0,8736000000.0,3414371217.0,28000000.0,43000000.0,2000000.0,-619000000.0,0.0,-654000000.0,-663000000.0,0.0,1297000000.0,48000000.0,-375000000.0,-375000000.0,-375000000.0,0.0,11000000.0,-0.023,2671000000.0,-46000000.0,2278000000.0,0.0,4.645,-9.105,-9.097,5843000000.0,0.0,14.1,0.209,0.208,2540000000.0,1082000000.0,16301000000.0,16301000000.0,0.0,-0.025,-0.559,-0.004,-0.003,0.0,2404000000.0,1.0,242153987.0,241000000,241000000.0,67.639,13540000000.0,43000000.0,7000000.0,235000000.0,56.183,3130000000.0
12,GT,MRY,2008-12-31,2008-12-31,2008-12-31,2021-09-07,-3446000000.0,15226000000.0,16715750000.0,8310000000.0,6916000000.0,1.166,4.241,-1049000000.0,1894000000.0,1894000000.0,16139000000.0,-23000000.0,1.739,13.067,4979000000.0,847000000.0,4132000000.0,4979000000.0,0.0,660000000.0,0.0,0.0,0.0,452000000.0,1112000000.0,0.057,1112000000.0,452000000.0,132000000.0,-0.32,-0.32,-0.32,1022000000.0,2701500000.0,1022000000.0,5047497294.0,11.0,4.539,-1788000000.0,-7.419,1.0,3349000000.0,0.172,843000000.0,320000000.0,12689000000.0,13463000000.0,3592000000.0,0.0,0.0,0.0,13354000000.0,4779000000.0,8575000000.0,1440497294.0,-1569000000.0,58000000.0,5000000.0,387000000.0,0.0,264000000.0,-1058000000.0,0.0,-739000000.0,-36000000.0,-77000000.0,-77000000.0,-77000000.0,0.0,54000000.0,-0.004,2843000000.0,506000000.0,2529000000.0,0.0,1.409,-18.708,-18.656,5634000000.0,0.0,5.97,0.074,0.074,2517000000.0,1463000000.0,19488000000.0,19488000000.0,0.0,-0.005,-0.029,0.034,0.023,0.0,2600000000.0,1.0,241289329.0,241000000,241000000.0,80.863,14383000000.0,54000000.0,209000000.0,193000000.0,59.68,3531000000.0
13,GT,MRY,2007-12-31,2007-12-31,2007-12-31,2021-09-07,-1652000000.0,17191000000.0,16649500000.0,10172000000.0,7019000000.0,1.18,14.179,-739000000.0,3654000000.0,3654000000.0,15911000000.0,653000000.0,2.181,5.032,4725000000.0,396000000.0,4329000000.0,4725000000.0,0.0,614000000.0,0.0,0.0,0.0,1376000000.0,1990000000.0,0.101,1990000000.0,1376000000.0,908000000.0,2.9,2.84,2.9,2850000000.0,1382250000.0,2850000000.0,7899344753.0,6.0,3.97,-634000000.0,-3.154,1.0,3733000000.0,0.19,880000000.0,468000000.0,12718000000.0,13575500000.0,3164000000.0,0.0,0.0,0.0,14341000000.0,4664000000.0,9677000000.0,5958344753.0,-399000000.0,107000000.0,937000000.0,-2245000000.0,0.0,-1435000000.0,829000000.0,0.0,105000000.0,75000000.0,653000000.0,653000000.0,653000000.0,-463000000.0,0.0,0.033,2820000000.0,913000000.0,2422000000.0,0.0,2.091,9.125,9.731,5598000000.0,0.0,28.22,0.303,0.289,3103000000.0,1602000000.0,19644000000.0,19644000000.0,0.0,0.039,0.472,0.101,0.07,0.0,2762000000.0,1.0,211139077.0,201000000,201000000.0,97.731,16311000000.0,83000000.0,255000000.0,470000000.0,81.149,5508000000.0
14,GT,MRY,2006-12-31,2006-12-31,2006-12-31,2021-09-07,-3331000000.0,17029000000.0,16154000000.0,10179000000.0,6850000000.0,1.161,-4.282,-637000000.0,4076000000.0,4076000000.0,15726000000.0,-330000000.0,2.182,-23.466,7210000000.0,648000000.0,6562000000.0,7210000000.0,0.0,637000000.0,0.0,0.0,0.0,177000000.0,814000000.0,0.043,814000000.0,177000000.0,-270000000.0,-1.86,-1.86,-1.86,-758000000.0,-41750000.0,-758000000.0,7617244644.0,43.0,9.358,-77000000.0,-0.435,1.0,3025000000.0,0.161,828000000.0,447000000.0,14669000000.0,13584250000.0,2601000000.0,0.0,0.0,0.0,17787000000.0,4666000000.0,13121000000.0,3725244644.0,1724000000.0,86000000.0,12000000.0,1720000000.0,0.0,1647000000.0,-532000000.0,0.0,560000000.0,59000000.0,-330000000.0,-330000000.0,-330000000.0,-43000000.0,0.0,-0.018,2857000000.0,168000000.0,1945000000.0,0.0,-4.915,-11.289,-11.285,5067000000.0,0.0,20.99,0.199,0.198,2800000000.0,968000000.0,18751000000.0,18751000000.0,0.0,-0.02,7.904,0.013,0.009,0.0,2546000000.0,1.0,177477115.0,177000000,177000000.0,105.938,16201000000.0,150000000.0,60000000.0,542000000.0,91.531,5513000000.0
15,GT,MRY,2005-12-31,2005-12-31,2005-12-31,2021-09-07,-2800000000.0,15605000000.0,16034500000.0,8616000000.0,6989000000.0,1.129,0.415,-601000000.0,2403000000.0,2403000000.0,14535000000.0,228000000.0,1.584,212.767,5407000000.0,665000000.0,4742000000.0,5407000000.0,0.0,593000000.0,0.0,0.0,0.0,869000000.0,1462000000.0,0.081,1462000000.0,869000000.0,461000000.0,1.3,1.16,1.3,73000000.0,114500000.0,73000000.0,6636891822.0,8.0,4.54,285000000.0,1.619,1.0,3563000000.0,0.197,796000000.0,408000000.0,12372000000.0,14041750000.0,2810000000.0,0.0,0.0,0.0,15532000000.0,5441000000.0,10091000000.0,3065891822.0,203000000.0,257000000.0,7000000.0,-136000000.0,0.0,-178000000.0,-441000000.0,0.0,886000000.0,-62000000.0,228000000.0,228000000.0,228000000.0,-115000000.0,0.0,0.013,2641000000.0,922000000.0,1939000000.0,0.0,41.999,13.447,13.369,5231000000.0,0.0,17.38,0.169,0.169,3158000000.0,1298000000.0,18098000000.0,18098000000.0,0.0,0.014,1.991,0.062,0.048,0.0,2634000000.0,1.0,176403442.0,176000000,176000000.0,102.83,14809000000.0,102000000.0,233000000.0,697000000.0,84.142,3175000000.0
16,GT,MRY,2004-12-31,2004-12-31,2004-12-31,2021-09-07,-2564000000.0,16101000000.0,15509225000.0,8574000000.0,7527000000.0,1.183,0.423,-529000000.0,2120000000.0,2120000000.0,14796000000.0,115000000.0,1.649,216.581,5680000000.0,1237000000.0,4443000000.0,5680000000.0,0.0,629000000.0,0.0,0.0,0.0,692000000.0,1321000000.0,0.072,1321000000.0,692000000.0,323000000.0,0.65,0.63,0.65,74000000.0,-71325000.0,74000000.0,6487779937.0,9.0,4.911,258000000.0,1.474,1.0,3557000000.0,0.194,886000000.0,369000000.0,13576000000.0,13720200000.0,2784000000.0,0.0,0.0,0.0,16027000000.0,5199000000.0,10828000000.0,2570979937.0,409000000.0,-43000000.0,2000000.0,264000000.0,0.0,237000000.0,-653000000.0,0.0,787000000.0,38000000.0,115000000.0,115000000.0,115000000.0,0.0,0.0,0.006,2784000000.0,773000000.0,1970000000.0,0.0,34.743,22.356,22.554,5453000000.0,0.0,14.66,0.14,0.14,3398000000.0,1070000000.0,18353000000.0,18353000000.0,0.0,0.007,-1.612,0.05,0.038,0.0,2728000000.0,1.0,175373802.0,175000000,175000000.0,104.874,15215000000.0,83000000.0,208000000.0,647000000.0,86.943,3375000000.0
17,GT,MRY,2003-12-31,2003-12-31,2003-12-31,2021-09-07,-2552800000.0,14701100000.0,14289875000.0,6945600000.0,7755500000.0,1.057,-0.184,-405000000.0,1570200000.0,1570200000.0,12481000000.0,-807000000.0,1.902,-457.556,5086000000.0,260200000.0,4825800000.0,5086000000.0,0.0,692000000.0,0.0,0.0,0.0,-394000000.0,298000000.0,0.02,298000000.0,-394000000.0,-690000000.0,-4.61,-4.61,-4.61,-32200000.0,99450000.0,-32200000.0,5285164977.0,-13.0,17.735,-674000000.0,-3.851,1.0,2621000000.0,0.174,808600000.0,296000000.0,13757400000.0,13460325000.0,2467700000.0,184200000.0,0.0,184200000.0,14733300000.0,3650900000.0,11082400000.0,1378064977.0,626000000.0,33000000.0,0.0,1116000000.0,0.0,1121000000.0,-290000000.0,27000000.0,-269000000.0,64000000.0,-807000000.0,-807000000.0,-807000000.0,0.0,0.0,-0.053,2665000000.0,-44000000.0,1557800000.0,0.0,-42.797,-1.708,-1.705,5205200000.0,0.0,7.86,0.091,0.091,2892000000.0,955100000.0,15102000000.0,15102000000.0,0.0,-0.056,-8.115,-0.029,-0.026,0.0,2374000000.0,1.0,175326333.0,175000000,175000000.0,86.297,13892500000.0,70500000.0,117000000.0,651300000.0,79.386,3294700000.0
18,GT,MRY,2002-12-31,2002-12-31,2002-12-31,2021-09-07,-3092500000.0,13038700000.0,13365875000.0,5180400000.0,7858300000.0,1.035,1.529,-458100000.0,918100000.0,918100000.0,11287600000.0,-1246900000.0,1.311,50.052,3643000000.0,653200000.0,2989800000.0,3643000000.0,0.0,605300000.0,0.0,0.07,0.48,223700000.0,829000000.0,0.06,829000000.0,223700000.0,-19000000.0,-7.47,-7.47,-7.47,255400000.0,2193350000.0,255400000.0,4276043619.0,19.0,5.158,227900000.0,1.365,1.0,2540800000.0,0.184,764000000.0,242700000.0,11046900000.0,11857725000.0,2346200000.0,163500000.0,24300000.0,139200000.0,12783300000.0,3952700000.0,8830600000.0,1193843619.0,-35500000.0,800000.0,18700000.0,-90200000.0,-79800000.0,-167500000.0,-540300000.0,-26200000.0,686000000.0,-13700000.0,-1246900000.0,-1246900000.0,-1246900000.0,0.0,0.0,-0.09,2207900000.0,332900000.0,1515400000.0,-0.064,4.674,-0.957,-0.912,5156200000.0,0.0,6.81,0.086,0.082,1680900000.0,1782500000.0,13828400000.0,13828400000.0,0.0,-0.093,-0.568,0.019,0.016,0.0,2202400000.0,1.0,175307433.0,167000000,167000000.0,82.805,12274700000.0,0.0,1227900000.0,358200000.0,73.501,1227700000.0
19,GT,MRY,2001-12-31,2001-12-31,2001-12-31,2021-09-07,-1737300000.0,13783400000.0,13585300000.0,5264200000.0,8519200000.0,1.042,17.905,-435500000.0,959400000.0,959400000.0,11685300000.0,-254100000.0,1.527,3.813,3568300000.0,364700000.0,3203600000.0,3568300000.0,0.0,638100000.0,0.0,0.043,1.02,-40800000.0,597300000.0,0.042,597300000.0,-40800000.0,-337900000.0,-1.59,-1.59,-1.59,2864000000.0,3205850000.0,2864000000.0,7299292399.0,-179.0,12.22,896900000.0,5.607,1.0,2477200000.0,0.175,706300000.0,297100000.0,12237600000.0,12522025000.0,2380900000.0,101200000.0,0.0,101200000.0,10919400000.0,3448400000.0,7471000000.0,3884292399.0,710100000.0,119600000.0,1700000.0,47000000.0,-162500000.0,-126900000.0,-485800000.0,-400000.0,1332400000.0,-9600000.0,-254100000.0,-254100000.0,-254100000.0,0.0,0.0,-0.018,2430800000.0,46400000.0,1359200000.0,-0.642,1.356,-15.286,-14.975,5166000000.0,0.0,23.81,0.274,0.269,1607600000.0,3192700000.0,14162500000.0,14162500000.0,0.0,-0.019,-0.079,-0.003,-0.003,0.0,2220500000.0,1.0,163137018.0,159955869,159955869.0,88.54,13077100000.0,924700000.0,-83800000.0,347700000.0,81.754,1815800000.0
20,GT,MRY,2000-12-31,2000-12-31,2000-12-31,2021-09-07,-1305800000.0,13568000000.0,13352575000.0,5467200000.0,8100800000.0,1.08,22.335,-614500000.0,252900000.0,252900000.0,11637300000.0,40300000.0,1.294,2.873,3642700000.0,1293100000.0,2349600000.0,3642700000.0,0.0,630300000.0,0.0,0.052,1.2,341400000.0,971700000.0,0.067,971700000.0,341400000.0,58800000.0,0.26,0.25,0.26,3503000000.0,3547625000.0,3503000000.0,7450133400.0,22.0,7.667,-159800000.0,-1.019,1.0,2779800000.0,0.193,588400000.0,282600000.0,12143500000.0,12170275000.0,2879700000.0,102000000.0,0.0,102000000.0,10065000000.0,4225900000.0,5839100000.0,3622133400.0,11600000.0,172600000.0,4200000.0,262800000.0,-188400000.0,51500000.0,-468400000.0,1700000.0,454700000.0,-26200000.0,40300000.0,40300000.0,40300000.0,0.0,0.0,0.003,2361400000.0,418400000.0,1505200000.0,4.615,1.034,89.879,88.423,5521000000.0,0.0,22.99,0.251,0.25,2167500000.0,3558800000.0,14417100000.0,14417100000.0,0.0,0.003,0.011,0.028,0.024,0.0,2237300000.0,1.0,157552562.0,156840646,158764926.0,91.922,12979600000.0,394100000.0,18500000.0,208400000.0,82.757,1241300000.0
21,GT,MRY,1999-12-31,1999-12-31,1999-12-31,2021-09-07,-1100200000.0,13278100000.0,11913625000.0,5379900000.0,7898200000.0,1.121,24.283,-805000000.0,241300000.0,241300000.0,10832300000.0,243200000.0,1.359,2.501,3552300000.0,1204400000.0,2347900000.0,3552300000.0,0.0,581700000.0,0.0,0.043,1.2,479500000.0,1061200000.0,0.079,1061200000.0,479500000.0,300100000.0,1.55,1.53,1.55,3792600000.0,3664525000.0,3792600000.0,7720937197.0,16.0,7.276,-170300000.0,-1.09,1.0,2523100000.0,0.189,516900000.0,179400000.0,12112300000.0,10577850000.0,2570000000.0,222600000.0,107200000.0,115400000.0,9485500000.0,3959900000.0,5525600000.0,4386637197.0,2300000.0,-842500000.0,14100000.0,1356500000.0,-187500000.0,1183100000.0,-1802000000.0,5300000.0,634700000.0,-13500000.0,243200000.0,243200000.0,243200000.0,0.0,0.0,0.018,2188300000.0,334800000.0,1417500000.0,0.774,1.157,18.037,18.103,5761000000.0,0.0,28.06,0.328,0.328,2394000000.0,3706900000.0,13355400000.0,13355400000.0,0.0,0.02,0.066,0.045,0.036,0.0,2016700000.0,1.0,156330620.0,156182004,158939599.0,85.512,12761200000.0,0.0,56900000.0,249000000.0,81.707,1420000000.0
22,GT,MRY,1998-12-31,1998-12-31,1998-12-31,2021-09-07,-903800000.0,10589300000.0,10441875000.0,4529100000.0,6060200000.0,1.253,23.924,-838400000.0,239000000.0,239000000.0,10210200000.0,637500000.0,1.382,1.827,1975800000.0,789300000.0,1186500000.0,1975800000.0,0.0,505900000.0,0.0,0.024,1.2,1043500000.0,1549400000.0,0.118,1549400000.0,1043500000.0,895700000.0,4.07,4.03,4.07,3745800000.0,3631400000.0,3745800000.0,9873911372.0,9.0,6.373,-399300000.0,-2.55,1.0,2871400000.0,0.219,257400000.0,147800000.0,8792200000.0,8790725000.0,2164500000.0,111400000.0,0.0,111400000.0,6843500000.0,3276500000.0,3567000000.0,7863111372.0,-19600000.0,275400000.0,-46400000.0,480600000.0,-187900000.0,246300000.0,-701500000.0,300000.0,439100000.0,-3500000.0,637500000.0,637500000.0,637500000.0,34700000.0,0.0,0.049,1851400000.0,1020000000.0,1131700000.0,0.295,2.099,12.334,12.393,4358500000.0,0.0,50.44,0.601,0.604,1944200000.0,3477800000.0,13081600000.0,13081600000.0,0.0,0.061,0.176,0.119,0.08,0.0,1881100000.0,1.0,155890392.0,156570476,158307212.0,83.551,10331900000.0,0.0,258200000.0,252600000.0,65.989,1252600000.0
23,GT,MRY,1997-12-31,1997-12-31,1997-12-31,2021-09-07,-806100000.0,9917400000.0,10090975000.0,4163900000.0,5753500000.0,1.295,21.735,-699000000.0,258600000.0,258600000.0,10015600000.0,558700000.0,1.281,1.921,1351200000.0,506700000.0,844500000.0,1351200000.0,0.0,467200000.0,0.0,0.018,1.14,899100000.0,1366300000.0,0.105,1366300000.0,899100000.0,779600000.0,3.58,3.53,3.58,3395500000.0,3449575000.0,3395500000.0,11181360524.0,12.0,8.184,353400000.0,2.262,1.0,3049700000.0,0.233,0.0,119500000.0,7759000000.0,8238275000.0,1835200000.0,124600000.0,0.0,124600000.0,6521900000.0,3251000000.0,3270900000.0,9950860524.0,20100000.0,-89500000.0,2700000.0,-30200000.0,-178300000.0,-205800000.0,-788600000.0,2200000.0,1052400000.0,-37900000.0,558700000.0,558700000.0,558700000.0,-36300000.0,0.0,0.043,2151900000.0,897800000.0,1177800000.0,0.318,2.931,17.811,17.774,4149700000.0,0.0,63.63,0.762,0.761,1935500000.0,2983400000.0,13065300000.0,13065300000.0,0.0,0.055,0.162,0.109,0.069,0.0,1886700000.0,1.0,156386304.0,156225112,158169534.0,83.631,9917400000.0,0.0,220900000.0,362000000.0,63.481,912900000.0
24,GT,MRY,1996-12-31,1996-12-31,1996-12-31,2021-09-07,-539400000.0,9671800000.0,9730700000.0,4025000000.0,5646800000.0,1.335,21.148,-617500000.0,238500000.0,238500000.0,9968900000.0,101700000.0,1.455,1.95,1376700000.0,244500000.0,1132200000.0,1376700000.0,0.0,419900000.0,0.0,0.02,1.03,483300000.0,903200000.0,0.07,903200000.0,483300000.0,354700000.0,0.66,0.65,0.66,3279100000.0,3280400000.0,3279100000.0,,,,239100000.0,1.542,1.0,3016800000.0,0.232,0.0,128600000.0,8043800000.0,8187750000.0,1774200000.0,140300000.0,0.0,140300000.0,6392700000.0,2766200000.0,3626500000.0,8060183705.0,-29800000.0,-53900000.0,86800000.0,-133900000.0,-159700000.0,-206800000.0,-650000000.0,-11000000.0,856600000.0,-29600000.0,101700000.0,101700000.0,101700000.0,456800000.0,0.0,0.008,2026200000.0,990600000.0,1096700000.0,1.561,2.458,79.255,77.848,4067900000.0,0.0,51.38,0.621,0.613,1922200000.0,2603000000.0,12985700000.0,12985700000.0,0.0,0.01,0.031,0.059,0.037,0.0,1887200000.0,1.0,156873953.0,155051802,156778058.0,83.751,9671800000.0,0.0,253000000.0,382100000.0,62.378,1258800000.0
25,GT,MRY,1995-12-31,1995-12-31,1995-12-31,2021-09-07,-508000000.0,9789600000.0,,3841600000.0,5948000000.0,,21.573,-615600000.0,268300000.0,268300000.0,10027700000.0,611000000.0,1.404,1.983,1546700000.0,226700000.0,1320000000.0,1546700000.0,0.0,394200000.0,0.0,0.021,0.95,1040600000.0,1434800000.0,0.11,1434800000.0,1040600000.0,905600000.0,4.02,3.97,4.02,3281700000.0,,3281700000.0,,,,-3500000.0,-0.023,1.0,3011500000.0,0.231,0.0,135000000.0,8331700000.0,,1765200000.0,183800000.0,0.0,183800000.0,6507900000.0,2736300000.0,3771600000.0,,17400000.0,-43900000.0,58800000.0,168500000.0,-144500000.0,82800000.0,-643300000.0,10800000.0,612100000.0,-34200000.0,611000000.0,611000000.0,611000000.0,-35800000.0,0.0,0.047,1932100000.0,1079400000.0,1170700000.0,0.236,,,11.289,4561200000.0,0.0,45.38,,0.529,1867000000.0,2661000000.0,13039200000.0,13039200000.0,0.0,,,,0.08,0.0,1932100000.0,1.0,,152118861,153949022.0,85.717,9789600000.0,0.0,294600000.0,363100000.0,64.355,1105300000.0
26,GT,MRY,1994-12-31,1994-12-31,1994-12-31,2021-09-07,,,,,,,,-523000000.0,,,9271400000.0,567000000.0,,,,,,,,410300000.0,,0.022,0.75,995100000.0,1405400000.0,0.114,1405400000.0,995100000.0,865700000.0,3.75,,3.75,,,,,,,241600000.0,1.598,1.0,3016800000.0,0.246,,129400000.0,,,,,,,,,,,62400000.0,19000000.0,41400000.0,-123600000.0,-113400000.0,-195600000.0,-496200000.0,23500000.0,764600000.0,-10400000.0,567000000.0,567000000.0,567000000.0,0.0,0.0,0.046,1958200000.0,1058600000.0,,0.2,,,8.968,,0.0,33.63,,0.414,,,12288200000.0,12288200000.0,0.0,,,,0.081,0.0,1958200000.0,1.0,,151203885,,81.269,,,298700000.0,,,
0,GT,MRQ,2021-06-30,2021-06-30,2021-06-30,2021-09-07,-4043000000.0,21180000000.0,,7519000000.0,13661000000.0,,17.262,-200000000.0,1030000000.0,1030000000.0,3078000000.0,71000000.0,1.139,3.981,9030000000.0,1209000000.0,7821000000.0,9030000000.0,0.0,281000000.0,0.0,0.0,0.0,195000000.0,476000000.0,0.12,476000000.0,195000000.0,98000000.0,0.27,0.27,0.27,4212000000.0,,4212000000.0,9764907497.0,17.0,7.061,11000000.0,0.045,1.0,901000000.0,0.226,2090000000.0,97000000.0,20487000000.0,,3314000000.0,0.0,0.0,0.0,16769000000.0,6603000000.0,10166000000.0,4029907497.0,-138000000.0,-1856000000.0,0.0,1714000000.0,0.0,1676000000.0,-2053000000.0,-8000000.0,211000000.0,28000000.0,71000000.0,71000000.0,71000000.0,0.0,0.0,0.018,676000000.0,225000000.0,3858000000.0,0.0,0.957,25.345,29.569,9322000000.0,0.0,17.15,0.276,0.286,2819000000.0,4888000000.0,3979000000.0,3979000000.0,0.0,,,,,0.0,658000000.0,1.0,234980029.0,244000000,244000000.0,16.307,19090000000.0,1170000000.0,27000000.0,97000000.0,78.238,916000000.0
1,GT,MRQ,2021-03-31,2021-03-31,2021-03-31,2021-09-07,-4132000000.0,16569000000.0,,5948000000.0,10621000000.0,,13.217,-185000000.0,1223000000.0,1223000000.0,2751000000.0,18000000.0,1.115,4.277,6958000000.0,965000000.0,5993000000.0,6958000000.0,0.0,267000000.0,0.0,0.0,0.0,112000000.0,379000000.0,0.108,379000000.0,112000000.0,33000000.0,0.05,0.05,0.05,3106000000.0,,3106000000.0,9430677122.0,-23.0,20.864,-467000000.0,-1.987,1.0,760000000.0,0.216,529000000.0,79000000.0,16442000000.0,,2359000000.0,0.0,0.0,0.0,13283000000.0,5333000000.0,7950000000.0,4097677122.0,-352000000.0,0.0,9000000.0,175000000.0,0.0,144000000.0,-180000000.0,2000000.0,-282000000.0,-34000000.0,18000000.0,18000000.0,18000000.0,0.0,0.0,0.005,614000000.0,146000000.0,3037000000.0,0.0,1.319,-6.663,-6.605,7683000000.0,0.0,17.57,0.321,0.323,2159000000.0,4821000000.0,3511000000.0,3511000000.0,0.0,,,,,0.0,564000000.0,1.0,233220098.0,235000000,235000000.0,14.94,16040000000.0,1471000000.0,15000000.0,86000000.0,68.255,615000000.0
2,GT,MRQ,2020-12-31,2020-12-31,2020-12-31,2021-09-07,-4135000000.0,16506000000.0,,5620000000.0,10886000000.0,,13.154,-160000000.0,1539000000.0,1539000000.0,2794000000.0,67000000.0,1.101,4.304,6872000000.0,756000000.0,6116000000.0,6872000000.0,0.0,-23000000.0,0.0,0.015,0.0,205000000.0,182000000.0,0.05,182000000.0,205000000.0,127000000.0,0.27,0.27,0.27,3078000000.0,,3078000000.0,9015492846.0,-11.0,209.663,1194000000.0,5.103,1.0,862000000.0,0.236,543000000.0,78000000.0,16190000000.0,,2153000000.0,0.0,0.0,0.0,13247000000.0,5106000000.0,8141000000.0,2543492846.0,495000000.0,0.0,0.0,-759000000.0,0.0,-752000000.0,-152000000.0,7000000.0,1354000000.0,45000000.0,67000000.0,67000000.0,67000000.0,0.0,0.0,0.018,631000000.0,231000000.0,2945000000.0,0.0,0.826,-2.035,-2.039,7924000000.0,0.0,10.91,0.206,0.207,1691000000.0,4809000000.0,3656000000.0,3656000000.0,0.0,,,,,0.0,605000000.0,1.0,233134083.0,234000000,234000000.0,15.624,15963000000.0,1467000000.0,60000000.0,84000000.0,68.218,514000000.0
3,GT,MRQ,2020-09-30,2020-09-30,2020-09-30,2021-09-07,-4282000000.0,16192000000.0,,5695000000.0,10497000000.0,,12.222,-124000000.0,1057000000.0,1057000000.0,2775000000.0,3000000.0,1.164,4.599,7529000000.0,1136000000.0,6393000000.0,7529000000.0,0.0,268000000.0,0.0,0.042,0.0,78000000.0,346000000.0,0.1,346000000.0,78000000.0,-10000000.0,-0.01,-0.01,-0.01,2860000000.0,,2860000000.0,8652191011.0,-9.0,-149.176,457000000.0,1.953,1.0,690000000.0,0.199,528000000.0,88000000.0,17243000000.0,,2152000000.0,0.0,0.0,0.0,13153000000.0,4893000000.0,8260000000.0,1787191011.0,91000000.0,0.0,0.0,-405000000.0,0.0,-369000000.0,-125000000.0,-1000000.0,581000000.0,4000000.0,3000000.0,3000000.0,3000000.0,0.0,0.0,0.001,580000000.0,110000000.0,2330000000.0,0.0,0.625,-1.041,-1.049,7692000000.0,0.0,7.67,0.144,0.145,2251000000.0,4746000000.0,3465000000.0,3465000000.0,0.0,,,,,0.0,555000000.0,1.0,233010562.0,234000000,234000000.0,14.808,15664000000.0,1472000000.0,-13000000.0,80000000.0,66.94,802000000.0
4,GT,MRQ,2020-06-30,2020-06-30,2020-06-30,2021-09-07,-4302000000.0,15827000000.0,,5413000000.0,10414000000.0,,12.107,-152000000.0,1006000000.0,1006000000.0,2216000000.0,-703000000.0,1.17,4.523,7871000000.0,1485000000.0,6386000000.0,7871000000.0,0.0,349000000.0,0.0,0.054,0.0,-804000000.0,-455000000.0,-0.212,-455000000.0,-804000000.0,-889000000.0,-2.97,-2.97,-2.97,2833000000.0,,2833000000.0,8521163085.0,-11.0,116.728,-411000000.0,-1.756,1.0,-72000000.0,-0.034,518000000.0,85000000.0,17548000000.0,,2474000000.0,0.0,0.0,0.0,12814000000.0,4626000000.0,8188000000.0,2084163085.0,2000000.0,0.0,0.0,436000000.0,0.0,385000000.0,-133000000.0,18000000.0,-259000000.0,9000000.0,-703000000.0,-703000000.0,-703000000.0,0.0,0.0,-0.328,698000000.0,-770000000.0,1858000000.0,0.0,0.736,-1.279,-1.293,7668000000.0,0.0,8.945,0.164,0.165,1727000000.0,4748000000.0,2144000000.0,2144000000.0,0.0,,,,,0.0,451000000.0,1.0,232997550.0,234000000,234000000.0,9.162,15309000000.0,1434000000.0,-186000000.0,80000000.0,65.423,787000000.0
5,GT,MRQ,2020-03-31,2020-03-31,2020-03-31,2021-09-07,-4313000000.0,16691000000.0,,6173000000.0,10518000000.0,,15.0,-211000000.0,971000000.0,971000000.0,2552000000.0,-617000000.0,1.172,3.702,7408000000.0,1503000000.0,5905000000.0,7408000000.0,0.0,265000000.0,0.0,0.11,0.16,-295000000.0,-30000000.0,-0.01,-30000000.0,-295000000.0,-368000000.0,-2.65,-2.65,-2.65,3510000000.0,,3510000000.0,6976106080.0,40.0,7.207,-772000000.0,-3.299,1.0,504000000.0,0.165,504000000.0,73000000.0,17358000000.0,,2919000000.0,0.0,0.0,0.0,12994000000.0,5266000000.0,7728000000.0,1354106080.0,62000000.0,0.0,0.0,978000000.0,-37000000.0,939000000.0,-257000000.0,-37000000.0,-561000000.0,-59000000.0,-617000000.0,-617000000.0,-617000000.0,0.0,0.0,-0.202,772000000.0,-268000000.0,2645000000.0,-0.06,0.386,-1.556,-1.565,7812000000.0,0.0,5.82,0.095,0.096,2025000000.0,5444000000.0,3056000000.0,3056000000.0,0.0,,,,,0.0,581000000.0,1.0,232664275.0,234000000,234000000.0,13.06,16187000000.0,1261000000.0,249000000.0,86000000.0,69.175,907000000.0
6,GT,MRQ,2019-12-31,2019-12-31,2019-12-31,2021-09-07,-4136000000.0,17185000000.0,,5934000000.0,11251000000.0,,18.674,-209000000.0,908000000.0,908000000.0,2903000000.0,-399000000.0,1.122,2.905,6530000000.0,1109000000.0,5421000000.0,6530000000.0,0.0,-10000000.0,0.0,0.041,0.16,91000000.0,81000000.0,0.022,81000000.0,91000000.0,12000000.0,-1.68,-1.68,-1.68,4351000000.0,,4351000000.0,10264525382.0,20.0,7.824,1137000000.0,4.88,1.0,810000000.0,0.218,702000000.0,79000000.0,16818000000.0,,2851000000.0,0.0,0.0,0.0,12640000000.0,5287000000.0,7353000000.0,3617525382.0,48000000.0,10000000.0,0.0,-1069000000.0,-37000000.0,-1096000000.0,-216000000.0,-1000000.0,1346000000.0,14000000.0,-399000000.0,-399000000.0,-399000000.0,0.0,0.0,-0.107,695000000.0,115000000.0,2908000000.0,-0.095,0.831,-12.18,-11.695,8063000000.0,0.0,15.555,0.245,0.246,1941000000.0,6113000000.0,3713000000.0,3713000000.0,0.0,,,,,0.0,618000000.0,1.0,232563509.0,233000000,233000000.0,15.936,16483000000.0,1527000000.0,411000000.0,90000000.0,70.742,647000000.0
7,GT,MRQ,2019-09-30,2019-09-30,2019-09-30,2021-09-07,-4073000000.0,18299000000.0,,6861000000.0,11438000000.0,,20.751,-160000000.0,868000000.0,868000000.0,2965000000.0,90000000.0,1.326,2.743,7515000000.0,1293000000.0,6222000000.0,7515000000.0,0.0,268000000.0,0.0,0.044,0.16,209000000.0,477000000.0,0.125,477000000.0,209000000.0,121000000.0,0.38,0.38,0.38,4835000000.0,,4835000000.0,10033467454.0,14.0,5.878,-8000000.0,-0.034,1.0,837000000.0,0.22,684000000.0,88000000.0,19089000000.0,,2965000000.0,0.0,0.0,0.0,13264000000.0,5173000000.0,8091000000.0,3349467454.0,-54000000.0,0.0,0.0,24000000.0,-37000000.0,-22000000.0,-165000000.0,-6000000.0,152000000.0,-19000000.0,90000000.0,90000000.0,90000000.0,0.0,0.0,0.024,593000000.0,244000000.0,2651000000.0,0.421,0.693,15.799,17.567,7860000000.0,0.0,14.405,0.225,0.225,2748000000.0,6543000000.0,3802000000.0,3802000000.0,0.0,,,,,0.0,572000000.0,1.0,232521170.0,233000000,233000000.0,16.318,17615000000.0,1839000000.0,31000000.0,91000000.0,75.601,1688000000.0
8,GT,MRQ,2019-06-30,2019-06-30,2019-06-30,2021-09-07,-4002000000.0,18470000000.0,,6781000000.0,11689000000.0,,20.803,-180000000.0,917000000.0,917000000.0,2855000000.0,56000000.0,1.335,2.769,7601000000.0,1171000000.0,6430000000.0,7601000000.0,0.0,270000000.0,0.0,0.041,0.16,170000000.0,440000000.0,0.121,440000000.0,170000000.0,82000000.0,0.23,0.23,0.23,4847000000.0,,4847000000.0,10072801909.0,9.0,4.982,-107000000.0,-0.459,1.0,777000000.0,0.214,705000000.0,88000000.0,19368000000.0,,3091000000.0,0.0,0.0,0.0,13421000000.0,5081000000.0,8340000000.0,3556801909.0,70000000.0,2000000.0,1000000.0,213000000.0,-37000000.0,166000000.0,-175000000.0,0.0,73000000.0,6000000.0,56000000.0,56000000.0,56000000.0,0.0,0.0,0.015,590000000.0,187000000.0,2750000000.0,0.696,0.734,7.472,7.927,8048000000.0,0.0,15.3,0.237,0.237,2473000000.0,6492000000.0,3632000000.0,3632000000.0,0.0,,,,,0.0,586000000.0,1.0,232470713.0,233000000,233000000.0,15.588,17765000000.0,1865000000.0,26000000.0,94000000.0,76.245,1700000000.0
9,GT,MRQ,2019-03-31,2019-03-31,2019-03-31,2021-09-07,-4014000000.0,18273000000.0,,6492000000.0,11781000000.0,,20.724,-221000000.0,860000000.0,860000000.0,2879000000.0,-44000000.0,1.276,2.754,7376000000.0,1164000000.0,6212000000.0,7376000000.0,0.0,267000000.0,0.0,0.033,0.16,47000000.0,314000000.0,0.087,314000000.0,47000000.0,-38000000.0,-0.26,-0.26,-0.26,4808000000.0,,4808000000.0,9176382737.0,8.0,4.507,-585000000.0,-2.522,1.0,719000000.0,0.2,699000000.0,85000000.0,19003000000.0,,2940000000.0,0.0,0.0,0.0,13242000000.0,5087000000.0,8155000000.0,4214382737.0,37000000.0,0.0,0.0,713000000.0,-37000000.0,645000000.0,-244000000.0,-7000000.0,-364000000.0,0.0,-44000000.0,-44000000.0,-44000000.0,0.0,0.0,-0.012,650000000.0,69000000.0,2737000000.0,-0.615,0.877,7.216,7.691,8058000000.0,0.0,18.15,0.276,0.276,2446000000.0,6476000000.0,3598000000.0,3598000000.0,0.0,,,,,0.0,547000000.0,1.0,232197396.0,232000000,232000000.0,15.509,17574000000.0,1864000000.0,6000000.0,94000000.0,75.75,1405000000.0
10,GT,MRQ,2018-12-31,2018-12-31,2018-12-31,2021-09-07,-4076000000.0,16872000000.0,,5925000000.0,10947000000.0,,20.786,-196000000.0,801000000.0,801000000.0,3008000000.0,110000000.0,1.239,2.426,5763000000.0,653000000.0,5110000000.0,5763000000.0,0.0,189000000.0,0.0,0.028,0.16,287000000.0,476000000.0,0.123,476000000.0,287000000.0,202000000.0,0.47,0.47,0.47,4864000000.0,,4864000000.0,10379735039.0,8.0,4.919,744000000.0,3.179,1.0,868000000.0,0.224,705000000.0,85000000.0,16348000000.0,,2856000000.0,0.0,0.0,0.0,11802000000.0,4781000000.0,7021000000.0,4755735039.0,-89000000.0,0.0,-20000000.0,-768000000.0,-38000000.0,-820000000.0,-203000000.0,-5000000.0,940000000.0,-6000000.0,110000000.0,110000000.0,110000000.0,0.0,0.0,0.028,584000000.0,284000000.0,2920000000.0,0.34,0.978,6.717,6.99,7259000000.0,0.0,20.41,0.307,0.313,2030000000.0,6597000000.0,3876000000.0,3876000000.0,0.0,,,,,0.0,580000000.0,1.0,233010046.0,234000000,234000000.0,16.564,16167000000.0,1847000000.0,92000000.0,95000000.0,69.09,1144000000.0
11,GT,MRQ,2018-09-30,2018-09-30,2018-09-30,2021-09-07,-4083000000.0,17591000000.0,,6753000000.0,10838000000.0,,20.339,-173000000.0,896000000.0,896000000.0,3028000000.0,354000000.0,1.338,2.623,6520000000.0,916000000.0,5604000000.0,6520000000.0,0.0,197000000.0,0.0,0.024,0.14,595000000.0,792000000.0,0.202,792000000.0,595000000.0,513000000.0,1.49,1.48,1.49,4800000000.0,,4800000000.0,10915798276.0,8.0,4.982,-113000000.0,-0.479,1.0,900000000.0,0.229,709000000.0,82000000.0,17459000000.0,,2938000000.0,0.0,0.0,0.0,12591000000.0,5047000000.0,7544000000.0,5543798276.0,-88000000.0,0.0,-99000000.0,200000000.0,-33000000.0,58000000.0,-194000000.0,-58000000.0,60000000.0,-12000000.0,354000000.0,354000000.0,354000000.0,0.0,0.0,0.09,558000000.0,342000000.0,2819000000.0,0.094,1.155,10.913,11.191,7132000000.0,0.0,23.39,0.354,0.352,2670000000.0,6525000000.0,3928000000.0,3928000000.0,0.0,,,,,0.0,553000000.0,1.0,237015745.0,236000000,236000000.0,16.644,16882000000.0,1908000000.0,159000000.0,95000000.0,71.534,1706000000.0
12,GT,MRQ,2018-06-30,2018-06-30,2018-06-30,2021-09-07,-4022000000.0,17355000000.0,,6569000000.0,10786000000.0,,19.402,-194000000.0,975000000.0,975000000.0,2949000000.0,164000000.0,1.359,2.698,6347000000.0,621000000.0,5726000000.0,6347000000.0,0.0,193000000.0,0.0,0.022,0.14,261000000.0,454000000.0,0.118,454000000.0,261000000.0,183000000.0,0.66,0.65,0.66,4637000000.0,,4637000000.0,11007614662.0,10.0,5.969,111000000.0,0.464,1.0,892000000.0,0.232,714000000.0,78000000.0,17180000000.0,,2941000000.0,0.0,0.0,0.0,12511000000.0,4833000000.0,7678000000.0,5585614662.0,162000000.0,2000000.0,-73000000.0,211000000.0,-33000000.0,120000000.0,-222000000.0,8000000.0,305000000.0,-41000000.0,164000000.0,164000000.0,164000000.0,0.0,0.0,0.043,586000000.0,306000000.0,2880000000.0,0.212,1.205,19.53,20.795,7233000000.0,0.0,23.29,0.357,0.355,2388000000.0,6208000000.0,3841000000.0,3841000000.0,0.0,,,,,0.0,588000000.0,1.0,239828882.0,239000000,239000000.0,16.071,16641000000.0,2035000000.0,19000000.0,99000000.0,69.628,1736000000.0
13,GT,MRQ,2018-03-31,2018-03-31,2018-03-31,2021-09-07,-3867000000.0,17580000000.0,,6488000000.0,11092000000.0,,19.738,-248000000.0,837000000.0,837000000.0,2976000000.0,80000000.0,1.313,2.664,6259000000.0,659000000.0,5600000000.0,6259000000.0,0.0,199000000.0,0.0,0.018,0.14,189000000.0,388000000.0,0.101,388000000.0,189000000.0,113000000.0,0.31,0.31,0.31,4737000000.0,,4737000000.0,11074012067.0,10.0,5.919,-637000000.0,-2.654,1.0,854000000.0,0.223,746000000.0,76000000.0,17315000000.0,,2895000000.0,0.0,0.0,0.0,12618000000.0,4941000000.0,7677000000.0,6388012067.0,-222000000.0,0.0,-24000000.0,492000000.0,-34000000.0,399000000.0,-248000000.0,0.0,-389000000.0,16000000.0,80000000.0,80000000.0,80000000.0,0.0,0.0,0.021,628000000.0,226000000.0,2850000000.0,0.452,1.349,23.145,25.558,7502000000.0,0.0,26.58,0.412,0.411,2509000000.0,6084000000.0,3830000000.0,3830000000.0,0.0,,,,,0.0,591000000.0,1.0,240331530.0,240000000,240000000.0,15.958,16834000000.0,2039000000.0,33000000.0,101000000.0,70.142,1547000000.0
14,GT,MRQ,2017-12-31,2017-12-31,2017-12-31,2021-09-07,-3976000000.0,17064000000.0,,6079000000.0,10985000000.0,,18.942,-198000000.0,1043000000.0,1043000000.0,3081000000.0,-90000000.0,1.21,2.653,5729000000.0,653000000.0,5076000000.0,5729000000.0,0.0,195000000.0,0.0,0.014,0.14,362000000.0,557000000.0,0.137,557000000.0,362000000.0,287000000.0,-0.37,-0.36,-0.37,4603000000.0,,4603000000.0,13527828795.0,11.0,6.784,1114000000.0,4.584,1.0,990000000.0,0.243,734000000.0,75000000.0,15991000000.0,,2787000000.0,0.0,0.0,0.0,12214000000.0,5025000000.0,7189000000.0,7958828795.0,242000000.0,3000000.0,-193000000.0,-671000000.0,-35000000.0,-872000000.0,-204000000.0,0.0,1312000000.0,6000000.0,-90000000.0,-90000000.0,-90000000.0,0.0,0.0,-0.022,612000000.0,378000000.0,2807000000.0,-0.378,1.729,21.805,23.245,7451000000.0,0.0,32.31,0.518,0.523,2025000000.0,6044000000.0,4071000000.0,4071000000.0,0.0,,,,,0.0,579000000.0,1.0,246327106.0,243000000,243000000.0,16.753,16330000000.0,2008000000.0,377000000.0,100000000.0,67.202,1054000000.0
15,GT,MRQ,2017-09-30,2017-09-30,2017-09-30,2021-09-07,-4015000000.0,17852000000.0,,6727000000.0,11125000000.0,,19.528,-186000000.0,822000000.0,822000000.0,3054000000.0,132000000.0,1.367,2.608,6391000000.0,654000000.0,5737000000.0,6391000000.0,0.0,199000000.0,0.0,0.012,0.1,246000000.0,445000000.0,0.113,445000000.0,246000000.0,162000000.0,0.52,0.5,0.52,4882000000.0,,4882000000.0,13544142028.0,11.0,6.626,-155000000.0,-0.62,1.0,867000000.0,0.221,724000000.0,84000000.0,17775000000.0,,2991000000.0,0.0,0.0,0.0,12731000000.0,4922000000.0,7809000000.0,8371142028.0,-101000000.0,7000000.0,-174000000.0,262000000.0,-25000000.0,31000000.0,-177000000.0,0.0,31000000.0,14000000.0,132000000.0,132000000.0,132000000.0,0.0,0.0,0.034,591000000.0,276000000.0,2624000000.0,0.192,1.715,8.191,8.504,7331000000.0,0.0,33.25,0.556,0.552,2672000000.0,6175000000.0,3921000000.0,3921000000.0,0.0,,,,,0.0,545000000.0,1.0,251763670.0,250000000,250000000.0,15.684,17128000000.0,2356000000.0,30000000.0,91000000.0,68.512,1805000000.0
16,GT,MRQ,2017-06-30,2017-06-30,2017-06-30,2021-09-07,-4052000000.0,17646000000.0,,6632000000.0,11014000000.0,,19.48,-226000000.0,903000000.0,903000000.0,2785000000.0,154000000.0,1.308,2.547,6076000000.0,673000000.0,5403000000.0,6076000000.0,0.0,202000000.0,0.0,0.011,0.1,279000000.0,481000000.0,0.13,481000000.0,279000000.0,190000000.0,0.58,0.58,0.58,4909000000.0,,4909000000.0,13774735231.0,10.0,6.319,-125000000.0,-0.496,1.0,901000000.0,0.244,708000000.0,89000000.0,17042000000.0,,3184000000.0,0.0,0.0,0.0,12501000000.0,5069000000.0,7432000000.0,8802735231.0,-82000000.0,1000000.0,-3000000.0,100000000.0,-25000000.0,28000000.0,-228000000.0,0.0,101000000.0,17000000.0,154000000.0,154000000.0,154000000.0,0.0,0.0,0.042,606000000.0,295000000.0,2774000000.0,0.172,1.793,7.275,7.6,7245000000.0,0.0,34.96,0.588,0.588,2309000000.0,6071000000.0,3686000000.0,3686000000.0,0.0,,,,,0.0,579000000.0,1.0,251794486.0,252000000,252000000.0,14.627,16938000000.0,2361000000.0,36000000.0,86000000.0,67.214,1563000000.0
17,GT,MRQ,2017-03-31,2017-03-31,2017-03-31,2021-09-07,-4103000000.0,17194000000.0,,6325000000.0,10869000000.0,,18.782,-271000000.0,961000000.0,961000000.0,2760000000.0,169000000.0,1.287,2.585,5933000000.0,676000000.0,5257000000.0,5933000000.0,0.0,185000000.0,0.0,0.009,0.1,326000000.0,511000000.0,0.138,511000000.0,326000000.0,239000000.0,0.66,0.65,0.66,4733000000.0,,4733000000.0,13406473440.0,9.0,5.867,-557000000.0,-2.21,1.0,939000000.0,0.254,681000000.0,87000000.0,16570000000.0,,2845000000.0,0.0,0.0,0.0,12234000000.0,4915000000.0,7319000000.0,9059473440.0,-138000000.0,1000000.0,-16000000.0,438000000.0,-25000000.0,398000000.0,-270000000.0,0.0,-286000000.0,20000000.0,169000000.0,169000000.0,169000000.0,0.0,0.0,0.046,605000000.0,334000000.0,2631000000.0,0.152,1.914,7.167,7.531,7135000000.0,0.0,36.0,0.597,0.598,2270000000.0,5949000000.0,3699000000.0,3699000000.0,0.0,,,,,0.0,576000000.0,1.0,251652040.0,252000000,252000000.0,14.679,16513000000.0,2371000000.0,70000000.0,86000000.0,65.528,1410000000.0
18,GT,MRQ,2016-12-31,2016-12-31,2016-12-31,2021-09-07,-4198000000.0,16511000000.0,,5718000000.0,10793000000.0,,17.335,-285000000.0,1132000000.0,1132000000.0,2685000000.0,567000000.0,1.187,2.615,5479000000.0,681000000.0,4798000000.0,5479000000.0,0.0,191000000.0,0.0,0.01,0.1,416000000.0,607000000.0,0.162,607000000.0,416000000.0,329000000.0,2.15,2.12,2.15,4507000000.0,,4507000000.0,13111691354.0,8.0,5.686,982000000.0,3.777,1.0,1056000000.0,0.282,671000000.0,87000000.0,15370000000.0,,2627000000.0,0.0,0.0,0.0,11786000000.0,4817000000.0,6969000000.0,8058691354.0,189000000.0,22000000.0,-296000000.0,-480000000.0,-26000000.0,-767000000.0,-271000000.0,0.0,1267000000.0,-40000000.0,567000000.0,567000000.0,567000000.0,0.0,0.0,0.152,618000000.0,438000000.0,2589000000.0,0.047,1.788,6.276,6.418,7040000000.0,0.0,30.87,0.532,0.536,1769000000.0,5808000000.0,3741000000.0,3741000000.0,0.0,,,,,0.0,602000000.0,1.0,261052522.0,260000000,260000000.0,14.388,15840000000.0,2414000000.0,-238000000.0,85000000.0,60.923,901000000.0
19,GT,MRQ,2016-09-30,2016-09-30,2016-09-30,2021-09-07,-3957000000.0,17143000000.0,,6571000000.0,10572000000.0,,17.088,-245000000.0,975000000.0,975000000.0,2736000000.0,320000000.0,1.369,2.778,6028000000.0,582000000.0,5446000000.0,6028000000.0,0.0,181000000.0,0.0,0.009,0.07,400000000.0,581000000.0,0.151,581000000.0,400000000.0,310000000.0,1.21,1.19,1.21,4477000000.0,,4477000000.0,13575071886.0,18.0,9.166,112000000.0,0.427,1.0,1111000000.0,0.289,702000000.0,90000000.0,16694000000.0,,2754000000.0,0.0,0.0,0.0,12439000000.0,4800000000.0,7639000000.0,8477071886.0,-153000000.0,12000000.0,-44000000.0,-216000000.0,-18000000.0,-281000000.0,-232000000.0,-1000000.0,357000000.0,3000000.0,320000000.0,320000000.0,320000000.0,0.0,0.0,0.083,734000000.0,377000000.0,2600000000.0,0.058,1.893,24.643,25.84,7039000000.0,0.0,32.3,0.548,0.547,2649000000.0,5247000000.0,3847000000.0,3847000000.0,0.0,,,,,0.0,599000000.0,1.0,262448046.0,262000000,262000000.0,14.683,16441000000.0,2129000000.0,-10000000.0,89000000.0,62.752,1771000000.0
20,GT,MRQ,2016-06-30,2016-06-30,2016-06-30,2021-09-07,-3962000000.0,16860000000.0,,6468000000.0,10392000000.0,,15.841,-213000000.0,1138000000.0,1138000000.0,2813000000.0,208000000.0,1.408,2.978,6236000000.0,491000000.0,5745000000.0,6236000000.0,0.0,181000000.0,0.0,0.011,0.07,405000000.0,586000000.0,0.151,586000000.0,405000000.0,301000000.0,0.76,0.75,0.76,4182000000.0,,4182000000.0,11820125170.0,13.0,7.346,92000000.0,0.348,1.0,1066000000.0,0.275,698000000.0,104000000.0,16666000000.0,,2686000000.0,0.0,0.0,0.0,12452000000.0,4594000000.0,7858000000.0,6824125170.0,55000000.0,0.0,-99000000.0,153000000.0,-19000000.0,-32000000.0,-212000000.0,1000000.0,305000000.0,-6000000.0,208000000.0,208000000.0,208000000.0,0.0,0.0,0.054,641000000.0,425000000.0,2643000000.0,0.092,1.632,20.742,24.438,6960000000.0,0.0,25.66,0.431,0.428,2475000000.0,4918000000.0,3879000000.0,3879000000.0,0.0,,,,,0.0,593000000.0,1.0,265944083.0,264000000,264000000.0,14.693,16162000000.0,2028000000.0,93000000.0,90000000.0,61.22,1874000000.0
21,GT,MRQ,2016-03-31,2016-03-31,2016-03-31,2021-09-07,-3950000000.0,16777000000.0,,6375000000.0,10402000000.0,,15.371,-253000000.0,1079000000.0,1079000000.0,2701000000.0,189000000.0,1.386,3.032,6075000000.0,390000000.0,5685000000.0,6075000000.0,0.0,174000000.0,0.0,0.008,0.07,358000000.0,532000000.0,0.144,532000000.0,358000000.0,267000000.0,0.69,0.68,0.69,4104000000.0,,4104000000.0,13087061353.0,14.0,7.99,-625000000.0,-2.341,1.0,990000000.0,0.268,712000000.0,91000000.0,16460000000.0,,2636000000.0,0.0,0.0,0.0,12445000000.0,4601000000.0,7844000000.0,8807061353.0,-404000000.0,1000000.0,-48000000.0,287000000.0,-19000000.0,204000000.0,-264000000.0,-12000000.0,-372000000.0,28000000.0,189000000.0,189000000.0,189000000.0,0.0,0.0,0.051,626000000.0,364000000.0,2653000000.0,0.101,2.146,26.769,32.98,6940000000.0,0.0,32.98,0.547,0.547,2482000000.0,4735000000.0,3691000000.0,3691000000.0,0.0,,,,,0.0,615000000.0,1.0,267042491.0,267000000,267000000.0,13.824,16065000000.0,2074000000.0,78000000.0,87000000.0,60.169,1774000000.0
22,GT,MRQ,2015-12-31,2015-12-31,2015-12-31,2021-09-07,-4010000000.0,16391000000.0,,6126000000.0,10265000000.0,,14.737,-327000000.0,1476000000.0,1476000000.0,3071000000.0,-373000000.0,1.236,3.125,5708000000.0,634000000.0,5074000000.0,5708000000.0,0.0,176000000.0,0.0,0.008,0.07,-394000000.0,-218000000.0,-0.054,-218000000.0,-394000000.0,-510000000.0,-1.41,-1.39,-1.41,3920000000.0,,3920000000.0,13095228966.0,13.0,7.509,766000000.0,2.88,1.0,992000000.0,0.244,693000000.0,116000000.0,14975000000.0,,2464000000.0,0.0,0.0,0.0,12249000000.0,4955000000.0,7294000000.0,8785228966.0,-232000000.0,-271000000.0,-78000000.0,-286000000.0,-19000000.0,-720000000.0,-582000000.0,17000000.0,1093000000.0,-23000000.0,-373000000.0,-373000000.0,-373000000.0,0.0,0.0,-0.092,757000000.0,235000000.0,2769000000.0,-0.05,2.241,23.365,28.658,6777000000.0,0.0,32.67,0.534,0.534,2033000000.0,4570000000.0,4063000000.0,4063000000.0,0.0,,,,,0.0,725000000.0,1.0,268908141.0,266000000,266000000.0,15.274,15698000000.0,2141000000.0,-137000000.0,91000000.0,59.015,1171000000.0
23,GT,MRQ,2015-09-30,2015-09-30,2015-09-30,2021-09-07,-4210000000.0,17515000000.0,,7922000000.0,9593000000.0,,15.401,-208000000.0,1690000000.0,1690000000.0,3000000000.0,305000000.0,1.656,3.032,6000000000.0,409000000.0,5591000000.0,6000000000.0,0.0,173000000.0,0.0,0.008,0.06,536000000.0,709000000.0,0.169,709000000.0,536000000.0,431000000.0,1.01,0.99,1.01,4143000000.0,,4143000000.0,12366459735.0,7.0,5.159,153000000.0,0.569,1.0,1184000000.0,0.283,687000000.0,105000000.0,16355000000.0,,2544000000.0,0.0,0.0,0.0,12563000000.0,4783000000.0,7780000000.0,7901459735.0,76000000.0,5000000.0,-15000000.0,-1000000.0,-17000000.0,-39000000.0,-205000000.0,3000000.0,361000000.0,-41000000.0,305000000.0,305000000.0,305000000.0,0.0,0.0,0.073,653000000.0,531000000.0,2576000000.0,0.059,1.907,2.745,2.793,6673000000.0,0.0,29.33,0.472,0.471,2616000000.0,4981000000.0,4184000000.0,4184000000.0,0.0,,,,,0.0,633000000.0,1.0,269398559.0,269000000,269000000.0,15.554,16828000000.0,2060000000.0,126000000.0,176000000.0,62.558,3139000000.0
24,GT,MRQ,2015-06-30,2015-06-30,2015-06-30,2021-09-07,-4143000000.0,17516000000.0,,7695000000.0,9821000000.0,,14.704,-244000000.0,1638000000.0,1638000000.0,3027000000.0,208000000.0,1.623,3.212,6103000000.0,357000000.0,5746000000.0,6103000000.0,0.0,177000000.0,0.0,0.008,0.06,438000000.0,615000000.0,0.147,615000000.0,438000000.0,328000000.0,0.71,0.7,0.71,3970000000.0,,3970000000.0,12750585822.0,8.0,5.695,292000000.0,1.081,1.0,1145000000.0,0.274,695000000.0,110000000.0,16545000000.0,,2545000000.0,0.0,0.0,0.0,12751000000.0,4741000000.0,8010000000.0,8137585822.0,25000000.0,7000000.0,-35000000.0,-172000000.0,-16000000.0,-233000000.0,-289000000.0,-49000000.0,536000000.0,11000000.0,208000000.0,208000000.0,208000000.0,0.0,0.0,0.05,694000000.0,451000000.0,2602000000.0,0.085,2.05,2.976,2.994,6810000000.0,0.0,30.15,0.473,0.473,2476000000.0,4727000000.0,4172000000.0,4172000000.0,0.0,,,,,0.0,648000000.0,1.0,269903344.0,270000000,270000000.0,15.452,16821000000.0,2151000000.0,120000000.0,186000000.0,62.3,2954000000.0
25,GT,MRQ,2015-03-31,2015-03-31,2015-03-31,2021-09-07,-4174000000.0,17336000000.0,,7434000000.0,9902000000.0,,14.044,-204000000.0,1613000000.0,1613000000.0,3066000000.0,236000000.0,1.679,3.37,6226000000.0,261000000.0,5965000000.0,6226000000.0,0.0,172000000.0,0.0,0.008,0.06,466000000.0,638000000.0,0.159,638000000.0,466000000.0,359000000.0,0.83,0.82,0.83,3792000000.0,,3792000000.0,11532687589.0,8.0,5.273,-466000000.0,-1.726,1.0,958000000.0,0.238,689000000.0,107000000.0,16833000000.0,,2538000000.0,0.0,0.0,0.0,12778000000.0,4427000000.0,8351000000.0,7299687589.0,-548000000.0,1000000.0,1000000.0,-18000000.0,-16000000.0,-34000000.0,-180000000.0,21000000.0,-262000000.0,-72000000.0,236000000.0,236000000.0,236000000.0,0.0,0.0,0.059,624000000.0,334000000.0,2612000000.0,0.072,1.925,2.665,2.673,6826000000.0,0.0,27.08,0.413,0.413,2523000000.0,4551000000.0,4024000000.0,4024000000.0,0.0,,,,,0.0,608000000.0,1.0,269560103.0,270000000,270000000.0,14.904,16647000000.0,2250000000.0,123000000.0,181000000.0,61.656,3007000000.0
26,GT,MRQ,2014-12-31,2014-12-31,2014-12-31,2021-09-07,-4131000000.0,18044000000.0,,7159000000.0,10885000000.0,,13.175,-289000000.0,2161000000.0,2161000000.0,3340000000.0,2128000000.0,1.514,3.772,6394000000.0,178000000.0,6216000000.0,6394000000.0,0.0,179000000.0,0.0,0.008,0.06,256000000.0,435000000.0,0.1,435000000.0,256000000.0,127000000.0,7.95,7.63,7.95,3610000000.0,,3610000000.0,12955250739.0,12.0,7.221,990000000.0,3.613,1.0,1016000000.0,0.233,739000000.0,129000000.0,16808000000.0,,2671000000.0,0.0,0.0,0.0,13617000000.0,4730000000.0,8887000000.0,7844250739.0,417000000.0,12000000.0,-139000000.0,-404000000.0,-17000000.0,-574000000.0,-246000000.0,13000000.0,1279000000.0,-42000000.0,2129000000.0,2129000000.0,2129000000.0,0.0,-1000000.0,0.489,717000000.0,299000000.0,2878000000.0,0.008,2.173,3.208,3.129,7153000000.0,0.0,28.57,0.432,0.422,2126000000.0,4331000000.0,4356000000.0,4356000000.0,0.0,,,,,0.0,702000000.0,1.0,274562504.0,274000000,274000000.0,15.898,17305000000.0,2253000000.0,-2002000000.0,90000000.0,63.157,2429000000.0
27,GT,MRQ,2014-09-30,2014-09-30,2014-09-30,2021-09-07,-3919000000.0,16656000000.0,,8047000000.0,8609000000.0,,6.771,-193000000.0,1744000000.0,1744000000.0,3516000000.0,199000000.0,1.686,7.496,6855000000.0,136000000.0,6719000000.0,6855000000.0,0.0,182000000.0,0.0,0.009,0.06,369000000.0,551000000.0,0.118,551000000.0,369000000.0,261000000.0,0.58,0.58,0.58,1862000000.0,,1862000000.0,11342936900.0,10.0,6.021,2000000.0,0.007,1.0,1141000000.0,0.245,758000000.0,108000000.0,16236000000.0,,2924000000.0,0.0,0.0,0.0,13958000000.0,4773000000.0,9185000000.0,6217936900.0,107000000.0,1000000.0,-22000000.0,228000000.0,-17000000.0,187000000.0,-184000000.0,5000000.0,195000000.0,-91000000.0,161000000.0,161000000.0,161000000.0,0.0,38000000.0,0.035,668000000.0,473000000.0,2827000000.0,0.103,3.339,11.43,11.017,7092000000.0,0.0,22.585,0.335,0.334,3021000000.0,2231000000.0,4657000000.0,4657000000.0,0.0,,,,,0.0,653000000.0,1.0,275312681.0,275000000,275000000.0,16.935,15898000000.0,105000000.0,100000000.0,243000000.0,57.811,3274000000.0
28,GT,MRQ,2014-06-30,2014-06-30,2014-06-30,2021-09-07,-3830000000.0,16942000000.0,,8038000000.0,8904000000.0,,6.612,-212000000.0,1637000000.0,1637000000.0,3532000000.0,232000000.0,1.6,7.814,6762000000.0,85000000.0,6677000000.0,6762000000.0,0.0,188000000.0,0.0,0.005,0.05,375000000.0,563000000.0,0.121,563000000.0,375000000.0,273000000.0,0.77,0.76,0.77,1825000000.0,,1825000000.0,12168989532.0,11.0,6.606,197000000.0,0.714,1.0,1124000000.0,0.241,800000000.0,102000000.0,16242000000.0,,3130000000.0,0.0,0.0,0.0,14260000000.0,5025000000.0,9235000000.0,6901989532.0,-216000000.0,3000000.0,-26000000.0,-360000000.0,-14000000.0,-419000000.0,-210000000.0,-5000000.0,409000000.0,4000000.0,213000000.0,213000000.0,213000000.0,0.0,19000000.0,0.046,722000000.0,402000000.0,3097000000.0,0.065,3.782,12.572,12.981,7325000000.0,0.0,27.78,0.365,0.405,2841000000.0,2087000000.0,4656000000.0,4656000000.0,0.0,,,,,0.0,698000000.0,1.0,248451747.0,276000000,276000000.0,16.87,16142000000.0,131000000.0,60000000.0,255000000.0,58.486,3013000000.0
29,GT,MRQ,2014-03-31,2014-03-31,2014-03-31,2021-09-07,-3883000000.0,17092000000.0,,8206000000.0,8886000000.0,,6.423,-229000000.0,1853000000.0,1853000000.0,3518000000.0,-38000000.0,1.631,9.2,7120000000.0,73000000.0,7047000000.0,7120000000.0,0.0,183000000.0,0.0,0.004,0.05,62000000.0,245000000.0,0.055,245000000.0,62000000.0,-43000000.0,-0.23,-0.23,-0.23,1593000000.0,,1593000000.0,9734884727.0,9.0,5.372,-1772000000.0,-7.145,1.0,951000000.0,0.213,805000000.0,105000000.0,16523000000.0,,3021000000.0,0.0,0.0,0.0,14655000000.0,5031000000.0,9624000000.0,6481884727.0,-1143000000.0,2000000.0,-8000000.0,845000000.0,-12000000.0,795000000.0,-211000000.0,10000000.0,-1543000000.0,-184000000.0,-51000000.0,-58000000.0,-58000000.0,0.0,13000000.0,-0.013,708000000.0,243000000.0,3112000000.0,-0.217,4.069,12.537,12.384,7313000000.0,7000000.0,26.13,0.338,0.338,2913000000.0,1888000000.0,4469000000.0,4469000000.0,0.0,,,,,0.0,667000000.0,1.0,248062944.0,248000000,248000000.0,18.02,16287000000.0,168000000.0,8000000.0,257000000.0,65.673,3175000000.0
30,GT,MRQ,2013-12-31,2013-12-31,2013-12-31,2021-09-07,-3947000000.0,17527000000.0,,8644000000.0,8883000000.0,,6.528,-434000000.0,2996000000.0,2996000000.0,3690000000.0,256000000.0,1.72,9.391,6249000000.0,87000000.0,6162000000.0,6249000000.0,0.0,183000000.0,0.0,0.002,0.05,342000000.0,525000000.0,0.11,525000000.0,342000000.0,237000000.0,0.93,0.85,0.93,1606000000.0,,1606000000.0,9930500486.0,9.0,5.279,802000000.0,3.26,1.0,1101000000.0,0.23,806000000.0,105000000.0,14949000000.0,,2816000000.0,0.0,0.0,0.0,15082000000.0,5025000000.0,10057000000.0,5888500486.0,496000000.0,17000000.0,7000000.0,-290000000.0,-12000000.0,-318000000.0,-411000000.0,-8000000.0,1236000000.0,-11000000.0,235000000.0,228000000.0,228000000.0,0.0,21000000.0,0.048,641000000.0,460000000.0,3097000000.0,0.054,3.667,9.814,9.775,7320000000.0,7000000.0,23.85,0.301,0.3,2435000000.0,1958000000.0,4791000000.0,4791000000.0,0.0,,,,,0.0,736000000.0,1.0,246897295.0,246000000,246000000.0,19.476,16721000000.0,300000000.0,2000000.0,256000000.0,67.972,3619000000.0
31,GT,MRQ,2013-09-30,2013-09-30,2013-09-30,2021-09-07,-4363000000.0,17672000000.0,,9069000000.0,8603000000.0,,3.87,-241000000.0,2500000000.0,2500000000.0,3946000000.0,195000000.0,1.749,16.732,6542000000.0,176000000.0,6366000000.0,6542000000.0,0.0,182000000.0,0.0,0.0,0.0,327000000.0,509000000.0,0.102,509000000.0,327000000.0,227000000.0,0.67,0.62,0.67,952000000.0,,952000000.0,9487467367.0,10.0,5.705,-77000000.0,-0.313,1.0,1056000000.0,0.211,798000000.0,100000000.0,15732000000.0,,2944000000.0,0.0,0.0,0.0,15929000000.0,5184000000.0,10745000000.0,5522467367.0,-64000000.0,1000000.0,10000000.0,-21000000.0,0.0,-20000000.0,-223000000.0,4000000.0,164000000.0,15000000.0,173000000.0,166000000.0,166000000.0,0.0,22000000.0,0.033,707000000.0,349000000.0,3084000000.0,0.0,5.801,14.806,14.868,7065000000.0,7000000.0,22.451,0.279,0.279,3254000000.0,1730000000.0,5002000000.0,5002000000.0,0.0,,,,,0.0,686000000.0,1.0,245978681.0,246000000,246000000.0,20.333,16874000000.0,190000000.0,54000000.0,273000000.0,68.593,3885000000.0
32,GT,MRQ,2013-06-30,2013-06-30,2013-06-30,2021-09-07,-4431000000.0,17384000000.0,,8969000000.0,8415000000.0,,2.907,-222000000.0,2564000000.0,2564000000.0,3846000000.0,193000000.0,1.733,22.246,6529000000.0,204000000.0,6325000000.0,6529000000.0,0.0,180000000.0,0.0,0.0,0.0,353000000.0,533000000.0,0.109,533000000.0,353000000.0,251000000.0,0.74,0.67,0.74,715000000.0,,715000000.0,7953822478.0,9.0,5.015,253000000.0,1.028,1.0,1048000000.0,0.214,782000000.0,102000000.0,15392000000.0,,3138000000.0,0.0,0.0,0.0,15906000000.0,5175000000.0,10731000000.0,3758822478.0,178000000.0,2000000.0,3000000.0,-32000000.0,0.0,-42000000.0,-219000000.0,-18000000.0,475000000.0,-36000000.0,188000000.0,181000000.0,181000000.0,0.0,5000000.0,0.037,704000000.0,344000000.0,3213000000.0,0.0,5.257,11.857,11.86,6919000000.0,7000000.0,15.299,0.187,0.188,2880000000.0,1576000000.0,4894000000.0,4894000000.0,0.0,,,,,0.0,691000000.0,1.0,245690730.0,246000000,246000000.0,19.894,16602000000.0,187000000.0,63000000.0,262000000.0,67.488,3794000000.0
33,GT,MRQ,2013-03-31,2013-03-31,2013-03-31,2021-09-07,-4424000000.0,17458000000.0,,9042000000.0,8416000000.0,,2.188,-271000000.0,2386000000.0,2386000000.0,3940000000.0,31000000.0,1.695,30.142,6581000000.0,274000000.0,6307000000.0,6581000000.0,0.0,177000000.0,0.0,0.0,0.0,137000000.0,314000000.0,0.065,314000000.0,137000000.0,52000000.0,0.1,0.1,0.1,536000000.0,,536000000.0,5898280714.0,8.0,4.045,-1208000000.0,-4.931,1.0,913000000.0,0.188,786000000.0,85000000.0,15532000000.0,,3168000000.0,0.0,0.0,0.0,16156000000.0,5335000000.0,10821000000.0,3093280714.0,105000000.0,5000000.0,2000000.0,1486000000.0,0.0,1462000000.0,-283000000.0,6000000.0,-937000000.0,-137000000.0,33000000.0,26000000.0,26000000.0,0.0,-2000000.0,0.005,778000000.0,135000000.0,3218000000.0,0.0,5.771,13.997,14.006,6901000000.0,7000000.0,12.605,0.152,0.152,3021000000.0,1396000000.0,4853000000.0,4853000000.0,0.0,,,,,0.0,645000000.0,1.0,245401088.0,245000000,245000000.0,19.808,16672000000.0,195000000.0,19000000.0,261000000.0,68.049,3707000000.0
34,GT,MRQ,2012-12-31,2012-12-31,2012-12-31,2021-09-07,-4560000000.0,16973000000.0,,8498000000.0,8475000000.0,,1.51,-339000000.0,2281000000.0,2281000000.0,4100000000.0,-7000000.0,1.597,42.741,5086000000.0,198000000.0,4888000000.0,5086000000.0,0.0,174000000.0,0.0,0.0,0.0,133000000.0,307000000.0,0.061,307000000.0,133000000.0,46000000.0,0.0,0.01,0.0,370000000.0,,370000000.0,7106936088.0,9.0,4.871,1028000000.0,4.196,1.0,945000000.0,0.187,804000000.0,87000000.0,13652000000.0,,3250000000.0,0.0,0.0,0.0,15814000000.0,5322000000.0,10492000000.0,3382936088.0,24000000.0,2000000.0,2000000.0,-970000000.0,0.0,-1024000000.0,-323000000.0,-16000000.0,1367000000.0,4000000.0,7000000.0,0.0,0.0,0.0,-14000000.0,0.0,954000000.0,-9000000.0,3223000000.0,,9.143,18.486,18.413,6956000000.0,7000000.0,13.81,0.161,0.161,2563000000.0,1370000000.0,5045000000.0,5045000000.0,0.0,,,,,0.0,707000000.0,1.0,244962787.0,245000000,245000000.0,20.592,16169000000.0,186000000.0,39000000.0,264000000.0,65.996,3176000000.0
35,GT,MRQ,2012-09-30,2012-09-30,2012-09-30,2021-09-07,-3702000000.0,17939000000.0,,9805000000.0,8134000000.0,,5.02,-298000000.0,2257000000.0,2257000000.0,4315000000.0,133000000.0,1.82,12.856,5981000000.0,273000000.0,5708000000.0,5981000000.0,0.0,176000000.0,0.0,0.0,0.0,256000000.0,432000000.0,0.082,432000000.0,256000000.0,170000000.0,0.45,0.41,0.45,1230000000.0,,1230000000.0,6497245913.0,9.0,4.592,-176000000.0,-0.718,1.0,949000000.0,0.18,809000000.0,86000000.0,15466000000.0,,3596000000.0,0.0,0.0,0.0,15813000000.0,5388000000.0,10425000000.0,2983245913.0,101000000.0,5000000.0,1000000.0,257000000.0,0.0,255000000.0,-288000000.0,4000000.0,122000000.0,12000000.0,117000000.0,110000000.0,110000000.0,0.0,16000000.0,0.021,678000000.0,271000000.0,3146000000.0,0.0,2.425,14.769,14.866,6658000000.0,7000000.0,12.19,0.138,0.138,3555000000.0,1370000000.0,5264000000.0,5264000000.0,0.0,,,,,0.0,652000000.0,1.0,244728951.0,245000000,245000000.0,21.486,17130000000.0,145000000.0,53000000.0,263000000.0,69.918,4417000000.0
36,GT,MRQ,2012-06-30,2012-06-30,2012-06-30,2021-09-07,-3870000000.0,17601000000.0,,9649000000.0,7952000000.0,,3.865,-214000000.0,2156000000.0,2156000000.0,4141000000.0,103000000.0,1.78,16.673,5670000000.0,275000000.0,5395000000.0,5670000000.0,0.0,167000000.0,0.0,0.0,0.0,238000000.0,405000000.0,0.079,405000000.0,238000000.0,155000000.0,0.35,0.33,0.35,947000000.0,,947000000.0,6437984769.0,8.0,4.281,89000000.0,0.363,1.0,1009000000.0,0.196,798000000.0,83000000.0,14897000000.0,,3940000000.0,0.0,0.0,0.0,15789000000.0,5420000000.0,10369000000.0,2889984769.0,73000000.0,9000000.0,0.0,98000000.0,0.0,17000000.0,-217000000.0,-17000000.0,303000000.0,-30000000.0,92000000.0,85000000.0,85000000.0,0.0,11000000.0,0.017,723000000.0,286000000.0,3324000000.0,0.0,3.052,11.423,11.466,6499000000.0,7000000.0,11.81,0.129,0.129,3174000000.0,1260000000.0,5150000000.0,5150000000.0,0.0,,,,,0.0,697000000.0,1.0,244706585.0,245000000,245000000.0,21.02,16803000000.0,138000000.0,63000000.0,244000000.0,68.584,4229000000.0
37,GT,MRQ,2012-03-31,2012-03-31,2012-03-31,2021-09-07,-3867000000.0,17990000000.0,,9988000000.0,8002000000.0,,3.537,-276000000.0,2083000000.0,2083000000.0,4607000000.0,8000000.0,1.698,18.787,5631000000.0,445000000.0,5186000000.0,5631000000.0,0.0,170000000.0,0.0,0.0,0.0,145000000.0,315000000.0,0.057,315000000.0,145000000.0,44000000.0,-0.05,-0.05,-0.05,863000000.0,,863000000.0,5172957500.0,7.0,3.488,-1030000000.0,-4.221,1.0,926000000.0,0.167,829000000.0,101000000.0,14828000000.0,,3969000000.0,0.0,0.0,0.0,16213000000.0,5881000000.0,10332000000.0,2743957500.0,-689000000.0,0.0,0.0,350000000.0,0.0,326000000.0,-295000000.0,0.0,-754000000.0,34000000.0,-4000000.0,-11000000.0,-11000000.0,0.0,12000000.0,-0.002,769000000.0,157000000.0,3571000000.0,0.0,3.18,13.192,13.357,6528000000.0,7000000.0,11.22,0.12,0.12,3530000000.0,1176000000.0,5533000000.0,5533000000.0,0.0,,,,,0.0,662000000.0,1.0,244559492.0,244000000,244000000.0,22.676,17161000000.0,148000000.0,48000000.0,253000000.0,70.332,4107000000.0
38,GT,MRQ,2011-12-31,2011-12-31,2011-12-31,2021-09-07,-3991000000.0,17629000000.0,,9812000000.0,7817000000.0,,3.07,-237000000.0,2772000000.0,2772000000.0,4815000000.0,26000000.0,1.655,21.368,5201000000.0,412000000.0,4789000000.0,5201000000.0,0.0,168000000.0,0.0,0.0,0.0,95000000.0,263000000.0,0.046,263000000.0,95000000.0,6000000.0,0.07,0.07,0.07,749000000.0,,749000000.0,7419527311.0,8.0,4.669,1508000000.0,6.18,1.0,868000000.0,0.153,811000000.0,89000000.0,13318000000.0,,3856000000.0,0.0,0.0,0.0,16005000000.0,5929000000.0,10076000000.0,3462527311.0,646000000.0,8000000.0,1000000.0,-864000000.0,0.0,-881000000.0,-187000000.0,36000000.0,1745000000.0,-31000000.0,25000000.0,18000000.0,18000000.0,0.0,1000000.0,0.003,820000000.0,48000000.0,3668000000.0,0.0,4.623,10.787,10.735,6375000000.0,7000000.0,14.17,0.152,0.152,2849000000.0,1187000000.0,5683000000.0,5683000000.0,0.0,,,,,0.0,724000000.0,1.0,244356197.0,244000000,244000000.0,23.291,16818000000.0,145000000.0,-19000000.0,244000000.0,68.926,3883000000.0
39,GT,MRQ,2011-09-30,2011-09-30,2011-09-30,2021-09-07,-3219000000.0,18129000000.0,,10512000000.0,7617000000.0,,6.143,-274000000.0,2126000000.0,2126000000.0,4973000000.0,211000000.0,1.806,10.492,6083000000.0,524000000.0,5559000000.0,6083000000.0,0.0,173000000.0,0.0,0.0,0.0,348000000.0,521000000.0,0.086,521000000.0,348000000.0,262000000.0,0.66,0.6,0.66,1499000000.0,,1499000000.0,5965603247.0,9.0,4.231,-577000000.0,-2.365,1.0,1089000000.0,0.18,827000000.0,86000000.0,15440000000.0,,4037000000.0,0.0,0.0,0.0,15728000000.0,5819000000.0,9909000000.0,2465603247.0,322000000.0,-32000000.0,0.0,958000000.0,0.0,948000000.0,-232000000.0,55000000.0,-303000000.0,-91000000.0,168000000.0,161000000.0,161000000.0,0.0,43000000.0,0.027,702000000.0,387000000.0,3371000000.0,0.0,1.645,19.414,19.784,6263000000.0,7000000.0,10.09,0.111,0.111,4008000000.0,1169000000.0,6062000000.0,6062000000.0,0.0,,,,,0.0,677000000.0,1.0,244361075.0,244000000,244000000.0,24.844,17302000000.0,55000000.0,94000000.0,242000000.0,70.91,4693000000.0
40,GT,MRQ,2011-06-30,2011-06-30,2011-06-30,2021-09-07,-3079000000.0,17642000000.0,,9776000000.0,7866000000.0,,6.045,-248000000.0,1804000000.0,1804000000.0,4572000000.0,56000000.0,1.652,10.336,5304000000.0,518000000.0,4786000000.0,5304000000.0,0.0,192000000.0,0.0,0.0,0.0,192000000.0,384000000.0,0.068,384000000.0,192000000.0,111000000.0,0.16,0.16,0.16,1475000000.0,,1475000000.0,7163302510.0,15.0,6.071,-484000000.0,-1.984,1.0,1048000000.0,0.186,881000000.0,81000000.0,14342000000.0,,4032000000.0,0.0,0.0,0.0,15245000000.0,5919000000.0,9326000000.0,4094302510.0,-411000000.0,98000000.0,3000000.0,-21000000.0,0.0,-47000000.0,-133000000.0,0.0,-236000000.0,5000000.0,47000000.0,40000000.0,40000000.0,0.0,9000000.0,0.007,847000000.0,201000000.0,3515000000.0,0.0,2.776,-75.82,-72.913,6448000000.0,7000000.0,16.77,0.194,0.194,3539000000.0,1009000000.0,5620000000.0,5620000000.0,0.0,,,,,0.0,753000000.0,1.0,244144455.0,244000000,244000000.0,23.033,16761000000.0,48000000.0,64000000.0,269000000.0,68.693,3857000000.0
41,GT,MRQ,2011-03-31,2011-03-31,2011-03-31,2021-09-07,-3181000000.0,17256000000.0,,9492000000.0,7764000000.0,,5.461,-284000000.0,2215000000.0,2215000000.0,4461000000.0,124000000.0,1.667,11.313,5284000000.0,489000000.0,4795000000.0,5284000000.0,0.0,182000000.0,0.0,0.0,0.0,239000000.0,421000000.0,0.078,421000000.0,239000000.0,165000000.0,0.42,0.42,0.42,1327000000.0,,1327000000.0,6379786008.0,15.0,5.768,-717000000.0,-2.951,1.0,941000000.0,0.174,873000000.0,74000000.0,13758000000.0,,3337000000.0,0.0,0.0,0.0,15012000000.0,5694000000.0,9318000000.0,3639786008.0,210000000.0,2000000.0,4000000.0,489000000.0,0.0,974000000.0,-350000000.0,0.0,-433000000.0,19000000.0,103000000.0,103000000.0,103000000.0,0.0,21000000.0,0.019,681000000.0,260000000.0,3358000000.0,0.0,2.743,-55.148,-53.5,6329000000.0,0.0,14.98,0.182,0.182,3550000000.0,969000000.0,5402000000.0,5402000000.0,0.0,,,,,0.0,668000000.0,1.0,242976369.0,243000000,243000000.0,22.23,16383000000.0,52000000.0,62000000.0,262000000.0,67.42,3798000000.0
42,GT,MRQ,2010-12-31,2010-12-31,2010-12-31,2021-09-07,-3270000000.0,15630000000.0,,8045000000.0,7585000000.0,,2.661,-326000000.0,2005000000.0,2005000000.0,4190000000.0,-166000000.0,1.516,21.933,4745000000.0,426000000.0,4319000000.0,4745000000.0,0.0,165000000.0,0.0,0.0,0.0,-81000000.0,84000000.0,0.017,84000000.0,-81000000.0,-156000000.0,-0.73,-0.73,-0.73,644000000.0,,644000000.0,6185523375.0,23.0,6.694,515000000.0,2.128,1.0,882000000.0,0.174,844000000.0,75000000.0,12219000000.0,,2977000000.0,0.0,0.0,0.0,14125000000.0,5307000000.0,8818000000.0,2878523375.0,340000000.0,50000000.0,0.0,-214000000.0,0.0,-217000000.0,-285000000.0,0.0,841000000.0,1000000.0,-177000000.0,-177000000.0,-177000000.0,0.0,11000000.0,-0.035,1125000000.0,-243000000.0,3107000000.0,0.0,4.47,-13.326,-13.315,6165000000.0,0.0,11.85,0.153,0.152,2736000000.0,866000000.0,5072000000.0,5072000000.0,0.0,,,,,0.0,715000000.0,1.0,242913365.0,242000000,242000000.0,20.959,14786000000.0,58000000.0,21000000.0,242000000.0,61.099,2738000000.0
43,GT,MRQ,2010-09-30,2010-09-30,2010-09-30,2021-09-07,-3226000000.0,15656000000.0,,8403000000.0,7253000000.0,,3.55,-260000000.0,1665000000.0,1665000000.0,4120000000.0,-13000000.0,1.704,16.225,4972000000.0,377000000.0,4595000000.0,4972000000.0,0.0,166000000.0,0.0,0.0,0.0,125000000.0,291000000.0,0.059,291000000.0,125000000.0,35000000.0,-0.08,-0.08,-0.08,859000000.0,,859000000.0,5532515474.0,9.0,4.465,-360000000.0,-1.488,1.0,842000000.0,0.17,854000000.0,90000000.0,13177000000.0,,2993000000.0,0.0,0.0,0.0,13937000000.0,4932000000.0,9005000000.0,2611515474.0,-18000000.0,2000000.0,0.0,260000000.0,0.0,231000000.0,-221000000.0,0.0,-100000000.0,72000000.0,-20000000.0,-20000000.0,-20000000.0,0.0,7000000.0,-0.004,648000000.0,194000000.0,2813000000.0,0.0,3.04,24.181,37.069,5869000000.0,0.0,10.75,0.144,0.143,3461000000.0,1043000000.0,4962000000.0,4962000000.0,0.0,,,,,0.0,640000000.0,1.0,242931672.0,242000000,242000000.0,20.504,14802000000.0,71000000.0,55000000.0,252000000.0,61.165,3471000000.0
44,GT,MRQ,2010-06-30,2010-06-30,2010-06-30,2021-09-07,-3452000000.0,14513000000.0,,7723000000.0,6790000000.0,,2.674,-217000000.0,1683000000.0,1683000000.0,3686000000.0,39000000.0,1.745,20.232,4604000000.0,316000000.0,4288000000.0,4604000000.0,0.0,162000000.0,0.0,0.0,0.0,148000000.0,310000000.0,0.068,310000000.0,148000000.0,71000000.0,0.11,0.11,0.11,647000000.0,,647000000.0,5234623876.0,8.0,3.93,-157000000.0,-0.649,1.0,842000000.0,0.186,792000000.0,77000000.0,12216000000.0,,2901000000.0,0.0,0.0,0.0,13090000000.0,4426000000.0,8664000000.0,2414623876.0,-91000000.0,2000000.0,0.0,81000000.0,0.0,79000000.0,-192000000.0,0.0,60000000.0,-38000000.0,28000000.0,28000000.0,28000000.0,0.0,11000000.0,0.006,683000000.0,159000000.0,2613000000.0,0.0,3.732,10.498,14.836,5541000000.0,0.0,9.94,0.137,0.137,2840000000.0,1063000000.0,4528000000.0,4528000000.0,0.0,,,,,0.0,670000000.0,1.0,242919907.0,242000000,242000000.0,18.711,13721000000.0,50000000.0,43000000.0,210000000.0,56.698,3297000000.0
45,GT,MRQ,2010-03-31,2010-03-31,2010-03-31,2021-09-07,-3351000000.0,14702000000.0,,7671000000.0,7031000000.0,,2.95,-141000000.0,1774000000.0,1774000000.0,3456000000.0,-24000000.0,1.739,18.424,4594000000.0,352000000.0,4242000000.0,4594000000.0,0.0,159000000.0,0.0,0.0,0.0,103000000.0,262000000.0,0.061,262000000.0,103000000.0,29000000.0,-0.19,-0.19,-0.19,714000000.0,,714000000.0,5659601683.0,16.0,5.717,-18000000.0,-0.074,1.0,814000000.0,0.191,845000000.0,74000000.0,12266000000.0,,2708000000.0,0.0,0.0,0.0,13155000000.0,4411000000.0,8744000000.0,3061601683.0,-148000000.0,16000000.0,1000000.0,85000000.0,0.0,86000000.0,-161000000.0,0.0,123000000.0,-196000000.0,-24000000.0,-24000000.0,-24000000.0,0.0,0.0,-0.006,711000000.0,103000000.0,2549000000.0,0.0,4.288,-60.031,-35.111,5724000000.0,0.0,12.64,0.18,0.18,2861000000.0,1035000000.0,4270000000.0,4270000000.0,0.0,,,,,0.0,605000000.0,1.0,242215323.0,242000000,242000000.0,17.645,13857000000.0,46000000.0,53000000.0,222000000.0,57.26,3260000000.0
46,GT,MRQ,2009-12-31,2009-12-31,2009-12-31,2021-09-07,-3372000000.0,14410000000.0,,7225000000.0,7185000000.0,,3.05,-244000000.0,1922000000.0,1922000000.0,3581000000.0,135000000.0,1.764,17.457,4520000000.0,338000000.0,4182000000.0,4520000000.0,0.0,165000000.0,0.0,0.0,0.0,211000000.0,376000000.0,0.085,376000000.0,211000000.0,128000000.0,0.45,0.45,0.45,735000000.0,,735000000.0,6734371217.0,-118.0,11.631,624000000.0,2.589,1.0,856000000.0,0.193,870000000.0,83000000.0,12043000000.0,,2443000000.0,0.0,0.0,0.0,12831000000.0,4095000000.0,8736000000.0,3414371217.0,-668000000.0,3000000.0,0.0,-1381000000.0,0.0,-1394000000.0,-146000000.0,0.0,868000000.0,4000000.0,124000000.0,124000000.0,124000000.0,0.0,11000000.0,0.028,634000000.0,222000000.0,2278000000.0,0.0,4.645,-9.105,-9.097,5843000000.0,0.0,14.1,0.209,0.208,2540000000.0,1082000000.0,4437000000.0,4437000000.0,0.0,,,,,0.0,640000000.0,1.0,242153987.0,241000000,241000000.0,18.411,13540000000.0,43000000.0,4000000.0,235000000.0,56.183,3130000000.0
47,GT,MRQ,2009-09-30,2009-09-30,2009-09-30,2021-09-07,-3213000000.0,15677000000.0,,8605000000.0,7072000000.0,,3.231,-130000000.0,2590000000.0,2590000000.0,3523000000.0,102000000.0,1.894,17.936,5910000000.0,890000000.0,5020000000.0,5910000000.0,0.0,159000000.0,0.0,0.0,0.0,225000000.0,384000000.0,0.088,384000000.0,225000000.0,140000000.0,0.3,0.3,0.3,782000000.0,,782000000.0,7602448383.0,-13.0,120.674,286000000.0,1.182,1.0,862000000.0,0.197,865000000.0,85000000.0,13588000000.0,,2543000000.0,0.0,0.0,0.0,14026000000.0,4544000000.0,9482000000.0,4119448383.0,224000000.0,19000000.0,2000000.0,-16000000.0,0.0,-15000000.0,-208000000.0,0.0,416000000.0,31000000.0,102000000.0,102000000.0,102000000.0,0.0,0.0,0.023,637000000.0,225000000.0,2042000000.0,0.0,5.268,-4.687,-5.053,5710000000.0,0.0,17.03,0.257,0.258,3065000000.0,975000000.0,4385000000.0,4385000000.0,0.0,,,,,0.0,617000000.0,1.0,241893622.0,242000000,242000000.0,18.12,14812000000.0,53000000.0,38000000.0,222000000.0,61.207,4061000000.0
48,GT,MRQ,2009-06-30,2009-06-30,2009-06-30,2021-09-07,-3353000000.0,15079000000.0,,8153000000.0,6926000000.0,,2.34,-151000000.0,2366000000.0,2366000000.0,3353000000.0,-253000000.0,1.901,24.317,5849000000.0,909000000.0,4940000000.0,5849000000.0,0.0,160000000.0,0.0,0.0,0.0,-192000000.0,-32000000.0,-0.008,-32000000.0,-192000000.0,-271000000.0,-0.92,-0.92,-0.92,564000000.0,,564000000.0,6352945931.0,-10.0,138.108,182000000.0,0.755,1.0,590000000.0,0.15,849000000.0,79000000.0,13425000000.0,,2909000000.0,0.0,0.0,0.0,13715000000.0,4288000000.0,9427000000.0,2722945931.0,470000000.0,20000000.0,-2000000.0,226000000.0,0.0,201000000.0,-112000000.0,0.0,333000000.0,48000000.0,-253000000.0,-253000000.0,-253000000.0,0.0,0.0,-0.064,782000000.0,-192000000.0,1928000000.0,0.0,4.828,-2.931,-3.181,5601000000.0,0.0,11.26,0.162,0.162,2549000000.0,903000000.0,3943000000.0,3943000000.0,0.0,,,,,0.0,614000000.0,1.0,241824683.0,241000000,241000000.0,16.361,14230000000.0,51000000.0,-18000000.0,210000000.0,59.046,3865000000.0
49,GT,MRQ,2009-03-31,2009-03-31,2009-03-31,2021-09-07,-3538000000.0,14645000000.0,,7968000000.0,6677000000.0,,2.494,-221000000.0,1896000000.0,1896000000.0,3219000000.0,-348000000.0,1.872,22.052,5526000000.0,881000000.0,4645000000.0,5526000000.0,0.0,152000000.0,0.0,0.0,0.0,-286000000.0,-134000000.0,-0.038,-134000000.0,-286000000.0,-350000000.0,-1.38,-1.38,-1.38,601000000.0,,601000000.0,4583848997.0,-26.0,9.471,-541000000.0,-2.245,1.0,317000000.0,0.09,808000000.0,64000000.0,13211000000.0,,3262000000.0,0.0,0.0,0.0,13253000000.0,4256000000.0,8997000000.0,1510848997.0,2000000.0,1000000.0,2000000.0,552000000.0,0.0,554000000.0,-197000000.0,0.0,-320000000.0,-35000000.0,-333000000.0,-333000000.0,-333000000.0,0.0,-15000000.0,-0.094,618000000.0,-301000000.0,1989000000.0,0.0,2.514,-2.592,-2.71,5476000000.0,0.0,6.26,0.084,0.083,2489000000.0,1130000000.0,3536000000.0,3536000000.0,0.0,,,,,0.0,533000000.0,1.0,241349680.0,241000000,241000000.0,14.672,13837000000.0,52000000.0,-17000000.0,386000000.0,57.415,3712000000.0
50,GT,MRQ,2008-12-31,2008-12-31,2008-12-31,2021-09-07,-3446000000.0,15226000000.0,,8310000000.0,6916000000.0,,4.241,-278000000.0,1894000000.0,1894000000.0,3666000000.0,-341000000.0,1.739,13.067,4979000000.0,847000000.0,4132000000.0,4979000000.0,0.0,166000000.0,0.0,0.0,0.0,-321000000.0,-155000000.0,-0.037,-155000000.0,-321000000.0,-403000000.0,-1.37,-1.36,-1.37,1022000000.0,,1022000000.0,5047497294.0,11.0,4.539,384000000.0,1.593,1.0,469000000.0,0.113,843000000.0,82000000.0,12689000000.0,,3592000000.0,0.0,0.0,0.0,13354000000.0,4779000000.0,8575000000.0,1440497294.0,288000000.0,62000000.0,1000000.0,-330000000.0,0.0,-410000000.0,64000000.0,0.0,662000000.0,-28000000.0,-395000000.0,-395000000.0,-395000000.0,0.0,54000000.0,-0.096,712000000.0,-243000000.0,2529000000.0,0.0,1.409,-18.708,-18.656,5634000000.0,0.0,5.97,0.074,0.074,2517000000.0,1463000000.0,4135000000.0,4135000000.0,0.0,,,,,0.0,603000000.0,1.0,241289329.0,241000000,241000000.0,17.158,14383000000.0,54000000.0,-8000000.0,193000000.0,59.68,3531000000.0
51,GT,MRQ,2008-09-30,2008-09-30,2008-09-30,2021-09-07,-1581000000.0,17043000000.0,,9957000000.0,7086000000.0,,13.336,-295000000.0,1784000000.0,1784000000.0,4316000000.0,52000000.0,2.073,4.303,5391000000.0,356000000.0,5035000000.0,5391000000.0,0.0,176000000.0,0.0,0.0,0.0,191000000.0,367000000.0,0.071,367000000.0,191000000.0,118000000.0,0.13,0.13,0.13,3214000000.0,,3214000000.0,5510875079.0,5.0,3.253,-1481000000.0,-6.145,1.0,856000000.0,0.166,877000000.0,73000000.0,14970000000.0,,3860000000.0,0.0,0.0,0.0,13829000000.0,4803000000.0,9026000000.0,3691875079.0,-463000000.0,2000000.0,-1000000.0,1471000000.0,0.0,1419000000.0,-650000000.0,0.0,-1186000000.0,-46000000.0,52000000.0,52000000.0,52000000.0,0.0,0.0,0.01,661000000.0,195000000.0,2602000000.0,0.0,1.149,8.769,13.43,5720000000.0,0.0,15.31,0.18,0.18,3681000000.0,1855000000.0,5172000000.0,5172000000.0,0.0,,,,,0.0,627000000.0,1.0,241141416.0,241000000,241000000.0,21.461,16166000000.0,68000000.0,66000000.0,525000000.0,67.079,5154000000.0
52,GT,MRQ,2008-06-30,2008-06-30,2008-06-30,2021-09-07,-1406000000.0,17494000000.0,,10105000000.0,7389000000.0,,13.913,-250000000.0,2250000000.0,2250000000.0,4196000000.0,93000000.0,1.956,4.217,4069000000.0,401000000.0,3668000000.0,4069000000.0,0.0,163000000.0,0.0,0.0,0.0,243000000.0,406000000.0,0.077,406000000.0,243000000.0,167000000.0,0.31,0.31,0.31,3353000000.0,,3353000000.0,5959234528.0,3.0,2.537,-118000000.0,-0.49,1.0,1043000000.0,0.199,949000000.0,76000000.0,13199000000.0,,3933000000.0,0.0,0.0,0.0,14141000000.0,5165000000.0,8976000000.0,4289234528.0,-147000000.0,7000000.0,2000000.0,-60000000.0,0.0,-54000000.0,-234000000.0,0.0,132000000.0,9000000.0,93000000.0,93000000.0,93000000.0,0.0,0.0,0.018,822000000.0,221000000.0,2787000000.0,0.0,1.279,4.136,4.266,5928000000.0,0.0,17.83,0.21,0.211,3630000000.0,1824000000.0,5239000000.0,5239000000.0,0.0,,,,,0.0,735000000.0,1.0,240562789.0,241000000,241000000.0,21.739,16545000000.0,76000000.0,74000000.0,540000000.0,68.651,4940000000.0
53,GT,MRQ,2008-03-31,2008-03-31,2008-03-31,2021-09-07,-1441000000.0,17100000000.0,,9824000000.0,7276000000.0,,13.404,-226000000.0,2406000000.0,2406000000.0,3961000000.0,173000000.0,2.035,4.316,4076000000.0,392000000.0,3684000000.0,4076000000.0,0.0,155000000.0,0.0,0.0,0.0,339000000.0,494000000.0,0.1,494000000.0,339000000.0,250000000.0,0.61,0.6,0.61,3217000000.0,,3217000000.0,7267698644.0,4.0,3.138,-573000000.0,-2.388,1.0,981000000.0,0.199,948000000.0,89000000.0,12994000000.0,,3532000000.0,0.0,0.0,0.0,13883000000.0,4828000000.0,9055000000.0,6196698644.0,-1247000000.0,-13000000.0,3000000.0,-694000000.0,0.0,-691000000.0,-238000000.0,0.0,-347000000.0,29000000.0,173000000.0,173000000.0,173000000.0,0.0,0.0,0.035,648000000.0,333000000.0,2513000000.0,0.0,1.926,6.197,6.217,5808000000.0,0.0,25.8,0.308,0.308,3629000000.0,1749000000.0,4942000000.0,4942000000.0,0.0,,,,,0.0,635000000.0,1.0,240182118.0,240000000,240000000.0,20.592,16152000000.0,81000000.0,77000000.0,541000000.0,67.3,4996000000.0
54,GT,MRQ,2007-12-31,2007-12-31,2007-12-31,2021-09-07,-1652000000.0,17191000000.0,,10172000000.0,7019000000.0,,13.194,-289000000.0,3654000000.0,3654000000.0,4152000000.0,103000000.0,2.181,5.032,4725000000.0,396000000.0,4329000000.0,4725000000.0,0.0,161000000.0,0.0,0.0,0.0,266000000.0,427000000.0,0.083,427000000.0,266000000.0,149000000.0,0.09,0.4,0.09,2850000000.0,,2850000000.0,7899344753.0,6.0,3.97,496000000.0,2.296,1.0,1008000000.0,0.195,880000000.0,117000000.0,12718000000.0,,3164000000.0,0.0,0.0,0.0,14341000000.0,4664000000.0,9677000000.0,5958344753.0,530000000.0,52000000.0,-18000000.0,-4000000.0,0.0,-27000000.0,-245000000.0,0.0,785000000.0,17000000.0,103000000.0,103000000.0,103000000.0,9000000.0,0.0,0.02,771000000.0,237000000.0,2422000000.0,0.0,2.091,9.125,9.731,5598000000.0,0.0,28.22,0.303,0.289,3103000000.0,1602000000.0,5160000000.0,5160000000.0,0.0,,,,,0.0,737000000.0,1.0,211139077.0,216000000,216000000.0,23.889,16311000000.0,83000000.0,46000000.0,470000000.0,75.514,5508000000.0
55,GT,MRQ,2007-09-30,2007-09-30,2007-09-30,2021-09-07,-2311000000.0,17042000000.0,,10313000000.0,6729000000.0,,8.526,-223000000.0,3116000000.0,3116000000.0,4051000000.0,668000000.0,2.248,8.473,5057000000.0,382000000.0,4675000000.0,5057000000.0,0.0,153000000.0,0.0,0.0,0.0,869000000.0,1022000000.0,0.202,1022000000.0,869000000.0,763000000.0,3.17,2.75,3.17,1799000000.0,,1799000000.0,9337052298.0,12.0,6.698,-395000000.0,-1.872,1.0,1013000000.0,0.2,863000000.0,106000000.0,13532000000.0,,3096000000.0,0.0,0.0,0.0,15243000000.0,4588000000.0,10655000000.0,6403052298.0,605000000.0,22000000.0,15000000.0,-439000000.0,0.0,-525000000.0,1270000000.0,0.0,-172000000.0,37000000.0,668000000.0,668000000.0,668000000.0,-509000000.0,0.0,0.132,672000000.0,341000000.0,2252000000.0,0.0,3.559,33.349,64.702,5286000000.0,0.0,30.41,0.335,0.336,3804000000.0,1550000000.0,5064000000.0,5064000000.0,0.0,,,,,0.0,670000000.0,1.0,210557458.0,211000000,211000000.0,24.0,16179000000.0,112000000.0,95000000.0,533000000.0,76.678,5725000000.0
56,GT,MRQ,2007-06-30,2007-06-30,2007-06-30,2021-09-07,-2457000000.0,16504000000.0,,9573000000.0,6931000000.0,,4.949,-130000000.0,2519000000.0,2519000000.0,3967000000.0,56000000.0,2.093,16.014,5453000000.0,415000000.0,5038000000.0,5453000000.0,0.0,146000000.0,0.0,0.0,0.0,227000000.0,373000000.0,0.076,373000000.0,227000000.0,107000000.0,0.28,0.26,0.28,970000000.0,,970000000.0,9880217757.0,449.0,15.834,-230000000.0,-1.173,1.0,954000000.0,0.194,838000000.0,120000000.0,14027000000.0,,2937000000.0,0.0,0.0,0.0,15534000000.0,4573000000.0,10961000000.0,6328217757.0,245000000.0,14000000.0,875000000.0,-432000000.0,0.0,436000000.0,-137000000.0,0.0,-100000000.0,21000000.0,56000000.0,56000000.0,56000000.0,-27000000.0,0.0,0.011,699000000.0,255000000.0,2131000000.0,0.0,6.524,-12.077,-11.704,5117000000.0,0.0,34.76,0.334,0.359,3372000000.0,882000000.0,4921000000.0,4921000000.0,0.0,,,,,0.0,692000000.0,1.0,182054596.0,196000000,196000000.0,25.107,15666000000.0,144000000.0,51000000.0,491000000.0,79.929,5000000000.0
57,GT,MRQ,2007-03-31,2007-03-31,2007-03-31,2021-09-07,-2586000000.0,15861000000.0,,9028000000.0,6833000000.0,,-0.5,-97000000.0,2274000000.0,2274000000.0,3741000000.0,-174000000.0,1.983,-177.233,5826000000.0,424000000.0,5402000000.0,5826000000.0,0.0,154000000.0,0.0,0.0,0.0,14000000.0,168000000.0,0.037,168000000.0,14000000.0,-111000000.0,-0.96,-0.96,-0.96,-90000000.0,,-90000000.0,8732153824.0,-165.0,14.825,-505000000.0,-2.806,1.0,758000000.0,0.168,835000000.0,125000000.0,14025000000.0,,2742000000.0,0.0,0.0,0.0,15951000000.0,4553000000.0,11398000000.0,5622153824.0,-1779000000.0,19000000.0,65000000.0,-1370000000.0,0.0,-1319000000.0,-59000000.0,0.0,-408000000.0,0.0,-174000000.0,-174000000.0,-174000000.0,64000000.0,0.0,-0.039,678000000.0,80000000.0,2056000000.0,0.0,-62.468,-9.727,-9.627,5051000000.0,0.0,31.19,0.299,0.299,3244000000.0,826000000.0,4499000000.0,4499000000.0,0.0,,,,,0.0,663000000.0,1.0,180255012.0,180000000,180000000.0,24.994,15026000000.0,146000000.0,63000000.0,520000000.0,83.478,4475000000.0
58,GT,MRQ,2006-12-31,2006-12-31,2006-12-31,2021-09-07,-3331000000.0,17029000000.0,,10179000000.0,6850000000.0,,-4.282,-222000000.0,4076000000.0,4076000000.0,4106000000.0,-358000000.0,2.182,-23.466,7210000000.0,648000000.0,6562000000.0,7210000000.0,0.0,166000000.0,0.0,0.0,0.0,-335000000.0,-169000000.0,-0.036,-169000000.0,-335000000.0,-472000000.0,-2.02,-2.02,-2.02,-758000000.0,,-758000000.0,7617244644.0,43.0,9.358,751000000.0,4.243,1.0,532000000.0,0.115,828000000.0,137000000.0,14669000000.0,,2601000000.0,0.0,0.0,0.0,17787000000.0,4666000000.0,13121000000.0,3725244644.0,2576000000.0,122000000.0,7000000.0,1752000000.0,0.0,1683000000.0,-94000000.0,0.0,973000000.0,21000000.0,-358000000.0,-358000000.0,-358000000.0,48000000.0,0.0,-0.077,791000000.0,-259000000.0,1945000000.0,0.0,-4.915,-11.289,-11.285,5067000000.0,0.0,20.99,0.199,0.198,2800000000.0,968000000.0,4638000000.0,4638000000.0,0.0,,,,,0.0,690000000.0,1.0,177477115.0,177000000,177000000.0,26.203,16201000000.0,150000000.0,-114000000.0,542000000.0,91.531,5513000000.0
59,GT,MRQ,2006-09-30,2006-09-30,2006-09-30,2021-09-07,-2743000000.0,15968000000.0,,8972000000.0,6996000000.0,,0.994,-158000000.0,1521000000.0,1521000000.0,4060000000.0,-48000000.0,1.604,89.727,5413000000.0,783000000.0,4630000000.0,5413000000.0,0.0,136000000.0,0.0,0.0,0.0,116000000.0,252000000.0,0.051,252000000.0,116000000.0,11000000.0,-0.27,-0.27,-0.27,176000000.0,,176000000.0,6090008630.0,11.0,5.255,-368000000.0,-2.079,1.0,853000000.0,0.174,843000000.0,105000000.0,13425000000.0,,3222000000.0,0.0,0.0,0.0,15792000000.0,5592000000.0,10200000000.0,2571008630.0,-248000000.0,1000000.0,5000000.0,110000000.0,0.0,108000000.0,-149000000.0,0.0,-210000000.0,2000000.0,-48000000.0,-48000000.0,-48000000.0,-28000000.0,0.0,-0.01,748000000.0,105000000.0,2098000000.0,0.0,14.608,-111.783,-111.538,5241000000.0,0.0,14.5,0.148,0.147,3837000000.0,1326000000.0,4913000000.0,4913000000.0,0.0,,,,,0.0,611000000.0,1.0,177310940.0,177000000,177000000.0,27.757,15125000000.0,104000000.0,59000000.0,711000000.0,85.452,3380000000.0
60,GT,MRQ,2006-06-30,2006-06-30,2006-06-30,2021-09-07,-2741000000.0,15921000000.0,,8881000000.0,7040000000.0,,1.254,-146000000.0,1788000000.0,1788000000.0,3952000000.0,2000000.0,1.557,70.716,5307000000.0,785000000.0,4522000000.0,5307000000.0,0.0,186000000.0,0.0,0.0,0.0,152000000.0,338000000.0,0.071,338000000.0,152000000.0,49000000.0,0.01,0.01,0.01,222000000.0,,222000000.0,5399981794.0,7.0,3.874,-47000000.0,-0.266,1.0,786000000.0,0.166,846000000.0,103000000.0,12891000000.0,,3355000000.0,0.0,0.0,0.0,15699000000.0,5703000000.0,9996000000.0,1966981794.0,-34000000.0,1000000.0,-3000000.0,11000000.0,0.0,4000000.0,-140000000.0,0.0,99000000.0,11000000.0,2000000.0,2000000.0,2000000.0,-35000000.0,0.0,0.0,665000000.0,121000000.0,2065000000.0,0.0,8.86,11.778,11.684,5232000000.0,0.0,11.1,0.112,0.112,3466000000.0,1374000000.0,4738000000.0,4738000000.0,0.0,,,,,0.0,630000000.0,1.0,177205567.0,177000000,177000000.0,26.768,15075000000.0,104000000.0,47000000.0,715000000.0,85.169,3178000000.0
61,GT,MRQ,2006-03-31,2006-03-31,2006-03-31,2021-09-07,-2763000000.0,15698000000.0,,8692000000.0,7006000000.0,,1.09,-111000000.0,1821000000.0,1821000000.0,3608000000.0,74000000.0,1.757,80.337,5254000000.0,788000000.0,4466000000.0,5254000000.0,0.0,149000000.0,0.0,0.0,0.0,244000000.0,393000000.0,0.088,393000000.0,244000000.0,142000000.0,0.42,0.37,0.42,193000000.0,,193000000.0,5576678654.0,6.0,3.817,-413000000.0,-2.333,1.0,854000000.0,0.191,833000000.0,102000000.0,13352000000.0,,3143000000.0,0.0,0.0,0.0,15505000000.0,4946000000.0,10559000000.0,2562678654.0,-570000000.0,-38000000.0,3000000.0,-153000000.0,0.0,-148000000.0,-149000000.0,0.0,-302000000.0,25000000.0,74000000.0,74000000.0,74000000.0,-28000000.0,0.0,0.017,653000000.0,201000000.0,1983000000.0,0.0,13.278,10.952,10.887,5204000000.0,0.0,14.48,0.144,0.144,3452000000.0,1372000000.0,4462000000.0,4462000000.0,0.0,,,,,0.0,615000000.0,1.0,176980570.0,177000000,177000000.0,25.209,14865000000.0,102000000.0,68000000.0,727000000.0,83.983,3746000000.0
62,GT,MRQ,2005-12-31,2005-12-31,2005-12-31,2021-09-07,-2800000000.0,15605000000.0,,8616000000.0,6989000000.0,,0.415,-216000000.0,2403000000.0,2403000000.0,2763000000.0,-51000000.0,1.584,212.767,5407000000.0,665000000.0,4742000000.0,5407000000.0,0.0,115000000.0,0.0,0.0,0.0,61000000.0,176000000.0,0.053,176000000.0,61000000.0,-41000000.0,-0.29,-0.23,-0.29,73000000.0,,73000000.0,6636891822.0,8.0,4.54,484000000.0,2.75,1.0,546000000.0,0.165,796000000.0,102000000.0,12372000000.0,,2810000000.0,0.0,0.0,0.0,15532000000.0,5441000000.0,10091000000.0,3065891822.0,507000000.0,111000000.0,7000000.0,4000000.0,0.0,-19000000.0,-156000000.0,0.0,700000000.0,-16000000.0,-51000000.0,-51000000.0,-51000000.0,-115000000.0,0.0,-0.015,506000000.0,40000000.0,1939000000.0,0.0,41.999,13.447,13.369,5231000000.0,0.0,17.38,0.169,0.169,3158000000.0,1298000000.0,3309000000.0,3309000000.0,0.0,,,,,0.0,495000000.0,1.0,176403442.0,176000000,176000000.0,18.801,14809000000.0,102000000.0,10000000.0,697000000.0,84.142,3175000000.0
63,GT,MRQ,2005-09-30,2005-09-30,2005-09-30,2021-09-07,-2626000000.0,16239000000.0,,8751000000.0,7488000000.0,,1.682,-148000000.0,1877000000.0,1877000000.0,4008000000.0,142000000.0,2.01,53.861,5448000000.0,504000000.0,4944000000.0,5448000000.0,0.0,171000000.0,0.0,0.0,0.0,316000000.0,487000000.0,0.097,487000000.0,316000000.0,213000000.0,0.81,0.7,0.81,296000000.0,,296000000.0,6405000691.0,6.0,3.675,-16000000.0,-0.091,1.0,1022000000.0,0.203,815000000.0,103000000.0,14642000000.0,,2894000000.0,0.0,0.0,0.0,15943000000.0,4353000000.0,11590000000.0,2745000691.0,39000000.0,127000000.0,0.0,-69000000.0,0.0,-80000000.0,-18000000.0,0.0,132000000.0,5000000.0,142000000.0,142000000.0,142000000.0,0.0,0.0,0.028,716000000.0,306000000.0,1859000000.0,0.0,9.274,6.795,6.778,5179000000.0,0.0,15.59,0.14,0.14,3712000000.0,1349000000.0,5030000000.0,5030000000.0,0.0,,,,,0.0,707000000.0,1.0,176074451.0,176000000,209000000.0,28.58,15424000000.0,83000000.0,71000000.0,716000000.0,87.636,4398000000.0
64,GT,MRQ,2005-06-30,2005-06-30,2005-06-30,2021-09-07,-2733000000.0,16009000000.0,,8615000000.0,7394000000.0,,0.256,-145000000.0,1840000000.0,1840000000.0,3945000000.0,69000000.0,2.083,354.756,5500000000.0,467000000.0,5033000000.0,5500000000.0,0.0,150000000.0,0.0,0.0,0.0,255000000.0,405000000.0,0.081,405000000.0,255000000.0,154000000.0,0.39,0.34,0.39,45000000.0,,45000000.0,6390571232.0,7.0,4.073,79000000.0,0.449,1.0,1047000000.0,0.21,820000000.0,101000000.0,14713000000.0,,2920000000.0,0.0,0.0,0.0,15964000000.0,4136000000.0,11828000000.0,2621571232.0,-108000000.0,3000000.0,0.0,-114000000.0,0.0,-124000000.0,-187000000.0,0.0,224000000.0,-21000000.0,69000000.0,69000000.0,69000000.0,0.0,0.0,0.014,741000000.0,306000000.0,1850000000.0,0.0,58.257,8.739,8.713,5159000000.0,0.0,14.9,0.136,0.136,3516000000.0,1207000000.0,4992000000.0,4992000000.0,0.0,,,,,0.0,746000000.0,1.0,175944378.0,176000000,208000000.0,28.364,15189000000.0,83000000.0,85000000.0,675000000.0,86.301,4479000000.0
65,GT,MRQ,2005-03-31,2005-03-31,2005-03-31,2021-09-07,-2664000000.0,16285000000.0,,8739000000.0,7546000000.0,,0.25,-92000000.0,1895000000.0,1895000000.0,3819000000.0,68000000.0,1.837,369.114,5664000000.0,1002000000.0,4662000000.0,5664000000.0,0.0,157000000.0,0.0,0.0,0.0,237000000.0,394000000.0,0.083,394000000.0,237000000.0,135000000.0,0.39,0.35,0.39,44000000.0,,44000000.0,5905967179.0,7.0,3.961,-262000000.0,-1.489,1.0,948000000.0,0.199,856000000.0,102000000.0,14440000000.0,,2846000000.0,29000000.0,0.0,29000000.0,16241000000.0,4758000000.0,11483000000.0,2346667179.0,-235000000.0,16000000.0,0.0,43000000.0,0.0,45000000.0,-80000000.0,0.0,-170000000.0,-30000000.0,68000000.0,68000000.0,68000000.0,0.0,0.0,0.014,678000000.0,270000000.0,1854000000.0,0.0,53.333,8.991,8.96,5289000000.0,0.0,13.35,0.125,0.125,3886000000.0,1138000000.0,4767000000.0,4767000000.0,0.0,,,,,0.0,686000000.0,1.0,175780313.0,176000000,208000000.0,27.085,15429000000.0,83000000.0,67000000.0,695000000.0,87.665,3981000000.0
66,GT,MRQ,2004-12-31,2004-12-31,2004-12-31,2021-09-07,-2564000000.0,16101000000.0,,8574000000.0,7527000000.0,,0.423,-251000000.0,2120000000.0,2120000000.0,3980000000.0,125000000.0,1.649,216.581,5680000000.0,1237000000.0,4443000000.0,5680000000.0,0.0,168000000.0,0.0,0.0,0.0,289000000.0,457000000.0,0.095,457000000.0,289000000.0,188000000.0,0.71,0.69,0.71,74000000.0,,74000000.0,6487779937.0,9.0,4.911,518000000.0,2.96,1.0,852000000.0,0.176,886000000.0,101000000.0,13576000000.0,,2784000000.0,0.0,0.0,0.0,16027000000.0,5199000000.0,10828000000.0,2570979937.0,351000000.0,19000000.0,2000000.0,-176000000.0,0.0,-112000000.0,-363000000.0,0.0,769000000.0,57000000.0,125000000.0,125000000.0,125000000.0,0.0,0.0,0.026,642000000.0,210000000.0,1970000000.0,0.0,34.743,22.356,22.554,5453000000.0,0.0,14.66,0.14,0.14,3398000000.0,1070000000.0,4832000000.0,4832000000.0,0.0,,,,,0.0,649000000.0,1.0,175373802.0,175000000,175000000.0,27.611,15215000000.0,83000000.0,63000000.0,647000000.0,86.943,3375000000.0
67,GT,MRQ,2004-09-30,2004-09-30,2004-09-30,2021-09-07,-2559000000.0,15774300000.0,,8216300000.0,7558000000.0,,-0.273,-113000000.0,1689400000.0,1689400000.0,3750000000.0,38000000.0,1.615,-331.006,5660500000.0,1451000000.0,4209500000.0,5660500000.0,0.0,151000000.0,0.0,0.0,0.0,162000000.0,313000000.0,0.067,313000000.0,162000000.0,67000000.0,0.22,0.2,0.22,-47800000.0,,-47800000.0,5754559945.0,48.0,7.082,-55000000.0,-0.314,1.0,950000000.0,0.202,829800000.0,95000000.0,13827200000.0,,2682800000.0,30400000.0,0.0,30400000.0,15822100000.0,5088400000.0,10733700000.0,1883159945.0,298000000.0,-11000000.0,0.0,323000000.0,0.0,310000000.0,-85000000.0,0.0,58000000.0,15000000.0,38000000.0,38000000.0,38000000.0,0.0,0.0,0.008,732000000.0,218000000.0,1710300000.0,0.0,-39.397,-4.313,-4.296,5173100000.0,0.0,10.74,0.108,0.108,3846900000.0,945300000.0,4700000000.0,4700000000.0,0.0,,,,,0.0,703000000.0,1.0,175340777.0,175000000,207000000.0,26.857,14944500000.0,70600000.0,29000000.0,720400000.0,85.397,3127900000.0
68,GT,MRQ,2004-06-30,2004-06-30,2004-06-30,2021-09-07,-2639700000.0,14997200000.0,,7499200000.0,7498000000.0,,-0.956,-94000000.0,1391000000.0,1391000000.0,3590000000.0,30000000.0,1.501,-90.643,5316800000.0,1401200000.0,3915600000.0,5316800000.0,0.0,149000000.0,0.0,0.0,0.0,178000000.0,327000000.0,0.072,327000000.0,178000000.0,89000000.0,0.17,0.17,0.17,-167300000.0,,-167300000.0,5556538009.0,-68.0,8.99,136000000.0,0.777,1.0,929000000.0,0.206,795300000.0,89000000.0,13132000000.0,,2682200000.0,36300000.0,0.0,36300000.0,15164500000.0,4995700000.0,10168800000.0,1593838009.0,9000000.0,-51000000.0,0.0,-62000000.0,0.0,-63000000.0,-141000000.0,0.0,230000000.0,-17000000.0,30000000.0,30000000.0,30000000.0,0.0,0.0,0.007,703000000.0,226000000.0,1674900000.0,0.0,-9.527,-2.679,-2.666,5149400000.0,0.0,9.09,0.096,0.096,3441200000.0,906800000.0,4519000000.0,4519000000.0,0.0,,,,,0.0,693000000.0,1.0,175339715.0,175000000,177000000.0,25.823,14201900000.0,70500000.0,59000000.0,681100000.0,81.154,2503500000.0
69,GT,MRQ,2004-03-31,2004-03-31,2004-03-31,2021-09-07,-2586800000.0,15164400000.0,,7531100000.0,7633300000.0,,-0.824,-71000000.0,1384000000.0,1384000000.0,3477000000.0,-78000000.0,1.867,-106.162,5401400000.0,339000000.0,5062400000.0,5401400000.0,0.0,161000000.0,0.0,0.0,0.0,63000000.0,224000000.0,0.052,224000000.0,63000000.0,-21000000.0,-0.45,-0.45,-0.45,-144200000.0,,-144200000.0,5404386884.0,-24.0,11.155,-341000000.0,-1.949,1.0,825000000.0,0.192,801500000.0,84000000.0,14345600000.0,,2685100000.0,36000000.0,0.0,36000000.0,15308600000.0,4034700000.0,11273900000.0,1497286884.0,-249000000.0,0.0,0.0,179000000.0,0.0,102000000.0,-64000000.0,0.0,-270000000.0,-17000000.0,-78000000.0,-78000000.0,-78000000.0,0.0,0.0,-0.018,706000000.0,119000000.0,1737900000.0,0.0,-10.383,-2.187,-2.179,5254600000.0,0.0,8.54,0.094,0.094,3438000000.0,877000000.0,4302000000.0,4302000000.0,0.0,,,,,0.0,682000000.0,1.0,175326333.0,175000000,175000000.0,24.583,14362900000.0,70500000.0,57000000.0,659200000.0,82.074,3496400000.0
70,GT,MRQ,2003-12-31,2003-12-31,2003-12-31,2021-09-07,-2552800000.0,14701100000.0,,6945600000.0,7755500000.0,,-0.185,-138700000.0,1570200000.0,1570200000.0,3280700000.0,-426600000.0,1.902,-457.556,5086000000.0,260200000.0,4825800000.0,5086000000.0,0.0,232100000.0,0.0,0.0,0.0,-283500000.0,-51400000.0,-0.013,-51400000.0,-283500000.0,-359800000.0,-2.44,-2.44,-2.44,-32200000.0,,-32200000.0,5285164977.0,-13.0,17.735,443600000.0,2.548,1.0,614000000.0,0.158,808600000.0,76300000.0,13757400000.0,,2467700000.0,184200000.0,0.0,184200000.0,14733300000.0,3650900000.0,11082400000.0,1378064977.0,513700000.0,16700000.0,-100000.0,52100000.0,0.0,50800000.0,-149000000.0,900000.0,582300000.0,29600000.0,-426600000.0,-426600000.0,-426600000.0,0.0,0.0,-0.11,780700000.0,-166700000.0,1557800000.0,0.0,-42.797,-1.708,-1.705,5205200000.0,0.0,7.86,0.091,0.091,2892000000.0,955100000.0,3894700000.0,3894700000.0,0.0,,,,,0.0,620100000.0,1.0,175326333.0,174100000,174100000.0,22.37,13892500000.0,70500000.0,66800000.0,651300000.0,79.796,3294700000.0
71,GT,MRQ,2003-09-30,2003-09-30,2003-09-30,2021-09-07,-2884300000.0,14575900000.0,,6645200000.0,7930700000.0,,0.548,-82900000.0,1034000000.0,1034000000.0,3195600000.0,-120300000.0,1.812,150.832,4943800000.0,164200000.0,4779600000.0,4943800000.0,0.0,158000000.0,0.0,0.018,0.0,-39500000.0,118500000.0,0.03,118500000.0,-39500000.0,-118400000.0,-0.69,-0.69,-0.69,96000000.0,,96000000.0,4991683579.0,-56.0,9.53,-68300000.0,-0.39,1.0,711100000.0,0.182,773200000.0,78900000.0,14045300000.0,,2497000000.0,170400000.0,0.0,170400000.0,14479900000.0,3667200000.0,10812700000.0,1151783579.0,-116100000.0,2600000.0,0.0,-62500000.0,0.0,-36100000.0,-98800000.0,0.0,14600000.0,4200000.0,-120300000.0,-120300000.0,-120300000.0,0.0,0.0,-0.031,640300000.0,70800000.0,1572400000.0,0.0,11.998,-0.71,-0.684,5237900000.0,0.0,6.57,0.078,0.078,3146700000.0,1414800000.0,3906700000.0,3906700000.0,0.0,,,,,0.0,586000000.0,1.0,175309525.0,175300000,175300000.0,22.286,13802700000.0,0.0,1900000.0,466300000.0,78.738,2978000000.0
72,GT,MRQ,2003-06-30,2003-06-30,2003-06-30,2021-09-07,-2890600000.0,14636000000.0,,6671600000.0,7964400000.0,,1.186,-86400000.0,1176500000.0,1176500000.0,3041600000.0,-59600000.0,1.873,69.399,5025100000.0,171800000.0,4853300000.0,5025100000.0,0.0,154000000.0,0.0,0.046,0.0,39400000.0,193400000.0,0.052,193400000.0,39400000.0,-43000000.0,-0.34,-0.34,-0.34,207900000.0,,207900000.0,4026772260.0,66.0,6.057,-725500000.0,-4.139,1.0,712500000.0,0.19,772900000.0,82400000.0,14150000000.0,,2625100000.0,146900000.0,0.0,146900000.0,14428100000.0,3561700000.0,10866400000.0,920372260.0,459000000.0,13200000.0,100000.0,1043700000.0,0.0,1055000000.0,21200000.0,900000.0,-639100000.0,21900000.0,-59600000.0,-59600000.0,-59600000.0,0.0,0.0,-0.016,609400000.0,103100000.0,1553700000.0,0.0,4.427,-0.625,-0.601,5234200000.0,0.0,5.25,0.064,0.064,2903200000.0,1533000000.0,3754100000.0,3754100000.0,0.0,,,,,0.0,594000000.0,1.0,175309002.0,175300000,175300000.0,21.415,13863100000.0,0.0,16600000.0,458600000.0,79.082,3109900000.0
73,GT,MRQ,2003-03-31,2003-03-31,2003-03-31,2021-09-07,-3025300000.0,13246500000.0,,5382700000.0,7863800000.0,,0.719,-97000000.0,720100000.0,720100000.0,2963100000.0,-200500000.0,1.454,104.048,3829100000.0,224700000.0,3604400000.0,3829100000.0,0.0,147900000.0,0.0,0.07,0.0,-110400000.0,37500000.0,0.011,37500000.0,-110400000.0,-168800000.0,-1.14,-1.14,-1.14,126100000.0,,126100000.0,3988539429.0,31.0,5.423,-323800000.0,-1.847,1.0,583400000.0,0.165,764800000.0,58400000.0,11888600000.0,,2510000000.0,140900000.0,0.0,140900000.0,13120400000.0,3702100000.0,9418300000.0,906339429.0,-230600000.0,500000.0,0.0,82700000.0,0.0,51300000.0,-63400000.0,25200000.0,-226800000.0,8300000.0,-200500000.0,-200500000.0,-200500000.0,0.0,0.0,-0.057,634600000.0,-51200000.0,1564000000.0,0.0,7.187,-0.653,-0.627,5178300000.0,0.0,5.17,0.064,0.064,2000300000.0,1586000000.0,3546500000.0,3546500000.0,0.0,,,,,0.0,573900000.0,1.0,175307433.0,175300000,175300000.0,20.231,12481700000.0,0.0,31700000.0,491300000.0,71.202,1680600000.0
74,GT,MRQ,2002-12-31,2002-12-31,2002-12-31,2021-09-07,-3092500000.0,13038700000.0,,5180400000.0,7858300000.0,,1.464,-164300000.0,918100000.0,918100000.0,2864100000.0,-1240800000.0,1.311,50.052,3643000000.0,653200000.0,2989800000.0,3643000000.0,0.0,152800000.0,0.0,0.07,0.12,21600000.0,174400000.0,0.05,174400000.0,21600000.0,-38600000.0,-7.43,-7.43,-7.43,255400000.0,,255400000.0,4276043619.0,19.0,5.158,402500000.0,2.307,1.0,615800000.0,0.177,764000000.0,60200000.0,11046900000.0,,2346200000.0,163500000.0,24300000.0,139200000.0,12783300000.0,3952700000.0,8830600000.0,1193843619.0,371500000.0,29900000.0,-100000.0,-41900000.0,-20900000.0,-72900000.0,-135700000.0,34700000.0,566800000.0,13300000.0,-1240800000.0,-1240800000.0,-1240800000.0,0.0,0.0,-0.357,564400000.0,51400000.0,1515400000.0,-0.016,4.674,-0.957,-0.912,5156200000.0,0.0,6.81,0.086,0.082,1680900000.0,1782500000.0,3479900000.0,3479900000.0,0.0,,,,,0.0,570900000.0,1.0,175307433.0,174500000,174500000.0,19.942,12274700000.0,0.0,1202200000.0,358200000.0,70.342,1227700000.0
75,GT,MRQ,2002-09-30,2002-09-30,2002-09-30,2021-09-07,-1789900000.0,13484800000.0,,5061300000.0,8423500000.0,,17.471,-121100000.0,548300000.0,548300000.0,2872100000.0,28200000.0,1.406,3.636,3630500000.0,687000000.0,2943500000.0,3630500000.0,0.0,149500000.0,0.0,0.054,0.12,110000000.0,259500000.0,0.073,259500000.0,110000000.0,48100000.0,0.17,0.17,0.17,2908900000.0,,2908900000.0,4437481758.0,-204.0,7.498,-55300000.0,-0.332,1.0,666400000.0,0.188,730800000.0,61900000.0,12235300000.0,,2393600000.0,130000000.0,46600000.0,83400000.0,10575900000.0,3600900000.0,6975000000.0,1451681758.0,-131900000.0,8700000.0,16400000.0,-62800000.0,-19700000.0,-66100000.0,-118500000.0,-24700000.0,65800000.0,-13100000.0,28200000.0,28200000.0,28200000.0,0.0,0.0,0.008,561600000.0,104800000.0,1395100000.0,0.706,0.499,-6.295,-6.174,5081500000.0,0.0,8.89,0.105,0.107,1955600000.0,3133200000.0,3538500000.0,3538500000.0,0.0,,,,,0.0,549600000.0,1.0,163293786.0,166500000,166500000.0,21.252,12754000000.0,713100000.0,19900000.0,219900000.0,76.601,1460400000.0
76,GT,MRQ,2002-06-30,2002-06-30,2002-06-30,2021-09-07,-1686700000.0,13626300000.0,,5334500000.0,8291800000.0,,17.415,-97100000.0,680000000.0,680000000.0,2796000000.0,24700000.0,1.435,3.792,3665800000.0,725600000.0,2940200000.0,3665800000.0,0.0,156000000.0,0.0,0.035,0.12,108100000.0,264100000.0,0.076,264100000.0,108100000.0,48500000.0,0.15,0.15,0.15,2843800000.0,,2843800000.0,5969704560.0,-140.0,10.375,193200000.0,1.183,1.0,694800000.0,0.199,725900000.0,59600000.0,12169400000.0,,2454600000.0,120300000.0,33200000.0,87100000.0,10782500000.0,3716800000.0,7065700000.0,3055104560.0,31400000.0,-37800000.0,100000.0,-35300000.0,-19500000.0,-60900000.0,-190400000.0,-36200000.0,290300000.0,-7600000.0,24700000.0,24700000.0,24700000.0,0.0,0.0,0.007,554900000.0,139900000.0,1479400000.0,0.8,1.074,-12.245,-12.071,5125900000.0,0.0,18.71,0.219,0.219,1931800000.0,3119200000.0,3490800000.0,3490800000.0,0.0,,,,,0.0,554900000.0,1.0,163287256.0,163300000,164300000.0,21.377,12900400000.0,658900000.0,23800000.0,254500000.0,78.998,1617700000.0
77,GT,MRQ,2002-03-31,2002-03-31,2002-03-31,2021-09-07,-1755600000.0,13313700000.0,,5094900000.0,8218800000.0,,16.944,-75600000.0,646400000.0,646400000.0,2755400000.0,-59000000.0,1.438,3.815,3561000000.0,677100000.0,2883900000.0,3561000000.0,0.0,147000000.0,0.0,0.033,0.12,-16000000.0,131000000.0,0.039,131000000.0,-16000000.0,-77000000.0,-0.36,-0.36,-0.36,2765300000.0,,2765300000.0,6782213555.0,-109.0,12.053,-312500000.0,-1.915,1.0,563800000.0,0.17,705000000.0,61000000.0,11979300000.0,,2323600000.0,95100000.0,0.0,95100000.0,10548400000.0,3544000000.0,7004400000.0,4173313555.0,-306500000.0,0.0,2300000.0,49800000.0,-19700000.0,32400000.0,-95700000.0,0.0,-236900000.0,-6300000.0,-59000000.0,-59000000.0,-59000000.0,0.0,0.0,-0.018,527000000.0,36800000.0,1392600000.0,-0.333,1.509,-15.666,-15.497,5028200000.0,0.0,25.57,0.297,0.297,1899500000.0,3109900000.0,3319200000.0,3319200000.0,0.0,,,,,0.0,527000000.0,1.0,163211324.0,163200000,163200000.0,20.338,12608700000.0,685900000.0,-18000000.0,275600000.0,77.259,1550900000.0
78,GT,MRQ,2001-12-31,2001-12-31,2001-12-31,2021-09-07,-1737300000.0,13783400000.0,,5264200000.0,8519200000.0,,17.59,-119600000.0,959400000.0,959400000.0,2993300000.0,-224500000.0,1.527,3.813,3568300000.0,364700000.0,3203600000.0,3568300000.0,0.0,161000000.0,0.0,0.043,0.12,-223800000.0,-62800000.0,-0.018,-62800000.0,-223800000.0,-300000000.0,-1.4,-1.4,-1.4,2864000000.0,,2864000000.0,7299292399.0,-179.0,12.22,784200000.0,4.816,1.0,494600000.0,0.142,706300000.0,76200000.0,12237600000.0,,2380900000.0,101200000.0,0.0,101200000.0,10919400000.0,3448400000.0,7471000000.0,3884292399.0,177600000.0,119600000.0,500000.0,-611800000.0,-19600000.0,-630900000.0,-95600000.0,-400000.0,903800000.0,300000.0,-224500000.0,-224500000.0,-224500000.0,0.0,0.0,-0.064,646900000.0,-152300000.0,1359200000.0,-0.086,1.356,-15.286,-14.975,5166000000.0,0.0,23.81,0.274,0.269,1607600000.0,3192700000.0,3487900000.0,3487900000.0,0.0,,,,,0.0,538800000.0,1.0,163137018.0,162823476,162823476.0,21.421,13077100000.0,924700000.0,-75500000.0,347700000.0,80.315,1815800000.0
79,GT,MRQ,2001-09-30,2001-09-30,2001-09-30,2021-09-07,-1463000000.0,13627500000.0,,5556000000.0,8071500000.0,,20.833,-94700000.0,785400000.0,785400000.0,2994300000.0,9300000.0,1.549,3.091,4200400000.0,998400000.0,3202000000.0,4200400000.0,0.0,154100000.0,0.0,0.065,0.3,89000000.0,243100000.0,0.066,243100000.0,89000000.0,11300000.0,0.06,0.06,0.06,3331200000.0,,3331200000.0,6422233932.0,55.0,8.59,221800000.0,1.387,1.0,683600000.0,0.186,573800000.0,77700000.0,12881400000.0,,2662300000.0,111300000.0,0.0,111300000.0,10296300000.0,3587300000.0,6709000000.0,2927133932.0,498000000.0,0.0,-100000.0,327000000.0,-47600000.0,276200000.0,-90900000.0,2300000.0,316500000.0,-3800000.0,9300000.0,9300000.0,9300000.0,0.0,0.0,0.003,589300000.0,94300000.0,1278800000.0,5.0,0.879,-22.243,-21.94,5243200000.0,0.0,18.43,0.206,0.208,2019700000.0,3386300000.0,3677900000.0,3677900000.0,0.0,,,,,0.0,568000000.0,1.0,158824413.0,159900000,161600000.0,23.001,13053700000.0,0.0,2000000.0,206900000.0,81.637,1968700000.0
80,GT,MRQ,2001-06-30,2001-06-30,2001-06-30,2021-09-07,-1457100000.0,13239800000.0,,5327800000.0,7912000000.0,,20.623,-117300000.0,287400000.0,287400000.0,2912100000.0,7800000.0,1.367,3.043,3782500000.0,1184900000.0,2597600000.0,3782500000.0,0.0,162600000.0,0.0,0.043,0.3,88800000.0,251400000.0,0.07,251400000.0,88800000.0,14300000.0,0.05,0.05,0.05,3275000000.0,,3275000000.0,8267606140.0,73.0,11.078,415100000.0,2.614,1.0,670400000.0,0.187,567900000.0,74500000.0,12270500000.0,,2937300000.0,117000000.0,0.0,117000000.0,9964800000.0,3896500000.0,6068300000.0,4445406140.0,53200000.0,0.0,700000.0,-212000000.0,-47700000.0,-269000000.0,-209400000.0,-2300000.0,532400000.0,-800000.0,7800000.0,7800000.0,7800000.0,0.0,0.0,0.002,574200000.0,96200000.0,1394200000.0,6.0,1.357,-35.879,-35.443,5249100000.0,0.0,28.0,0.314,0.314,1953700000.0,3424600000.0,3582500000.0,3582500000.0,0.0,,,,,0.0,565800000.0,1.0,158764505.0,158800000,161200000.0,22.56,12671900000.0,0.0,6500000.0,214400000.0,79.798,1431300000.0
81,GT,MRQ,2001-03-31,2001-03-31,2001-03-31,2021-09-07,-1418100000.0,13690500000.0,,5770500000.0,7920000000.0,,21.196,-103900000.0,234200000.0,234200000.0,2785600000.0,-46700000.0,1.362,3.083,4056400000.0,1435000000.0,2621400000.0,4056400000.0,0.0,160400000.0,0.0,0.05,0.3,5200000.0,165600000.0,0.049,165600000.0,5200000.0,-63500000.0,-0.3,-0.3,-0.3,3353200000.0,,3353200000.0,7176245199.0,35.0,8.599,-524200000.0,-3.314,1.0,628600000.0,0.184,576300000.0,68700000.0,12698600000.0,,3049700000.0,115700000.0,0.0,115700000.0,10337300000.0,4237800000.0,6099500000.0,3786445199.0,-18700000.0,0.0,600000.0,543800000.0,-47600000.0,496800000.0,-89900000.0,0.0,-420300000.0,-5300000.0,-46700000.0,-46700000.0,-46700000.0,0.0,0.0,-0.014,620400000.0,8200000.0,1389300000.0,-1.0,1.129,-69.349,-68.143,5361400000.0,0.0,23.85,0.267,0.266,2289400000.0,3464500000.0,3414200000.0,3414200000.0,0.0,,,,,0.0,547900000.0,1.0,158760805.0,158200000,158200000.0,21.582,13114200000.0,0.0,-16800000.0,249000000.0,82.896,1532700000.0
82,GT,MRQ,2000-12-31,2000-12-31,2000-12-31,2021-09-07,-1305800000.0,13568000000.0,,5467200000.0,8100800000.0,,22.232,-203400000.0,252900000.0,252900000.0,2883900000.0,-102000000.0,1.294,2.873,3642700000.0,1293100000.0,2349600000.0,3642700000.0,0.0,154600000.0,0.0,0.052,0.3,-67100000.0,87500000.0,0.025,87500000.0,-67100000.0,-144000000.0,-0.65,-0.65,-0.65,3503000000.0,,3503000000.0,7450133400.0,22.0,7.667,405000000.0,2.57,1.0,642500000.0,0.182,588400000.0,76900000.0,12143500000.0,,2879700000.0,102000000.0,0.0,102000000.0,10065000000.0,4225900000.0,5839100000.0,3622133400.0,16100000.0,172600000.0,2600000.0,-450200000.0,-47200000.0,-494800000.0,-82400000.0,1700000.0,608400000.0,-15100000.0,-102000000.0,-102000000.0,-102000000.0,0.0,0.0,-0.029,675900000.0,-33400000.0,1505200000.0,-0.462,1.034,89.879,88.423,5521000000.0,0.0,22.99,0.251,0.25,2167500000.0,3558800000.0,3526400000.0,3526400000.0,0.0,,,,,0.0,575100000.0,1.0,157552562.0,157562584,159259704.0,22.381,12979600000.0,394100000.0,-42000000.0,208400000.0,82.377,1241300000.0
83,GT,MRQ,2000-09-30,2000-09-30,2000-09-30,2021-09-07,-1268300000.0,13264500000.0,,5482300000.0,7782200000.0,,22.205,-144400000.0,236800000.0,236800000.0,2968800000.0,17000000.0,1.278,2.805,4064800000.0,1745200000.0,2319600000.0,4064800000.0,0.0,155500000.0,0.0,0.067,0.3,86300000.0,241800000.0,0.067,241800000.0,86300000.0,12600000.0,0.11,0.11,0.11,3486200000.0,,3486200000.0,6621887210.0,12.0,5.632,-154300000.0,-0.983,1.0,650500000.0,0.18,573200000.0,73700000.0,12229600000.0,,2419200000.0,98700000.0,0.0,98700000.0,9778300000.0,4289700000.0,5488600000.0,2815287210.0,100000.0,0.0,200000.0,166500000.0,-47300000.0,118200000.0,-103000000.0,0.0,-9900000.0,-5200000.0,17000000.0,17000000.0,17000000.0,0.0,0.0,0.005,554800000.0,95700000.0,1313200000.0,2.727,0.808,15.201,15.254,5521900000.0,0.0,18.0,0.189,0.189,2599000000.0,3507000000.0,3619300000.0,3619300000.0,0.0,,,,,0.0,549200000.0,1.0,156404845.0,157000000,158200000.0,23.053,12691300000.0,0.0,-4400000.0,150800000.0,80.836,1192600000.0
84,GT,MRQ,2000-06-30,2000-06-30,2000-06-30,2021-09-07,-1180900000.0,13330800000.0,,5563200000.0,7767600000.0,,22.809,-139000000.0,236700000.0,236700000.0,2850600000.0,77100000.0,1.274,2.737,4043300000.0,1799900000.0,2243400000.0,4043300000.0,0.0,159800000.0,0.0,0.06,0.3,179800000.0,339600000.0,0.094,339600000.0,179800000.0,109900000.0,0.49,0.49,0.49,3567300000.0,,3567300000.0,6677770860.0,11.0,5.424,-148400000.0,-0.949,1.0,756700000.0,0.21,553200000.0,69900000.0,12217400000.0,,2502900000.0,250800000.0,147100000.0,103700000.0,9763500000.0,4366800000.0,5396700000.0,3127370860.0,6900000.0,0.0,800000.0,266800000.0,-46700000.0,195000000.0,-175000000.0,0.0,-9400000.0,-3700000.0,77100000.0,77100000.0,77100000.0,0.0,0.0,0.021,567100000.0,189600000.0,1311100000.0,0.612,0.877,11.278,11.299,5619500000.0,0.0,20.0,0.214,0.214,2470400000.0,3560900000.0,3607300000.0,3607300000.0,0.0,,,,,0.0,553300000.0,1.0,156368543.0,156400000,158700000.0,23.065,12777600000.0,0.0,32800000.0,189600000.0,81.698,1196400000.0
85,GT,MRQ,2000-03-31,2000-03-31,2000-03-31,2021-09-07,-1100400000.0,13247000000.0,,5512000000.0,7735000000.0,,23.25,-127700000.0,229800000.0,229800000.0,2934000000.0,48200000.0,1.324,2.645,3780200000.0,1501000000.0,2279200000.0,3780200000.0,0.0,160400000.0,0.0,0.051,0.3,142400000.0,302800000.0,0.083,302800000.0,142400000.0,80300000.0,0.31,0.3,0.31,3634000000.0,,3634000000.0,6955608034.0,13.0,6.04,-262100000.0,-1.677,1.0,730100000.0,0.199,544900000.0,62100000.0,12090600000.0,,2384600000.0,243000000.0,136000000.0,107000000.0,9613000000.0,4161900000.0,5451100000.0,3644608034.0,-11500000.0,0.0,600000.0,279700000.0,-47200000.0,233100000.0,-108000000.0,0.0,-134400000.0,-2200000.0,48200000.0,48200000.0,48200000.0,0.0,0.0,0.013,563600000.0,166500000.0,1320600000.0,0.968,1.003,13.707,13.712,5664100000.0,0.0,23.31,0.26,0.26,2484600000.0,3547900000.0,3664100000.0,3664100000.0,0.0,,,,,0.0,559700000.0,1.0,156353841.0,156300000,158700000.0,23.443,12702100000.0,0.0,32100000.0,261800000.0,81.267,1350100000.0
86,GT,MRQ,1999-12-31,1999-12-31,1999-12-31,2021-09-07,-1100200000.0,13278100000.0,,5379900000.0,7898200000.0,,24.245,-245000000.0,241300000.0,241300000.0,3301100000.0,42900000.0,1.359,2.501,3552300000.0,1204400000.0,2347900000.0,3552300000.0,0.0,170100000.0,0.0,0.043,0.3,121400000.0,291500000.0,0.072,291500000.0,121400000.0,65500000.0,0.27,0.27,0.27,3792600000.0,,3792600000.0,7720937197.0,16.0,7.276,148600000.0,0.95,1.0,725600000.0,0.18,516900000.0,55900000.0,12112300000.0,,2570000000.0,222600000.0,107200000.0,115400000.0,9485500000.0,3959900000.0,5525600000.0,4386637197.0,7900000.0,3100000.0,600000.0,23800000.0,-46900000.0,-22500000.0,-366400000.0,5300000.0,393600000.0,3200000.0,42900000.0,42900000.0,42900000.0,0.0,0.0,0.011,737200000.0,-11600000.0,1417500000.0,1.111,1.157,18.037,18.103,5761000000.0,0.0,28.06,0.328,0.328,2394000000.0,3706900000.0,4026700000.0,4026700000.0,0.0,,,,,0.0,581300000.0,1.0,156330620.0,156428016,158758396.0,25.742,12761200000.0,0.0,22600000.0,249000000.0,81.579,1420000000.0
87,GT,MRQ,1999-09-30,1999-09-30,1999-09-30,2021-09-07,-1044000000.0,13135400000.0,,5628300000.0,7507100000.0,,23.537,-206600000.0,233400000.0,233400000.0,2764600000.0,109100000.0,1.241,2.571,3567700000.0,1894400000.0,1673300000.0,3567700000.0,0.0,146200000.0,0.0,0.025,0.3,151100000.0,297300000.0,0.09,297300000.0,151100000.0,104900000.0,0.7,0.69,0.7,3678800000.0,,3678800000.0,9557561128.0,19.0,8.987,-172200000.0,-1.102,1.0,524200000.0,0.159,636500000.0,46200000.0,11299000000.0,,2285000000.0,263500000.0,136100000.0,127400000.0,9456600000.0,4534200000.0,4922400000.0,7521161128.0,-61800000.0,-845600000.0,4800000.0,1004500000.0,-47200000.0,962100000.0,-1054800000.0,0.0,34400000.0,-3500000.0,109100000.0,109100000.0,109100000.0,0.0,0.0,0.033,362300000.0,161900000.0,1310500000.0,0.429,2.044,27.152,27.192,5512000000.0,0.0,48.13,0.579,0.579,2812200000.0,3537500000.0,3288800000.0,3288800000.0,0.0,,,,,0.0,515400000.0,1.0,156267632.0,156300000,159500000.0,21.042,12498900000.0,0.0,-4200000.0,141400000.0,79.967,1094100000.0
88,GT,MRQ,1999-06-30,1999-06-30,1999-06-30,2021-09-07,-1038200000.0,10622500000.0,,4542800000.0,6079700000.0,,23.177,-204600000.0,295200000.0,295200000.0,2435200000.0,65700000.0,1.395,1.936,2331600000.0,879100000.0,1452500000.0,2331600000.0,0.0,125300000.0,0.0,0.02,0.3,134600000.0,259900000.0,0.085,259900000.0,134600000.0,95000000.0,0.42,0.41,0.42,3618000000.0,,3618000000.0,11327280957.0,18.0,9.657,102900000.0,0.659,1.0,613500000.0,0.201,0.0,39600000.0,9401600000.0,,2019400000.0,277100000.0,0.0,277100000.0,7004500000.0,3257300000.0,3747200000.0,9173780957.0,104200000.0,0.0,8000000.0,18800000.0,-46500000.0,-19700000.0,-184300000.0,0.0,307500000.0,700000.0,65700000.0,65700000.0,65700000.0,0.0,0.0,0.022,471300000.0,142200000.0,1101300000.0,0.714,2.536,25.995,26.022,4331900000.0,0.0,58.81,0.712,0.712,2024200000.0,3475600000.0,3048700000.0,3048700000.0,0.0,,,,,0.0,475200000.0,1.0,155990154.0,156100000,159600000.0,19.53,10622500000.0,0.0,29300000.0,228300000.0,68.049,1285500000.0
89,GT,MRQ,1999-03-31,1999-03-31,1999-03-31,2021-09-07,-1060300000.0,10618500000.0,,4553100000.0,6065400000.0,,22.876,-148800000.0,191000000.0,191000000.0,2331400000.0,25500000.0,1.391,1.975,2344500000.0,868100000.0,1476400000.0,2344500000.0,0.0,140100000.0,0.0,0.024,0.3,72400000.0,212500000.0,0.071,212500000.0,72400000.0,34700000.0,0.16,0.16,0.16,3568700000.0,,3568700000.0,9506538570.0,12.0,7.159,-249600000.0,-1.6,1.0,659800000.0,0.221,0.0,37700000.0,9498500000.0,,2104400000.0,219500000.0,0.0,219500000.0,7049800000.0,3273500000.0,3776300000.0,7769738570.0,-48000000.0,0.0,700000.0,309400000.0,-46900000.0,263200000.0,-196500000.0,0.0,-100800000.0,-13900000.0,25500000.0,25500000.0,25500000.0,0.0,0.0,0.009,617500000.0,42300000.0,1075100000.0,1.875,2.177,15.981,16.068,4242000000.0,0.0,49.81,0.599,0.599,2076500000.0,3456400000.0,2991200000.0,2991200000.0,0.0,,,,,0.0,444800000.0,1.0,155987524.0,156000000,157800000.0,19.174,10618500000.0,0.0,9200000.0,220600000.0,68.067,1279600000.0
90,GT,MRQ,1998-12-31,1998-12-31,1998-12-31,2021-09-07,-903800000.0,10589300000.0,,4529100000.0,6060200000.0,,24.03,-347800000.0,239000000.0,239000000.0,3016500000.0,76700000.0,1.382,1.827,1975800000.0,789300000.0,1186500000.0,1975800000.0,0.0,154100000.0,0.0,0.024,0.3,139700000.0,293800000.0,0.08,293800000.0,139700000.0,97600000.0,0.49,0.5,0.49,3745800000.0,,3745800000.0,9873911372.0,9.0,6.373,401700000.0,2.577,1.0,641900000.0,0.175,257400000.0,42100000.0,8792200000.0,,2164500000.0,111400000.0,0.0,111400000.0,6843500000.0,3276500000.0,3567000000.0,7863111372.0,80700000.0,472500000.0,1900000.0,-211900000.0,-46700000.0,-256700000.0,-415100000.0,300000.0,749500000.0,3000000.0,76700000.0,76700000.0,76700000.0,0.0,0.0,0.021,498700000.0,143200000.0,1131700000.0,0.612,2.099,12.334,12.393,4358500000.0,0.0,50.44,0.601,0.604,1944200000.0,3477800000.0,3658400000.0,3658400000.0,0.0,,,,,0.0,498700000.0,1.0,155890392.0,155881904,157128848.0,23.469,10331900000.0,0.0,20900000.0,252600000.0,66.28,1252600000.0
91,GT,MRQ,1998-09-30,1998-09-30,1998-09-30,2021-09-07,-903600000.0,10679200000.0,,4899900000.0,5779300000.0,,23.461,-199900000.0,158300000.0,158300000.0,2469800000.0,185000000.0,1.446,1.91,2169100000.0,889500000.0,1279600000.0,2169100000.0,0.0,121400000.0,0.0,0.023,0.3,285300000.0,406700000.0,0.127,406700000.0,285300000.0,243900000.0,1.19,1.17,1.19,3669300000.0,,3669300000.0,9878362006.0,11.0,7.074,-183000000.0,-1.17,1.0,721900000.0,0.226,0.0,41400000.0,9301400000.0,,2217800000.0,100500000.0,0.0,100500000.0,7009900000.0,3388600000.0,3621300000.0,8085962006.0,-24500000.0,-135200000.0,-54900000.0,42100000.0,-47000000.0,-59800000.0,19000000.0,0.0,16900000.0,-600000.0,185000000.0,185000000.0,185000000.0,0.0,0.0,0.058,471500000.0,250400000.0,999000000.0,0.252,2.204,14.367,14.345,4058200000.0,0.0,51.5,0.637,0.635,2294600000.0,3403000000.0,3191700000.0,3191700000.0,0.0,,,,,0.0,471500000.0,1.0,157008971.0,156400000,157800000.0,20.407,10679200000.0,0.0,58900000.0,377500000.0,68.281,1511300000.0
92,GT,MRQ,1998-06-30,1998-06-30,1998-06-30,2021-09-07,-912500000.0,10313900000.0,,5007300000.0,5306600000.0,,22.756,-172400000.0,182800000.0,182800000.0,2392700000.0,199000000.0,1.443,1.883,1975200000.0,1026100000.0,949100000.0,1975200000.0,0.0,116100000.0,0.0,0.018,0.3,298900000.0,415000000.0,0.132,415000000.0,298900000.0,264900000.0,1.26,1.25,1.26,3577300000.0,,3577300000.0,11688879871.0,13.0,8.341,-147700000.0,-0.94,1.0,744800000.0,0.237,0.0,34000000.0,8635500000.0,,2163800000.0,107500000.0,0.0,107500000.0,6736600000.0,3470800000.0,3265800000.0,10132479871.0,22500000.0,-3000000.0,-18000000.0,268900000.0,-47200000.0,203700000.0,-200900000.0,0.0,24700000.0,-5000000.0,199000000.0,199000000.0,199000000.0,0.0,0.0,0.063,448000000.0,296800000.0,999600000.0,0.238,2.832,17.717,17.655,3793300000.0,0.0,64.44,0.792,0.792,2052000000.0,3265000000.0,3137500000.0,3137500000.0,0.0,,,,,0.0,451900000.0,1.0,157238980.0,157200000,159300000.0,19.959,10313900000.0,0.0,65900000.0,331500000.0,65.61,1536500000.0
93,GT,MRQ,1998-03-31,1998-03-31,1998-03-31,2021-09-07,-822800000.0,10185100000.0,,4875200000.0,5309900000.0,,22.533,-118300000.0,160300000.0,160300000.0,2331200000.0,176800000.0,1.474,1.883,1716700000.0,742200000.0,974500000.0,1716700000.0,0.0,114300000.0,0.0,0.015,0.3,319600000.0,433900000.0,0.14,433900000.0,319600000.0,289300000.0,1.13,1.11,1.13,3533200000.0,,3533200000.0,12971565545.0,14.0,9.233,-470300000.0,-2.999,1.0,762800000.0,0.247,0.0,30300000.0,8433800000.0,,2076500000.0,126700000.0,0.0,126700000.0,6651900000.0,3307700000.0,3344200000.0,11878965545.0,-98300000.0,-58900000.0,24600000.0,381500000.0,-47000000.0,359100000.0,-104500000.0,0.0,-352000000.0,-900000.0,176800000.0,176800000.0,176800000.0,34700000.0,0.0,0.057,405000000.0,357800000.0,1031500000.0,0.265,3.362,21.021,20.925,3741800000.0,0.0,75.75,0.917,0.917,2065000000.0,3113200000.0,3094000000.0,3094000000.0,0.0,,,,,0.0,459000000.0,1.0,156818027.0,156800000,159000000.0,19.732,10185100000.0,0.0,112500000.0,375300000.0,64.956,1567500000.0
94,GT,MRQ,1997-12-31,1997-12-31,1997-12-31,2021-09-07,-806100000.0,9917400000.0,,4163900000.0,5753500000.0,,21.683,-321400000.0,258600000.0,258600000.0,2501600000.0,2000000.0,1.281,1.921,1351200000.0,506700000.0,844500000.0,1351200000.0,0.0,123600000.0,0.0,0.018,0.3,17300000.0,140900000.0,0.043,140900000.0,17300000.0,-10300000.0,0.01,0.01,0.01,3395500000.0,,3395500000.0,11181360524.0,12.0,8.184,197000000.0,1.258,1.0,766400000.0,0.235,0.0,27600000.0,7759000000.0,,1835200000.0,124600000.0,0.0,124600000.0,6521900000.0,3251000000.0,3270900000.0,9950860524.0,31900000.0,19100000.0,7500000.0,-87300000.0,-47000000.0,-126800000.0,-347300000.0,2200000.0,518400000.0,-12400000.0,2000000.0,2000000.0,2000000.0,-6300000.0,0.0,0.001,757400000.0,9000000.0,1177800000.0,30.0,2.931,17.811,17.774,4149700000.0,0.0,63.63,0.762,0.761,1935500000.0,2983400000.0,3268000000.0,3268000000.0,0.0,,,,,0.0,492200000.0,1.0,156386304.0,156600448,158678136.0,20.868,9917400000.0,0.0,-12300000.0,362000000.0,63.329,912900000.0
95,GT,MRQ,1997-09-30,1997-09-30,1997-09-30,2021-09-07,-698300000.0,10051200000.0,,4361400000.0,5689800000.0,,22.668,-146900000.0,226700000.0,226700000.0,2536300000.0,194100000.0,1.396,1.839,1457200000.0,529800000.0,927400000.0,1457200000.0,0.0,114800000.0,0.0,0.016,0.28,296800000.0,411600000.0,0.125,411600000.0,296800000.0,268400000.0,1.25,1.22,1.25,3540700000.0,,3540700000.0,12097263100.0,24.0,13.067,138400000.0,0.886,1.0,762400000.0,0.231,0.0,28400000.0,8156500000.0,,1814700000.0,124600000.0,0.0,124600000.0,6510500000.0,3125200000.0,3385300000.0,10723263100.0,-14000000.0,-23600000.0,21300000.0,-150800000.0,-43700000.0,-173200000.0,-111300000.0,0.0,285300000.0,-14800000.0,194100000.0,194100000.0,194100000.0,-9300000.0,0.0,0.059,465800000.0,296600000.0,1068200000.0,0.224,3.029,72.211,73.138,4011000000.0,0.0,68.75,0.829,0.83,2197900000.0,3028400000.0,3298700000.0,3298700000.0,0.0,,,,,0.0,465800000.0,1.0,155974736.0,156200000,158300000.0,21.118,10051200000.0,0.0,74300000.0,435500000.0,64.348,1236200000.0
96,GT,MRQ,1997-06-30,1997-06-30,1997-06-30,2021-09-07,-575300000.0,10150700000.0,,4413200000.0,5737500000.0,,22.414,-137000000.0,240700000.0,240700000.0,2524600000.0,192200000.0,1.423,1.907,1614700000.0,530500000.0,1084200000.0,1614700000.0,0.0,117000000.0,0.0,0.017,0.28,301500000.0,418500000.0,0.127,418500000.0,301500000.0,269000000.0,1.23,1.22,1.23,3492100000.0,,3492100000.0,11355185744.0,23.0,12.388,164500000.0,1.056,1.0,765300000.0,0.233,0.0,32500000.0,8422700000.0,,1872600000.0,125500000.0,0.0,125500000.0,6658600000.0,3102000000.0,3556600000.0,9886185744.0,-15500000.0,0.0,-18800000.0,-100300000.0,-43700000.0,-162800000.0,-149100000.0,0.0,301500000.0,-5100000.0,192200000.0,192200000.0,192200000.0,-10500000.0,0.0,0.058,462400000.0,302900000.0,1111900000.0,0.228,2.831,79.343,81.256,4075200000.0,0.0,63.38,0.766,0.765,2178100000.0,2878000000.0,3289900000.0,3289900000.0,0.0,,,,,0.0,462400000.0,1.0,155982735.0,155800000,157700000.0,21.116,10150700000.0,0.0,76800000.0,411300000.0,65.152,1311200000.0
97,GT,MRQ,1997-03-31,1997-03-31,1997-03-31,2021-09-07,-556800000.0,10244600000.0,,4496100000.0,5748500000.0,,21.547,-93700000.0,256200000.0,256200000.0,2453100000.0,170400000.0,1.451,2.04,1725200000.0,461500000.0,1263700000.0,1725200000.0,0.0,111800000.0,0.0,0.02,0.28,283500000.0,395300000.0,0.123,395300000.0,283500000.0,252500000.0,1.09,1.08,1.09,3370000000.0,,3370000000.0,9355257658.0,19.0,10.153,-146500000.0,-0.937,1.0,755600000.0,0.235,0.0,31000000.0,8614900000.0,,1915400000.0,141700000.0,0.0,141700000.0,6874600000.0,3098700000.0,3775900000.0,8217057658.0,17700000.0,-85000000.0,-7300000.0,308200000.0,-43900000.0,257000000.0,-180900000.0,0.0,-52800000.0,-5600000.0,170400000.0,170400000.0,170400000.0,-10200000.0,0.0,0.053,466300000.0,289300000.0,1193700000.0,0.257,2.438,68.305,68.026,4085400000.0,0.0,52.38,0.635,0.633,2223400000.0,2729500000.0,3208700000.0,3208700000.0,0.0,,,,,0.0,466300000.0,1.0,156873953.0,156400000,158000000.0,20.516,10244600000.0,0.0,82100000.0,410700000.0,65.503,1397400000.0
98,GT,MRQ,1996-12-31,1996-12-31,1996-12-31,2021-09-07,-539400000.0,9671800000.0,,4025000000.0,5646800000.0,,21.046,-212100000.0,238500000.0,238500000.0,2444600000.0,-408200000.0,1.455,1.95,1376700000.0,244500000.0,1132200000.0,1376700000.0,0.0,78700000.0,0.0,0.02,0.28,-378300000.0,-299600000.0,-0.095,-299600000.0,-378300000.0,-406300000.0,-2.63,,-2.63,3279100000.0,,3279100000.0,,,,332500000.0,2.134,1.0,698400000.0,0.222,0.0,28000000.0,8043800000.0,,1774200000.0,140300000.0,0.0,140300000.0,6392700000.0,2766200000.0,3626500000.0,8060183705.0,-85800000.0,38200000.0,22300000.0,-445200000.0,-43600000.0,-466500000.0,-161000000.0,-11000000.0,544600000.0,-2900000.0,-408200000.0,-408200000.0,-408200000.0,456800000.0,0.0,-0.13,609400000.0,89000000.0,1096700000.0,-0.106,2.458,79.255,77.848,4067900000.0,0.0,51.38,0.621,0.613,1922200000.0,2603000000.0,3143000000.0,3143000000.0,0.0,,,,,0.0,491400000.0,1.0,156873953.0,155807208,,20.172,9671800000.0,0.0,1900000.0,382100000.0,62.075,1258800000.0
99,GT,MRQ,1996-09-30,1996-09-30,1996-09-30,2021-09-07,,,,,,,,-137500000.0,,,2508800000.0,170200000.0,,,,,,,,115200000.0,,0.022,0.25,287200000.0,402400000.0,0.123,402400000.0,287200000.0,254000000.0,1.09,,1.09,,,,,,,237500000.0,1.529,1.0,758900000.0,0.232,,33200000.0,,,,,,,,,,,45600000.0,-92100000.0,10800000.0,-154200000.0,-38700000.0,-182100000.0,-146100000.0,0.0,375000000.0,-1200000.0,170200000.0,170200000.0,170200000.0,0.0,0.0,0.052,461500000.0,297400000.0,,0.229,,,,,0.0,46.12,,,,,3267700000.0,3267700000.0,0.0,,,,,0.0,461400000.0,1.0,,155300000,,21.041,,,83800000.0,,,
100,GT,MRQ,1996-06-30,1996-06-30,1996-06-30,2021-09-07,,,,,,,,-140000000.0,,,2534300000.0,187900000.0,,,,,,,,114400000.0,,0.021,0.25,308900000.0,423300000.0,0.127,423300000.0,308900000.0,273500000.0,1.22,,1.22,,,,,,,30700000.0,0.198,1.0,795200000.0,0.239,,35400000.0,,,,,,,,,,,-43300000.0,0.0,8000000.0,15800000.0,-38800000.0,-15000000.0,-173300000.0,0.0,170700000.0,-25700000.0,187900000.0,187900000.0,187900000.0,0.0,0.0,0.056,470300000.0,324900000.0,,0.205,,,,,0.0,47.375,,,,,3329500000.0,3329500000.0,0.0,,,,,0.0,463400000.0,1.0,,155100000,,21.467,,,85600000.0,,,
101,GT,MRQ,1996-03-31,1996-03-31,1996-03-31,2021-09-07,,,,,,,,-127900000.0,,,2481200000.0,151800000.0,,,,,,,,111600000.0,,0.019,0.25,265500000.0,377100000.0,0.116,377100000.0,265500000.0,233500000.0,0.98,,0.98,,,,,,,-361600000.0,-2.344,1.0,764300000.0,0.235,,32000000.0,,,,,,,,,,,53700000.0,0.0,45700000.0,449700000.0,-38600000.0,456800000.0,-169600000.0,0.0,-233700000.0,200000.0,151800000.0,151800000.0,151800000.0,0.0,0.0,0.047,485000000.0,279300000.0,,0.255,,,,,0.0,51.5,,,,,3245500000.0,3245500000.0,0.0,,,,,0.0,471000000.0,1.0,,154263097,,21.039,,,81700000.0,,,
102,GT,MRQ,1995-12-31,1995-12-31,1995-12-31,2021-09-07,-508000000.0,9789600000.0,,3841600000.0,5948000000.0,,21.573,,268300000.0,268300000.0,,,1.404,1.983,1546700000.0,226700000.0,1320000000.0,1546700000.0,0.0,,0.0,0.021,0.25,,,,,,,,,,3281700000.0,,3281700000.0,,,,,,1.0,,,0.0,,8331700000.0,,1765200000.0,183800000.0,0.0,183800000.0,6507900000.0,2736300000.0,3771600000.0,,,,,,,,,,,,,,,,,,,,1170700000.0,,,,11.289,4561200000.0,,45.38,,0.529,1867000000.0,2661000000.0,,,,,,,,,,1.0,,152118861,,,9789600000.0,0.0,,363100000.0,64.355,1105300000.0
0,GT,MRT,2021-06-30,2021-06-30,2021-06-30,2021-09-07,-4043000000.0,21180000000.0,17611750000.0,7519000000.0,13661000000.0,0.83,17.262,-669000000.0,1030000000.0,1030000000.0,11398000000.0,159000000.0,1.139,3.981,9030000000.0,1209000000.0,7821000000.0,9030000000.0,0.0,793000000.0,0.0,0.0,0.0,590000000.0,1383000000.0,0.095,1383000000.0,590000000.0,248000000.0,0.58,0.58,0.58,4212000000.0,3314000000.0,4212000000.0,9764907497.0,17.0,7.061,1195000000.0,4.898,1.0,3213000000.0,0.22,2090000000.0,342000000.0,20487000000.0,17590500000.0,3314000000.0,0.0,0.0,0.0,16769000000.0,6603000000.0,10166000000.0,4029907497.0,96000000.0,-1856000000.0,9000000.0,725000000.0,0.0,699000000.0,-2510000000.0,0.0,1864000000.0,43000000.0,159000000.0,159000000.0,159000000.0,0.0,0.0,0.011,2501000000.0,712000000.0,3858000000.0,0.0,0.957,25.345,29.569,9322000000.0,0.0,17.15,0.276,0.286,2819000000.0,4888000000.0,14611000000.0,14611000000.0,0.0,0.009,0.048,0.034,0.04,0.0,2382000000.0,1.0,234980029.0,244000000,244000000.0,59.881,19090000000.0,1170000000.0,89000000.0,97000000.0,78.238,916000000.0
1,GT,MRT,2021-03-31,2021-03-31,2021-03-31,2021-09-07,-4132000000.0,16569000000.0,16273500000.0,5948000000.0,10621000000.0,0.785,13.217,-621000000.0,1223000000.0,1223000000.0,10536000000.0,-615000000.0,1.115,4.277,6958000000.0,965000000.0,5993000000.0,6958000000.0,0.0,861000000.0,0.0,0.0,0.0,-409000000.0,452000000.0,0.035,452000000.0,-409000000.0,-739000000.0,-2.66,-2.66,-2.66,3106000000.0,2969250000.0,3106000000.0,9430677122.0,-23.0,20.864,773000000.0,3.289,1.0,2240000000.0,0.175,529000000.0,330000000.0,16442000000.0,16855750000.0,2359000000.0,0.0,0.0,0.0,13283000000.0,5333000000.0,7950000000.0,4097677122.0,236000000.0,0.0,9000000.0,-553000000.0,0.0,-592000000.0,-590000000.0,26000000.0,1394000000.0,24000000.0,-615000000.0,-615000000.0,-615000000.0,0.0,0.0,-0.048,2523000000.0,-283000000.0,3037000000.0,0.0,1.319,-6.663,-6.605,7683000000.0,0.0,17.57,0.321,0.323,2159000000.0,4821000000.0,12776000000.0,12776000000.0,0.0,-0.038,-0.207,-0.024,-0.032,0.0,2175000000.0,1.0,233220098.0,235000000,235000000.0,54.366,16040000000.0,1471000000.0,-124000000.0,86000000.0,68.255,615000000.0
2,GT,MRT,2020-12-31,2020-12-31,2020-12-31,2021-09-07,-4135000000.0,16506000000.0,16304000000.0,5620000000.0,10886000000.0,0.756,13.154,-647000000.0,1539000000.0,1539000000.0,10337000000.0,-1250000000.0,1.101,4.304,6872000000.0,756000000.0,6116000000.0,6872000000.0,0.0,859000000.0,0.0,0.015,0.16,-816000000.0,43000000.0,0.003,43000000.0,-816000000.0,-1140000000.0,-5.35,-5.35,-5.35,3078000000.0,3070250000.0,3078000000.0,9015492846.0,-11.0,209.663,468000000.0,2.0,1.0,1984000000.0,0.161,543000000.0,324000000.0,16190000000.0,17084750000.0,2153000000.0,0.0,0.0,0.0,13247000000.0,5106000000.0,8141000000.0,2543492846.0,650000000.0,0.0,0.0,250000000.0,-37000000.0,203000000.0,-667000000.0,-13000000.0,1115000000.0,-1000000.0,-1250000000.0,-1250000000.0,-1250000000.0,0.0,0.0,-0.101,2681000000.0,-697000000.0,2945000000.0,-0.03,0.826,-2.035,-2.039,7924000000.0,0.0,10.91,0.206,0.207,1691000000.0,4809000000.0,12321000000.0,12321000000.0,0.0,-0.077,-0.407,-0.048,-0.066,0.0,2192000000.0,1.0,233134083.0,234000000,234000000.0,52.654,15963000000.0,1467000000.0,110000000.0,84000000.0,68.218,514000000.0
3,GT,MRT,2020-09-30,2020-09-30,2020-09-30,2021-09-07,-4282000000.0,16192000000.0,16473750000.0,5695000000.0,10497000000.0,0.751,12.222,-696000000.0,1057000000.0,1057000000.0,10446000000.0,-1716000000.0,1.164,4.599,7529000000.0,1136000000.0,6393000000.0,7529000000.0,0.0,872000000.0,0.0,0.042,0.32,-930000000.0,-58000000.0,-0.005,-58000000.0,-930000000.0,-1255000000.0,-7.31,-7.31,-7.31,2860000000.0,3388500000.0,2860000000.0,8652191011.0,-9.0,-149.176,411000000.0,1.756,1.0,1932000000.0,0.156,528000000.0,325000000.0,17243000000.0,17241750000.0,2152000000.0,0.0,0.0,0.0,13153000000.0,4893000000.0,8260000000.0,1787191011.0,203000000.0,10000000.0,0.0,-60000000.0,-74000000.0,-141000000.0,-731000000.0,-21000000.0,1107000000.0,-32000000.0,-1716000000.0,-1716000000.0,-1716000000.0,0.0,0.0,-0.139,2745000000.0,-813000000.0,2330000000.0,-0.044,0.625,-1.041,-1.049,7692000000.0,0.0,7.67,0.144,0.145,2251000000.0,4746000000.0,12378000000.0,12378000000.0,0.0,-0.104,-0.506,-0.054,-0.075,0.0,2205000000.0,1.0,233010562.0,234000000,234000000.0,52.897,15664000000.0,1472000000.0,461000000.0,80000000.0,66.94,802000000.0
4,GT,MRT,2020-06-30,2020-06-30,2020-06-30,2021-09-07,-4302000000.0,15827000000.0,17000500000.0,5413000000.0,10414000000.0,0.748,12.107,-732000000.0,1006000000.0,1006000000.0,10636000000.0,-1629000000.0,1.17,4.523,7871000000.0,1485000000.0,6386000000.0,7871000000.0,0.0,872000000.0,0.0,0.054,0.48,-799000000.0,73000000.0,0.006,73000000.0,-799000000.0,-1124000000.0,-6.92,-6.92,-6.92,2833000000.0,3882250000.0,2833000000.0,8521163085.0,-11.0,116.728,-54000000.0,-0.231,1.0,2079000000.0,0.164,518000000.0,325000000.0,17548000000.0,17703250000.0,2474000000.0,0.0,0.0,0.0,12814000000.0,4626000000.0,8188000000.0,2084163085.0,58000000.0,10000000.0,0.0,369000000.0,-111000000.0,206000000.0,-771000000.0,-26000000.0,678000000.0,-55000000.0,-1629000000.0,-1629000000.0,-1629000000.0,0.0,0.0,-0.128,2758000000.0,-679000000.0,1858000000.0,-0.069,0.736,-1.279,-1.293,7668000000.0,0.0,8.945,0.164,0.165,1727000000.0,4748000000.0,12715000000.0,12715000000.0,0.0,-0.096,-0.42,-0.045,-0.063,0.0,2222000000.0,1.0,232997550.0,234000000,234000000.0,54.338,15309000000.0,1434000000.0,505000000.0,80000000.0,65.423,787000000.0
5,GT,MRT,2020-03-31,2020-03-31,2020-03-31,2021-09-07,-4313000000.0,16691000000.0,17661250000.0,6173000000.0,10518000000.0,0.804,15.0,-760000000.0,971000000.0,971000000.0,11275000000.0,-870000000.0,1.172,3.702,7408000000.0,1503000000.0,5905000000.0,7408000000.0,0.0,793000000.0,0.0,0.11,0.64,175000000.0,968000000.0,0.068,968000000.0,175000000.0,-153000000.0,-3.72,-3.72,-3.72,3510000000.0,4385750000.0,3510000000.0,6976106080.0,40.0,7.207,250000000.0,1.068,1.0,2928000000.0,0.206,504000000.0,328000000.0,17358000000.0,18158250000.0,2919000000.0,0.0,0.0,0.0,12994000000.0,5266000000.0,7728000000.0,1354106080.0,126000000.0,12000000.0,1000000.0,146000000.0,-148000000.0,-13000000.0,-813000000.0,-44000000.0,1010000000.0,-58000000.0,-870000000.0,-870000000.0,-870000000.0,0.0,0.0,-0.061,2650000000.0,278000000.0,2645000000.0,-0.172,0.386,-1.556,-1.565,7812000000.0,0.0,5.82,0.095,0.096,2025000000.0,5444000000.0,14203000000.0,14203000000.0,0.0,-0.049,-0.198,0.01,0.012,0.0,2357000000.0,1.0,232664275.0,234000000,234000000.0,60.697,16187000000.0,1261000000.0,717000000.0,86000000.0,69.175,907000000.0
6,GT,MRT,2019-12-31,2019-12-31,2019-12-31,2021-09-07,-4136000000.0,17185000000.0,18056750000.0,5934000000.0,11251000000.0,0.817,18.674,-770000000.0,908000000.0,908000000.0,11602000000.0,-297000000.0,1.122,2.905,6530000000.0,1109000000.0,5421000000.0,6530000000.0,0.0,795000000.0,0.0,0.041,0.64,517000000.0,1312000000.0,0.089,1312000000.0,517000000.0,177000000.0,-1.33,-1.33,-1.33,4351000000.0,4710250000.0,4351000000.0,10264525382.0,20.0,7.824,437000000.0,1.876,1.0,3143000000.0,0.213,702000000.0,340000000.0,16818000000.0,18569500000.0,2851000000.0,0.0,0.0,0.0,12640000000.0,5287000000.0,7353000000.0,3617525382.0,101000000.0,12000000.0,1000000.0,-119000000.0,-148000000.0,-307000000.0,-800000000.0,-14000000.0,1207000000.0,1000000.0,-297000000.0,-297000000.0,-297000000.0,0.0,0.0,-0.02,2528000000.0,615000000.0,2908000000.0,-0.481,0.831,-12.18,-11.695,8063000000.0,0.0,15.555,0.245,0.246,1941000000.0,6113000000.0,14745000000.0,14745000000.0,0.0,-0.016,-0.063,0.028,0.035,0.0,2323000000.0,1.0,232563509.0,233000000,233000000.0,63.283,16483000000.0,1527000000.0,474000000.0,90000000.0,70.742,647000000.0
7,GT,MRT,2019-09-30,2019-09-30,2019-09-30,2021-09-07,-4073000000.0,18299000000.0,17978500000.0,6861000000.0,11438000000.0,0.829,20.751,-757000000.0,868000000.0,868000000.0,11707000000.0,212000000.0,1.326,2.743,7515000000.0,1293000000.0,6222000000.0,7515000000.0,0.0,994000000.0,0.0,0.044,0.64,713000000.0,1707000000.0,0.115,1707000000.0,713000000.0,367000000.0,0.82,0.82,0.82,4835000000.0,4838500000.0,4835000000.0,10033467454.0,14.0,5.878,44000000.0,0.189,1.0,3201000000.0,0.215,684000000.0,346000000.0,19089000000.0,18452000000.0,2965000000.0,0.0,0.0,0.0,13264000000.0,5173000000.0,8091000000.0,3349467454.0,-36000000.0,2000000.0,-19000000.0,182000000.0,-149000000.0,-31000000.0,-787000000.0,-18000000.0,801000000.0,-19000000.0,212000000.0,212000000.0,212000000.0,0.0,0.0,0.014,2417000000.0,784000000.0,2651000000.0,0.78,0.693,15.799,17.567,7860000000.0,0.0,14.405,0.225,0.225,2748000000.0,6543000000.0,14908000000.0,14908000000.0,0.0,0.012,0.044,0.039,0.048,0.0,2285000000.0,1.0,232521170.0,233000000,233000000.0,63.983,17615000000.0,1839000000.0,155000000.0,91000000.0,75.601,1688000000.0
8,GT,MRT,2019-06-30,2019-06-30,2019-06-30,2021-09-07,-4002000000.0,18470000000.0,17801500000.0,6781000000.0,11689000000.0,0.845,20.803,-770000000.0,917000000.0,917000000.0,11770000000.0,476000000.0,1.335,2.769,7601000000.0,1171000000.0,6430000000.0,7601000000.0,0.0,923000000.0,0.0,0.041,0.62,1099000000.0,2022000000.0,0.134,2022000000.0,1099000000.0,759000000.0,1.93,1.92,1.93,4847000000.0,4829750000.0,4847000000.0,10072801909.0,9.0,4.982,-61000000.0,-0.262,1.0,3264000000.0,0.217,705000000.0,340000000.0,19368000000.0,18044500000.0,3091000000.0,0.0,0.0,0.0,13421000000.0,5081000000.0,8340000000.0,3556801909.0,-70000000.0,2000000.0,-118000000.0,358000000.0,-145000000.0,49000000.0,-816000000.0,-70000000.0,709000000.0,-12000000.0,476000000.0,476000000.0,476000000.0,0.0,0.0,0.032,2382000000.0,882000000.0,2750000000.0,0.321,0.734,7.472,7.927,8048000000.0,0.0,15.3,0.237,0.237,2473000000.0,6492000000.0,15034000000.0,15034000000.0,0.0,0.027,0.099,0.061,0.073,0.0,2266000000.0,1.0,232470713.0,233000000,233000000.0,64.524,17765000000.0,1865000000.0,283000000.0,94000000.0,76.245,1700000000.0
9,GT,MRT,2019-03-31,2019-03-31,2019-03-31,2021-09-07,-4014000000.0,18273000000.0,17522750000.0,6492000000.0,11781000000.0,0.87,20.724,-784000000.0,860000000.0,860000000.0,11864000000.0,584000000.0,1.276,2.754,7376000000.0,1164000000.0,6212000000.0,7376000000.0,0.0,846000000.0,0.0,0.033,0.6,1190000000.0,2036000000.0,0.134,2036000000.0,1190000000.0,860000000.0,2.36,2.34,2.36,4808000000.0,4777250000.0,4808000000.0,9176382737.0,8.0,4.507,157000000.0,0.677,1.0,3379000000.0,0.222,699000000.0,330000000.0,19003000000.0,17497500000.0,2940000000.0,0.0,0.0,0.0,13242000000.0,5087000000.0,8155000000.0,4214382737.0,22000000.0,2000000.0,-192000000.0,356000000.0,-141000000.0,3000000.0,-863000000.0,-62000000.0,941000000.0,-59000000.0,584000000.0,584000000.0,584000000.0,0.0,0.0,0.038,2378000000.0,1001000000.0,2737000000.0,0.254,0.877,7.216,7.691,8058000000.0,0.0,18.15,0.276,0.276,2446000000.0,6476000000.0,15243000000.0,15243000000.0,0.0,0.033,0.122,0.068,0.078,0.0,2268000000.0,1.0,232197396.0,232000000,232000000.0,65.703,17574000000.0,1864000000.0,276000000.0,94000000.0,75.75,1405000000.0
10,GT,MRT,2018-12-31,2018-12-31,2018-12-31,2021-09-07,-4076000000.0,16872000000.0,17349500000.0,5925000000.0,10947000000.0,0.892,20.523,-811000000.0,801000000.0,801000000.0,11961000000.0,708000000.0,1.239,2.426,5763000000.0,653000000.0,5110000000.0,5763000000.0,0.0,778000000.0,0.0,0.028,0.58,1332000000.0,2110000000.0,0.136,2110000000.0,1332000000.0,1011000000.0,2.92,2.89,2.92,4864000000.0,4759500000.0,4864000000.0,10379735039.0,8.0,4.919,105000000.0,0.443,1.0,3514000000.0,0.227,705000000.0,321000000.0,16348000000.0,17075500000.0,2856000000.0,0.0,0.0,0.0,11802000000.0,4781000000.0,7021000000.0,4755735039.0,-237000000.0,2000000.0,-216000000.0,135000000.0,-138000000.0,-243000000.0,-867000000.0,-55000000.0,916000000.0,-43000000.0,708000000.0,708000000.0,708000000.0,0.0,0.0,0.046,2356000000.0,1158000000.0,2920000000.0,0.199,0.978,6.717,6.99,7259000000.0,0.0,20.41,0.307,0.313,2030000000.0,6597000000.0,15475000000.0,15475000000.0,0.0,0.041,0.149,0.078,0.086,0.0,2312000000.0,1.0,233010046.0,237000000,237000000.0,65.295,16167000000.0,1847000000.0,303000000.0,95000000.0,68.215,1144000000.0
11,GT,MRT,2018-09-30,2018-09-30,2018-09-30,2021-09-07,-4083000000.0,17591000000.0,17397500000.0,6753000000.0,10838000000.0,0.901,20.339,-813000000.0,896000000.0,896000000.0,12034000000.0,508000000.0,1.338,2.623,6520000000.0,916000000.0,5604000000.0,6520000000.0,0.0,784000000.0,0.0,0.024,0.56,1407000000.0,2191000000.0,0.14,2191000000.0,1407000000.0,1096000000.0,2.09,2.08,2.09,4800000000.0,4694250000.0,4800000000.0,10915798276.0,8.0,4.982,475000000.0,2.013,1.0,3636000000.0,0.232,709000000.0,311000000.0,17459000000.0,16986250000.0,2938000000.0,0.0,0.0,0.0,12591000000.0,5047000000.0,7544000000.0,5543798276.0,94000000.0,5000000.0,-389000000.0,232000000.0,-135000000.0,-295000000.0,-868000000.0,-50000000.0,1288000000.0,-31000000.0,508000000.0,508000000.0,508000000.0,0.0,0.0,0.032,2384000000.0,1252000000.0,2819000000.0,0.268,1.155,10.913,11.191,7132000000.0,0.0,23.39,0.354,0.352,2670000000.0,6525000000.0,15670000000.0,15670000000.0,0.0,0.029,0.108,0.083,0.09,0.0,2311000000.0,1.0,237015745.0,236000000,236000000.0,66.398,16882000000.0,1908000000.0,588000000.0,95000000.0,71.534,1706000000.0
12,GT,MRT,2018-06-30,2018-06-30,2018-06-30,2021-09-07,-4022000000.0,17355000000.0,17462750000.0,6569000000.0,10786000000.0,0.897,19.402,-826000000.0,975000000.0,975000000.0,12060000000.0,286000000.0,1.359,2.698,6347000000.0,621000000.0,5726000000.0,6347000000.0,0.0,786000000.0,0.0,0.022,0.52,1058000000.0,1844000000.0,0.118,1844000000.0,1058000000.0,745000000.0,1.12,1.1,1.12,4637000000.0,4714750000.0,4637000000.0,11007614662.0,10.0,5.969,433000000.0,1.812,1.0,3603000000.0,0.23,714000000.0,313000000.0,17180000000.0,17065250000.0,2941000000.0,0.0,0.0,0.0,12511000000.0,4833000000.0,7678000000.0,5585614662.0,81000000.0,12000000.0,-464000000.0,294000000.0,-127000000.0,-322000000.0,-851000000.0,8000000.0,1259000000.0,-5000000.0,286000000.0,286000000.0,286000000.0,0.0,0.0,0.018,2417000000.0,1186000000.0,2880000000.0,0.464,1.205,19.53,20.795,7233000000.0,0.0,23.29,0.357,0.355,2388000000.0,6208000000.0,15663000000.0,15663000000.0,0.0,0.016,0.061,0.062,0.068,0.0,2303000000.0,1.0,239828882.0,239000000,239000000.0,65.536,16641000000.0,2035000000.0,459000000.0,99000000.0,69.628,1736000000.0
13,GT,MRT,2018-03-31,2018-03-31,2018-03-31,2021-09-07,-3867000000.0,17580000000.0,17535500000.0,6488000000.0,11092000000.0,0.884,19.738,-858000000.0,837000000.0,837000000.0,11896000000.0,276000000.0,1.313,2.664,6259000000.0,659000000.0,5600000000.0,6259000000.0,0.0,795000000.0,0.0,0.018,0.48,1076000000.0,1871000000.0,0.121,1871000000.0,1076000000.0,752000000.0,1.04,1.03,1.04,4737000000.0,4782750000.0,4737000000.0,11074012067.0,10.0,5.919,197000000.0,0.821,1.0,3612000000.0,0.233,746000000.0,324000000.0,17315000000.0,17030750000.0,2895000000.0,0.0,0.0,0.0,12618000000.0,4941000000.0,7677000000.0,6388012067.0,-163000000.0,11000000.0,-394000000.0,183000000.0,-119000000.0,-414000000.0,-857000000.0,0.0,1055000000.0,53000000.0,276000000.0,276000000.0,276000000.0,0.0,0.0,0.018,2437000000.0,1175000000.0,2850000000.0,0.462,1.349,23.145,25.558,7502000000.0,0.0,26.58,0.412,0.411,2509000000.0,6084000000.0,15508000000.0,15508000000.0,0.0,0.016,0.058,0.063,0.069,0.0,2294000000.0,1.0,240331530.0,240000000,240000000.0,64.617,16834000000.0,2039000000.0,476000000.0,101000000.0,70.142,1547000000.0
14,GT,MRT,2017-12-31,2017-12-31,2017-12-31,2021-09-07,-3976000000.0,17064000000.0,17439000000.0,6079000000.0,10985000000.0,0.882,18.486,-881000000.0,1043000000.0,1043000000.0,11680000000.0,365000000.0,1.21,2.653,5729000000.0,653000000.0,5076000000.0,5729000000.0,0.0,781000000.0,0.0,0.014,0.44,1213000000.0,1994000000.0,0.13,1994000000.0,1213000000.0,878000000.0,1.39,1.37,1.39,4603000000.0,4781750000.0,4603000000.0,13527828795.0,11.0,6.784,277000000.0,1.112,1.0,3697000000.0,0.24,734000000.0,335000000.0,15991000000.0,16844500000.0,2787000000.0,0.0,0.0,0.0,12214000000.0,5025000000.0,7189000000.0,7958828795.0,-79000000.0,12000000.0,-386000000.0,129000000.0,-110000000.0,-415000000.0,-879000000.0,0.0,1158000000.0,57000000.0,365000000.0,365000000.0,365000000.0,0.0,0.0,0.024,2414000000.0,1283000000.0,2807000000.0,0.317,1.729,21.805,23.245,7451000000.0,0.0,32.31,0.518,0.523,2025000000.0,6044000000.0,15377000000.0,15377000000.0,0.0,0.021,0.076,0.072,0.079,0.0,2279000000.0,1.0,246327106.0,249000000,249000000.0,61.755,16330000000.0,2008000000.0,513000000.0,100000000.0,65.582,1054000000.0
15,GT,MRT,2017-09-30,2017-09-30,2017-09-30,2021-09-07,-4015000000.0,17852000000.0,17300750000.0,6727000000.0,11125000000.0,0.87,19.528,-968000000.0,822000000.0,822000000.0,11284000000.0,1022000000.0,1.367,2.608,6391000000.0,654000000.0,5737000000.0,6391000000.0,0.0,777000000.0,0.0,0.012,0.4,1267000000.0,2044000000.0,0.136,2044000000.0,1267000000.0,920000000.0,3.91,3.85,3.91,4882000000.0,4757750000.0,4882000000.0,13544142028.0,11.0,6.626,145000000.0,0.58,1.0,3763000000.0,0.25,724000000.0,347000000.0,17775000000.0,16689250000.0,2991000000.0,0.0,0.0,0.0,12731000000.0,4922000000.0,7809000000.0,8371142028.0,-132000000.0,31000000.0,-489000000.0,320000000.0,-101000000.0,-310000000.0,-946000000.0,0.0,1113000000.0,11000000.0,1022000000.0,1022000000.0,1022000000.0,0.0,0.0,0.068,2420000000.0,1343000000.0,2624000000.0,0.102,1.715,8.191,8.504,7331000000.0,0.0,33.25,0.556,0.552,2672000000.0,6175000000.0,15047000000.0,15047000000.0,0.0,0.059,0.215,0.076,0.084,0.0,2302000000.0,1.0,251763670.0,250000000,250000000.0,60.188,17128000000.0,2356000000.0,-102000000.0,91000000.0,68.512,1805000000.0
16,GT,MRT,2017-06-30,2017-06-30,2017-06-30,2021-09-07,-4052000000.0,17646000000.0,17123500000.0,6632000000.0,11014000000.0,0.874,19.48,-1027000000.0,903000000.0,903000000.0,10966000000.0,1210000000.0,1.308,2.547,6076000000.0,673000000.0,5403000000.0,6076000000.0,0.0,759000000.0,0.0,0.011,0.37,1421000000.0,2180000000.0,0.146,2180000000.0,1421000000.0,1068000000.0,4.6,4.54,4.6,4909000000.0,4656500000.0,4909000000.0,13774735231.0,10.0,6.319,412000000.0,1.635,1.0,4007000000.0,0.268,708000000.0,353000000.0,17042000000.0,16419000000.0,3184000000.0,0.0,0.0,0.0,12501000000.0,5069000000.0,7432000000.0,8802735231.0,-184000000.0,36000000.0,-359000000.0,-158000000.0,-94000000.0,-622000000.0,-1001000000.0,-1000000.0,1439000000.0,0.0,1210000000.0,1210000000.0,1210000000.0,0.0,0.0,0.081,2563000000.0,1444000000.0,2774000000.0,0.08,1.793,7.275,7.6,7245000000.0,0.0,34.96,0.588,0.588,2309000000.0,6071000000.0,14973000000.0,14973000000.0,0.0,0.071,0.26,0.087,0.095,0.0,2356000000.0,1.0,251794486.0,252000000,252000000.0,59.417,16938000000.0,2361000000.0,-142000000.0,86000000.0,67.214,1563000000.0
17,GT,MRT,2017-03-31,2017-03-31,2017-03-31,2021-09-07,-4103000000.0,17194000000.0,16927000000.0,6325000000.0,10869000000.0,0.896,18.782,-1014000000.0,961000000.0,961000000.0,10994000000.0,1264000000.0,1.287,2.585,5933000000.0,676000000.0,5257000000.0,5933000000.0,0.0,738000000.0,0.0,0.009,0.34,1547000000.0,2285000000.0,0.151,2285000000.0,1547000000.0,1179000000.0,4.78,4.71,4.78,4733000000.0,4474750000.0,4733000000.0,13406473440.0,9.0,5.867,629000000.0,2.496,1.0,4172000000.0,0.275,681000000.0,368000000.0,16570000000.0,16325000000.0,2845000000.0,0.0,0.0,0.0,12234000000.0,4915000000.0,7319000000.0,9059473440.0,-47000000.0,35000000.0,-455000000.0,-105000000.0,-88000000.0,-682000000.0,-985000000.0,0.0,1643000000.0,-23000000.0,1264000000.0,1264000000.0,1264000000.0,0.0,0.0,0.083,2598000000.0,1574000000.0,2631000000.0,0.071,1.914,7.167,7.531,7135000000.0,0.0,36.0,0.597,0.598,2270000000.0,5949000000.0,15166000000.0,15166000000.0,0.0,0.075,0.282,0.095,0.102,0.0,2370000000.0,1.0,251652040.0,252000000,252000000.0,60.183,16513000000.0,2371000000.0,-85000000.0,86000000.0,65.528,1410000000.0
18,GT,MRT,2016-12-31,2016-12-31,2016-12-31,2021-09-07,-4198000000.0,16511000000.0,16822750000.0,5718000000.0,10793000000.0,0.901,17.137,-996000000.0,1132000000.0,1132000000.0,10935000000.0,1284000000.0,1.187,2.615,5479000000.0,681000000.0,4798000000.0,5479000000.0,0.0,727000000.0,0.0,0.01,0.31,1579000000.0,2306000000.0,0.152,2306000000.0,1579000000.0,1207000000.0,4.81,4.74,4.81,4507000000.0,4317500000.0,4507000000.0,13111691354.0,8.0,5.686,561000000.0,2.133,1.0,4223000000.0,0.279,671000000.0,372000000.0,15370000000.0,16297500000.0,2627000000.0,0.0,0.0,0.0,11786000000.0,4817000000.0,6969000000.0,8058691354.0,-313000000.0,35000000.0,-487000000.0,-256000000.0,-82000000.0,-876000000.0,-979000000.0,-12000000.0,1557000000.0,-15000000.0,1284000000.0,1284000000.0,1284000000.0,0.0,0.0,0.085,2619000000.0,1604000000.0,2589000000.0,0.064,1.788,6.276,6.418,7040000000.0,0.0,30.87,0.532,0.536,1769000000.0,5808000000.0,15158000000.0,15158000000.0,0.0,0.076,0.297,0.097,0.104,0.0,2409000000.0,1.0,261052522.0,263000000,263000000.0,57.635,15840000000.0,2414000000.0,-77000000.0,85000000.0,60.228,901000000.0
19,GT,MRT,2016-09-30,2016-09-30,2016-09-30,2021-09-07,-3957000000.0,17143000000.0,16792750000.0,6571000000.0,10572000000.0,0.922,17.088,-1038000000.0,975000000.0,975000000.0,11321000000.0,344000000.0,1.369,2.778,6028000000.0,582000000.0,5446000000.0,6028000000.0,0.0,712000000.0,0.0,0.009,0.28,769000000.0,1481000000.0,0.096,1481000000.0,769000000.0,368000000.0,1.25,1.23,1.25,4477000000.0,4170750000.0,4477000000.0,13575071886.0,18.0,9.166,345000000.0,1.317,1.0,4159000000.0,0.269,702000000.0,401000000.0,16694000000.0,16198750000.0,2754000000.0,0.0,0.0,0.0,12439000000.0,4800000000.0,7639000000.0,8477071886.0,-734000000.0,-258000000.0,-269000000.0,-62000000.0,-75000000.0,-829000000.0,-1290000000.0,5000000.0,1383000000.0,2000000.0,344000000.0,344000000.0,344000000.0,0.0,0.0,0.022,2758000000.0,1401000000.0,2600000000.0,0.224,1.893,24.643,25.84,7039000000.0,0.0,32.3,0.548,0.547,2649000000.0,5247000000.0,15480000000.0,15480000000.0,0.0,0.02,0.082,0.047,0.05,0.0,2532000000.0,1.0,262448046.0,262000000,262000000.0,59.084,16441000000.0,2129000000.0,24000000.0,89000000.0,62.752,1771000000.0
20,GT,MRT,2016-06-30,2016-06-30,2016-06-30,2021-09-07,-3962000000.0,16860000000.0,16885750000.0,6468000000.0,10392000000.0,0.937,15.841,-1001000000.0,1138000000.0,1138000000.0,11585000000.0,329000000.0,1.408,2.978,6236000000.0,491000000.0,5745000000.0,6236000000.0,0.0,704000000.0,0.0,0.011,0.27,905000000.0,1609000000.0,0.102,1609000000.0,905000000.0,489000000.0,1.05,1.03,1.05,4182000000.0,4087250000.0,4182000000.0,11820125170.0,13.0,7.346,386000000.0,1.462,1.0,4232000000.0,0.268,698000000.0,416000000.0,16666000000.0,16114000000.0,2686000000.0,0.0,0.0,0.0,12452000000.0,4594000000.0,7858000000.0,6824125170.0,-505000000.0,-265000000.0,-240000000.0,153000000.0,-74000000.0,-587000000.0,-1263000000.0,9000000.0,1387000000.0,-42000000.0,329000000.0,329000000.0,329000000.0,0.0,0.0,0.021,2677000000.0,1555000000.0,2643000000.0,0.257,1.632,20.742,24.438,6960000000.0,0.0,25.66,0.431,0.428,2475000000.0,4918000000.0,15817000000.0,15817000000.0,0.0,0.019,0.08,0.056,0.057,0.0,2566000000.0,1.0,265944083.0,264000000,264000000.0,59.913,16162000000.0,2028000000.0,160000000.0,90000000.0,61.22,1874000000.0
21,GT,MRT,2016-03-31,2016-03-31,2016-03-31,2021-09-07,-3950000000.0,16777000000.0,17049750000.0,6375000000.0,10402000000.0,0.945,15.371,-1032000000.0,1079000000.0,1079000000.0,11799000000.0,329000000.0,1.386,3.032,6075000000.0,390000000.0,5685000000.0,6075000000.0,0.0,700000000.0,0.0,0.008,0.26,938000000.0,1638000000.0,0.102,1638000000.0,938000000.0,516000000.0,1.0,0.98,1.0,4104000000.0,4034250000.0,4104000000.0,13087061353.0,14.0,7.99,586000000.0,2.195,1.0,4311000000.0,0.268,712000000.0,422000000.0,16460000000.0,16083750000.0,2636000000.0,0.0,0.0,0.0,12445000000.0,4601000000.0,7844000000.0,8807061353.0,-535000000.0,-258000000.0,-176000000.0,-172000000.0,-71000000.0,-788000000.0,-1340000000.0,-41000000.0,1618000000.0,-25000000.0,329000000.0,329000000.0,329000000.0,0.0,0.0,0.02,2730000000.0,1581000000.0,2653000000.0,0.26,2.146,26.769,32.98,6940000000.0,0.0,32.98,0.547,0.547,2482000000.0,4735000000.0,16110000000.0,16110000000.0,0.0,0.019,0.082,0.058,0.058,0.0,2621000000.0,1.0,267042491.0,267000000,267000000.0,60.337,16065000000.0,2074000000.0,187000000.0,87000000.0,60.169,1774000000.0
22,GT,MRT,2015-12-31,2015-12-31,2015-12-31,2021-09-07,-4010000000.0,16391000000.0,17189500000.0,6126000000.0,10265000000.0,0.957,14.572,-983000000.0,1476000000.0,1476000000.0,12164000000.0,376000000.0,1.236,3.125,5708000000.0,634000000.0,5074000000.0,5708000000.0,0.0,698000000.0,0.0,0.008,0.25,1046000000.0,1744000000.0,0.106,1744000000.0,1046000000.0,608000000.0,1.14,1.12,1.14,3920000000.0,3956250000.0,3920000000.0,13095228966.0,13.0,7.509,745000000.0,2.77,1.0,4279000000.0,0.26,693000000.0,438000000.0,14975000000.0,16177000000.0,2464000000.0,0.0,0.0,0.0,12249000000.0,4955000000.0,7294000000.0,8785228966.0,-679000000.0,-258000000.0,-127000000.0,-477000000.0,-68000000.0,-1026000000.0,-1256000000.0,-8000000.0,1728000000.0,-125000000.0,376000000.0,376000000.0,376000000.0,0.0,0.0,0.023,2728000000.0,1551000000.0,2769000000.0,0.219,2.241,23.365,28.658,6777000000.0,0.0,32.67,0.534,0.534,2033000000.0,4570000000.0,16443000000.0,16443000000.0,0.0,0.022,0.095,0.065,0.064,0.0,2614000000.0,1.0,268908141.0,269000000,269000000.0,61.126,15698000000.0,2141000000.0,232000000.0,91000000.0,58.357,1171000000.0
23,GT,MRT,2015-09-30,2015-09-30,2015-09-30,2021-09-07,-4210000000.0,17515000000.0,17602750000.0,7922000000.0,9593000000.0,0.951,15.401,-945000000.0,1690000000.0,1690000000.0,12433000000.0,2877000000.0,1.656,3.032,6000000000.0,409000000.0,5591000000.0,6000000000.0,0.0,701000000.0,0.0,0.008,0.24,1696000000.0,2397000000.0,0.143,2397000000.0,1696000000.0,1245000000.0,10.5,10.14,10.5,4143000000.0,3878750000.0,4143000000.0,12366459735.0,7.0,5.159,969000000.0,3.602,1.0,4303000000.0,0.257,687000000.0,451000000.0,16355000000.0,16635250000.0,2544000000.0,0.0,0.0,0.0,12563000000.0,4783000000.0,7780000000.0,7901459735.0,-30000000.0,25000000.0,-188000000.0,-595000000.0,-66000000.0,-880000000.0,-920000000.0,-12000000.0,1914000000.0,-144000000.0,2878000000.0,2878000000.0,2878000000.0,0.0,-1000000.0,0.172,2688000000.0,1615000000.0,2576000000.0,0.023,1.907,2.745,2.793,6673000000.0,0.0,29.33,0.472,0.471,2616000000.0,4981000000.0,16736000000.0,16736000000.0,0.0,0.163,0.742,0.102,0.101,0.0,2591000000.0,1.0,269398559.0,269000000,269000000.0,62.216,16828000000.0,2060000000.0,-1633000000.0,176000000.0,62.558,3139000000.0
24,GT,MRT,2015-06-30,2015-06-30,2015-06-30,2021-09-07,-4143000000.0,17516000000.0,17388000000.0,7695000000.0,9821000000.0,0.99,14.704,-930000000.0,1638000000.0,1638000000.0,12949000000.0,2771000000.0,1.623,3.212,6103000000.0,357000000.0,5746000000.0,6103000000.0,0.0,710000000.0,0.0,0.008,0.24,1529000000.0,2239000000.0,0.13,2239000000.0,1529000000.0,1075000000.0,10.07,9.73,10.07,3970000000.0,3308500000.0,3970000000.0,12750585822.0,8.0,5.695,818000000.0,3.03,1.0,4260000000.0,0.248,695000000.0,454000000.0,16545000000.0,16605500000.0,2545000000.0,0.0,0.0,0.0,12751000000.0,4741000000.0,8010000000.0,8137585822.0,1000000.0,21000000.0,-195000000.0,-366000000.0,-66000000.0,-654000000.0,-899000000.0,-10000000.0,1748000000.0,-194000000.0,2734000000.0,2734000000.0,2734000000.0,0.0,37000000.0,0.159,2703000000.0,1557000000.0,2602000000.0,0.024,2.05,2.976,2.994,6810000000.0,0.0,30.15,0.473,0.473,2476000000.0,4727000000.0,17209000000.0,17209000000.0,0.0,0.157,0.826,0.092,0.089,0.0,2611000000.0,1.0,269903344.0,270000000,270000000.0,63.737,16821000000.0,2151000000.0,-1659000000.0,186000000.0,62.3,2954000000.0
25,GT,MRT,2015-03-31,2015-03-31,2015-03-31,2021-09-07,-4174000000.0,17336000000.0,17244500000.0,7434000000.0,9902000000.0,1.026,14.044,-898000000.0,1613000000.0,1613000000.0,13454000000.0,2795000000.0,1.679,3.37,6226000000.0,261000000.0,5965000000.0,6226000000.0,0.0,721000000.0,0.0,0.008,0.23,1466000000.0,2187000000.0,0.124,2187000000.0,1466000000.0,1020000000.0,10.13,9.79,10.13,3792000000.0,2772250000.0,3792000000.0,11532687589.0,8.0,5.273,723000000.0,2.678,1.0,4239000000.0,0.24,689000000.0,446000000.0,16833000000.0,16529750000.0,2538000000.0,0.0,0.0,0.0,12778000000.0,4427000000.0,8351000000.0,7299687589.0,-240000000.0,17000000.0,-186000000.0,-554000000.0,-64000000.0,-840000000.0,-820000000.0,34000000.0,1621000000.0,-201000000.0,2739000000.0,2739000000.0,2739000000.0,0.0,56000000.0,0.155,2731000000.0,1508000000.0,2612000000.0,0.023,1.925,2.665,2.673,6826000000.0,0.0,27.08,0.413,0.413,2523000000.0,4551000000.0,17693000000.0,17693000000.0,0.0,0.159,0.988,0.089,0.083,0.0,2661000000.0,1.0,269560103.0,270000000,270000000.0,65.53,16647000000.0,2250000000.0,-1719000000.0,181000000.0,61.656,3007000000.0
26,GT,MRT,2014-12-31,2014-12-31,2014-12-31,2021-09-07,-4131000000.0,18044000000.0,17183500000.0,7159000000.0,10885000000.0,1.056,13.47,-923000000.0,2161000000.0,2161000000.0,13906000000.0,2521000000.0,1.514,3.772,6394000000.0,178000000.0,6216000000.0,6394000000.0,0.0,732000000.0,0.0,0.008,0.22,1062000000.0,1794000000.0,0.099,1794000000.0,1062000000.0,618000000.0,9.13,8.78,9.13,3610000000.0,2222500000.0,3610000000.0,12955250739.0,12.0,7.221,-583000000.0,-2.175,1.0,4232000000.0,0.233,739000000.0,444000000.0,16808000000.0,16452250000.0,2671000000.0,0.0,0.0,0.0,13617000000.0,4730000000.0,8887000000.0,7844250739.0,-835000000.0,18000000.0,-195000000.0,309000000.0,-60000000.0,-11000000.0,-851000000.0,23000000.0,340000000.0,-313000000.0,2452000000.0,2445000000.0,2445000000.0,0.0,69000000.0,0.135,2815000000.0,1417000000.0,2878000000.0,0.024,2.173,3.208,3.129,7153000000.0,7000000.0,28.57,0.432,0.422,2126000000.0,4331000000.0,18138000000.0,18138000000.0,0.0,0.142,1.1,0.065,0.059,0.0,2720000000.0,1.0,274562504.0,268000000,268000000.0,67.679,17305000000.0,2253000000.0,-1834000000.0,90000000.0,64.571,2429000000.0
27,GT,MRT,2014-09-30,2014-09-30,2014-09-30,2021-09-07,-3919000000.0,16656000000.0,17054250000.0,8047000000.0,8609000000.0,1.089,6.771,-1068000000.0,1744000000.0,1744000000.0,14256000000.0,649000000.0,1.686,7.496,6855000000.0,136000000.0,6719000000.0,6855000000.0,0.0,736000000.0,0.0,0.009,0.21,1148000000.0,1884000000.0,0.101,1884000000.0,1148000000.0,728000000.0,2.05,1.96,2.05,1862000000.0,1721500000.0,1862000000.0,11342936900.0,10.0,6.021,-771000000.0,-2.804,1.0,4317000000.0,0.232,758000000.0,420000000.0,16236000000.0,15987500000.0,2924000000.0,0.0,0.0,0.0,13958000000.0,4773000000.0,9185000000.0,6217936900.0,-756000000.0,23000000.0,-49000000.0,423000000.0,-55000000.0,245000000.0,-1016000000.0,2000000.0,297000000.0,-282000000.0,558000000.0,544000000.0,544000000.0,0.0,91000000.0,0.029,2739000000.0,1578000000.0,2827000000.0,0.102,3.339,11.43,11.017,7092000000.0,14000000.0,22.585,0.335,0.334,3021000000.0,2231000000.0,18573000000.0,18573000000.0,0.0,0.032,0.316,0.072,0.062,0.0,2754000000.0,1.0,275312681.0,275000000,275000000.0,67.538,15898000000.0,105000000.0,170000000.0,243000000.0,57.811,3274000000.0
28,GT,MRT,2014-06-30,2014-06-30,2014-06-30,2021-09-07,-3830000000.0,16942000000.0,17308250000.0,8038000000.0,8904000000.0,1.093,6.612,-1116000000.0,1637000000.0,1637000000.0,14686000000.0,645000000.0,1.6,7.814,6762000000.0,85000000.0,6677000000.0,6762000000.0,0.0,736000000.0,0.0,0.005,0.15,1106000000.0,1842000000.0,0.097,1842000000.0,1106000000.0,694000000.0,2.14,2.0,2.14,1825000000.0,1494000000.0,1825000000.0,12168989532.0,11.0,6.606,-850000000.0,-3.08,1.0,4232000000.0,0.224,800000000.0,412000000.0,16242000000.0,15861500000.0,3130000000.0,0.0,0.0,0.0,14260000000.0,5025000000.0,9235000000.0,6901989532.0,-927000000.0,23000000.0,-17000000.0,174000000.0,-38000000.0,38000000.0,-1055000000.0,1000000.0,266000000.0,-176000000.0,570000000.0,549000000.0,549000000.0,0.0,75000000.0,0.029,2778000000.0,1454000000.0,3097000000.0,0.07,3.782,12.572,12.981,7325000000.0,21000000.0,27.78,0.365,0.405,2841000000.0,2087000000.0,18918000000.0,18918000000.0,0.0,0.032,0.367,0.07,0.058,0.0,2787000000.0,1.0,248451747.0,276000000,276000000.0,68.543,16142000000.0,131000000.0,124000000.0,255000000.0,58.486,3013000000.0
29,GT,MRT,2014-03-31,2014-03-31,2014-03-31,2021-09-07,-3883000000.0,17092000000.0,17418750000.0,8206000000.0,8886000000.0,1.1,6.423,-1126000000.0,1853000000.0,1853000000.0,15000000000.0,606000000.0,1.631,9.2,7120000000.0,73000000.0,7047000000.0,7120000000.0,0.0,728000000.0,0.0,0.004,0.1,1084000000.0,1812000000.0,0.095,1812000000.0,1084000000.0,672000000.0,2.11,1.91,2.11,1593000000.0,1216500000.0,1593000000.0,9734884727.0,9.0,5.372,-794000000.0,-3.202,1.0,4156000000.0,0.217,805000000.0,412000000.0,16523000000.0,15649000000.0,3021000000.0,0.0,0.0,0.0,14655000000.0,5031000000.0,9624000000.0,6481884727.0,-533000000.0,22000000.0,12000000.0,502000000.0,-24000000.0,415000000.0,-1064000000.0,-12000000.0,332000000.0,-216000000.0,545000000.0,517000000.0,517000000.0,0.0,61000000.0,0.027,2760000000.0,1396000000.0,3112000000.0,0.047,4.069,12.537,12.384,7313000000.0,28000000.0,26.13,0.338,0.338,2913000000.0,1888000000.0,19156000000.0,19156000000.0,0.0,0.03,0.425,0.069,0.057,0.0,2780000000.0,1.0,248062944.0,248000000,248000000.0,77.242,16287000000.0,168000000.0,127000000.0,257000000.0,65.673,3175000000.0
30,GT,MRT,2013-12-31,2013-12-31,2013-12-31,2021-09-07,-3947000000.0,17527000000.0,17510250000.0,8644000000.0,8883000000.0,1.116,6.528,-1168000000.0,2996000000.0,2996000000.0,15422000000.0,675000000.0,1.72,9.391,6249000000.0,87000000.0,6162000000.0,6249000000.0,0.0,722000000.0,0.0,0.002,0.05,1159000000.0,1881000000.0,0.096,1881000000.0,1159000000.0,767000000.0,2.44,2.28,2.44,1606000000.0,952250000.0,1606000000.0,9930500486.0,9.0,5.279,-230000000.0,-0.935,1.0,4118000000.0,0.211,806000000.0,392000000.0,14949000000.0,15401250000.0,2816000000.0,0.0,0.0,0.0,15082000000.0,5025000000.0,10057000000.0,5888500486.0,715000000.0,25000000.0,22000000.0,1143000000.0,-12000000.0,1082000000.0,-1136000000.0,-16000000.0,938000000.0,-169000000.0,629000000.0,600000000.0,600000000.0,0.0,46000000.0,0.031,2816000000.0,1302000000.0,3097000000.0,0.02,3.667,9.814,9.775,7320000000.0,29000000.0,23.85,0.301,0.3,2435000000.0,1958000000.0,19540000000.0,19540000000.0,0.0,0.034,0.63,0.075,0.059,0.0,2758000000.0,1.0,246897295.0,246000000,246000000.0,79.431,16721000000.0,300000000.0,138000000.0,256000000.0,67.972,3619000000.0
31,GT,MRT,2013-09-30,2013-09-30,2013-09-30,2021-09-07,-4363000000.0,17672000000.0,17371750000.0,9069000000.0,8603000000.0,1.139,3.87,-1073000000.0,2500000000.0,2500000000.0,15832000000.0,412000000.0,1.749,16.732,6542000000.0,176000000.0,6366000000.0,6542000000.0,0.0,713000000.0,0.0,0.0,0.0,950000000.0,1663000000.0,0.084,1663000000.0,950000000.0,576000000.0,1.51,1.4,1.51,952000000.0,643250000.0,952000000.0,9487467367.0,10.0,5.705,-4000000.0,-0.016,1.0,3962000000.0,0.2,798000000.0,374000000.0,15732000000.0,15077000000.0,2944000000.0,0.0,0.0,0.0,15929000000.0,5184000000.0,10745000000.0,5522467367.0,243000000.0,10000000.0,17000000.0,463000000.0,0.0,376000000.0,-1048000000.0,-24000000.0,1069000000.0,-154000000.0,401000000.0,373000000.0,373000000.0,0.0,11000000.0,0.019,3143000000.0,819000000.0,3084000000.0,0.0,5.801,14.806,14.868,7065000000.0,28000000.0,22.451,0.279,0.279,3254000000.0,1730000000.0,19794000000.0,19794000000.0,0.0,0.021,0.58,0.063,0.048,0.0,2729000000.0,1.0,245978681.0,246000000,246000000.0,80.463,16874000000.0,190000000.0,175000000.0,273000000.0,68.593,3885000000.0
32,GT,MRT,2013-06-30,2013-06-30,2013-06-30,2021-09-07,-4431000000.0,17384000000.0,17438500000.0,8969000000.0,8415000000.0,1.15,2.907,-1130000000.0,2564000000.0,2564000000.0,16201000000.0,350000000.0,1.733,22.246,6529000000.0,204000000.0,6325000000.0,6529000000.0,0.0,707000000.0,0.0,0.0,0.0,879000000.0,1586000000.0,0.079,1586000000.0,879000000.0,519000000.0,1.29,1.19,1.29,715000000.0,712750000.0,715000000.0,7953822478.0,9.0,5.015,-103000000.0,-0.419,1.0,3855000000.0,0.192,782000000.0,360000000.0,15392000000.0,15010500000.0,3138000000.0,0.0,0.0,0.0,15906000000.0,5175000000.0,10731000000.0,3758822478.0,408000000.0,14000000.0,8000000.0,741000000.0,0.0,651000000.0,-1113000000.0,-24000000.0,1027000000.0,-157000000.0,345000000.0,317000000.0,317000000.0,0.0,5000000.0,0.016,3114000000.0,741000000.0,3213000000.0,0.0,5.257,11.857,11.86,6919000000.0,28000000.0,15.299,0.187,0.188,2880000000.0,1576000000.0,20056000000.0,20056000000.0,0.0,0.018,0.445,0.059,0.044,0.0,2695000000.0,1.0,245690730.0,246000000,246000000.0,81.528,16602000000.0,187000000.0,174000000.0,262000000.0,67.488,3794000000.0
33,GT,MRT,2013-03-31,2013-03-31,2013-03-31,2021-09-07,-4424000000.0,17458000000.0,17492750000.0,9042000000.0,8416000000.0,1.161,2.188,-1122000000.0,2386000000.0,2386000000.0,16496000000.0,260000000.0,1.695,30.142,6581000000.0,274000000.0,6307000000.0,6581000000.0,0.0,694000000.0,0.0,0.0,0.0,764000000.0,1458000000.0,0.072,1458000000.0,764000000.0,423000000.0,0.9,0.85,0.9,536000000.0,770750000.0,536000000.0,5898280714.0,8.0,4.045,-267000000.0,-1.09,1.0,3816000000.0,0.188,786000000.0,341000000.0,15532000000.0,14886750000.0,3168000000.0,0.0,0.0,0.0,16156000000.0,5335000000.0,10821000000.0,3093280714.0,303000000.0,21000000.0,5000000.0,871000000.0,0.0,710000000.0,-1111000000.0,-23000000.0,855000000.0,-151000000.0,249000000.0,221000000.0,221000000.0,0.0,11000000.0,0.011,3133000000.0,683000000.0,3218000000.0,0.0,5.771,13.997,14.006,6901000000.0,28000000.0,12.605,0.152,0.152,3021000000.0,1396000000.0,20312000000.0,20312000000.0,0.0,0.013,0.287,0.051,0.038,0.0,2701000000.0,1.0,245401088.0,245000000,245000000.0,82.906,16672000000.0,195000000.0,174000000.0,261000000.0,68.049,3707000000.0
34,GT,MRT,2012-12-31,2012-12-31,2012-12-31,2021-09-07,-4560000000.0,16973000000.0,17625750000.0,8498000000.0,8475000000.0,1.191,1.51,-1127000000.0,2281000000.0,2281000000.0,17163000000.0,237000000.0,1.597,42.741,5086000000.0,198000000.0,4888000000.0,5086000000.0,0.0,687000000.0,0.0,0.0,0.0,772000000.0,1459000000.0,0.07,1459000000.0,772000000.0,415000000.0,0.75,0.74,0.75,370000000.0,852500000.0,370000000.0,7106936088.0,9.0,4.871,-89000000.0,-0.363,1.0,3829000000.0,0.182,804000000.0,357000000.0,13652000000.0,14710750000.0,3250000000.0,0.0,0.0,0.0,15814000000.0,5322000000.0,10492000000.0,3382936088.0,-491000000.0,16000000.0,3000000.0,-265000000.0,0.0,-426000000.0,-1123000000.0,-29000000.0,1038000000.0,20000000.0,212000000.0,183000000.0,183000000.0,0.0,25000000.0,0.009,3032000000.0,797000000.0,3223000000.0,0.0,9.143,18.486,18.413,6956000000.0,29000000.0,13.81,0.161,0.161,2563000000.0,1370000000.0,20992000000.0,20992000000.0,0.0,0.01,0.215,0.052,0.037,0.0,2718000000.0,1.0,244962787.0,245000000,245000000.0,85.682,16169000000.0,186000000.0,203000000.0,264000000.0,65.996,3176000000.0
35,GT,MRT,2012-09-30,2012-09-30,2012-09-30,2021-09-07,-3702000000.0,17939000000.0,17789750000.0,9805000000.0,8134000000.0,1.216,5.02,-1025000000.0,2257000000.0,2257000000.0,17878000000.0,270000000.0,1.82,12.856,5981000000.0,273000000.0,5708000000.0,5981000000.0,0.0,681000000.0,0.0,0.0,0.0,734000000.0,1415000000.0,0.065,1415000000.0,734000000.0,375000000.0,0.82,0.76,0.82,1230000000.0,947250000.0,1230000000.0,6497245913.0,9.0,4.592,391000000.0,1.596,1.0,3752000000.0,0.173,809000000.0,359000000.0,15466000000.0,14627250000.0,3596000000.0,0.0,0.0,0.0,15813000000.0,5388000000.0,10425000000.0,2983245913.0,131000000.0,22000000.0,2000000.0,-159000000.0,0.0,-283000000.0,-987000000.0,23000000.0,1416000000.0,-15000000.0,230000000.0,202000000.0,202000000.0,0.0,40000000.0,0.009,2990000000.0,762000000.0,3146000000.0,0.0,2.425,14.769,14.866,6658000000.0,28000000.0,12.19,0.138,0.138,3555000000.0,1370000000.0,21630000000.0,21630000000.0,0.0,0.011,0.213,0.05,0.034,0.0,2735000000.0,1.0,244728951.0,245000000,245000000.0,88.286,17130000000.0,145000000.0,145000000.0,263000000.0,69.918,4417000000.0
36,GT,MRT,2012-06-30,2012-06-30,2012-06-30,2021-09-07,-3870000000.0,17601000000.0,17837250000.0,9649000000.0,7952000000.0,1.257,3.865,-1001000000.0,2156000000.0,2156000000.0,18536000000.0,348000000.0,1.78,16.673,5670000000.0,275000000.0,5395000000.0,5670000000.0,0.0,678000000.0,0.0,0.0,0.0,826000000.0,1504000000.0,0.067,1504000000.0,826000000.0,467000000.0,1.03,0.95,1.03,947000000.0,1014500000.0,947000000.0,6437984769.0,8.0,4.281,-10000000.0,-0.041,1.0,3892000000.0,0.174,798000000.0,359000000.0,14897000000.0,14620750000.0,3940000000.0,0.0,0.0,0.0,15789000000.0,5420000000.0,10369000000.0,2889984769.0,352000000.0,-15000000.0,1000000.0,542000000.0,0.0,410000000.0,-931000000.0,74000000.0,991000000.0,-118000000.0,281000000.0,253000000.0,253000000.0,0.0,67000000.0,0.011,3014000000.0,878000000.0,3324000000.0,0.0,3.052,11.423,11.466,6499000000.0,28000000.0,11.81,0.129,0.129,3174000000.0,1260000000.0,22428000000.0,22428000000.0,0.0,0.014,0.249,0.056,0.037,0.0,2760000000.0,1.0,244706585.0,245000000,245000000.0,91.543,16803000000.0,138000000.0,186000000.0,244000000.0,68.584,4229000000.0
37,GT,MRT,2012-03-31,2012-03-31,2012-03-31,2021-09-07,-3867000000.0,17990000000.0,17847500000.0,9988000000.0,8002000000.0,1.283,3.537,-1035000000.0,2083000000.0,2083000000.0,18967000000.0,301000000.0,1.698,18.787,5631000000.0,445000000.0,5186000000.0,5631000000.0,0.0,703000000.0,0.0,0.0,0.0,780000000.0,1483000000.0,0.065,1483000000.0,780000000.0,423000000.0,0.84,0.78,0.84,863000000.0,1146500000.0,863000000.0,5172957500.0,7.0,3.488,-583000000.0,-2.389,1.0,3931000000.0,0.172,829000000.0,357000000.0,14828000000.0,14482000000.0,3969000000.0,0.0,0.0,0.0,16213000000.0,5881000000.0,10332000000.0,2743957500.0,-132000000.0,74000000.0,4000000.0,423000000.0,0.0,346000000.0,-847000000.0,91000000.0,452000000.0,-83000000.0,236000000.0,208000000.0,208000000.0,0.0,65000000.0,0.009,3138000000.0,793000000.0,3571000000.0,0.0,3.18,13.192,13.357,6528000000.0,28000000.0,11.22,0.12,0.12,3530000000.0,1176000000.0,22898000000.0,22898000000.0,0.0,0.012,0.181,0.054,0.034,0.0,2816000000.0,1.0,244559492.0,244000000,244000000.0,93.844,17161000000.0,148000000.0,187000000.0,253000000.0,70.332,4107000000.0
38,GT,MRT,2011-12-31,2011-12-31,2011-12-31,2021-09-07,-3991000000.0,17629000000.0,17664000000.0,9812000000.0,7817000000.0,1.289,3.07,-1043000000.0,2772000000.0,2772000000.0,18821000000.0,417000000.0,1.655,21.368,5201000000.0,412000000.0,4789000000.0,5201000000.0,0.0,715000000.0,0.0,0.0,0.0,874000000.0,1589000000.0,0.07,1589000000.0,874000000.0,544000000.0,1.32,1.26,1.32,749000000.0,1262500000.0,749000000.0,7419527311.0,8.0,4.669,-270000000.0,-1.107,1.0,3946000000.0,0.173,811000000.0,330000000.0,13318000000.0,14214500000.0,3856000000.0,0.0,0.0,0.0,16005000000.0,5929000000.0,10076000000.0,3462527311.0,767000000.0,76000000.0,8000000.0,562000000.0,0.0,994000000.0,-902000000.0,91000000.0,773000000.0,-98000000.0,343000000.0,321000000.0,321000000.0,0.0,74000000.0,0.014,2998000000.0,948000000.0,3668000000.0,0.0,4.623,10.787,10.735,6375000000.0,22000000.0,14.17,0.152,0.152,2849000000.0,1187000000.0,22767000000.0,22767000000.0,0.0,0.018,0.254,0.061,0.038,0.0,2822000000.0,1.0,244356197.0,244000000,244000000.0,93.307,16818000000.0,145000000.0,201000000.0,244000000.0,68.926,3883000000.0
39,GT,MRT,2011-09-30,2011-09-30,2011-09-30,2021-09-07,-3219000000.0,18129000000.0,17164250000.0,10512000000.0,7617000000.0,1.291,6.143,-1132000000.0,2126000000.0,2126000000.0,18196000000.0,225000000.0,1.806,10.492,6083000000.0,524000000.0,5559000000.0,6083000000.0,0.0,712000000.0,0.0,0.0,0.0,698000000.0,1410000000.0,0.064,1410000000.0,698000000.0,382000000.0,0.51,0.45,0.51,1499000000.0,1236250000.0,1499000000.0,5965603247.0,9.0,4.231,-1263000000.0,-5.176,1.0,3960000000.0,0.179,827000000.0,316000000.0,15440000000.0,13939750000.0,4037000000.0,0.0,0.0,0.0,15728000000.0,5819000000.0,9909000000.0,2465603247.0,461000000.0,118000000.0,7000000.0,1212000000.0,0.0,1658000000.0,-1000000000.0,55000000.0,-131000000.0,-66000000.0,141000000.0,127000000.0,127000000.0,0.0,84000000.0,0.006,3355000000.0,605000000.0,3371000000.0,0.0,1.645,19.414,19.784,6263000000.0,14000000.0,10.09,0.111,0.111,4008000000.0,1169000000.0,22156000000.0,22156000000.0,0.0,0.007,0.103,0.05,0.032,0.0,2813000000.0,1.0,244361075.0,244000000,244000000.0,90.803,17302000000.0,55000000.0,241000000.0,242000000.0,70.91,4693000000.0
40,GT,MRT,2011-06-30,2011-06-30,2011-06-30,2021-09-07,-3079000000.0,17642000000.0,16546000000.0,9776000000.0,7866000000.0,1.273,6.045,-1118000000.0,1804000000.0,1804000000.0,17343000000.0,1000000.0,1.652,10.336,5304000000.0,518000000.0,4786000000.0,5304000000.0,0.0,705000000.0,0.0,0.0,0.0,475000000.0,1180000000.0,0.056,1180000000.0,475000000.0,155000000.0,-0.23,-0.23,-0.23,1475000000.0,1076250000.0,1475000000.0,7163302510.0,15.0,6.071,-1046000000.0,-4.287,1.0,3713000000.0,0.176,881000000.0,320000000.0,14342000000.0,13374000000.0,4032000000.0,0.0,0.0,0.0,15245000000.0,5919000000.0,9326000000.0,4094302510.0,121000000.0,152000000.0,7000000.0,514000000.0,0.0,941000000.0,-989000000.0,0.0,72000000.0,97000000.0,-47000000.0,-54000000.0,-54000000.0,0.0,48000000.0,-0.003,3301000000.0,412000000.0,3515000000.0,0.0,2.776,-75.82,-72.913,6448000000.0,7000000.0,16.77,0.194,0.194,3539000000.0,1009000000.0,21056000000.0,21056000000.0,0.0,-0.003,-0.05,0.036,0.023,0.0,2776000000.0,1.0,244144455.0,244000000,244000000.0,86.295,16761000000.0,48000000.0,202000000.0,269000000.0,68.693,3857000000.0
41,GT,MRT,2011-03-31,2011-03-31,2011-03-31,2021-09-07,-3181000000.0,17256000000.0,15763750000.0,9492000000.0,7764000000.0,1.266,5.461,-1087000000.0,2215000000.0,2215000000.0,16457000000.0,-16000000.0,1.667,11.313,5284000000.0,489000000.0,4795000000.0,5284000000.0,0.0,675000000.0,0.0,0.0,0.0,431000000.0,1106000000.0,0.055,1106000000.0,431000000.0,115000000.0,-0.28,-0.28,-0.28,1327000000.0,869250000.0,1327000000.0,6379786008.0,15.0,5.768,-719000000.0,-2.959,1.0,3507000000.0,0.176,873000000.0,316000000.0,13758000000.0,12842500000.0,3337000000.0,0.0,0.0,0.0,15012000000.0,5694000000.0,9318000000.0,3639786008.0,441000000.0,56000000.0,4000000.0,616000000.0,0.0,1067000000.0,-1048000000.0,0.0,368000000.0,54000000.0,-66000000.0,-66000000.0,-66000000.0,0.0,50000000.0,-0.003,3137000000.0,370000000.0,3358000000.0,0.0,2.743,-55.148,-53.5,6329000000.0,0.0,14.98,0.182,0.182,3550000000.0,969000000.0,19964000000.0,19964000000.0,0.0,-0.004,-0.076,0.034,0.022,0.0,2693000000.0,1.0,242976369.0,243000000,243000000.0,82.156,16383000000.0,52000000.0,181000000.0,262000000.0,67.42,3798000000.0
42,GT,MRT,2010-12-31,2010-12-31,2010-12-31,2021-09-07,-3270000000.0,15630000000.0,15125250000.0,8045000000.0,7585000000.0,1.245,2.661,-944000000.0,2005000000.0,2005000000.0,15452000000.0,-164000000.0,1.516,21.933,4745000000.0,426000000.0,4319000000.0,4745000000.0,0.0,652000000.0,0.0,0.0,0.0,272000000.0,924000000.0,0.049,924000000.0,272000000.0,-44000000.0,-0.89,-0.89,-0.89,644000000.0,716000000.0,644000000.0,6185523375.0,23.0,6.694,-20000000.0,-0.083,1.0,3380000000.0,0.179,844000000.0,316000000.0,12219000000.0,12469500000.0,2977000000.0,0.0,0.0,0.0,14125000000.0,5307000000.0,8818000000.0,2878523375.0,83000000.0,70000000.0,1000000.0,212000000.0,0.0,179000000.0,-859000000.0,0.0,924000000.0,-161000000.0,-216000000.0,-216000000.0,-216000000.0,0.0,52000000.0,-0.011,3056000000.0,324000000.0,3107000000.0,0.0,4.47,-13.326,-13.315,6165000000.0,0.0,11.85,0.153,0.152,2736000000.0,866000000.0,18832000000.0,18832000000.0,0.0,-0.014,-0.302,0.022,0.014,0.0,2630000000.0,1.0,242913365.0,242000000,242000000.0,77.818,14786000000.0,58000000.0,172000000.0,242000000.0,61.099,2738000000.0
43,GT,MRT,2010-09-30,2010-09-30,2010-09-30,2021-09-07,-3226000000.0,15656000000.0,14820250000.0,8403000000.0,7253000000.0,1.228,3.55,-862000000.0,1665000000.0,1665000000.0,14843000000.0,137000000.0,1.704,16.225,4972000000.0,377000000.0,4595000000.0,4972000000.0,0.0,652000000.0,0.0,0.0,0.0,587000000.0,1239000000.0,0.068,1239000000.0,587000000.0,263000000.0,0.29,0.29,0.29,859000000.0,738750000.0,859000000.0,5532515474.0,9.0,4.465,89000000.0,0.368,1.0,3354000000.0,0.184,854000000.0,324000000.0,13177000000.0,12425500000.0,2993000000.0,0.0,0.0,0.0,13937000000.0,4932000000.0,9005000000.0,2611515474.0,-925000000.0,23000000.0,1000000.0,-955000000.0,0.0,-998000000.0,-720000000.0,0.0,951000000.0,-158000000.0,108000000.0,108000000.0,108000000.0,0.0,29000000.0,0.006,2676000000.0,678000000.0,2813000000.0,0.0,3.04,24.181,37.069,5869000000.0,0.0,10.75,0.144,0.143,3461000000.0,1043000000.0,18197000000.0,18197000000.0,0.0,0.007,0.146,0.047,0.032,0.0,2555000000.0,1.0,242931672.0,242000000,242000000.0,75.194,14802000000.0,71000000.0,155000000.0,252000000.0,61.165,3471000000.0
44,GT,MRT,2010-06-30,2010-06-30,2010-06-30,2021-09-07,-3452000000.0,14513000000.0,14825500000.0,7723000000.0,6790000000.0,1.188,2.674,-732000000.0,1683000000.0,1683000000.0,14246000000.0,252000000.0,1.745,20.232,4604000000.0,316000000.0,4288000000.0,4604000000.0,0.0,645000000.0,0.0,0.0,0.0,687000000.0,1332000000.0,0.076,1332000000.0,687000000.0,368000000.0,0.67,0.67,0.67,647000000.0,719500000.0,647000000.0,5234623876.0,8.0,3.93,735000000.0,3.037,1.0,3374000000.0,0.191,792000000.0,319000000.0,12216000000.0,12528250000.0,2901000000.0,0.0,0.0,0.0,13090000000.0,4426000000.0,8664000000.0,2414623876.0,-683000000.0,40000000.0,3000000.0,-1231000000.0,0.0,-1244000000.0,-707000000.0,0.0,1467000000.0,-199000000.0,230000000.0,230000000.0,230000000.0,0.0,22000000.0,0.013,2665000000.0,709000000.0,2613000000.0,0.0,3.732,10.498,14.836,5541000000.0,0.0,9.94,0.137,0.137,2840000000.0,1063000000.0,17620000000.0,17620000000.0,0.0,0.016,0.32,0.055,0.039,0.0,2532000000.0,1.0,242919907.0,242000000,242000000.0,72.81,13721000000.0,50000000.0,138000000.0,210000000.0,56.698,3297000000.0
45,GT,MRT,2010-03-31,2010-03-31,2010-03-31,2021-09-07,-3351000000.0,14702000000.0,14967000000.0,7671000000.0,7031000000.0,1.138,2.95,-666000000.0,1774000000.0,1774000000.0,13913000000.0,-40000000.0,1.739,18.424,4594000000.0,352000000.0,4242000000.0,4594000000.0,0.0,643000000.0,0.0,0.0,0.0,347000000.0,990000000.0,0.058,990000000.0,347000000.0,26000000.0,-0.36,-0.36,-0.36,714000000.0,698750000.0,714000000.0,5659601683.0,16.0,5.717,1074000000.0,4.438,1.0,3122000000.0,0.183,845000000.0,321000000.0,12266000000.0,12830500000.0,2708000000.0,0.0,0.0,0.0,13155000000.0,4411000000.0,8744000000.0,3061601683.0,-122000000.0,58000000.0,1000000.0,-1086000000.0,0.0,-1122000000.0,-627000000.0,0.0,1740000000.0,-113000000.0,-51000000.0,-51000000.0,-51000000.0,0.0,11000000.0,-0.003,2764000000.0,358000000.0,2549000000.0,0.0,4.288,-60.031,-35.111,5724000000.0,0.0,12.64,0.18,0.18,2861000000.0,1035000000.0,17035000000.0,17035000000.0,0.0,-0.003,-0.073,0.027,0.02,0.0,2476000000.0,1.0,242215323.0,242000000,242000000.0,70.393,13857000000.0,46000000.0,77000000.0,222000000.0,57.26,3260000000.0
46,GT,MRT,2009-12-31,2009-12-31,2009-12-31,2021-09-07,-3372000000.0,14410000000.0,14952750000.0,7225000000.0,7185000000.0,1.09,3.05,-746000000.0,1922000000.0,1922000000.0,13676000000.0,-364000000.0,1.764,17.457,4520000000.0,338000000.0,4182000000.0,4520000000.0,0.0,636000000.0,0.0,0.0,0.0,-57000000.0,579000000.0,0.036,579000000.0,-57000000.0,-368000000.0,-1.55,-1.55,-1.55,735000000.0,670500000.0,735000000.0,6734371217.0,-118.0,11.631,551000000.0,2.286,1.0,2625000000.0,0.161,870000000.0,311000000.0,12043000000.0,13066750000.0,2443000000.0,0.0,0.0,0.0,12831000000.0,4095000000.0,8736000000.0,3414371217.0,28000000.0,43000000.0,2000000.0,-619000000.0,0.0,-654000000.0,-663000000.0,0.0,1297000000.0,48000000.0,-375000000.0,-375000000.0,-375000000.0,0.0,11000000.0,-0.023,2671000000.0,-46000000.0,2278000000.0,0.0,4.645,-9.105,-9.097,5843000000.0,0.0,14.1,0.209,0.208,2540000000.0,1082000000.0,16301000000.0,16301000000.0,0.0,-0.025,-0.559,-0.004,-0.003,0.0,2404000000.0,1.0,242153987.0,241000000,241000000.0,67.639,13540000000.0,43000000.0,7000000.0,235000000.0,56.183,3130000000.0
47,GT,MRT,2009-09-30,2009-09-30,2009-09-30,2021-09-07,-3213000000.0,15677000000.0,15156750000.0,8605000000.0,7072000000.0,1.056,3.231,-780000000.0,2590000000.0,2590000000.0,13761000000.0,-840000000.0,1.894,17.936,5910000000.0,890000000.0,5020000000.0,5910000000.0,0.0,637000000.0,0.0,0.0,0.0,-574000000.0,63000000.0,0.004,63000000.0,-574000000.0,-884000000.0,-3.37,-3.36,-3.37,782000000.0,742250000.0,782000000.0,7602448383.0,-13.0,120.674,311000000.0,1.285,1.0,2238000000.0,0.14,865000000.0,310000000.0,13588000000.0,13228250000.0,2543000000.0,0.0,0.0,0.0,14026000000.0,4544000000.0,9482000000.0,4119448383.0,984000000.0,102000000.0,3000000.0,432000000.0,0.0,330000000.0,-453000000.0,0.0,1091000000.0,16000000.0,-879000000.0,-879000000.0,-879000000.0,0.0,39000000.0,-0.055,2749000000.0,-511000000.0,2042000000.0,0.0,5.268,-4.687,-5.053,5710000000.0,0.0,17.03,0.257,0.258,3065000000.0,975000000.0,15999000000.0,15999000000.0,0.0,-0.058,-1.184,-0.043,-0.036,0.0,2367000000.0,1.0,241893622.0,242000000,242000000.0,66.112,14812000000.0,53000000.0,-5000000.0,222000000.0,61.207,4061000000.0
48,GT,MRT,2009-06-30,2009-06-30,2009-06-30,2021-09-07,-3353000000.0,15079000000.0,15498250000.0,8153000000.0,6926000000.0,1.083,2.34,-945000000.0,2366000000.0,2366000000.0,14554000000.0,-890000000.0,1.901,24.317,5849000000.0,909000000.0,4940000000.0,5849000000.0,0.0,654000000.0,0.0,0.0,0.0,-608000000.0,46000000.0,0.003,46000000.0,-608000000.0,-906000000.0,-3.54,-3.53,-3.54,564000000.0,1350250000.0,564000000.0,6352945931.0,-10.0,138.108,-1456000000.0,-6.041,1.0,2232000000.0,0.133,849000000.0,298000000.0,13425000000.0,13573750000.0,2909000000.0,0.0,0.0,0.0,13715000000.0,4288000000.0,9427000000.0,2722945931.0,297000000.0,85000000.0,0.0,1919000000.0,0.0,1764000000.0,-895000000.0,0.0,-511000000.0,-61000000.0,-929000000.0,-929000000.0,-929000000.0,0.0,39000000.0,-0.055,2773000000.0,-541000000.0,1928000000.0,0.0,4.828,-2.931,-3.181,5601000000.0,0.0,11.26,0.162,0.162,2549000000.0,903000000.0,16786000000.0,16786000000.0,0.0,-0.06,-0.688,-0.045,-0.036,0.0,2377000000.0,1.0,241824683.0,241000000,241000000.0,69.651,14230000000.0,51000000.0,23000000.0,210000000.0,59.046,3865000000.0
49,GT,MRT,2009-03-31,2009-03-31,2009-03-31,2021-09-07,-3538000000.0,14645000000.0,16102000000.0,7968000000.0,6677000000.0,1.123,2.494,-1044000000.0,1896000000.0,1896000000.0,15397000000.0,-544000000.0,1.872,22.052,5526000000.0,881000000.0,4645000000.0,5526000000.0,0.0,657000000.0,0.0,0.0,0.0,-173000000.0,484000000.0,0.027,484000000.0,-173000000.0,-468000000.0,-2.31,-2.3,-2.31,601000000.0,2047500000.0,601000000.0,4583848997.0,-26.0,9.471,-1756000000.0,-7.286,1.0,2685000000.0,0.148,808000000.0,295000000.0,13211000000.0,13517250000.0,3262000000.0,0.0,0.0,0.0,13253000000.0,4256000000.0,8997000000.0,1510848997.0,-320000000.0,72000000.0,4000000.0,1633000000.0,0.0,1509000000.0,-1017000000.0,0.0,-712000000.0,-100000000.0,-583000000.0,-583000000.0,-583000000.0,0.0,39000000.0,-0.032,2813000000.0,-128000000.0,1989000000.0,0.0,2.514,-2.592,-2.71,5476000000.0,0.0,6.26,0.084,0.083,2489000000.0,1130000000.0,18082000000.0,18082000000.0,0.0,-0.036,-0.285,-0.013,-0.01,0.0,2498000000.0,1.0,241349680.0,241000000,241000000.0,75.029,13837000000.0,52000000.0,115000000.0,386000000.0,57.415,3712000000.0
50,GT,MRT,2008-12-31,2008-12-31,2008-12-31,2021-09-07,-3446000000.0,15226000000.0,16715750000.0,8310000000.0,6916000000.0,1.166,4.241,-1049000000.0,1894000000.0,1894000000.0,16139000000.0,-23000000.0,1.739,13.067,4979000000.0,847000000.0,4132000000.0,4979000000.0,0.0,660000000.0,0.0,0.0,0.0,452000000.0,1112000000.0,0.057,1112000000.0,452000000.0,132000000.0,-0.32,-0.32,-0.32,1022000000.0,2701500000.0,1022000000.0,5047497294.0,11.0,4.539,-1788000000.0,-7.419,1.0,3349000000.0,0.172,843000000.0,320000000.0,12689000000.0,13463000000.0,3592000000.0,0.0,0.0,0.0,13354000000.0,4779000000.0,8575000000.0,1440497294.0,-1569000000.0,58000000.0,5000000.0,387000000.0,0.0,264000000.0,-1058000000.0,0.0,-739000000.0,-36000000.0,-77000000.0,-77000000.0,-77000000.0,0.0,54000000.0,-0.004,2843000000.0,506000000.0,2529000000.0,0.0,1.409,-18.708,-18.656,5634000000.0,0.0,5.97,0.074,0.074,2517000000.0,1463000000.0,19488000000.0,19488000000.0,0.0,-0.005,-0.029,0.034,0.023,0.0,2600000000.0,1.0,241289329.0,241000000,241000000.0,80.863,14383000000.0,54000000.0,209000000.0,193000000.0,59.68,3531000000.0
51,GT,MRT,2008-09-30,2008-09-30,2008-09-30,2021-09-07,-1581000000.0,17043000000.0,17207000000.0,9957000000.0,7086000000.0,1.192,13.336,-1060000000.0,1784000000.0,1784000000.0,16625000000.0,421000000.0,2.073,4.303,5391000000.0,356000000.0,5035000000.0,5391000000.0,0.0,655000000.0,0.0,0.0,0.0,1039000000.0,1694000000.0,0.083,1694000000.0,1039000000.0,684000000.0,1.14,1.44,1.14,3214000000.0,3158500000.0,3214000000.0,5510875079.0,5.0,3.253,-1676000000.0,-6.954,1.0,3888000000.0,0.19,877000000.0,355000000.0,14970000000.0,13470250000.0,3860000000.0,0.0,0.0,0.0,13829000000.0,4803000000.0,9026000000.0,3691875079.0,-1327000000.0,48000000.0,-14000000.0,713000000.0,0.0,647000000.0,-1367000000.0,0.0,-616000000.0,9000000.0,421000000.0,421000000.0,421000000.0,9000000.0,0.0,0.021,2902000000.0,986000000.0,2602000000.0,0.0,1.149,8.769,13.43,5720000000.0,0.0,15.31,0.18,0.18,3681000000.0,1855000000.0,20513000000.0,20513000000.0,0.0,0.024,0.133,0.077,0.051,0.0,2734000000.0,1.0,241141416.0,241000000,241000000.0,85.116,16166000000.0,68000000.0,263000000.0,525000000.0,67.079,5154000000.0
52,GT,MRT,2008-06-30,2008-06-30,2008-06-30,2021-09-07,-1406000000.0,17494000000.0,17206750000.0,10105000000.0,7389000000.0,1.186,13.913,-988000000.0,2250000000.0,2250000000.0,16360000000.0,1037000000.0,1.956,4.217,4069000000.0,401000000.0,3668000000.0,4069000000.0,0.0,632000000.0,0.0,0.0,0.0,1717000000.0,2349000000.0,0.115,2349000000.0,1717000000.0,1329000000.0,4.18,4.06,4.18,3353000000.0,2804750000.0,3353000000.0,5959234528.0,3.0,2.537,-590000000.0,-2.448,1.0,4045000000.0,0.198,949000000.0,388000000.0,13199000000.0,13110750000.0,3933000000.0,0.0,0.0,0.0,14141000000.0,5165000000.0,8976000000.0,4289234528.0,-259000000.0,68000000.0,2000000.0,-1197000000.0,0.0,-1297000000.0,553000000.0,0.0,398000000.0,92000000.0,1037000000.0,1037000000.0,1037000000.0,-500000000.0,0.0,0.051,2913000000.0,1132000000.0,2787000000.0,0.0,1.279,4.136,4.266,5928000000.0,0.0,17.83,0.21,0.211,3630000000.0,1824000000.0,20405000000.0,20405000000.0,0.0,0.06,0.37,0.131,0.084,0.0,2777000000.0,1.0,240562789.0,241000000,241000000.0,84.668,16545000000.0,76000000.0,292000000.0,540000000.0,68.651,4940000000.0
53,GT,MRT,2008-03-31,2008-03-31,2008-03-31,2021-09-07,-1441000000.0,17100000000.0,16959250000.0,9824000000.0,7276000000.0,1.184,13.404,-868000000.0,2406000000.0,2406000000.0,16131000000.0,1000000000.0,2.035,4.316,4076000000.0,392000000.0,3684000000.0,4076000000.0,0.0,615000000.0,0.0,0.0,0.0,1701000000.0,2316000000.0,0.115,2316000000.0,1701000000.0,1269000000.0,4.15,4.01,4.15,3217000000.0,2209000000.0,3217000000.0,7267698644.0,4.0,3.138,-702000000.0,-2.925,1.0,3956000000.0,0.197,948000000.0,432000000.0,12994000000.0,13317750000.0,3532000000.0,0.0,0.0,0.0,13883000000.0,4828000000.0,9055000000.0,6196698644.0,133000000.0,75000000.0,875000000.0,-1569000000.0,0.0,-807000000.0,650000000.0,0.0,166000000.0,104000000.0,1000000000.0,1000000000.0,1000000000.0,-527000000.0,0.0,0.05,2790000000.0,1166000000.0,2513000000.0,0.0,1.926,6.197,6.217,5808000000.0,0.0,25.8,0.308,0.308,3629000000.0,1749000000.0,20087000000.0,20087000000.0,0.0,0.059,0.453,0.128,0.085,0.0,2734000000.0,1.0,240182118.0,240000000,240000000.0,83.696,16152000000.0,81000000.0,269000000.0,541000000.0,67.3,4996000000.0
54,GT,MRT,2007-12-31,2007-12-31,2007-12-31,2021-09-07,-1652000000.0,17191000000.0,16649500000.0,10172000000.0,7019000000.0,1.18,14.179,-739000000.0,3654000000.0,3654000000.0,15911000000.0,653000000.0,2.181,5.032,4725000000.0,396000000.0,4329000000.0,4725000000.0,0.0,614000000.0,0.0,0.0,0.0,1376000000.0,1990000000.0,0.101,1990000000.0,1376000000.0,908000000.0,2.9,2.84,2.9,2850000000.0,1382250000.0,2850000000.0,7899344753.0,6.0,3.97,-634000000.0,-3.154,1.0,3733000000.0,0.19,880000000.0,468000000.0,12718000000.0,13575500000.0,3164000000.0,0.0,0.0,0.0,14341000000.0,4664000000.0,9677000000.0,5958344753.0,-399000000.0,107000000.0,937000000.0,-2245000000.0,0.0,-1435000000.0,829000000.0,0.0,105000000.0,75000000.0,653000000.0,653000000.0,653000000.0,-463000000.0,0.0,0.033,2820000000.0,913000000.0,2422000000.0,0.0,2.091,9.125,9.731,5598000000.0,0.0,28.22,0.303,0.289,3103000000.0,1602000000.0,19644000000.0,19644000000.0,0.0,0.039,0.472,0.101,0.07,0.0,2762000000.0,1.0,211139077.0,201000000,201000000.0,97.731,16311000000.0,83000000.0,255000000.0,470000000.0,81.149,5508000000.0
55,GT,MRT,2007-09-30,2007-09-30,2007-09-30,2021-09-07,-2311000000.0,17042000000.0,16609000000.0,10313000000.0,6729000000.0,1.151,8.526,-672000000.0,3116000000.0,3116000000.0,15865000000.0,192000000.0,2.248,8.473,5057000000.0,382000000.0,4675000000.0,5057000000.0,0.0,619000000.0,0.0,0.0,0.0,775000000.0,1394000000.0,0.073,1394000000.0,775000000.0,287000000.0,0.47,0.03,0.47,1799000000.0,480250000.0,1799000000.0,9337052298.0,12.0,6.698,-379000000.0,-1.796,1.0,3257000000.0,0.17,863000000.0,488000000.0,13532000000.0,14063250000.0,3096000000.0,0.0,0.0,0.0,15243000000.0,4588000000.0,10655000000.0,6403052298.0,1647000000.0,177000000.0,962000000.0,-489000000.0,0.0,275000000.0,980000000.0,0.0,293000000.0,79000000.0,192000000.0,192000000.0,192000000.0,-424000000.0,0.0,0.01,2840000000.0,417000000.0,2252000000.0,0.0,3.559,33.349,64.702,5286000000.0,0.0,30.41,0.335,0.336,3804000000.0,1550000000.0,19122000000.0,19122000000.0,0.0,0.012,0.4,0.055,0.041,0.0,2715000000.0,1.0,210557458.0,211000000,211000000.0,90.626,16179000000.0,112000000.0,95000000.0,533000000.0,76.678,5725000000.0
56,GT,MRT,2007-06-30,2007-06-30,2007-06-30,2021-09-07,-2457000000.0,16504000000.0,16340500000.0,9573000000.0,6931000000.0,1.161,4.949,-607000000.0,2519000000.0,2519000000.0,15874000000.0,-524000000.0,2.093,16.014,5453000000.0,415000000.0,5038000000.0,5453000000.0,0.0,602000000.0,0.0,0.0,0.0,22000000.0,624000000.0,0.033,624000000.0,22000000.0,-465000000.0,-2.97,-2.99,-2.97,970000000.0,74500000.0,970000000.0,9880217757.0,449.0,15.834,-352000000.0,-1.796,1.0,3097000000.0,0.163,838000000.0,487000000.0,14027000000.0,14036500000.0,2937000000.0,0.0,0.0,0.0,15534000000.0,4573000000.0,10961000000.0,6328217757.0,794000000.0,156000000.0,952000000.0,60000000.0,0.0,908000000.0,-439000000.0,0.0,255000000.0,44000000.0,-524000000.0,-524000000.0,-524000000.0,57000000.0,0.0,-0.028,2916000000.0,181000000.0,2131000000.0,0.0,6.524,-12.077,-11.704,5117000000.0,0.0,34.76,0.334,0.359,3372000000.0,882000000.0,18971000000.0,18971000000.0,0.0,-0.032,-7.034,0.002,0.001,0.0,2656000000.0,1.0,182054596.0,196000000,196000000.0,96.791,15666000000.0,144000000.0,59000000.0,491000000.0,79.929,5000000000.0
57,GT,MRT,2007-03-31,2007-03-31,2007-03-31,2021-09-07,-2586000000.0,15861000000.0,16194750000.0,9028000000.0,6833000000.0,1.16,-0.5,-623000000.0,2274000000.0,2274000000.0,15859000000.0,-578000000.0,1.983,-177.233,5826000000.0,424000000.0,5402000000.0,5826000000.0,0.0,642000000.0,0.0,0.0,0.0,-53000000.0,589000000.0,0.031,589000000.0,-53000000.0,-523000000.0,-3.24,-3.24,-3.24,-90000000.0,-112500000.0,-90000000.0,8732153824.0,-165.0,14.825,-169000000.0,-0.939,1.0,2929000000.0,0.156,835000000.0,470000000.0,14025000000.0,13752500000.0,2742000000.0,0.0,0.0,0.0,15951000000.0,4553000000.0,11398000000.0,5622153824.0,515000000.0,143000000.0,74000000.0,503000000.0,0.0,476000000.0,-442000000.0,0.0,454000000.0,34000000.0,-578000000.0,-578000000.0,-578000000.0,49000000.0,0.0,-0.031,2882000000.0,47000000.0,2056000000.0,0.0,-62.468,-9.727,-9.627,5051000000.0,0.0,31.19,0.299,0.299,3244000000.0,826000000.0,18788000000.0,18788000000.0,0.0,-0.036,5.138,-0.004,-0.003,0.0,2594000000.0,1.0,180255012.0,180000000,180000000.0,104.378,15026000000.0,146000000.0,55000000.0,520000000.0,83.478,4475000000.0
58,GT,MRT,2006-12-31,2006-12-31,2006-12-31,2021-09-07,-3331000000.0,17029000000.0,16154000000.0,10179000000.0,6850000000.0,1.161,-4.282,-637000000.0,4076000000.0,4076000000.0,15726000000.0,-330000000.0,2.182,-23.466,7210000000.0,648000000.0,6562000000.0,7210000000.0,0.0,637000000.0,0.0,0.0,0.0,177000000.0,814000000.0,0.043,814000000.0,177000000.0,-270000000.0,-1.86,-1.86,-1.86,-758000000.0,-41750000.0,-758000000.0,7617244644.0,43.0,9.358,-77000000.0,-0.435,1.0,3025000000.0,0.161,828000000.0,447000000.0,14669000000.0,13584250000.0,2601000000.0,0.0,0.0,0.0,17787000000.0,4666000000.0,13121000000.0,3725244644.0,1724000000.0,86000000.0,12000000.0,1720000000.0,0.0,1647000000.0,-532000000.0,0.0,560000000.0,59000000.0,-330000000.0,-330000000.0,-330000000.0,-43000000.0,0.0,-0.018,2857000000.0,168000000.0,1945000000.0,0.0,-4.915,-11.289,-11.285,5067000000.0,0.0,20.99,0.199,0.198,2800000000.0,968000000.0,18751000000.0,18751000000.0,0.0,-0.02,7.904,0.013,0.009,0.0,2546000000.0,1.0,177477115.0,177000000,177000000.0,105.938,16201000000.0,150000000.0,60000000.0,542000000.0,91.531,5513000000.0
59,GT,MRT,2006-09-30,2006-09-30,2006-09-30,2021-09-07,-2743000000.0,15968000000.0,15798000000.0,8972000000.0,6996000000.0,1.103,0.994,-631000000.0,1521000000.0,1521000000.0,14383000000.0,-23000000.0,1.604,89.727,5413000000.0,783000000.0,4630000000.0,5413000000.0,0.0,586000000.0,0.0,0.0,0.0,573000000.0,1159000000.0,0.067,1159000000.0,573000000.0,161000000.0,-0.13,-0.12,-0.13,176000000.0,166000000.0,176000000.0,6090008630.0,11.0,5.255,-344000000.0,-1.944,1.0,3039000000.0,0.174,843000000.0,412000000.0,13425000000.0,13010000000.0,3222000000.0,0.0,0.0,0.0,15792000000.0,5592000000.0,10200000000.0,2571008630.0,-345000000.0,75000000.0,12000000.0,-28000000.0,0.0,-55000000.0,-594000000.0,0.0,287000000.0,22000000.0,-23000000.0,-23000000.0,-23000000.0,-206000000.0,0.0,-0.001,2572000000.0,467000000.0,2098000000.0,0.0,14.608,-111.783,-111.538,5241000000.0,0.0,14.5,0.148,0.147,3837000000.0,1326000000.0,17422000000.0,17422000000.0,0.0,-0.001,-0.139,0.044,0.033,0.0,2351000000.0,1.0,177310940.0,177000000,177000000.0,98.429,15125000000.0,104000000.0,184000000.0,711000000.0,85.452,3380000000.0
60,GT,MRT,2006-06-30,2006-06-30,2006-06-30,2021-09-07,-2741000000.0,15921000000.0,15865750000.0,8881000000.0,7040000000.0,1.105,1.254,-621000000.0,1788000000.0,1788000000.0,14331000000.0,167000000.0,1.557,70.716,5307000000.0,785000000.0,4522000000.0,5307000000.0,0.0,621000000.0,0.0,0.0,0.0,773000000.0,1394000000.0,0.079,1394000000.0,773000000.0,363000000.0,0.95,0.85,0.95,222000000.0,196000000.0,222000000.0,5399981794.0,7.0,3.874,8000000.0,0.045,1.0,3208000000.0,0.183,846000000.0,410000000.0,12891000000.0,13314250000.0,3355000000.0,0.0,0.0,0.0,15699000000.0,5703000000.0,9996000000.0,1966981794.0,-58000000.0,201000000.0,7000000.0,-207000000.0,0.0,-243000000.0,-463000000.0,0.0,629000000.0,25000000.0,167000000.0,167000000.0,167000000.0,-178000000.0,0.0,0.01,2540000000.0,668000000.0,2065000000.0,0.0,8.86,11.778,11.684,5232000000.0,0.0,11.1,0.112,0.112,3466000000.0,1374000000.0,17539000000.0,17539000000.0,0.0,0.011,0.852,0.058,0.044,0.0,2447000000.0,1.0,177205567.0,177000000,177000000.0,99.09,15075000000.0,104000000.0,196000000.0,715000000.0,85.169,3178000000.0
61,GT,MRT,2006-03-31,2006-03-31,2006-03-31,2021-09-07,-2763000000.0,15698000000.0,15887750000.0,8692000000.0,7006000000.0,1.12,1.09,-620000000.0,1821000000.0,1821000000.0,14324000000.0,234000000.0,1.757,80.337,5254000000.0,788000000.0,4466000000.0,5254000000.0,0.0,585000000.0,0.0,0.0,0.0,876000000.0,1461000000.0,0.082,1461000000.0,876000000.0,468000000.0,1.33,1.18,1.33,193000000.0,151750000.0,193000000.0,5576678654.0,6.0,3.817,134000000.0,0.757,1.0,3469000000.0,0.195,833000000.0,408000000.0,13352000000.0,13769750000.0,3143000000.0,0.0,0.0,0.0,15505000000.0,4946000000.0,10559000000.0,2562678654.0,-132000000.0,203000000.0,10000000.0,-332000000.0,0.0,-371000000.0,-510000000.0,0.0,754000000.0,-7000000.0,234000000.0,234000000.0,234000000.0,-143000000.0,0.0,0.013,2616000000.0,853000000.0,1983000000.0,0.0,13.278,10.952,10.887,5204000000.0,0.0,14.48,0.144,0.144,3452000000.0,1372000000.0,17793000000.0,17793000000.0,0.0,0.015,1.542,0.064,0.049,0.0,2563000000.0,1.0,176980570.0,177000000,177000000.0,100.525,14865000000.0,102000000.0,234000000.0,727000000.0,83.983,3746000000.0
62,GT,MRT,2005-12-31,2005-12-31,2005-12-31,2021-09-07,-2800000000.0,15605000000.0,16034500000.0,8616000000.0,6989000000.0,1.129,0.415,-601000000.0,2403000000.0,2403000000.0,14535000000.0,228000000.0,1.584,212.767,5407000000.0,665000000.0,4742000000.0,5407000000.0,0.0,593000000.0,0.0,0.0,0.0,869000000.0,1462000000.0,0.081,1462000000.0,869000000.0,461000000.0,1.3,1.16,1.3,73000000.0,114500000.0,73000000.0,6636891822.0,8.0,4.54,285000000.0,1.619,1.0,3563000000.0,0.197,796000000.0,408000000.0,12372000000.0,14041750000.0,2810000000.0,0.0,0.0,0.0,15532000000.0,5441000000.0,10091000000.0,3065891822.0,203000000.0,257000000.0,7000000.0,-136000000.0,0.0,-178000000.0,-441000000.0,0.0,886000000.0,-62000000.0,228000000.0,228000000.0,228000000.0,-115000000.0,0.0,0.013,2641000000.0,922000000.0,1939000000.0,0.0,41.999,13.447,13.369,5231000000.0,0.0,17.38,0.169,0.169,3158000000.0,1298000000.0,18098000000.0,18098000000.0,0.0,0.014,1.991,0.062,0.048,0.0,2634000000.0,1.0,176403442.0,176000000,176000000.0,102.83,14809000000.0,102000000.0,233000000.0,697000000.0,84.142,3175000000.0
63,GT,MRT,2005-09-30,2005-09-30,2005-09-30,2021-09-07,-2626000000.0,16239000000.0,16158500000.0,8751000000.0,7488000000.0,1.214,1.682,-636000000.0,1877000000.0,1877000000.0,15752000000.0,404000000.0,2.01,53.861,5448000000.0,504000000.0,4944000000.0,5448000000.0,0.0,646000000.0,0.0,0.0,0.0,1097000000.0,1743000000.0,0.089,1743000000.0,1097000000.0,690000000.0,2.3,2.08,2.3,296000000.0,114750000.0,296000000.0,6405000691.0,6.0,3.675,319000000.0,1.812,1.0,3869000000.0,0.197,815000000.0,407000000.0,14642000000.0,14342750000.0,2894000000.0,0.0,0.0,0.0,15943000000.0,4353000000.0,11590000000.0,2745000691.0,47000000.0,165000000.0,2000000.0,-316000000.0,0.0,-271000000.0,-648000000.0,0.0,955000000.0,11000000.0,404000000.0,404000000.0,404000000.0,0.0,0.0,0.021,2777000000.0,1092000000.0,1859000000.0,0.0,9.274,6.795,6.778,5179000000.0,0.0,15.59,0.14,0.14,3712000000.0,1349000000.0,19621000000.0,19621000000.0,0.0,0.025,3.521,0.076,0.056,0.0,2788000000.0,1.0,176074451.0,176000000,209000000.0,111.483,15424000000.0,83000000.0,286000000.0,716000000.0,87.636,4398000000.0
64,GT,MRT,2005-06-30,2005-06-30,2005-06-30,2021-09-07,-2733000000.0,16009000000.0,16042325000.0,8615000000.0,7394000000.0,1.203,0.256,-601000000.0,1840000000.0,1840000000.0,15494000000.0,300000000.0,2.083,354.756,5500000000.0,467000000.0,5033000000.0,5500000000.0,0.0,626000000.0,0.0,0.0,0.0,943000000.0,1569000000.0,0.081,1569000000.0,943000000.0,544000000.0,1.71,1.58,1.71,45000000.0,28800000.0,45000000.0,6390571232.0,7.0,4.073,280000000.0,1.591,1.0,3797000000.0,0.197,820000000.0,399000000.0,14713000000.0,14139050000.0,2920000000.0,0.0,0.0,0.0,15964000000.0,4136000000.0,11828000000.0,2621571232.0,306000000.0,27000000.0,2000000.0,76000000.0,0.0,119000000.0,-715000000.0,0.0,881000000.0,21000000.0,300000000.0,300000000.0,300000000.0,0.0,0.0,0.016,2793000000.0,1004000000.0,1850000000.0,0.0,58.257,8.739,8.713,5159000000.0,0.0,14.9,0.136,0.136,3516000000.0,1207000000.0,19291000000.0,19291000000.0,0.0,0.019,10.417,0.067,0.049,0.0,2784000000.0,1.0,175944378.0,176000000,208000000.0,109.608,15189000000.0,83000000.0,244000000.0,675000000.0,86.301,4479000000.0
65,GT,MRT,2005-03-31,2005-03-31,2005-03-31,2021-09-07,-2664000000.0,16285000000.0,15789375000.0,8739000000.0,7546000000.0,1.192,0.25,-550000000.0,1895000000.0,1895000000.0,15139000000.0,261000000.0,1.837,369.114,5664000000.0,1002000000.0,4662000000.0,5664000000.0,0.0,625000000.0,0.0,0.0,0.0,866000000.0,1491000000.0,0.079,1491000000.0,866000000.0,479000000.0,1.49,1.41,1.49,44000000.0,-24275000.0,44000000.0,5905967179.0,7.0,3.961,337000000.0,1.915,1.0,3679000000.0,0.196,856000000.0,387000000.0,14440000000.0,13743800000.0,2846000000.0,29000000.0,0.0,29000000.0,16241000000.0,4758000000.0,11483000000.0,2346667179.0,423000000.0,-27000000.0,2000000.0,128000000.0,0.0,180000000.0,-669000000.0,0.0,887000000.0,25000000.0,261000000.0,261000000.0,261000000.0,0.0,0.0,0.014,2755000000.0,924000000.0,1854000000.0,0.0,53.333,8.991,8.96,5289000000.0,0.0,13.35,0.125,0.125,3886000000.0,1138000000.0,18818000000.0,18818000000.0,0.0,0.017,-10.752,0.063,0.046,0.0,2731000000.0,1.0,175780313.0,176000000,208000000.0,106.92,15429000000.0,83000000.0,218000000.0,695000000.0,87.665,3981000000.0
66,GT,MRT,2004-12-31,2004-12-31,2004-12-31,2021-09-07,-2564000000.0,16101000000.0,15509225000.0,8574000000.0,7527000000.0,1.183,0.423,-529000000.0,2120000000.0,2120000000.0,14796000000.0,115000000.0,1.649,216.581,5680000000.0,1237000000.0,4443000000.0,5680000000.0,0.0,629000000.0,0.0,0.0,0.0,692000000.0,1321000000.0,0.072,1321000000.0,692000000.0,323000000.0,0.65,0.63,0.65,74000000.0,-71325000.0,74000000.0,6487779937.0,9.0,4.911,258000000.0,1.474,1.0,3557000000.0,0.194,886000000.0,369000000.0,13576000000.0,13720200000.0,2784000000.0,0.0,0.0,0.0,16027000000.0,5199000000.0,10828000000.0,2570979937.0,409000000.0,-43000000.0,2000000.0,264000000.0,0.0,237000000.0,-653000000.0,0.0,787000000.0,38000000.0,115000000.0,115000000.0,115000000.0,0.0,0.0,0.006,2784000000.0,773000000.0,1970000000.0,0.0,34.743,22.356,22.554,5453000000.0,0.0,14.66,0.14,0.14,3398000000.0,1070000000.0,18353000000.0,18353000000.0,0.0,0.007,-1.612,0.05,0.038,0.0,2728000000.0,1.0,175373802.0,175000000,175000000.0,104.874,15215000000.0,83000000.0,208000000.0,647000000.0,86.943,3375000000.0
67,GT,MRT,2004-09-30,2004-09-30,2004-09-30,2021-09-07,-2559000000.0,15774300000.0,15159250000.0,8216300000.0,7558000000.0,1.149,-0.273,-416700000.0,1689400000.0,1689400000.0,14097700000.0,-436600000.0,1.615,-331.006,5660500000.0,1451000000.0,4209500000.0,5660500000.0,0.0,693100000.0,0.0,0.0,0.0,119500000.0,812600000.0,0.047,812600000.0,119500000.0,-224800000.0,-2.5,-2.52,-2.5,-47800000.0,-97875000.0,-47800000.0,5754559945.0,48.0,7.082,183600000.0,1.049,1.0,3318000000.0,0.191,829800000.0,344300000.0,13827200000.0,13765550000.0,2682800000.0,30400000.0,0.0,30400000.0,15822100000.0,5088400000.0,10733700000.0,1883159945.0,571700000.0,-45300000.0,-100000.0,492100000.0,0.0,399800000.0,-439000000.0,900000.0,600300000.0,10600000.0,-436600000.0,-436600000.0,-436600000.0,0.0,0.0,-0.025,2921700000.0,396300000.0,1710300000.0,0.0,-39.397,-4.313,-4.296,5173100000.0,0.0,10.74,0.108,0.108,3846900000.0,945300000.0,17415700000.0,17415700000.0,0.0,-0.029,4.461,0.009,0.007,0.0,2698100000.0,1.0,175340777.0,175000000,207000000.0,99.518,14944500000.0,70600000.0,211800000.0,720400000.0,85.397,3127900000.0
68,GT,MRT,2004-06-30,2004-06-30,2004-06-30,2021-09-07,-2639700000.0,14997200000.0,14859650000.0,7499200000.0,7498000000.0,1.119,-0.956,-386600000.0,1391000000.0,1391000000.0,13543300000.0,-594900000.0,1.501,-90.643,5316800000.0,1401200000.0,3915600000.0,5316800000.0,0.0,700100000.0,0.0,0.0,0.0,-82000000.0,618100000.0,0.037,618100000.0,-82000000.0,-410200000.0,-3.41,-3.41,-3.41,-167300000.0,-61925000.0,-167300000.0,5556538009.0,-68.0,8.99,170300000.0,0.973,1.0,3079100000.0,0.185,795300000.0,328200000.0,13132000000.0,13820075000.0,2682200000.0,36300000.0,0.0,36300000.0,15164500000.0,4995700000.0,10168800000.0,1593838009.0,157600000.0,-31700000.0,-100000.0,106600000.0,0.0,53700000.0,-452800000.0,900000.0,556900000.0,-200000.0,-594900000.0,-594900000.0,-594900000.0,0.0,0.0,-0.036,2830000000.0,249100000.0,1674900000.0,0.0,-9.527,-2.679,-2.666,5149400000.0,0.0,9.09,0.096,0.096,3441200000.0,906800000.0,16622400000.0,16622400000.0,0.0,-0.04,9.607,-0.006,-0.005,0.0,2581100000.0,1.0,175339715.0,175000000,177000000.0,94.985,14201900000.0,70500000.0,184700000.0,681100000.0,81.154,2503500000.0
69,GT,MRT,2004-03-31,2004-03-31,2004-03-31,2021-09-07,-2586800000.0,15164400000.0,14769350000.0,7531100000.0,7633300000.0,1.074,-0.824,-379000000.0,1384000000.0,1384000000.0,12994900000.0,-684500000.0,1.867,-106.162,5401400000.0,339000000.0,5062400000.0,5401400000.0,0.0,705100000.0,0.0,0.0,0.0,-220600000.0,484500000.0,0.031,484500000.0,-220600000.0,-542200000.0,-3.92,-3.92,-3.92,-144200000.0,31875000.0,-144200000.0,5404386884.0,-24.0,11.155,-691200000.0,-3.95,1.0,2862600000.0,0.181,801500000.0,321600000.0,14345600000.0,14074575000.0,2685100000.0,36000000.0,0.0,36000000.0,15308600000.0,4034700000.0,11273900000.0,1497286884.0,607600000.0,32500000.0,0.0,1212300000.0,0.0,1171700000.0,-290600000.0,1800000.0,-312200000.0,38700000.0,-684500000.0,-684500000.0,-684500000.0,0.0,0.0,-0.043,2736400000.0,126200000.0,1737900000.0,0.0,-10.383,-2.187,-2.179,5254600000.0,0.0,8.54,0.094,0.094,3438000000.0,877000000.0,15857500000.0,15857500000.0,0.0,-0.046,-21.475,-0.016,-0.014,0.0,2482100000.0,1.0,175326333.0,175000000,175000000.0,90.614,14362900000.0,70500000.0,142300000.0,659200000.0,82.074,3496400000.0
70,GT,MRT,2003-12-31,2003-12-31,2003-12-31,2021-09-07,-2552800000.0,14701100000.0,14289875000.0,6945600000.0,7755500000.0,1.057,-0.184,-405000000.0,1570200000.0,1570200000.0,12481000000.0,-807000000.0,1.902,-457.556,5086000000.0,260200000.0,4825800000.0,5086000000.0,0.0,692000000.0,0.0,0.0,0.0,-394000000.0,298000000.0,0.02,298000000.0,-394000000.0,-690000000.0,-4.61,-4.61,-4.61,-32200000.0,99450000.0,-32200000.0,5285164977.0,-13.0,17.735,-674000000.0,-3.851,1.0,2621000000.0,0.174,808600000.0,296000000.0,13757400000.0,13460325000.0,2467700000.0,184200000.0,0.0,184200000.0,14733300000.0,3650900000.0,11082400000.0,1378064977.0,626000000.0,33000000.0,0.0,1116000000.0,0.0,1121000000.0,-290000000.0,27000000.0,-269000000.0,64000000.0,-807000000.0,-807000000.0,-807000000.0,0.0,0.0,-0.053,2665000000.0,-44000000.0,1557800000.0,0.0,-42.797,-1.708,-1.705,5205200000.0,0.0,7.86,0.091,0.091,2892000000.0,955100000.0,15102000000.0,15102000000.0,0.0,-0.056,-8.115,-0.029,-0.026,0.0,2374000000.0,1.0,175326333.0,175000000,175000000.0,86.297,13892500000.0,70500000.0,117000000.0,651300000.0,79.386,3294700000.0
71,GT,MRT,2003-09-30,2003-09-30,2003-09-30,2021-09-07,-2884300000.0,14575900000.0,13874275000.0,6645200000.0,7930700000.0,1.059,0.548,-430600000.0,1034000000.0,1034000000.0,12064400000.0,-1621200000.0,1.812,150.832,4943800000.0,164200000.0,4779600000.0,4943800000.0,0.0,612700000.0,0.0,0.018,0.12,-88900000.0,523800000.0,0.036,523800000.0,-88900000.0,-368800000.0,-9.6,-9.6,-9.6,96000000.0,171350000.0,96000000.0,4991683579.0,-56.0,9.53,-715100000.0,-4.079,1.0,2622800000.0,0.179,773200000.0,279900000.0,14045300000.0,12782700000.0,2497000000.0,170400000.0,0.0,170400000.0,14479900000.0,3667200000.0,10812700000.0,1151783579.0,483800000.0,46200000.0,0.0,1022000000.0,-20900000.0,997300000.0,-276700000.0,60800000.0,-284500000.0,47700000.0,-1621200000.0,-1621200000.0,-1621200000.0,0.0,0.0,-0.11,2448700000.0,174100000.0,1572400000.0,-0.013,11.998,-0.71,-0.684,5237900000.0,0.0,6.57,0.078,0.078,3146700000.0,1414800000.0,14687200000.0,14687200000.0,0.0,-0.117,-9.461,-0.007,-0.006,0.0,2324800000.0,1.0,175309525.0,175300000,175300000.0,83.783,13802700000.0,0.0,1252400000.0,466300000.0,78.738,2978000000.0
72,GT,MRT,2003-06-30,2003-06-30,2003-06-30,2021-09-07,-2890600000.0,14636000000.0,13601500000.0,6671600000.0,7964400000.0,1.053,1.186,-468800000.0,1176500000.0,1176500000.0,11740900000.0,-1472700000.0,1.873,69.399,5025100000.0,171800000.0,4853300000.0,5025100000.0,0.0,604200000.0,0.0,0.046,0.24,60600000.0,664800000.0,0.046,664800000.0,60600000.0,-202300000.0,-8.74,-8.74,-8.74,207900000.0,874575000.0,207900000.0,4026772260.0,66.0,6.057,-702100000.0,-4.005,1.0,2578100000.0,0.18,772900000.0,262900000.0,14150000000.0,12330200000.0,2625100000.0,146900000.0,0.0,146900000.0,14428100000.0,3561700000.0,10866400000.0,920372260.0,468000000.0,52300000.0,16400000.0,1021700000.0,-40600000.0,967300000.0,-296400000.0,36100000.0,-233300000.0,30400000.0,-1472700000.0,-1472700000.0,-1472700000.0,0.0,0.0,-0.103,2370000000.0,208100000.0,1553700000.0,-0.027,4.427,-0.625,-0.601,5234200000.0,0.0,5.25,0.064,0.064,2903200000.0,1533000000.0,14319000000.0,14319000000.0,0.0,-0.108,-1.684,0.005,0.004,0.0,2288400000.0,1.0,175309002.0,175300000,175300000.0,81.683,13863100000.0,0.0,1270400000.0,458600000.0,79.082,3109900000.0
73,GT,MRT,2003-03-31,2003-03-31,2003-03-31,2021-09-07,-3025300000.0,13246500000.0,13349075000.0,5382700000.0,7863800000.0,1.053,0.719,-479500000.0,720100000.0,720100000.0,11495300000.0,-1388400000.0,1.454,104.048,3829100000.0,224700000.0,3604400000.0,3829100000.0,0.0,606200000.0,0.0,0.07,0.36,129300000.0,735500000.0,0.052,735500000.0,129300000.0,-110800000.0,-8.25,-8.25,-8.25,126100000.0,1533550000.0,126100000.0,3988539429.0,31.0,5.423,216600000.0,1.236,1.0,2560400000.0,0.182,764800000.0,240100000.0,11888600000.0,11835050000.0,2510000000.0,140900000.0,0.0,140900000.0,13120400000.0,3702100000.0,9418300000.0,906339429.0,40400000.0,1300000.0,16400000.0,-57300000.0,-60100000.0,-148600000.0,-508000000.0,-1000000.0,696100000.0,900000.0,-1388400000.0,-1388400000.0,-1388400000.0,0.0,0.0,-0.099,2315500000.0,244900000.0,1564000000.0,-0.044,7.187,-0.653,-0.627,5178300000.0,0.0,5.17,0.064,0.064,2000300000.0,1586000000.0,14055700000.0,14055700000.0,0.0,-0.104,-0.905,0.011,0.009,0.0,2249300000.0,1.0,175307433.0,175300000,175300000.0,80.181,12481700000.0,0.0,1277600000.0,491300000.0,71.202,1680600000.0
74,GT,MRT,2002-12-31,2002-12-31,2002-12-31,2021-09-07,-3092500000.0,13038700000.0,13365875000.0,5180400000.0,7858300000.0,1.035,1.529,-458100000.0,918100000.0,918100000.0,11287600000.0,-1246900000.0,1.311,50.052,3643000000.0,653200000.0,2989800000.0,3643000000.0,0.0,605300000.0,0.0,0.07,0.48,223700000.0,829000000.0,0.06,829000000.0,223700000.0,-19000000.0,-7.47,-7.47,-7.47,255400000.0,2193350000.0,255400000.0,4276043619.0,19.0,5.158,227900000.0,1.365,1.0,2540800000.0,0.184,764000000.0,242700000.0,11046900000.0,11857725000.0,2346200000.0,163500000.0,24300000.0,139200000.0,12783300000.0,3952700000.0,8830600000.0,1193843619.0,-35500000.0,800000.0,18700000.0,-90200000.0,-79800000.0,-167500000.0,-540300000.0,-26200000.0,686000000.0,-13700000.0,-1246900000.0,-1246900000.0,-1246900000.0,0.0,0.0,-0.09,2207900000.0,332900000.0,1515400000.0,-0.064,4.674,-0.957,-0.912,5156200000.0,0.0,6.81,0.086,0.082,1680900000.0,1782500000.0,13828400000.0,13828400000.0,0.0,-0.093,-0.568,0.019,0.016,0.0,2202400000.0,1.0,175307433.0,167000000,167000000.0,82.805,12274700000.0,0.0,1227900000.0,358200000.0,73.501,1227700000.0
75,GT,MRT,2002-09-30,2002-09-30,2002-09-30,2021-09-07,-1789900000.0,13484800000.0,13552050000.0,5061300000.0,8423500000.0,1.021,17.471,-413400000.0,548300000.0,548300000.0,11416800000.0,-230600000.0,1.406,3.636,3630500000.0,687000000.0,2943500000.0,3630500000.0,0.0,613500000.0,0.0,0.054,0.48,-21700000.0,591800000.0,0.043,591800000.0,-21700000.0,-280400000.0,-1.44,-1.44,-1.44,2908900000.0,2845500000.0,2908900000.0,4437481758.0,-204.0,7.498,609600000.0,3.661,1.0,2419600000.0,0.175,730800000.0,258700000.0,12235300000.0,12155400000.0,2393600000.0,130000000.0,46600000.0,83400000.0,10575900000.0,3600900000.0,6975000000.0,1451681758.0,-229400000.0,90500000.0,19300000.0,-660100000.0,-78500000.0,-725500000.0,-500200000.0,-61300000.0,1023000000.0,-26700000.0,-230600000.0,-230600000.0,-230600000.0,0.0,0.0,-0.017,2290400000.0,129200000.0,1395100000.0,-0.333,0.499,-6.295,-6.174,5081500000.0,0.0,8.89,0.105,0.107,1955600000.0,3133200000.0,13836400000.0,13836400000.0,0.0,-0.017,-0.081,-0.002,-0.002,0.0,2170300000.0,1.0,163293786.0,166500000,166500000.0,83.102,12754000000.0,713100000.0,-49800000.0,219900000.0,76.601,1460400000.0
76,GT,MRT,2002-06-30,2002-06-30,2002-06-30,2021-09-07,-1686700000.0,13626300000.0,13587725000.0,5334500000.0,8291800000.0,1.029,17.415,-387000000.0,680000000.0,680000000.0,11539000000.0,-249500000.0,1.435,3.792,3665800000.0,725600000.0,2940200000.0,3665800000.0,0.0,618100000.0,0.0,0.035,0.66,-42700000.0,575400000.0,0.041,575400000.0,-42700000.0,-317200000.0,-1.55,-1.55,-1.55,2843800000.0,2951075000.0,2843800000.0,5969704560.0,-140.0,10.375,886700000.0,5.43,1.0,2436800000.0,0.174,725900000.0,274500000.0,12169400000.0,12316925000.0,2454600000.0,120300000.0,33200000.0,87100000.0,10782500000.0,3716800000.0,7065700000.0,3055104560.0,400500000.0,81800000.0,2800000.0,-270300000.0,-106400000.0,-383200000.0,-472600000.0,-34300000.0,1273700000.0,-17400000.0,-249500000.0,-249500000.0,-249500000.0,0.0,0.0,-0.018,2318100000.0,118700000.0,1479400000.0,-0.426,1.074,-12.245,-12.071,5125900000.0,0.0,18.71,0.219,0.219,1931800000.0,3119200000.0,13975800000.0,13975800000.0,0.0,-0.018,-0.085,-0.003,-0.003,0.0,2188700000.0,1.0,163287256.0,163300000,164300000.0,85.584,12900400000.0,658900000.0,-67700000.0,254500000.0,78.998,1617700000.0
77,GT,MRT,2002-03-31,2002-03-31,2002-03-31,2021-09-07,-1755600000.0,13313700000.0,13491100000.0,5094900000.0,8218800000.0,1.043,16.944,-407200000.0,646400000.0,646400000.0,11655100000.0,-266400000.0,1.438,3.815,3561000000.0,677100000.0,2883900000.0,3561000000.0,0.0,624700000.0,0.0,0.033,0.84,-62000000.0,562700000.0,0.04,562700000.0,-62000000.0,-351400000.0,-1.65,-1.65,-1.65,2765300000.0,3058875000.0,2765300000.0,6782213555.0,-109.0,12.053,1108600000.0,6.793,1.0,2412400000.0,0.171,705000000.0,289400000.0,11979300000.0,12342200000.0,2323600000.0,95100000.0,0.0,95100000.0,10548400000.0,3544000000.0,7004400000.0,4173313555.0,422300000.0,119600000.0,3400000.0,-447000000.0,-134600000.0,-591300000.0,-491600000.0,-400000.0,1515800000.0,-10600000.0,-266400000.0,-266400000.0,-266400000.0,0.0,0.0,-0.019,2337400000.0,75000000.0,1392600000.0,-0.509,1.509,-15.666,-15.497,5028200000.0,0.0,25.57,0.297,0.297,1899500000.0,3109900000.0,14067500000.0,14067500000.0,0.0,-0.02,-0.087,-0.005,-0.004,0.0,2199600000.0,1.0,163211324.0,163200000,163200000.0,86.198,12608700000.0,685900000.0,-85000000.0,275600000.0,77.259,1550900000.0
78,GT,MRT,2001-12-31,2001-12-31,2001-12-31,2021-09-07,-1737300000.0,13783400000.0,13585300000.0,5264200000.0,8519200000.0,1.042,17.905,-435500000.0,959400000.0,959400000.0,11685300000.0,-254100000.0,1.527,3.813,3568300000.0,364700000.0,3203600000.0,3568300000.0,0.0,638100000.0,0.0,0.043,1.02,-40800000.0,597300000.0,0.042,597300000.0,-40800000.0,-337900000.0,-1.59,-1.59,-1.59,2864000000.0,3205850000.0,2864000000.0,7299292399.0,-179.0,12.22,896900000.0,5.607,1.0,2477200000.0,0.175,706300000.0,297100000.0,12237600000.0,12522025000.0,2380900000.0,101200000.0,0.0,101200000.0,10919400000.0,3448400000.0,7471000000.0,3884292399.0,710100000.0,119600000.0,1700000.0,47000000.0,-162500000.0,-126900000.0,-485800000.0,-400000.0,1332400000.0,-9600000.0,-254100000.0,-254100000.0,-254100000.0,0.0,0.0,-0.018,2430800000.0,46400000.0,1359200000.0,-0.642,1.356,-15.286,-14.975,5166000000.0,0.0,23.81,0.274,0.269,1607600000.0,3192700000.0,14162500000.0,14162500000.0,0.0,-0.019,-0.079,-0.003,-0.003,0.0,2220500000.0,1.0,163137018.0,159955869,159955869.0,88.54,13077100000.0,924700000.0,-83800000.0,347700000.0,81.754,1815800000.0
79,GT,MRT,2001-09-30,2001-09-30,2001-09-30,2021-09-07,-1463000000.0,13627500000.0,13531450000.0,5556000000.0,8071500000.0,1.049,20.833,-519300000.0,785400000.0,785400000.0,11575900000.0,-131600000.0,1.549,3.091,4200400000.0,998400000.0,3202000000.0,4200400000.0,0.0,631700000.0,0.0,0.065,1.2,115900000.0,747600000.0,0.053,747600000.0,115900000.0,-181900000.0,-0.84,-0.84,-0.84,3331200000.0,3365600000.0,3331200000.0,6422233932.0,55.0,8.59,517700000.0,3.238,1.0,2625100000.0,0.185,573800000.0,297800000.0,12881400000.0,12498500000.0,2662300000.0,111300000.0,0.0,111300000.0,10296300000.0,3587300000.0,6709000000.0,2927133932.0,548600000.0,172600000.0,3800000.0,208600000.0,-190100000.0,9200000.0,-472600000.0,1700000.0,1037000000.0,-25000000.0,-131600000.0,-131600000.0,-131600000.0,0.0,0.0,-0.009,2459800000.0,165300000.0,1278800000.0,-1.429,0.879,-22.243,-21.94,5243200000.0,0.0,18.43,0.206,0.208,2019700000.0,3386300000.0,14201000000.0,14201000000.0,0.0,-0.01,-0.039,0.009,0.008,0.0,2256800000.0,1.0,158824413.0,159900000,161600000.0,88.812,13053700000.0,0.0,-50300000.0,206900000.0,81.637,1968700000.0
80,GT,MRT,2001-06-30,2001-06-30,2001-06-30,2021-09-07,-1457100000.0,13239800000.0,13440700000.0,5327800000.0,7912000000.0,1.052,20.623,-569000000.0,287400000.0,287400000.0,11550400000.0,-123900000.0,1.367,3.043,3782500000.0,1184900000.0,2597600000.0,3782500000.0,0.0,633100000.0,0.0,0.043,1.2,113200000.0,746300000.0,0.053,746300000.0,113200000.0,-180600000.0,-0.79,-0.79,-0.79,3275000000.0,3404350000.0,3275000000.0,8267606140.0,73.0,11.078,141600000.0,0.892,1.0,2592000000.0,0.183,567900000.0,293800000.0,12270500000.0,12335550000.0,2937300000.0,117000000.0,0.0,117000000.0,9964800000.0,3896500000.0,6068300000.0,4445406140.0,50700000.0,172600000.0,4100000.0,48100000.0,-189800000.0,-148800000.0,-484700000.0,-600000.0,710600000.0,-26400000.0,-123900000.0,-123900000.0,-123900000.0,0.0,0.0,-0.009,2425300000.0,166700000.0,1394200000.0,-1.519,1.357,-35.879,-35.443,5249100000.0,0.0,28.0,0.314,0.314,1953700000.0,3424600000.0,14142400000.0,14142400000.0,0.0,-0.009,-0.036,0.009,0.008,0.0,2238000000.0,1.0,158764505.0,158800000,161200000.0,89.058,12671900000.0,0.0,-56700000.0,214400000.0,79.798,1431300000.0
81,GT,MRT,2001-03-31,2001-03-31,2001-03-31,2021-09-07,-1418100000.0,13690500000.0,13463450000.0,5770500000.0,7920000000.0,1.052,21.196,-590700000.0,234200000.0,234200000.0,11488900000.0,-54600000.0,1.362,3.083,4056400000.0,1435000000.0,2621400000.0,4056400000.0,0.0,630300000.0,0.0,0.05,1.2,204200000.0,834500000.0,0.059,834500000.0,204200000.0,-85000000.0,-0.35,-0.35,-0.35,3353200000.0,3477425000.0,3353200000.0,7176245199.0,35.0,8.599,-421900000.0,-2.667,1.0,2678300000.0,0.189,576300000.0,289200000.0,12698600000.0,12322275000.0,3049700000.0,115700000.0,0.0,115700000.0,10337300000.0,4237800000.0,6099500000.0,3786445199.0,4400000.0,172600000.0,4200000.0,526900000.0,-188800000.0,315200000.0,-450300000.0,1700000.0,168800000.0,-29300000.0,-54600000.0,-54600000.0,-54600000.0,0.0,0.0,-0.004,2418200000.0,260100000.0,1389300000.0,-3.429,1.129,-69.349,-68.143,5361400000.0,0.0,23.85,0.267,0.266,2289400000.0,3464500000.0,14167200000.0,14167200000.0,0.0,-0.004,-0.016,0.017,0.014,0.0,2225500000.0,1.0,158760805.0,158200000,158200000.0,89.552,13114200000.0,0.0,-30400000.0,249000000.0,82.896,1532700000.0
82,GT,MRT,2000-12-31,2000-12-31,2000-12-31,2021-09-07,-1305800000.0,13568000000.0,13352575000.0,5467200000.0,8100800000.0,1.08,22.335,-614500000.0,252900000.0,252900000.0,11637300000.0,40300000.0,1.294,2.873,3642700000.0,1293100000.0,2349600000.0,3642700000.0,0.0,630300000.0,0.0,0.052,1.2,341400000.0,971700000.0,0.067,971700000.0,341400000.0,58800000.0,0.26,0.25,0.26,3503000000.0,3547625000.0,3503000000.0,7450133400.0,22.0,7.667,-159800000.0,-1.019,1.0,2779800000.0,0.193,588400000.0,282600000.0,12143500000.0,12170275000.0,2879700000.0,102000000.0,0.0,102000000.0,10065000000.0,4225900000.0,5839100000.0,3622133400.0,11600000.0,172600000.0,4200000.0,262800000.0,-188400000.0,51500000.0,-468400000.0,1700000.0,454700000.0,-26200000.0,40300000.0,40300000.0,40300000.0,0.0,0.0,0.003,2361400000.0,418400000.0,1505200000.0,4.615,1.034,89.879,88.423,5521000000.0,0.0,22.99,0.251,0.25,2167500000.0,3558800000.0,14417100000.0,14417100000.0,0.0,0.003,0.011,0.028,0.024,0.0,2237300000.0,1.0,157552562.0,156840646,158764926.0,91.922,12979600000.0,394100000.0,18500000.0,208400000.0,82.757,1241300000.0
83,GT,MRT,2000-09-30,2000-09-30,2000-09-30,2021-09-07,-1268300000.0,13264500000.0,13280100000.0,5482300000.0,7782200000.0,1.123,22.205,-656100000.0,236800000.0,236800000.0,12054500000.0,185200000.0,1.278,2.805,4064800000.0,1745200000.0,2319600000.0,4064800000.0,0.0,645800000.0,0.0,0.067,1.2,529900000.0,1175700000.0,0.079,1175700000.0,529900000.0,268300000.0,1.18,1.17,1.18,3486200000.0,3620025000.0,3486200000.0,6621887210.0,12.0,5.632,-416200000.0,-2.651,1.0,2862900000.0,0.192,573200000.0,261600000.0,12229600000.0,12162475000.0,2419200000.0,98700000.0,0.0,98700000.0,9778300000.0,4289700000.0,5488600000.0,2815287210.0,3400000.0,3100000.0,2200000.0,736800000.0,-188100000.0,523800000.0,-752400000.0,5300000.0,239900000.0,-7900000.0,185200000.0,185200000.0,185200000.0,0.0,0.0,0.012,2422700000.0,440200000.0,1313200000.0,1.017,0.808,15.201,15.254,5521900000.0,0.0,18.0,0.189,0.189,2599000000.0,3507000000.0,14917400000.0,14917400000.0,0.0,0.014,0.051,0.044,0.036,0.0,2243500000.0,1.0,156404845.0,157000000,158200000.0,95.015,12691300000.0,0.0,83100000.0,150800000.0,80.836,1192600000.0
84,GT,MRT,2000-06-30,2000-06-30,2000-06-30,2021-09-07,-1180900000.0,13330800000.0,13247825000.0,5563200000.0,7767600000.0,1.101,22.809,-718300000.0,236700000.0,236700000.0,11850300000.0,277300000.0,1.274,2.737,4043300000.0,1799900000.0,2243400000.0,4043300000.0,0.0,636500000.0,0.0,0.06,1.2,594700000.0,1231200000.0,0.084,1231200000.0,594700000.0,360600000.0,1.77,1.75,1.77,3567300000.0,3668175000.0,3567300000.0,6677770860.0,11.0,5.424,-434100000.0,-2.776,1.0,2736600000.0,0.188,553200000.0,234100000.0,12217400000.0,11929825000.0,2502900000.0,250800000.0,147100000.0,103700000.0,9763500000.0,4366800000.0,5396700000.0,3127370860.0,-58500000.0,-842500000.0,6800000.0,1574800000.0,-188000000.0,1367700000.0,-1704200000.0,5300000.0,284200000.0,-6200000.0,277300000.0,277300000.0,277300000.0,0.0,0.0,0.019,2230200000.0,506400000.0,1311100000.0,0.678,0.877,11.278,11.299,5619500000.0,0.0,20.0,0.214,0.214,2470400000.0,3560900000.0,14586900000.0,14586900000.0,0.0,0.021,0.076,0.05,0.041,0.0,2209700000.0,1.0,156368543.0,156400000,158700000.0,93.267,12777600000.0,0.0,83300000.0,189600000.0,81.698,1196400000.0
85,GT,MRT,2000-03-31,2000-03-31,2000-03-31,2021-09-07,-1100400000.0,13247000000.0,12570750000.0,5512000000.0,7735000000.0,1.116,23.25,-783900000.0,229800000.0,229800000.0,11434900000.0,265900000.0,1.324,2.645,3780200000.0,1501000000.0,2279200000.0,3780200000.0,0.0,602000000.0,0.0,0.051,1.2,549500000.0,1151500000.0,0.082,1151500000.0,549500000.0,345700000.0,1.7,1.67,1.7,3634000000.0,3680850000.0,3634000000.0,6955608034.0,13.0,6.04,-182800000.0,-1.17,1.0,2593400000.0,0.185,544900000.0,203800000.0,12090600000.0,11225875000.0,2384600000.0,243000000.0,136000000.0,107000000.0,9613000000.0,4161900000.0,5451100000.0,3644608034.0,38800000.0,-842500000.0,14000000.0,1326800000.0,-187800000.0,1153000000.0,-1713500000.0,5300000.0,601100000.0,-1800000.0,265900000.0,265900000.0,265900000.0,0.0,0.0,0.019,2134400000.0,459000000.0,1320600000.0,0.706,1.003,13.707,13.712,5664100000.0,0.0,23.31,0.26,0.26,2484600000.0,3547900000.0,14028300000.0,14028300000.0,0.0,0.021,0.072,0.049,0.039,0.0,2131600000.0,1.0,156353841.0,156300000,158700000.0,89.752,12702100000.0,0.0,79800000.0,261800000.0,81.267,1350100000.0
86,GT,MRT,1999-12-31,1999-12-31,1999-12-31,2021-09-07,-1100200000.0,13278100000.0,11913625000.0,5379900000.0,7898200000.0,1.121,24.283,-805000000.0,241300000.0,241300000.0,10832300000.0,243200000.0,1.359,2.501,3552300000.0,1204400000.0,2347900000.0,3552300000.0,0.0,581700000.0,0.0,0.043,1.2,479500000.0,1061200000.0,0.079,1061200000.0,479500000.0,300100000.0,1.55,1.53,1.55,3792600000.0,3664525000.0,3792600000.0,7720937197.0,16.0,7.276,-170300000.0,-1.09,1.0,2523100000.0,0.189,516900000.0,179400000.0,12112300000.0,10577850000.0,2570000000.0,222600000.0,107200000.0,115400000.0,9485500000.0,3959900000.0,5525600000.0,4386637197.0,2300000.0,-842500000.0,14100000.0,1356500000.0,-187500000.0,1183100000.0,-1802000000.0,5300000.0,634700000.0,-13500000.0,243200000.0,243200000.0,243200000.0,0.0,0.0,0.018,2188300000.0,334800000.0,1417500000.0,0.774,1.157,18.037,18.103,5761000000.0,0.0,28.06,0.328,0.328,2394000000.0,3706900000.0,13355400000.0,13355400000.0,0.0,0.02,0.066,0.045,0.036,0.0,2016700000.0,1.0,156330620.0,156182004,158939599.0,85.512,12761200000.0,0.0,56900000.0,249000000.0,81.707,1420000000.0
87,GT,MRT,1999-09-30,1999-09-30,1999-09-30,2021-09-07,-1044000000.0,13135400000.0,11241425000.0,5628300000.0,7507100000.0,1.155,23.537,-907800000.0,233400000.0,233400000.0,10547700000.0,277000000.0,1.241,2.571,3567700000.0,1894400000.0,1673300000.0,3567700000.0,0.0,565700000.0,0.0,0.025,1.2,497800000.0,1063500000.0,0.082,1063500000.0,497800000.0,332200000.0,1.77,1.76,1.77,3678800000.0,3652825000.0,3678800000.0,9557561128.0,19.0,8.987,82800000.0,0.53,1.0,2439400000.0,0.188,636500000.0,165600000.0,11299000000.0,9747825000.0,2285000000.0,263500000.0,136100000.0,127400000.0,9456600000.0,4534200000.0,4922400000.0,7521161128.0,75100000.0,-373100000.0,15400000.0,1120800000.0,-187300000.0,948900000.0,-1850700000.0,300000.0,990600000.0,-13700000.0,277000000.0,277000000.0,277000000.0,0.0,0.0,0.021,1949800000.0,489600000.0,1310500000.0,0.678,2.044,27.152,27.192,5512000000.0,0.0,48.13,0.579,0.579,2812200000.0,3537500000.0,12987100000.0,12987100000.0,0.0,0.025,0.076,0.051,0.038,0.0,1934100000.0,1.0,156267632.0,156300000,159500000.0,83.091,12498900000.0,0.0,55200000.0,141400000.0,79.967,1094100000.0
88,GT,MRT,1999-06-30,1999-06-30,1999-06-30,2021-09-07,-1038200000.0,10622500000.0,10627375000.0,4542800000.0,6079700000.0,1.213,23.177,-901100000.0,295200000.0,295200000.0,10252900000.0,352900000.0,1.395,1.936,2331600000.0,879100000.0,1452500000.0,2331600000.0,0.0,540900000.0,0.0,0.02,1.2,632000000.0,1172900000.0,0.091,1172900000.0,632000000.0,471200000.0,2.26,2.24,2.26,3618000000.0,3650450000.0,3618000000.0,11327280957.0,18.0,9.657,72000000.0,0.461,1.0,2637100000.0,0.205,0.0,160800000.0,9401600000.0,9248425000.0,2019400000.0,277100000.0,0.0,277100000.0,7004500000.0,3257300000.0,3747200000.0,9173780957.0,112400000.0,337300000.0,-44300000.0,158400000.0,-187100000.0,-73000000.0,-776900000.0,300000.0,973100000.0,-10800000.0,352900000.0,352900000.0,352900000.0,0.0,0.0,0.027,2059000000.0,578100000.0,1101300000.0,0.531,2.536,25.995,26.022,4331900000.0,0.0,58.81,0.712,0.712,2024200000.0,3475600000.0,12890000000.0,12890000000.0,0.0,0.033,0.097,0.068,0.049,0.0,1890200000.0,1.0,155990154.0,156100000,159600000.0,82.575,10622500000.0,0.0,118300000.0,228300000.0,68.049,1285500000.0
89,GT,MRT,1999-03-31,1999-03-31,1999-03-31,2021-09-07,-1060300000.0,10618500000.0,10550225000.0,4553100000.0,6065400000.0,1.23,22.876,-868900000.0,191000000.0,191000000.0,10210400000.0,486200000.0,1.391,1.975,2344500000.0,868100000.0,1476400000.0,2344500000.0,0.0,531700000.0,0.0,0.024,1.2,796300000.0,1328000000.0,0.102,1328000000.0,796300000.0,641100000.0,3.1,3.08,3.1,3568700000.0,3640275000.0,3568700000.0,9506538570.0,12.0,7.159,-178600000.0,-1.145,1.0,2768400000.0,0.213,0.0,155200000.0,9498500000.0,9056900000.0,2104400000.0,219500000.0,0.0,219500000.0,7049800000.0,3273500000.0,3776300000.0,7769738570.0,30700000.0,334300000.0,-70300000.0,408500000.0,-187800000.0,150400000.0,-793500000.0,300000.0,690300000.0,-16500000.0,486200000.0,486200000.0,486200000.0,0.0,0.0,0.037,2035700000.0,732700000.0,1075100000.0,0.387,2.177,15.981,16.068,4242000000.0,0.0,49.81,0.599,0.599,2076500000.0,3456400000.0,12978800000.0,12978800000.0,0.0,0.046,0.134,0.088,0.061,0.0,1866900000.0,1.0,155987524.0,156000000,157800000.0,83.197,10618500000.0,0.0,154900000.0,220600000.0,68.067,1279600000.0
90,GT,MRT,1998-12-31,1998-12-31,1998-12-31,2021-09-07,-903800000.0,10589300000.0,10441875000.0,4529100000.0,6060200000.0,1.253,23.924,-838400000.0,239000000.0,239000000.0,10210200000.0,637500000.0,1.382,1.827,1975800000.0,789300000.0,1186500000.0,1975800000.0,0.0,505900000.0,0.0,0.024,1.2,1043500000.0,1549400000.0,0.118,1549400000.0,1043500000.0,895700000.0,4.07,4.03,4.07,3745800000.0,3631400000.0,3745800000.0,9873911372.0,9.0,6.373,-399300000.0,-2.55,1.0,2871400000.0,0.219,257400000.0,147800000.0,8792200000.0,8790725000.0,2164500000.0,111400000.0,0.0,111400000.0,6843500000.0,3276500000.0,3567000000.0,7863111372.0,-19600000.0,275400000.0,-46400000.0,480600000.0,-187900000.0,246300000.0,-701500000.0,300000.0,439100000.0,-3500000.0,637500000.0,637500000.0,637500000.0,34700000.0,0.0,0.049,1851400000.0,1020000000.0,1131700000.0,0.295,2.099,12.334,12.393,4358500000.0,0.0,50.44,0.601,0.604,1944200000.0,3477800000.0,13081600000.0,13081600000.0,0.0,0.061,0.176,0.119,0.08,0.0,1881100000.0,1.0,155890392.0,156570476,158307212.0,83.551,10331900000.0,0.0,258200000.0,252600000.0,65.989,1252600000.0
91,GT,MRT,1998-09-30,1998-09-30,1998-09-30,2021-09-07,-903600000.0,10679200000.0,10273900000.0,4899900000.0,5779300000.0,1.235,23.461,-812000000.0,158300000.0,158300000.0,9695300000.0,562800000.0,1.446,1.91,2169100000.0,889500000.0,1279600000.0,2169100000.0,0.0,475400000.0,0.0,0.023,1.2,921100000.0,1396500000.0,0.11,1396500000.0,921100000.0,787800000.0,3.59,3.54,3.59,3669300000.0,3543825000.0,3669300000.0,9878362006.0,11.0,7.074,-604000000.0,-3.862,1.0,2995900000.0,0.236,0.0,133300000.0,9301400000.0,8532425000.0,2217800000.0,100500000.0,0.0,100500000.0,7009900000.0,3388600000.0,3621300000.0,8085962006.0,-68400000.0,-178000000.0,-40800000.0,605200000.0,-188200000.0,376200000.0,-633700000.0,2200000.0,208000000.0,-18900000.0,562800000.0,562800000.0,562800000.0,28400000.0,0.0,0.044,2081900000.0,914000000.0,999000000.0,0.334,2.204,14.367,14.345,4058200000.0,0.0,51.5,0.637,0.635,2294600000.0,3403000000.0,12691200000.0,12691200000.0,0.0,0.055,0.159,0.108,0.073,0.0,1874600000.0,1.0,157008971.0,156400000,157800000.0,81.146,10679200000.0,0.0,225000000.0,377500000.0,68.281,1511300000.0
92,GT,MRT,1998-06-30,1998-06-30,1998-06-30,2021-09-07,-912500000.0,10313900000.0,10116900000.0,5007300000.0,5306600000.0,1.265,22.756,-759000000.0,182800000.0,182800000.0,9761800000.0,571900000.0,1.443,1.883,1975200000.0,1026100000.0,949100000.0,1975200000.0,0.0,468800000.0,0.0,0.018,1.18,932600000.0,1401400000.0,0.109,1401400000.0,932600000.0,812300000.0,3.65,3.59,3.65,3577300000.0,3511675000.0,3577300000.0,11688879871.0,13.0,8.341,-282600000.0,-1.798,1.0,3036400000.0,0.237,0.0,120300000.0,8635500000.0,8246200000.0,2163800000.0,107500000.0,0.0,107500000.0,6736600000.0,3470800000.0,3265800000.0,10132479871.0,-57900000.0,-66400000.0,35400000.0,412300000.0,-184900000.0,262800000.0,-764000000.0,2200000.0,476400000.0,-33100000.0,571900000.0,571900000.0,571900000.0,19100000.0,0.0,0.045,2076200000.0,960200000.0,999600000.0,0.323,2.832,17.717,17.655,3793300000.0,0.0,64.44,0.792,0.792,2052000000.0,3265000000.0,12798200000.0,12798200000.0,0.0,0.057,0.163,0.113,0.073,0.0,1868900000.0,1.0,157238980.0,157200000,159300000.0,81.413,10313900000.0,0.0,240400000.0,331500000.0,65.61,1536500000.0
93,GT,MRT,1998-03-31,1998-03-31,1998-03-31,2021-09-07,-822800000.0,10185100000.0,10076100000.0,4875200000.0,5309900000.0,1.285,22.533,-723600000.0,160300000.0,160300000.0,9893700000.0,565100000.0,1.474,1.883,1716700000.0,742200000.0,974500000.0,1716700000.0,0.0,469700000.0,0.0,0.015,1.16,935200000.0,1404900000.0,0.108,1404900000.0,935200000.0,816400000.0,3.62,3.56,3.62,3533200000.0,3490375000.0,3533200000.0,12971565545.0,14.0,9.233,29600000.0,0.189,1.0,3056900000.0,0.236,0.0,118800000.0,8433800000.0,8193000000.0,2076500000.0,126700000.0,0.0,126700000.0,6651900000.0,3307700000.0,3344200000.0,11878965545.0,-95900000.0,-63400000.0,34600000.0,43100000.0,-181400000.0,-103700000.0,-712200000.0,2200000.0,753200000.0,-33200000.0,565100000.0,565100000.0,565100000.0,8600000.0,0.0,0.044,2090600000.0,966300000.0,1031500000.0,0.32,3.362,21.021,20.925,3741800000.0,0.0,75.75,0.917,0.917,2065000000.0,3113200000.0,12950600000.0,12950600000.0,0.0,0.056,0.162,0.114,0.072,0.0,1879400000.0,1.0,156818027.0,156800000,159000000.0,82.593,10185100000.0,0.0,251300000.0,375300000.0,64.956,1567500000.0
94,GT,MRT,1997-12-31,1997-12-31,1997-12-31,2021-09-07,-806100000.0,9917400000.0,10090975000.0,4163900000.0,5753500000.0,1.295,21.735,-699000000.0,258600000.0,258600000.0,10015600000.0,558700000.0,1.281,1.921,1351200000.0,506700000.0,844500000.0,1351200000.0,0.0,467200000.0,0.0,0.018,1.14,899100000.0,1366300000.0,0.105,1366300000.0,899100000.0,779600000.0,3.58,3.53,3.58,3395500000.0,3449575000.0,3395500000.0,11181360524.0,12.0,8.184,353400000.0,2.262,1.0,3049700000.0,0.233,0.0,119500000.0,7759000000.0,8238275000.0,1835200000.0,124600000.0,0.0,124600000.0,6521900000.0,3251000000.0,3270900000.0,9950860524.0,20100000.0,-89500000.0,2700000.0,-30200000.0,-178300000.0,-205800000.0,-788600000.0,2200000.0,1052400000.0,-37900000.0,558700000.0,558700000.0,558700000.0,-36300000.0,0.0,0.043,2151900000.0,897800000.0,1177800000.0,0.318,2.931,17.811,17.774,4149700000.0,0.0,63.63,0.762,0.761,1935500000.0,2983400000.0,13065300000.0,13065300000.0,0.0,0.055,0.162,0.109,0.069,0.0,1886700000.0,1.0,156386304.0,156225112,158169534.0,83.631,9917400000.0,0.0,220900000.0,362000000.0,63.481,912900000.0
95,GT,MRT,1997-09-30,1997-09-30,1997-09-30,2021-09-07,-698300000.0,10051200000.0,10029575000.0,4361400000.0,5689800000.0,1.29,22.668,-589700000.0,226700000.0,226700000.0,9958600000.0,148500000.0,1.396,1.839,1457200000.0,529800000.0,927400000.0,1457200000.0,0.0,422300000.0,0.0,0.016,1.12,503500000.0,925800000.0,0.072,925800000.0,503500000.0,383600000.0,0.94,,0.94,3540700000.0,3420475000.0,3540700000.0,12097263100.0,24.0,13.067,488900000.0,3.13,1.0,2981700000.0,0.23,0.0,119900000.0,8156500000.0,8309475000.0,1814700000.0,124600000.0,0.0,124600000.0,6510500000.0,3125200000.0,3385300000.0,10723263100.0,-97600000.0,-70400000.0,17500000.0,-388100000.0,-174900000.0,-545500000.0,-602300000.0,-11000000.0,1078600000.0,-28400000.0,148500000.0,148500000.0,148500000.0,426800000.0,0.0,0.011,2003900000.0,977800000.0,1068200000.0,1.191,3.029,72.211,73.138,4011000000.0,0.0,68.75,0.829,0.83,2197900000.0,3028400000.0,12940300000.0,12940300000.0,0.0,0.015,0.043,0.061,0.039,0.0,1885900000.0,1.0,155974736.0,156200000,,82.844,10051200000.0,0.0,235100000.0,435500000.0,64.348,1236200000.0
96,GT,MRT,1997-06-30,1997-06-30,1997-06-30,2021-09-07,-575300000.0,10150700000.0,,4413200000.0,5737500000.0,,22.414,-580300000.0,240700000.0,240700000.0,9931100000.0,124600000.0,1.423,1.907,1614700000.0,530500000.0,1084200000.0,1614700000.0,0.0,422700000.0,0.0,0.017,1.09,493900000.0,916600000.0,0.071,916600000.0,493900000.0,369200000.0,0.78,,0.78,3492100000.0,,3492100000.0,11355185744.0,23.0,12.388,588000000.0,3.774,1.0,2978200000.0,0.231,0.0,124700000.0,8422700000.0,,1872600000.0,125500000.0,0.0,125500000.0,6658600000.0,3102000000.0,3556600000.0,9886185744.0,-38000000.0,-138900000.0,7000000.0,-391500000.0,-169900000.0,-554400000.0,-637100000.0,-11000000.0,1168300000.0,-14800000.0,124600000.0,124600000.0,124600000.0,436100000.0,0.0,0.01,1999600000.0,978600000.0,1111900000.0,1.397,2.831,79.343,81.256,4075200000.0,0.0,63.38,0.766,0.765,2178100000.0,2878000000.0,12909300000.0,12909300000.0,0.0,,,,0.038,0.0,1881500000.0,1.0,155982735.0,155800000,,82.858,10150700000.0,0.0,244600000.0,411300000.0,65.152,1311200000.0
97,GT,MRT,1997-03-31,1997-03-31,1997-03-31,2021-09-07,-556800000.0,10244600000.0,,4496100000.0,5748500000.0,,21.547,-583300000.0,256200000.0,256200000.0,9940800000.0,120300000.0,1.451,2.04,1725200000.0,461500000.0,1263700000.0,1725200000.0,0.0,420100000.0,0.0,0.02,1.06,501300000.0,921400000.0,0.071,921400000.0,501300000.0,373700000.0,0.77,,0.77,3370000000.0,,3370000000.0,9355257658.0,19.0,10.153,454200000.0,2.904,1.0,3008100000.0,0.232,0.0,127600000.0,8614900000.0,,1915400000.0,141700000.0,0.0,141700000.0,6874600000.0,3098700000.0,3775900000.0,8217057658.0,-65800000.0,-138900000.0,33800000.0,-275400000.0,-165000000.0,-406600000.0,-661300000.0,-11000000.0,1037500000.0,-35400000.0,120300000.0,120300000.0,120300000.0,446600000.0,0.0,0.009,2007500000.0,1000600000.0,1193700000.0,1.377,2.438,68.305,68.026,4085400000.0,0.0,52.38,0.635,0.633,2223400000.0,2729500000.0,12948900000.0,12948900000.0,0.0,,,,0.039,0.0,1882500000.0,1.0,156873953.0,156400000,,82.793,10244600000.0,0.0,253400000.0,410700000.0,65.503,1397400000.0
98,GT,MRT,1996-12-31,1996-12-31,1996-12-31,2021-09-07,-539400000.0,9671800000.0,9730700000.0,4025000000.0,5646800000.0,1.335,21.148,-617500000.0,238500000.0,238500000.0,9968900000.0,101700000.0,1.455,1.95,1376700000.0,244500000.0,1132200000.0,1376700000.0,0.0,419900000.0,0.0,0.02,1.03,483300000.0,903200000.0,0.07,903200000.0,483300000.0,354700000.0,0.66,0.65,0.66,3279100000.0,3280400000.0,3279100000.0,,,,239100000.0,1.542,1.0,3016800000.0,0.232,0.0,128600000.0,8043800000.0,8187750000.0,1774200000.0,140300000.0,0.0,140300000.0,6392700000.0,2766200000.0,3626500000.0,8060183705.0,-29800000.0,-53900000.0,86800000.0,-133900000.0,-159700000.0,-206800000.0,-650000000.0,-11000000.0,856600000.0,-29600000.0,101700000.0,101700000.0,101700000.0,456800000.0,0.0,0.008,2026200000.0,990600000.0,1096700000.0,1.561,2.458,79.255,77.848,4067900000.0,0.0,51.38,0.621,0.613,1922200000.0,2603000000.0,12985700000.0,12985700000.0,0.0,0.01,0.031,0.059,0.037,0.0,1887200000.0,1.0,156873953.0,155051802,156778058.0,83.751,9671800000.0,0.0,253000000.0,382100000.0,62.378,1258800000.0
99,GT,MRT,1996-09-30,1996-09-30,1996-09-30,2021-09-07,,,,,,,,,,,,,,,,,,,,,,0.022,1.0,,,,,,,,,,,,,,,,,,1.0,,,,,,,,,,,,,,,,,,,,,,,,,,,,,,,,,,,,,,,,46.12,,,,,,,,,,,,,,1.0,,155300000,,,,,,,,
100,GT,MRT,1996-06-30,1996-06-30,1996-06-30,2021-09-07,,,,,,,,,,,,,,,,,,,,,,0.021,1.0,,,,,,,,,,,,,,,,,,1.0,,,,,,,,,,,,,,,,,,,,,,,,,,,,,,,,,,,,,,,,47.375,,,,,,,,,,,,,,1.0,,155100000,,,,,,,,
101,GT,MRT,1996-03-31,1996-03-31,1996-03-31,2021-09-07,,,,,,,,,,,,,,,,,,,,,,0.019,1.0,,,,,,,,,,,,,,,,,,1.0,,,,,,,,,,,,,,,,,,,,,,,,,,,,,,,,,,,,,,,,51.5,,,,,,,,,,,,,,1.0,,154263097,,,,,,,,
102,GT,MRT,1995-12-31,1995-12-31,1995-12-31,2021-09-07,-508000000.0,9789600000.0,,3841600000.0,5948000000.0,,21.573,-615600000.0,268300000.0,268300000.0,10027700000.0,611000000.0,1.404,1.983,1546700000.0,226700000.0,1320000000.0,1546700000.0,0.0,394200000.0,0.0,0.021,0.95,1040600000.0,1434800000.0,0.11,1434800000.0,1040600000.0,905600000.0,4.02,3.97,4.02,3281700000.0,,3281700000.0,,,,-3500000.0,-0.023,1.0,3011500000.0,0.231,0.0,135000000.0,8331700000.0,,1765200000.0,183800000.0,0.0,183800000.0,6507900000.0,2736300000.0,3771600000.0,,17400000.0,-43900000.0,58800000.0,168500000.0,-144500000.0,82800000.0,-643300000.0,10800000.0,612100000.0,-34200000.0,611000000.0,611000000.0,611000000.0,-35800000.0,0.0,0.047,1932100000.0,1079400000.0,1170700000.0,0.236,,,11.289,4561200000.0,0.0,45.38,,0.529,1867000000.0,2661000000.0,13039200000.0,13039200000.0,0.0,,,,0.08,0.0,1932100000.0,1.0,,152118861,153949022.0,85.717,9789600000.0,0.0,294600000.0,363100000.0,64.355,1105300000.0
103,GT,MRT,1994-12-31,1994-12-31,1994-12-31,2021-09-07,,,,,,,,-523000000.0,,,9271400000.0,567000000.0,,,,,,,,410300000.0,,0.022,0.75,995100000.0,1405400000.0,0.114,1405400000.0,995100000.0,865700000.0,3.75,,3.75,,,,,,,241600000.0,1.598,1.0,3016800000.0,0.246,,129400000.0,,,,,,,,,,,62400000.0,19000000.0,41400000.0,-123600000.0,-113400000.0,-195600000.0,-496200000.0,23500000.0,764600000.0,-10400000.0,567000000.0,567000000.0,567000000.0,0.0,0.0,0.046,1958200000.0,1058600000.0,,0.2,,,8.968,,0.0,33.63,,0.414,,,12288200000.0,12288200000.0,0.0,,,,0.081,0.0,1958200000.0,1.0,,151203885,,81.269,,,298700000.0,,,
