None,ticker,dimension,calendardate,datekey,reportperiod,lastupdated,accoci,assets,assetsavg,assetsc,assetsnc,assetturnover,bvps,capex,cashneq,cashnequsd,cor,consolinc,currentratio,de,debt,debtc,debtnc,debtusd,deferredrev,depamor,deposits,divyield,dps,ebit,ebitda,ebitdamargin,ebitdausd,ebitusd,ebt,eps,epsdil,epsusd,equity,equityavg,equityusd,ev,evebit,evebitda,fcf,fcfps,fxusd,gp,grossmargin,intangibles,intexp,invcap,invcapavg,inventory,investments,investmentsc,investmentsnc,liabilities,liabilitiesc,liabilitiesnc,marketcap,ncf,ncfbus,ncfcommon,ncfdebt,ncfdiv,ncff,ncfi,ncfinv,ncfo,ncfx,netinc,netinccmn,netinccmnusd,netincdis,netincnci,netmargin,opex,opinc,payables,payoutratio,pb,pe,pe1,ppnenet,prefdivis,price,ps,ps1,receivables,retearn,revenue,revenueusd,rnd,roa,roe,roic,ros,sbcomp,sgna,sharefactor,sharesbas,shareswa,shareswadil,sps,tangibles,taxassets,taxexp,taxliabilities,tbvps,workingcapital
0,SYK,MRY,2020-12-31,2020-12-31,2020-12-31,2021-07-28,-1157000000.0,34330000000.0,31884750000.0,9707000000.0,24623000000.0,0.45,34.844,-487000000.0,2943000000.0,2943000000.0,5294000000.0,1599000000.0,1.926,1.624,13991000000.0,761000000.0,13230000000.0,13991000000.0,0.0,340000000.0,0.0,0.01,2.355,1954000000.0,2294000000.0,0.16,2294000000.0,1954000000.0,1954000000.0,4.26,4.2,4.26,13084000000.0,12984750000.0,13084000000.0,98127742591.0,50.0,42.776,2790000000.0,7.43,1.0,9057000000.0,0.631,18332000000.0,0.0,22005000000.0,20416000000.0,3494000000.0,81000000.0,81000000.0,0.0,21246000000.0,5041000000.0,16205000000.0,92083742591.0,-1394000000.0,-4222000000.0,0.0,989000000.0,-863000000.0,-11000000.0,-4701000000.0,7000000.0,3277000000.0,41000000.0,1599000000.0,1599000000.0,1599000000.0,0.0,0.0,0.111,6834000000.0,2223000000.0,810000000.0,0.553,7.038,57.588,57.521,2752000000.0,0.0,245.04,6.417,6.412,2701000000.0,12462000000.0,14351000000.0,14351000000.0,984000000.0,0.05,0.123,0.096,0.136,142000000.0,5361000000.0,1.0,375790657.0,375500000.0,380300000.0,38.218,15998000000.0,1530000000.0,355000000.0,1197000000.0,42.605,4666000000.0
1,SYK,MRY,2019-12-31,2019-12-31,2019-12-31,2021-07-28,-606000000.0,30167000000.0,27279250000.0,11058000000.0,19109000000.0,0.546,34.243,-649000000.0,4337000000.0,4337000000.0,5188000000.0,2083000000.0,2.513,1.356,11090000000.0,859000000.0,10231000000.0,11090000000.0,0.0,314000000.0,0.0,0.01,2.135,2562000000.0,2876000000.0,0.193,2876000000.0,2562000000.0,2562000000.0,5.57,5.48,5.57,12807000000.0,12189500000.0,12807000000.0,85061560953.0,33.0,29.576,1542000000.0,4.123,1.0,9696000000.0,0.651,13296000000.0,0.0,19224000000.0,16990250000.0,2980000000.0,88000000.0,88000000.0,0.0,17360000000.0,4400000000.0,12960000000.0,78594560953.0,721000000.0,-802000000.0,-307000000.0,1293000000.0,-778000000.0,3000000.0,-1455000000.0,-5000000.0,2191000000.0,-18000000.0,2083000000.0,2083000000.0,2083000000.0,0.0,0.0,0.14,6983000000.0,2713000000.0,675000000.0,0.383,6.137,37.731,37.691,2567000000.0,0.0,209.94,5.28,5.275,2893000000.0,11748000000.0,14884000000.0,14884000000.0,971000000.0,0.076,0.171,0.151,0.172,127000000.0,5356000000.0,1.0,374366776.0,374000000.0,379900000.0,39.797,16871000000.0,1575000000.0,479000000.0,1239000000.0,45.11,6658000000.0
2,SYK,MRY,2018-12-31,2018-12-31,2018-12-31,2021-07-28,-631000000.0,27229000000.0,23254000000.0,9733000000.0,17496000000.0,0.585,31.355,-572000000.0,3616000000.0,3616000000.0,4663000000.0,3553000000.0,2.025,1.321,9859000000.0,1373000000.0,8486000000.0,9859000000.0,0.0,306000000.0,0.0,0.012,1.93,2356000000.0,2662000000.0,0.196,2662000000.0,2356000000.0,2356000000.0,9.5,9.34,9.5,11730000000.0,10066000000.0,11730000000.0,63938857080.0,27.0,24.019,2038000000.0,5.448,1.0,8938000000.0,0.657,12726000000.0,0.0,15939000000.0,12896500000.0,2955000000.0,83000000.0,83000000.0,0.0,15499000000.0,4807000000.0,10692000000.0,58653857080.0,1074000000.0,-2451000000.0,-300000000.0,2456000000.0,-703000000.0,1329000000.0,-2857000000.0,168000000.0,2610000000.0,-8000000.0,3553000000.0,3553000000.0,3553000000.0,0.0,0.0,0.261,6401000000.0,2537000000.0,646000000.0,0.203,5.0,16.508,16.5,2291000000.0,0.0,156.75,4.312,4.311,2332000000.0,10765000000.0,13601000000.0,13601000000.0,862000000.0,0.153,0.353,0.183,0.173,119000000.0,5099000000.0,1.0,374187286.0,374100000.0,380300000.0,36.357,14503000000.0,1678000000.0,-1197000000.0,1386000000.0,38.768,4926000000.0
3,SYK,MRY,2017-12-31,2017-12-31,2017-12-31,2021-07-28,-553000000.0,22197000000.0,21372750000.0,7993000000.0,14204000000.0,0.582,26.647,-598000000.0,2542000000.0,2542000000.0,4264000000.0,1020000000.0,2.294,1.226,7222000000.0,632000000.0,6590000000.0,7222000000.0,0.0,271000000.0,0.0,0.011,1.745,2063000000.0,2334000000.0,0.188,2334000000.0,2063000000.0,2063000000.0,2.73,2.68,2.73,9966000000.0,10032500000.0,9966000000.0,62579954784.0,30.0,26.812,961000000.0,2.57,1.0,8180000000.0,0.657,10645000000.0,0.0,12747000000.0,12211250000.0,2465000000.0,251000000.0,251000000.0,0.0,12217000000.0,3485000000.0,8732000000.0,57946954784.0,-774000000.0,-831000000.0,-230000000.0,299000000.0,-636000000.0,-794000000.0,-1613000000.0,-183000000.0,1559000000.0,74000000.0,1020000000.0,1020000000.0,1020000000.0,0.0,0.0,0.082,5883000000.0,2297000000.0,487000000.0,0.639,5.814,56.811,56.718,1975000000.0,0.0,154.84,4.657,4.654,2198000000.0,8986000000.0,12444000000.0,12444000000.0,787000000.0,0.048,0.102,0.169,0.166,113000000.0,4552000000.0,1.0,374237631.0,374000000.0,380100000.0,33.273,11552000000.0,283000000.0,1043000000.0,1404000000.0,30.888,4508000000.0
4,SYK,MRY,2016-12-31,2016-12-31,2016-12-31,2021-07-28,-761000000.0,20435000000.0,20202500000.0,7861000000.0,12574000000.0,0.561,25.528,-490000000.0,3316000000.0,3316000000.0,3821000000.0,1647000000.0,2.497,1.14,6914000000.0,228000000.0,6686000000.0,6914000000.0,0.0,227000000.0,0.0,0.013,1.565,1921000000.0,2148000000.0,0.19,2148000000.0,1921000000.0,1921000000.0,4.4,4.35,4.4,9550000000.0,9197000000.0,9550000000.0,48758060334.0,25.0,22.699,1425000000.0,3.809,1.0,7504000000.0,0.663,9864000000.0,0.0,11021000000.0,11000000000.0,2030000000.0,68000000.0,68000000.0,0.0,10885000000.0,3148000000.0,7737000000.0,44863060334.0,-63000000.0,-4332000000.0,-13000000.0,2912000000.0,-568000000.0,2258000000.0,-4191000000.0,634000000.0,1915000000.0,-45000000.0,1647000000.0,1647000000.0,1647000000.0,0.0,0.0,0.145,5329000000.0,2175000000.0,437000000.0,0.356,4.698,27.239,27.23,1569000000.0,0.0,119.81,3.961,3.958,1967000000.0,8842000000.0,11325000000.0,11325000000.0,715000000.0,0.082,0.179,0.175,0.17,97000000.0,4137000000.0,1.0,374451718.0,374100000.0,378500000.0,30.273,10571000000.0,0.0,274000000.0,327000000.0,28.257,4713000000.0
5,SYK,MRY,2015-12-31,2015-12-31,2015-12-31,2021-07-28,-639000000.0,16223000000.0,16384750000.0,7943000000.0,8280000000.0,0.607,22.6,-270000000.0,3379000000.0,3379000000.0,3344000000.0,1439000000.0,2.268,0.906,3998000000.0,768000000.0,3230000000.0,3998000000.0,0.0,187000000.0,0.0,0.015,1.415,1735000000.0,1922000000.0,0.193,1922000000.0,1735000000.0,1735000000.0,3.82,3.78,3.82,8511000000.0,8455250000.0,8511000000.0,35220036242.0,20.0,18.325,711000000.0,1.888,1.0,6602000000.0,0.664,5930000000.0,0.0,7410000000.0,7398750000.0,1639000000.0,700000000.0,700000000.0,0.0,7712000000.0,3502000000.0,4210000000.0,34901036242.0,1584000000.0,-153000000.0,-700000000.0,48000000.0,-521000000.0,-1223000000.0,1956000000.0,2379000000.0,981000000.0,-130000000.0,1439000000.0,1439000000.0,1439000000.0,0.0,0.0,0.145,4741000000.0,1861000000.0,410000000.0,0.37,4.101,24.254,24.33,1199000000.0,0.0,92.94,3.509,3.519,1662000000.0,7792000000.0,9946000000.0,9946000000.0,625000000.0,0.088,0.17,0.234,0.174,86000000.0,3610000000.0,1.0,375522232.0,376600000.0,380900000.0,26.41,10293000000.0,0.0,296000000.0,141000000.0,27.331,4441000000.0
6,SYK,MRY,2014-12-31,2014-12-31,2014-12-31,2021-07-28,-254000000.0,17279000000.0,17045500000.0,8684000000.0,8595000000.0,0.568,22.708,-233000000.0,1795000000.0,1795000000.0,3319000000.0,515000000.0,1.947,1.01,3973000000.0,727000000.0,3246000000.0,3973000000.0,0.0,190000000.0,0.0,0.013,1.26,1160000000.0,1350000000.0,0.14,1350000000.0,1160000000.0,1160000000.0,1.36,1.34,1.36,8595000000.0,8821000000.0,8595000000.0,38292973991.0,33.0,28.365,1549000000.0,4.092,1.0,6356000000.0,0.657,6204000000.0,0.0,8792000000.0,9103000000.0,1588000000.0,3205000000.0,3205000000.0,0.0,8684000000.0,4461000000.0,4223000000.0,35686973991.0,456000000.0,-916000000.0,-100000000.0,1159000000.0,-462000000.0,629000000.0,-1878000000.0,-729000000.0,1782000000.0,-77000000.0,515000000.0,515000000.0,515000000.0,0.0,0.0,0.053,5110000000.0,1246000000.0,329000000.0,0.926,4.152,69.295,69.36,1098000000.0,0.0,94.33,3.689,3.69,1572000000.0,7559000000.0,9675000000.0,9675000000.0,614000000.0,0.03,0.058,0.127,0.12,77000000.0,3547000000.0,1.0,378320513.0,378500000.0,382800000.0,25.561,11075000000.0,0.0,645000000.0,333000000.0,29.26,4223000000.0
7,SYK,MRY,2013-12-31,2013-12-31,2013-12-31,2021-07-28,232000000.0,15743000000.0,14774250000.0,8335000000.0,7408000000.0,0.611,23.896,-195000000.0,1339000000.0,1339000000.0,3002000000.0,1006000000.0,3.137,0.74,2764000000.0,25000000.0,2739000000.0,2764000000.0,0.0,169000000.0,0.0,0.015,1.1,1212000000.0,1381000000.0,0.153,1381000000.0,1212000000.0,1212000000.0,2.66,2.63,2.66,9047000000.0,8710750000.0,9047000000.0,30098399527.0,25.0,21.795,1691000000.0,4.466,1.0,6019000000.0,0.667,5833000000.0,0.0,8678000000.0,9470000000.0,1422000000.0,2641000000.0,2641000000.0,0.0,6696000000.0,2657000000.0,4039000000.0,28434399527.0,-56000000.0,-2320000000.0,-317000000.0,1005000000.0,-401000000.0,300000000.0,-2217000000.0,298000000.0,1886000000.0,-25000000.0,1006000000.0,1006000000.0,1006000000.0,0.0,0.0,0.112,4763000000.0,1256000000.0,314000000.0,0.414,3.143,28.265,28.248,1081000000.0,0.0,75.14,3.152,3.154,1518000000.0,7617000000.0,9021000000.0,9021000000.0,536000000.0,0.068,0.115,0.128,0.134,76000000.0,3467000000.0,1.0,378418945.0,378600000.0,382100000.0,23.827,9910000000.0,880000000.0,206000000.0,131000000.0,26.175,5678000000.0
8,SYK,MRY,2012-12-31,2012-12-31,2012-12-31,2021-07-28,129000000.0,13206000000.0,12676000000.0,8148000000.0,5058000000.0,0.683,22.588,-210000000.0,1395000000.0,1395000000.0,2781000000.0,1298000000.0,4.343,0.536,1762000000.0,16000000.0,1746000000.0,1762000000.0,0.0,154000000.0,0.0,0.016,0.903,1705000000.0,1859000000.0,0.215,1859000000.0,1705000000.0,1705000000.0,3.41,3.39,3.41,8597000000.0,8233000000.0,8597000000.0,21188596508.0,12.0,11.398,1447000000.0,3.802,1.0,5876000000.0,0.679,3566000000.0,0.0,8131000000.0,8133000000.0,1265000000.0,2890000000.0,2890000000.0,0.0,4609000000.0,1876000000.0,2733000000.0,20842596508.0,490000000.0,-154000000.0,-108000000.0,-4000000.0,-324000000.0,-449000000.0,-736000000.0,-372000000.0,1657000000.0,18000000.0,1298000000.0,1298000000.0,1298000000.0,0.0,0.0,0.15,4135000000.0,1741000000.0,288000000.0,0.265,2.424,16.057,16.076,948000000.0,0.0,54.82,2.408,2.41,1430000000.0,7332000000.0,8657000000.0,8657000000.0,471000000.0,0.102,0.158,0.21,0.197,75000000.0,3367000000.0,1.0,380200593.0,380600000.0,383000000.0,22.746,9640000000.0,811000000.0,407000000.0,70000000.0,25.328,6272000000.0
9,SYK,MRY,2011-12-31,2011-12-31,2011-12-31,2021-07-28,144000000.0,12146000000.0,11764100000.0,7207000000.0,4939000000.0,0.706,19.878,-159000000.0,905000000.0,905000000.0,2811000000.0,1345000000.0,3.917,0.581,1768000000.0,17000000.0,1751000000.0,1768000000.0,0.0,160000000.0,0.0,0.015,0.752,1686000000.0,1846000000.0,0.222,1846000000.0,1686000000.0,1686000000.0,3.48,3.45,3.48,7683000000.0,7617600000.0,7683000000.0,19992674283.0,12.0,10.83,1275000000.0,3.299,1.0,5496000000.0,0.662,3514000000.0,0.0,7655000000.0,7377400000.0,1283000000.0,2513000000.0,2513000000.0,0.0,4463000000.0,1840000000.0,2623000000.0,19022674283.0,-853000000.0,-2066000000.0,-622000000.0,737000000.0,-279000000.0,-161000000.0,-2135000000.0,90000000.0,1434000000.0,9000000.0,1345000000.0,1345000000.0,1345000000.0,0.0,0.0,0.162,3810000000.0,1686000000.0,345000000.0,0.216,2.476,14.143,14.284,888000000.0,0.0,49.71,2.29,2.313,1417000000.0,6479000000.0,8307000000.0,8307000000.0,462000000.0,0.114,0.177,0.229,0.203,75000000.0,3150000000.0,1.0,382672989.0,386500000.0,389500000.0,21.493,8632000000.0,777000000.0,341000000.0,155000000.0,22.334,5367000000.0
10,SYK,MRY,2010-12-31,2010-12-31,2010-12-31,2021-07-28,154000000.0,10895000000.0,10456350000.0,7632000000.0,3263000000.0,0.7,18.098,-121000000.0,1758000000.0,1758000000.0,2286000000.0,1273000000.0,4.755,0.519,1021000000.0,25000000.0,996000000.0,1021000000.0,0.0,165000000.0,0.0,0.012,0.63,1729000000.0,1894000000.0,0.259,1894000000.0,1729000000.0,1729000000.0,3.21,3.19,3.21,7174000000.0,6974075000.0,7174000000.0,21415251196.0,12.0,11.307,1426000000.0,3.597,1.0,5034000000.0,0.688,1775000000.0,0.0,6778000000.0,7233700000.0,1057000000.0,2622000000.0,2622000000.0,0.0,3721000000.0,1605000000.0,2116000000.0,21325351196.0,1099000000.0,-265000000.0,-426000000.0,1015000000.0,-238000000.0,410000000.0,-795000000.0,-409000000.0,1547000000.0,-63000000.0,1273000000.0,1273000000.0,1273000000.0,0.0,0.0,0.174,3283000000.0,1751000000.0,292000000.0,0.196,2.973,16.752,16.729,1089000000.0,0.0,53.7,2.913,2.908,1252000000.0,6017000000.0,7320000000.0,7320000000.0,394000000.0,0.122,0.183,0.239,0.236,69000000.0,2707000000.0,1.0,397120134.0,396400000.0,399500000.0,18.466,9120000000.0,901000000.0,456000000.0,47000000.0,23.007,6027000000.0
11,SYK,MRY,2009-12-31,2009-12-31,2009-12-31,2021-07-28,258000000.0,9071300000.0,8259800000.0,5851200000.0,3220100000.0,0.814,16.596,-130000000.0,658700000.0,658700000.0,2184000000.0,1107000000.0,4.061,0.375,18000000.0,18000000.0,0.0,18000000.0,0.0,165000000.0,0.0,0.005,0.25,1624000000.0,1789000000.0,0.266,1789000000.0,1624000000.0,1624000000.0,2.79,2.77,2.79,6595100000.0,6179650000.0,6595100000.0,19091891418.0,12.0,10.672,1331000000.0,3.349,1.0,4539000000.0,0.675,1591500000.0,0.0,5398100000.0,5212575000.0,943000000.0,2296100000.0,2296100000.0,0.0,2476200000.0,1441000000.0,1035200000.0,20034091418.0,-42000000.0,-570000000.0,0.0,-3000000.0,-198000000.0,-193000000.0,-1328000000.0,-628000000.0,1461000000.0,18000000.0,1107000000.0,1107000000.0,1107000000.0,0.0,0.0,0.165,2945000000.0,1594000000.0,200200000.0,0.09,3.038,18.098,18.054,1233000000.0,0.0,50.37,2.98,2.977,1147100000.0,5397400000.0,6723000000.0,6723000000.0,336000000.0,0.134,0.179,0.312,0.242,62000000.0,2506000000.0,1.0,397738563.0,397400000.0,399400000.0,16.917,7479800000.0,861100000.0,517000000.0,134700000.0,18.822,4410200000.0
12,SYK,MRY,2008-12-31,2008-12-31,2008-12-31,2021-07-28,164800000.0,7603300000.0,7739325000.0,4979300000.0,2624000000.0,0.868,13.392,-146600000.0,701100000.0,701100000.0,2131400000.0,1147800000.0,3.406,0.406,20500000.0,20500000.0,0.0,20500000.0,0.0,155400000.0,0.0,0.01,0.4,1580200000.0,1735600000.0,0.258,1735600000.0,1580200000.0,1580200000.0,2.81,2.78,2.81,5406700000.0,5825925000.0,5406700000.0,15482397310.0,10.0,8.92,1029300000.0,2.549,1.0,4586800000.0,0.683,935500000.0,0.0,4525100000.0,5050675000.0,952700000.0,1494500000.0,1494500000.0,0.0,2196600000.0,1462100000.0,734500000.0,16129197310.0,410600000.0,-14200000.0,-949900000.0,6700000.0,-135600000.0,-1046100000.0,310100000.0,470900000.0,1175900000.0,-29300000.0,1147800000.0,1147800000.0,1147800000.0,0.0,0.0,0.171,3067800000.0,1519000000.0,274300000.0,0.142,2.983,14.052,14.217,1239000000.0,0.0,39.95,2.401,2.401,1129500000.0,4389500000.0,6718200000.0,6718200000.0,367800000.0,0.148,0.197,0.313,0.235,65500000.0,2625100000.0,1.0,403734601.0,403734601.0,,16.64,6667800000.0,734100000.0,432400000.0,30000000.0,16.515,3517200000.0
13,SYK,MRY,2007-12-31,2007-12-31,2007-12-31,2021-07-28,260800000.0,7354000000.0,6677325000.0,4904900000.0,2449100000.0,0.899,13.103,-187000000.0,290500000.0,290500000.0,1865200000.0,1017400000.0,3.68,0.367,16800000.0,16800000.0,0.0,16800000.0,0.0,137100000.0,0.0,0.004,0.33,1400800000.0,1537900000.0,0.256,1537900000.0,1400800000.0,1400800000.0,2.48,2.44,2.48,5378500000.0,4957300000.0,5378500000.0,30517868739.0,22.0,19.844,841300000.0,2.05,1.0,4135300000.0,0.689,925500000.0,0.0,4821800000.0,4410800000.0,796200000.0,2120300000.0,2120300000.0,0.0,1975500000.0,1333000000.0,642500000.0,30671368739.0,-126100000.0,89900000.0,69500000.0,800000.0,-89700000.0,13600000.0,-1178200000.0,-1079500000.0,1028300000.0,10200000.0,1017400000.0,1017400000.0,1017400000.0,-30700000.0,0.0,0.17,2828000000.0,1307300000.0,265500000.0,0.133,5.703,30.147,30.129,1284700000.0,0.0,74.72,5.111,5.111,1030700000.0,4364700000.0,6000500000.0,6000500000.0,375300000.0,0.152,0.205,0.318,0.233,61300000.0,2391500000.0,1.0,410484057.0,410484057.0,,14.618,6428500000.0,706200000.0,383400000.0,58700000.0,15.661,3571900000.0
14,SYK,MRY,2006-12-31,2006-12-31,2006-12-31,2021-07-28,90600000.0,5873800000.0,5344025000.0,3534300000.0,2339500000.0,0.963,10.293,-209100000.0,416600000.0,416600000.0,1616600000.0,777700000.0,2.615,0.402,14800000.0,14800000.0,0.0,14800000.0,0.0,116700000.0,0.0,0.004,0.22,1100100000.0,1216800000.0,0.236,1216800000.0,1100100000.0,1100100000.0,1.91,1.89,1.91,4191000000.0,3859800000.0,4191000000.0,22271475630.0,20.0,18.303,658200000.0,1.617,1.0,3530600000.0,0.686,914800000.0,0.0,3205700000.0,3071725000.0,677600000.0,998200000.0,998200000.0,0.0,1682800000.0,1351500000.0,331300000.0,22438975630.0,-74600000.0,-93900000.0,48600000.0,-227200000.0,-44600000.0,-203200000.0,-742300000.0,-428100000.0,867300000.0,3600000.0,777700000.0,777700000.0,777700000.0,-6300000.0,0.0,0.151,2467000000.0,1063600000.0,247900000.0,0.115,5.354,28.853,28.853,1202600000.0,0.0,55.11,4.359,4.359,867200000.0,3490500000.0,5147200000.0,5147200000.0,324600000.0,0.146,0.201,0.358,0.214,56900000.0,2047000000.0,1.0,407167041.0,407167041.0,,12.641,4959000000.0,535800000.0,322400000.0,208200000.0,12.179,2182800000.0
15,SYK,MRY,2005-12-31,2005-12-31,2005-12-31,2021-07-28,5200000.0,4992500000.0,4406325000.0,2870100000.0,2122400000.0,1.046,8.149,-258400000.0,491200000.0,491200000.0,1489200000.0,643600000.0,2.298,0.513,231600000.0,47400000.0,184200000.0,231600000.0,0.0,100200000.0,0.0,0.002,0.11,948100000.0,1048300000.0,0.227,1048300000.0,948100000.0,948100000.0,1.59,1.57,1.59,3300200000.0,3074650000.0,3300200000.0,17802161836.0,19.0,16.982,575000000.0,1.42,1.0,3119700000.0,0.677,922900000.0,0.0,2561200000.0,2209775000.0,563500000.0,565300000.0,565300000.0,0.0,1692300000.0,1248800000.0,443500000.0,17993561836.0,141800000.0,-56700000.0,30400000.0,221500000.0,-36200000.0,232300000.0,-903000000.0,-575000000.0,833400000.0,-20900000.0,643600000.0,643600000.0,643600000.0,-11100000.0,0.0,0.14,2187600000.0,932100000.0,206500000.0,0.069,5.452,27.958,27.943,1076600000.0,0.0,44.43,3.904,3.904,770300000.0,2802500000.0,4608900000.0,4608900000.0,284700000.0,0.146,0.209,0.429,0.206,49400000.0,1839400000.0,1.0,404986762.0,404986762.0,,11.38,4069600000.0,474200000.0,304500000.0,207300000.0,10.049,1621300000.0
16,SYK,MRY,2004-12-31,2004-12-31,2004-12-31,2021-07-28,198300000.0,4083800000.0,3591225000.0,2142600000.0,1941200000.0,1.187,6.845,-179300000.0,349400000.0,349400000.0,1513800000.0,440000000.0,1.924,0.484,10000000.0,9300000.0,700000.0,10000000.0,0.0,102700000.0,0.0,0.002,0.09,678100000.0,780800000.0,0.183,780800000.0,678100000.0,678100000.0,1.1,1.08,1.1,2752000000.0,2501350000.0,2752000000.0,19322309316.0,28.0,24.747,380200000.0,0.946,1.0,2748500000.0,0.645,963200000.0,0.0,1667700000.0,1604000000.0,552500000.0,0.0,0.0,0.0,1331800000.0,1113500000.0,218300000.0,19397609316.0,283500000.0,-144700000.0,37300000.0,-17400000.0,-28000000.0,44400000.0,-324000000.0,0.0,559500000.0,3600000.0,440000000.0,440000000.0,440000000.0,0.0,0.0,0.103,2067000000.0,681500000.0,214500000.0,0.082,7.049,44.085,43.864,902900000.0,0.0,48.25,4.551,4.551,751100000.0,2297600000.0,4262300000.0,4262300000.0,214900000.0,0.123,0.176,0.423,0.159,39500000.0,1683500000.0,1.0,402022991.0,402022991.0,,10.602,3120600000.0,446100000.0,238100000.0,187000000.0,7.762,1029100000.0
17,SYK,MRY,2003-12-31,2003-12-31,2003-12-31,2021-07-28,99600000.0,3159100000.0,3014975000.0,1397600000.0,1761500000.0,1.202,5.401,-140800000.0,65900000.0,65900000.0,1312400000.0,453500000.0,1.675,0.466,26100000.0,7300000.0,18800000.0,26100000.0,0.0,97200000.0,0.0,0.002,0.07,652500000.0,749700000.0,0.207,749700000.0,652500000.0,652500000.0,1.14,1.11,1.14,2154800000.0,1893350000.0,2154800000.0,17085283522.0,26.0,22.789,507700000.0,1.273,1.0,2312900000.0,0.638,965500000.0,0.0,1319400000.0,1518225000.0,467900000.0,0.0,0.0,0.0,1004300000.0,834400000.0,169900000.0,16958283522.0,28100000.0,-10800000.0,26900000.0,-480100000.0,-23700000.0,-476300000.0,-151600000.0,0.0,648500000.0,7500000.0,453500000.0,453500000.0,453500000.0,0.0,0.0,0.125,1641600000.0,671300000.0,137800000.0,0.061,7.87,37.394,37.285,739500000.0,0.0,42.505,4.678,4.678,498600000.0,1868100000.0,3625300000.0,3625300000.0,180200000.0,0.15,0.24,0.43,0.18,0.0,1416000000.0,1.0,398971498.0,398971498.0,,9.087,2193600000.0,333300000.0,199000000.0,138900000.0,5.498,563200000.0
18,SYK,MRY,2002-12-31,2002-12-31,2002-12-31,2021-07-28,-84900000.0,2815500000.0,2648250000.0,1151300000.0,1664200000.0,1.137,3.784,-138200000.0,37800000.0,37800000.0,1111200000.0,345600000.0,1.627,0.879,501700000.0,10700000.0,491000000.0,501700000.0,0.0,86300000.0,0.0,0.002,0.06,547000000.0,633300000.0,0.21,633300000.0,547000000.0,506700000.0,0.87,0.85,0.87,1498200000.0,1334425000.0,1498200000.0,13865069553.0,25.0,21.893,378000000.0,0.955,1.0,1900400000.0,0.631,935100000.0,40300000.0,1636800000.0,1744125000.0,426500000.0,0.0,0.0,0.0,1317300000.0,707500000.0,609800000.0,13286969553.0,-12300000.0,-173600000.0,19700000.0,-225000000.0,-19700000.0,-224900000.0,-311800000.0,0.0,516200000.0,8200000.0,345600000.0,345600000.0,345600000.0,0.0,0.0,0.115,1352900000.0,547500000.0,106000000.0,0.069,8.869,38.446,38.575,519200000.0,0.0,33.56,4.412,4.412,406700000.0,1442600000.0,3011600000.0,3011600000.0,141400000.0,0.131,0.259,0.314,0.182,0.0,1165400000.0,1.0,395916852.0,395916852.0,,7.607,1880400000.0,289300000.0,161100000.0,133200000.0,4.749,443800000.0
19,SYK,MRY,2001-12-31,2001-12-31,2001-12-31,2021-07-28,-167400000.0,2423600000.0,2408025000.0,993100000.0,1430500000.0,1.081,2.686,-152900000.0,50100000.0,50100000.0,963800000.0,267000000.0,1.862,1.295,722600000.0,1700000.0,720900000.0,722600000.0,0.0,74500000.0,0.0,0.002,0.05,468800000.0,543300000.0,0.209,543300000.0,468800000.0,400900000.0,0.68,0.66,0.68,1056200000.0,979825000.0,1056200000.0,12219823657.0,26.0,22.492,320300000.0,0.815,1.0,1638500000.0,0.63,802300000.0,67900000.0,1760400000.0,1806075000.0,399800000.0,0.0,0.0,0.0,1367400000.0,533400000.0,834000000.0,11476123657.0,-3900000.0,-43000000.0,9800000.0,-275600000.0,-15700000.0,-282500000.0,-195900000.0,0.0,473200000.0,1300000.0,267000000.0,267000000.0,267000000.0,0.0,0.0,0.103,1128100000.0,510400000.0,108500000.0,0.074,10.865,42.982,42.919,444000000.0,0.0,29.185,4.41,4.41,332100000.0,1120700000.0,2602300000.0,2602300000.0,142100000.0,0.111,0.272,0.26,0.18,0.0,985400000.0,1.0,393219930.0,393219930.0,,6.618,1621300000.0,231900000.0,133900000.0,75100000.0,4.123,459700000.0
20,SYK,MRY,2000-12-31,2000-12-31,2000-12-31,2021-07-28,-102400000.0,2430800000.0,2528525000.0,997000000.0,1433800000.0,0.905,2.185,-75900000.0,54000000.0,54000000.0,815200000.0,221000000.0,1.615,1.843,1012500000.0,136000000.0,876500000.0,1012500000.0,0.0,74700000.0,0.0,0.002,0.04,431500000.0,506200000.0,0.221,506200000.0,431500000.0,334900000.0,0.565,0.55,0.565,854900000.0,774700000.0,854900000.0,10945859399.0,25.0,21.624,255900000.0,0.654,1.0,1474200000.0,0.644,839300000.0,96600000.0,1932600000.0,2094850000.0,392100000.0,0.0,0.0,0.0,1575900000.0,617400000.0,958500000.0,9894859399.0,-26000000.0,-24500000.0,14200000.0,-253400000.0,-12700000.0,-258700000.0,-93300000.0,7100000.0,331800000.0,-5800000.0,221000000.0,221000000.0,221000000.0,0.0,0.0,0.097,1006800000.0,467400000.0,94100000.0,0.071,11.574,44.773,44.77,378100000.0,0.0,25.295,4.322,4.322,343700000.0,873400000.0,2289400000.0,2289400000.0,122200000.0,0.087,0.285,0.206,0.188,0.0,885600000.0,1.0,391178470.0,391178470.0,,5.853,1591500000.0,252700000.0,113900000.0,33600000.0,4.068,379600000.0
21,SYK,MRY,1999-12-31,1999-12-31,1999-12-31,2021-07-28,-43100000.0,2580500000.0,2670300000.0,1110400000.0,1470100000.0,0.788,1.731,-76200000.0,80000000.0,80000000.0,989700000.0,19400000.0,1.658,2.843,1287400000.0,106300000.0,1181100000.0,1287400000.0,0.0,67800000.0,0.0,0.002,0.033,152400000.0,220200000.0,0.105,220200000.0,152400000.0,29800000.0,0.05,0.05,0.05,671500000.0,635575000.0,671500000.0,8085584813.0,53.0,36.719,207800000.0,0.536,1.0,1114000000.0,0.53,898900000.0,122600000.0,2219400000.0,2484550000.0,386100000.0,3500000.0,3500000.0,0.0,1909000000.0,669600000.0,1239400000.0,6752684813.0,-41300000.0,-14600000.0,7200000.0,-222400000.0,-11600000.0,-230600000.0,-79400000.0,11400000.0,284000000.0,-15300000.0,19400000.0,19400000.0,19400000.0,0.0,0.0,0.009,932500000.0,181500000.0,110400000.0,0.66,10.056,348.077,348.15,391500000.0,0.0,17.407,3.21,3.21,377700000.0,668100000.0,2103700000.0,2103700000.0,105200000.0,0.007,0.031,0.061,0.072,0.0,808400000.0,1.0,387918128.0,387918128.0,,5.423,1681600000.0,269700000.0,10400000.0,47100000.0,4.335,440800000.0
22,SYK,MRY,1998-12-31,1998-12-31,1998-12-31,2021-07-28,-9000000.0,2875400000.0,1489976000.0,1334700000.0,1540700000.0,0.74,1.744,-51300000.0,121300000.0,121300000.0,472100000.0,30900000.0,1.997,3.275,1503000000.0,15000000.0,1488000000.0,1503000000.0,0.0,30000000.0,0.0,0.002,0.03,109600000.0,139600000.0,0.127,139600000.0,109600000.0,121800000.0,0.155,0.155,0.155,672600000.0,680988000.0,672600000.0,5161702994.0,47.0,36.975,103200000.0,0.268,1.0,631100000.0,0.572,898000000.0,-12200000.0,2690600000.0,1203577000.0,591000000.0,17300000.0,17300000.0,0.0,2202800000.0,668500000.0,1534300000.0,5309617994.0,-32700000.0,-1694700000.0,6800000.0,1383300000.0,-10600000.0,1386800000.0,-1569800000.0,176200000.0,154500000.0,-4200000.0,30900000.0,30900000.0,30900000.0,0.0,0.0,0.028,536900000.0,94200000.0,162400000.0,0.194,7.894,171.832,88.806,429500000.0,0.0,13.765,4.813,4.813,425600000.0,661400000.0,1103200000.0,1103200000.0,61000000.0,0.021,0.045,0.091,0.099,0.0,373600000.0,1.0,385733236.0,385733236.0,,2.86,1977400000.0,128600000.0,90900000.0,49100000.0,5.126,666200000.0
23,SYK,MRY,1997-12-31,1997-12-31,1997-12-31,2021-07-28,-9788000.0,985075000.0,989290500.0,736703000.0,248372000.0,0.991,1.594,-35200000.0,154027000.0,154027000.0,397700000.0,125300000.0,2.431,0.608,78076000.0,73627000.0,4449000.0,78076000.0,0.0,26100000.0,0.0,0.003,0.028,200100000.0,226200000.0,0.231,226200000.0,200100000.0,195300000.0,0.325,0.32,0.325,612775000.0,571568000.0,612775000.0,,,,56700000.0,0.147,1.0,582400000.0,0.594,46110000.0,4800000.0,560003000.0,587312500.0,116341000.0,197041000.0,197041000.0,0.0,372300000.0,303011000.0,69289000.0,3580286171.0,-21600000.0,-39400000.0,-20200000.0,-6700000.0,-9700000.0,-30400000.0,-79700000.0,-5100000.0,91900000.0,-3400000.0,125300000.0,125300000.0,125300000.0,0.0,0.0,0.128,391200000.0,191200000.0,55034000.0,0.086,5.843,28.574,28.654,163867000.0,0.0,9.312,3.653,3.653,176214000.0,612939000.0,980100000.0,980100000.0,56900000.0,0.127,0.219,0.341,0.204,0.0,334300000.0,1.0,384460260.0,384460260.0,,2.549,938965000.0,78896000.0,70000000.0,36971000.0,2.442,433692000.0
24,SYK,MRY,1996-12-31,1996-12-31,1996-12-31,2021-07-28,442000.0,993506000.0,,753537000.0,239969000.0,,,-26724000.0,175673000.0,175673000.0,392358000.0,104460000.0,2.993,0.873,93905000.0,4403000.0,89502000.0,93905000.0,0.0,28397000.0,0.0,0.003,0.025,166110000.0,194507000.0,0.214,194507000.0,166110000.0,166110000.0,0.27,0.265,0.27,530361000.0,,530361000.0,,,,177618000.0,,1.0,517702000.0,0.569,45375000.0,0.0,614622000.0,,127387000.0,191900000.0,191900000.0,0.0,463145000.0,251741000.0,211404000.0,,106624000.0,-51295000.0,-10943000.0,-3278000.0,-4370000.0,-21395000.0,-74320000.0,3699000.0,204342000.0,-2003000.0,104460000.0,104460000.0,104460000.0,0.0,0.0,0.115,364195000.0,153507000.0,62433000.0,0.093,,,27.509,172303000.0,0.0,7.428,,,166052000.0,514318000.0,910060000.0,910060000.0,56870000.0,,,,0.183,0.0,326641000.0,1.0,,,,,948131000.0,78034000.0,61650000.0,56723000.0,,501796000.0
25,SYK,MRY,1995-12-31,1995-12-31,1995-12-31,2021-07-28,,,,,,,,-36299000.0,,,369444000.0,87010000.0,,,,,,,,25542000.0,,0.002,0.011,153910000.0,179452000.0,0.206,179452000.0,153910000.0,153910000.0,0.225,0.22,0.225,,,,,,,75237000.0,,1.0,502508000.0,0.576,,0.0,,,,,,,,,,,-47732000.0,-17743000.0,3814000.0,3882000.0,-3870000.0,4957000.0,-164377000.0,-110335000.0,111536000.0,152000.0,87010000.0,87010000.0,87010000.0,0.0,0.0,0.1,345197000.0,157311000.0,,0.049,,,28.983,,0.0,6.521,,,,,871952000.0,871952000.0,43771000.0,,,,0.177,0.0,301426000.0,1.0,,,,,,,66900000.0,,,
0,SYK,MRQ,2021-06-30,2021-06-30,2021-06-30,2021-07-28,-943000000.0,33698000000.0,,9032000000.0,24666000000.0,,36.668,-106000000.0,2241000000.0,2241000000.0,1522000000.0,592000000.0,2.124,1.438,12740000000.0,6000000.0,12734000000.0,12740000000.0,0.0,92000000.0,0.0,0.009,0.63,662000000.0,754000000.0,0.176,754000000.0,662000000.0,662000000.0,1.57,1.55,1.57,13820000000.0,,13820000000.0,108688723236.0,44.0,38.217,772000000.0,2.048,1.0,2772000000.0,0.646,18063000000.0,0.0,21882000000.0,,3431000000.0,84000000.0,84000000.0,0.0,19878000000.0,4252000000.0,15626000000.0,97852723236.0,3000000.0,-77000000.0,0.0,-410000000.0,-237000000.0,-676000000.0,-202000000.0,-10000000.0,878000000.0,3000000.0,592000000.0,592000000.0,592000000.0,0.0,0.0,0.138,2040000000.0,732000000.0,864000000.0,0.401,7.081,46.977,46.883,2738000000.0,0.0,259.73,6.023,6.026,2714000000.0,12881000000.0,4294000000.0,4294000000.0,310000000.0,,,,,39000000.0,1505000000.0,1.0,376747866.0,376900000.0,382300000.0,11.393,15635000000.0,1751000000.0,70000000.0,1227000000.0,41.483,4780000000.0
1,SYK,MRQ,2021-03-31,2021-03-31,2021-03-31,2021-07-28,-867000000.0,33455000000.0,,8979000000.0,24476000000.0,,35.881,-83000000.0,2238000000.0,2238000000.0,1444000000.0,302000000.0,2.271,1.478,13074000000.0,15000000.0,13059000000.0,13074000000.0,0.0,95000000.0,0.0,0.01,0.63,367000000.0,462000000.0,0.117,462000000.0,367000000.0,367000000.0,0.8,0.79,0.8,13502000000.0,,13502000000.0,102683025452.0,59.0,49.225,369000000.0,0.981,1.0,2509000000.0,0.635,18181000000.0,0.0,22157000000.0,,3473000000.0,74000000.0,74000000.0,0.0,19953000000.0,3953000000.0,16000000000.0,91635025452.0,-705000000.0,-27000000.0,0.0,-743000000.0,-238000000.0,-1053000000.0,-96000000.0,7000000.0,452000000.0,-8000000.0,302000000.0,302000000.0,302000000.0,0.0,0.0,0.076,2050000000.0,459000000.0,767000000.0,0.787,6.787,65.082,64.955,2710000000.0,0.0,243.58,6.227,6.229,2616000000.0,12525000000.0,3953000000.0,3953000000.0,288000000.0,,,,,68000000.0,1575000000.0,1.0,376200942.0,376300000.0,381700000.0,10.505,15274000000.0,1519000000.0,65000000.0,1239000000.0,40.59,5026000000.0
2,SYK,MRQ,2020-12-31,2020-12-31,2020-12-31,2021-07-28,-1157000000.0,34330000000.0,,9707000000.0,24623000000.0,,34.789,-165000000.0,2943000000.0,2943000000.0,1545000000.0,568000000.0,1.926,1.624,13991000000.0,761000000.0,13230000000.0,13991000000.0,0.0,93000000.0,0.0,0.01,0.63,671000000.0,764000000.0,0.179,764000000.0,671000000.0,671000000.0,1.51,1.49,1.51,13084000000.0,,13084000000.0,98127742591.0,50.0,42.776,1072000000.0,2.85,1.0,2717000000.0,0.637,18332000000.0,0.0,22005000000.0,,3494000000.0,81000000.0,81000000.0,0.0,21246000000.0,5041000000.0,16205000000.0,92083742591.0,-4140000000.0,-4196000000.0,0.0,-807000000.0,-216000000.0,-1057000000.0,-4352000000.0,-3000000.0,1237000000.0,32000000.0,568000000.0,568000000.0,568000000.0,0.0,0.0,0.133,1968000000.0,749000000.0,810000000.0,0.417,7.038,57.588,57.521,2752000000.0,0.0,245.04,6.417,6.412,2701000000.0,12462000000.0,4262000000.0,4262000000.0,255000000.0,,,,,27000000.0,1562000000.0,1.0,375790657.0,376100000.0,381200000.0,11.332,15998000000.0,1530000000.0,103000000.0,1197000000.0,42.537,4666000000.0
3,SYK,MRQ,2020-09-30,2020-09-30,2020-09-30,2021-07-28,-917000000.0,32286000000.0,,13545000000.0,18741000000.0,,34.565,-69000000.0,7083000000.0,7083000000.0,1276000000.0,621000000.0,2.889,1.486,13127000000.0,1119000000.0,12008000000.0,13127000000.0,0.0,84000000.0,0.0,0.011,0.575,780000000.0,864000000.0,0.231,864000000.0,780000000.0,780000000.0,1.66,1.63,1.66,12986000000.0,,12986000000.0,84646983255.0,38.0,33.208,760000000.0,2.023,1.0,2461000000.0,0.659,13045000000.0,0.0,20596000000.0,,3459000000.0,78000000.0,78000000.0,0.0,19300000000.0,4689000000.0,14611000000.0,78264983255.0,544000000.0,0.0,0.0,-5000000.0,-216000000.0,-242000000.0,-69000000.0,2000000.0,829000000.0,26000000.0,621000000.0,621000000.0,621000000.0,0.0,0.0,0.166,1602000000.0,859000000.0,647000000.0,0.346,6.027,44.57,44.334,2529000000.0,0.0,208.37,5.504,5.505,2426000000.0,12129000000.0,3737000000.0,3737000000.0,242000000.0,,,,,29000000.0,1244000000.0,1.0,375605813.0,375700000.0,380200000.0,9.947,19241000000.0,1627000000.0,159000000.0,1260000000.0,51.214,8856000000.0
4,SYK,MRQ,2020-06-30,2020-06-30,2020-06-30,2021-07-28,-715000000.0,31483000000.0,,12801000000.0,18682000000.0,,33.965,-109000000.0,6539000000.0,6539000000.0,1216000000.0,-83000000.0,2.906,1.468,12921000000.0,1110000000.0,11811000000.0,12921000000.0,0.0,83000000.0,0.0,0.012,0.575,-87000000.0,-4000000.0,-0.001,-4000000.0,-87000000.0,-87000000.0,-0.22,-0.22,-0.22,12754000000.0,,12754000000.0,74182447771.0,37.0,31.648,511000000.0,1.361,1.0,1548000000.0,0.56,13086000000.0,0.0,20374000000.0,,3442000000.0,80000000.0,80000000.0,0.0,18729000000.0,4405000000.0,14324000000.0,67639447771.0,2575000000.0,-3000000.0,0.0,2297000000.0,-216000000.0,2056000000.0,-117000000.0,4000000.0,620000000.0,16000000.0,-83000000.0,-83000000.0,-83000000.0,0.0,0.0,-0.03,1568000000.0,-20000000.0,635000000.0,-2.614,5.303,42.248,42.1,2527000000.0,0.0,180.19,4.807,4.809,2203000000.0,11725000000.0,2764000000.0,2764000000.0,233000000.0,,,,,30000000.0,1225000000.0,1.0,375378477.0,375500000.0,375500000.0,7.361,18397000000.0,1570000000.0,-4000000.0,1204000000.0,48.993,8396000000.0
5,SYK,MRQ,2020-03-31,2020-03-31,2020-03-31,2021-07-28,-623000000.0,29440000000.0,,10736000000.0,18704000000.0,,34.992,-144000000.0,3964000000.0,3964000000.0,1257000000.0,493000000.0,2.58,1.245,10507000000.0,1103000000.0,9404000000.0,10507000000.0,0.0,80000000.0,0.0,0.013,0.575,590000000.0,670000000.0,0.187,670000000.0,590000000.0,590000000.0,1.32,1.3,1.32,13115000000.0,,13115000000.0,69116015891.0,26.0,23.116,447000000.0,1.193,1.0,2331000000.0,0.65,13132000000.0,0.0,18689000000.0,,3359000000.0,84000000.0,84000000.0,0.0,16325000000.0,4162000000.0,12163000000.0,62363015891.0,-373000000.0,-23000000.0,0.0,-496000000.0,-215000000.0,-768000000.0,-163000000.0,4000000.0,591000000.0,-33000000.0,493000000.0,493000000.0,493000000.0,0.0,0.0,0.137,1696000000.0,635000000.0,736000000.0,0.436,4.755,28.818,28.755,2607000000.0,0.0,166.49,4.17,4.172,2646000000.0,12024000000.0,3588000000.0,3588000000.0,254000000.0,,,,,56000000.0,1330000000.0,1.0,374575145.0,374800000.0,379700000.0,9.573,16308000000.0,1537000000.0,97000000.0,1253000000.0,43.511,6574000000.0
6,SYK,MRQ,2019-12-31,2019-12-31,2019-12-31,2021-07-28,-606000000.0,30167000000.0,,11058000000.0,19109000000.0,,34.188,-199000000.0,4337000000.0,4337000000.0,1428000000.0,725000000.0,2.513,1.356,11090000000.0,859000000.0,10231000000.0,11090000000.0,0.0,83000000.0,0.0,0.01,0.575,936000000.0,1019000000.0,0.247,1019000000.0,936000000.0,936000000.0,1.94,1.9,1.94,12807000000.0,,12807000000.0,85061560953.0,33.0,29.576,536000000.0,1.431,1.0,2703000000.0,0.654,13296000000.0,0.0,19224000000.0,,2980000000.0,88000000.0,88000000.0,0.0,17360000000.0,4400000000.0,12960000000.0,78594560953.0,2389000000.0,-521000000.0,0.0,2641000000.0,-193000000.0,2363000000.0,-719000000.0,0.0,735000000.0,10000000.0,725000000.0,725000000.0,725000000.0,0.0,0.0,0.176,1759000000.0,944000000.0,675000000.0,0.296,6.137,37.731,37.691,2567000000.0,0.0,209.94,5.28,5.275,2893000000.0,11748000000.0,4131000000.0,4131000000.0,254000000.0,,,,,32000000.0,1380000000.0,1.0,374366776.0,374600000.0,380200000.0,11.028,16871000000.0,1575000000.0,211000000.0,1239000000.0,45.037,6658000000.0
7,SYK,MRQ,2019-09-30,2019-09-30,2019-09-30,2021-07-28,-553000000.0,26659000000.0,,8566000000.0,18093000000.0,,32.91,-163000000.0,1948000000.0,1948000000.0,1257000000.0,466000000.0,2.185,1.165,8415000000.0,526000000.0,7889000000.0,8415000000.0,0.0,78000000.0,0.0,0.01,0.52,581000000.0,659000000.0,0.184,659000000.0,581000000.0,581000000.0,1.24,1.23,1.24,12315000000.0,,12315000000.0,87677610194.0,38.0,33.761,466000000.0,1.245,1.0,2330000000.0,0.65,12760000000.0,0.0,16445000000.0,,3269000000.0,88000000.0,88000000.0,0.0,14344000000.0,3921000000.0,10423000000.0,80918610194.0,194000000.0,-21000000.0,0.0,-13000000.0,-195000000.0,-225000000.0,-186000000.0,-2000000.0,629000000.0,-24000000.0,466000000.0,466000000.0,466000000.0,0.0,0.0,0.13,1702000000.0,628000000.0,659000000.0,0.419,6.571,23.619,23.614,2460000000.0,0.0,216.3,5.562,5.563,2438000000.0,11238000000.0,3587000000.0,3587000000.0,246000000.0,,,,,32000000.0,1291000000.0,1.0,374103607.0,374200000.0,380300000.0,9.586,13899000000.0,1586000000.0,115000000.0,1182000000.0,37.143,4645000000.0
8,SYK,MRQ,2019-06-30,2019-06-30,2019-06-30,2021-07-28,-630000000.0,26354000000.0,,8185000000.0,18169000000.0,,31.942,-165000000.0,1754000000.0,1754000000.0,1270000000.0,480000000.0,2.074,1.207,8513000000.0,539000000.0,7974000000.0,8513000000.0,0.0,77000000.0,0.0,0.01,0.52,565000000.0,642000000.0,0.176,642000000.0,565000000.0,565000000.0,1.29,1.26,1.29,11943000000.0,,11943000000.0,83644877274.0,37.0,32.866,349000000.0,0.933,1.0,2380000000.0,0.652,12946000000.0,0.0,16221000000.0,,3198000000.0,85000000.0,85000000.0,0.0,14411000000.0,3946000000.0,10465000000.0,76847877274.0,80000000.0,-80000000.0,0.0,18000000.0,-195000000.0,-188000000.0,-247000000.0,-2000000.0,514000000.0,1000000.0,480000000.0,480000000.0,480000000.0,0.0,0.0,0.132,1767000000.0,613000000.0,616000000.0,0.403,6.435,21.647,21.64,2387000000.0,0.0,205.58,5.41,5.412,2408000000.0,10967000000.0,3650000000.0,3650000000.0,246000000.0,,,,,28000000.0,1282000000.0,1.0,373810085.0,373900000.0,379500000.0,9.762,13408000000.0,1613000000.0,85000000.0,1245000000.0,35.86,4239000000.0
9,SYK,MRQ,2019-03-31,2019-03-31,2019-03-31,2021-07-28,-565000000.0,25937000000.0,,7888000000.0,18049000000.0,,31.323,-122000000.0,1674000000.0,1674000000.0,1233000000.0,412000000.0,2.124,1.218,8471000000.0,521000000.0,7950000000.0,8471000000.0,0.0,76000000.0,0.0,0.01,0.52,480000000.0,556000000.0,0.158,556000000.0,480000000.0,480000000.0,1.1,1.09,1.1,11693000000.0,,11693000000.0,79851718903.0,35.0,30.689,191000000.0,0.512,1.0,2283000000.0,0.649,12950000000.0,0.0,16071000000.0,,3064000000.0,84000000.0,84000000.0,0.0,14244000000.0,3713000000.0,10531000000.0,73608718903.0,-1942000000.0,-180000000.0,-307000000.0,-1353000000.0,-195000000.0,-1947000000.0,-303000000.0,-1000000.0,313000000.0,-5000000.0,412000000.0,412000000.0,412000000.0,0.0,0.0,0.117,1755000000.0,528000000.0,619000000.0,0.473,6.295,20.9,20.968,2297000000.0,0.0,197.52,5.305,5.314,2284000000.0,10683000000.0,3516000000.0,3516000000.0,225000000.0,,,,,35000000.0,1403000000.0,1.0,372664636.0,373300000.0,379300000.0,9.419,12987000000.0,1631000000.0,68000000.0,1372000000.0,34.79,4175000000.0
10,SYK,MRQ,2018-12-31,2018-12-31,2018-12-31,2021-07-28,-631000000.0,27229000000.0,,9733000000.0,17496000000.0,,31.33,-154000000.0,3616000000.0,3616000000.0,1340000000.0,2068000000.0,2.025,1.321,9859000000.0,1373000000.0,8486000000.0,9859000000.0,0.0,83000000.0,0.0,0.012,0.52,657000000.0,740000000.0,0.195,740000000.0,657000000.0,657000000.0,5.53,5.44,5.53,11730000000.0,,11730000000.0,63938857080.0,27.0,24.019,892000000.0,2.382,1.0,2456000000.0,0.647,12726000000.0,0.0,15939000000.0,,2955000000.0,83000000.0,83000000.0,0.0,15499000000.0,4807000000.0,10692000000.0,58653857080.0,1698000000.0,-1681000000.0,0.0,2469000000.0,-175000000.0,2280000000.0,-1628000000.0,209000000.0,1046000000.0,0.0,2068000000.0,2068000000.0,2068000000.0,0.0,0.0,0.545,1758000000.0,698000000.0,646000000.0,0.094,5.0,16.508,16.5,2291000000.0,0.0,156.75,4.312,4.311,2332000000.0,10765000000.0,3796000000.0,3796000000.0,221000000.0,,,,,32000000.0,1431000000.0,1.0,374187286.0,374400000.0,380000000.0,10.139,14503000000.0,1678000000.0,-1411000000.0,1386000000.0,38.737,4926000000.0
11,SYK,MRQ,2018-09-30,2018-09-30,2018-09-30,2021-07-28,-604000000.0,22084000000.0,,7918000000.0,14166000000.0,,26.357,-140000000.0,1918000000.0,1918000000.0,1087000000.0,590000000.0,1.907,1.24,7203000000.0,1275000000.0,5928000000.0,7203000000.0,0.0,73000000.0,0.0,0.011,0.47,534000000.0,607000000.0,0.187,607000000.0,534000000.0,534000000.0,1.58,1.55,1.58,9860000000.0,,9860000000.0,72011630974.0,31.0,27.236,478000000.0,1.278,1.0,2155000000.0,0.665,11097000000.0,0.0,12119000000.0,,2893000000.0,292000000.0,292000000.0,0.0,12224000000.0,4153000000.0,8071000000.0,66450630974.0,277000000.0,-3000000.0,0.0,-1000000.0,-176000000.0,-179000000.0,-156000000.0,-13000000.0,618000000.0,-6000000.0,590000000.0,590000000.0,590000000.0,0.0,0.0,0.182,1579000000.0,576000000.0,563000000.0,0.297,6.739,53.763,53.68,2178000000.0,0.0,177.68,5.005,5.007,2076000000.0,8892000000.0,3242000000.0,3242000000.0,221000000.0,,,,,30000000.0,1242000000.0,1.0,373990494.0,374100000.0,380200000.0,8.666,10987000000.0,0.0,-56000000.0,1351000000.0,29.369,3765000000.0
12,SYK,MRQ,2018-06-30,2018-06-30,2018-06-30,2021-07-28,-557000000.0,21570000000.0,,7413000000.0,14157000000.0,,25.301,-157000000.0,1641000000.0,1641000000.0,1132000000.0,452000000.0,1.832,1.28,7202000000.0,1277000000.0,5925000000.0,7202000000.0,0.0,76000000.0,0.0,0.011,0.47,623000000.0,699000000.0,0.21,699000000.0,623000000.0,623000000.0,1.21,1.19,1.21,9460000000.0,,9460000000.0,68829828315.0,30.0,26.689,492000000.0,1.316,1.0,2190000000.0,0.659,11203000000.0,0.0,11882000000.0,,2740000000.0,279000000.0,279000000.0,0.0,12110000000.0,4046000000.0,8064000000.0,63104828315.0,-538000000.0,-63000000.0,0.0,-706000000.0,-176000000.0,-917000000.0,-224000000.0,-4000000.0,649000000.0,-46000000.0,452000000.0,452000000.0,452000000.0,0.0,0.0,0.136,1518000000.0,672000000.0,561000000.0,0.388,6.671,58.43,58.429,2101000000.0,0.0,168.86,4.839,4.842,2089000000.0,8477000000.0,3322000000.0,3322000000.0,216000000.0,,,,,28000000.0,1190000000.0,1.0,373710934.0,373900000.0,380100000.0,8.885,10367000000.0,0.0,171000000.0,1392000000.0,27.727,3367000000.0
13,SYK,MRQ,2018-03-31,2018-03-31,2018-03-31,2021-07-28,-510000000.0,22133000000.0,,7851000000.0,14282000000.0,,24.636,-121000000.0,2179000000.0,2179000000.0,1104000000.0,443000000.0,1.636,1.401,7904000000.0,1984000000.0,5920000000.0,7904000000.0,0.0,74000000.0,0.0,0.011,0.47,542000000.0,616000000.0,0.19,616000000.0,542000000.0,542000000.0,1.18,1.16,1.18,9214000000.0,,9214000000.0,64967400295.0,31.0,27.194,176000000.0,0.471,1.0,2137000000.0,0.659,11412000000.0,0.0,11646000000.0,,2664000000.0,276000000.0,276000000.0,0.0,12910000000.0,4800000000.0,8110000000.0,60287400295.0,-363000000.0,-704000000.0,-300000000.0,694000000.0,-176000000.0,145000000.0,-849000000.0,-24000000.0,297000000.0,44000000.0,443000000.0,443000000.0,443000000.0,0.0,0.0,0.137,1546000000.0,591000000.0,529000000.0,0.398,6.543,59.163,59.162,2054000000.0,0.0,160.92,4.736,4.728,2108000000.0,8201000000.0,3241000000.0,3241000000.0,204000000.0,,,,,29000000.0,1236000000.0,1.0,374642060.0,374000000.0,380700000.0,8.666,10721000000.0,0.0,99000000.0,1464000000.0,28.666,3051000000.0
14,SYK,MRQ,2017-12-31,2017-12-31,2017-12-31,2021-07-28,-553000000.0,22197000000.0,,7993000000.0,14204000000.0,,26.604,-186000000.0,2542000000.0,2542000000.0,1230000000.0,-249000000.0,2.294,1.226,7222000000.0,632000000.0,6590000000.0,7222000000.0,0.0,73000000.0,0.0,0.011,0.47,649000000.0,722000000.0,0.208,722000000.0,649000000.0,649000000.0,-0.66,-0.66,-0.66,9966000000.0,,9966000000.0,62579954784.0,30.0,26.812,493000000.0,1.316,1.0,2241000000.0,0.646,10645000000.0,0.0,12747000000.0,,2465000000.0,251000000.0,251000000.0,0.0,12217000000.0,3485000000.0,8732000000.0,57946954784.0,-50000000.0,-119000000.0,0.0,-1000000.0,-159000000.0,-272000000.0,-460000000.0,-154000000.0,679000000.0,3000000.0,-249000000.0,-249000000.0,-249000000.0,0.0,0.0,-0.072,1527000000.0,714000000.0,487000000.0,-0.712,5.814,56.811,56.718,1975000000.0,0.0,154.84,4.657,4.654,2198000000.0,8986000000.0,3471000000.0,3471000000.0,205000000.0,,,,,28000000.0,1217000000.0,1.0,374237631.0,374600000.0,381000000.0,9.266,11552000000.0,283000000.0,898000000.0,1404000000.0,30.838,4508000000.0
15,SYK,MRQ,2017-09-30,2017-09-30,2017-09-30,2021-07-28,-498000000.0,21485000000.0,,7710000000.0,13775000000.0,,27.859,-142000000.0,2592000000.0,2592000000.0,1022000000.0,434000000.0,2.366,1.061,7225000000.0,632000000.0,6593000000.0,7225000000.0,0.0,71000000.0,0.0,0.012,0.425,471000000.0,542000000.0,0.18,542000000.0,471000000.0,471000000.0,1.16,1.14,1.16,10425000000.0,,10425000000.0,56841469014.0,28.0,25.129,-63000000.0,-0.168,1.0,1984000000.0,0.66,10496000000.0,0.0,12364000000.0,,2454000000.0,97000000.0,97000000.0,0.0,11060000000.0,3258000000.0,7802000000.0,53124469014.0,-1057000000.0,-674000000.0,0.0,-143000000.0,-159000000.0,-345000000.0,-815000000.0,1000000.0,79000000.0,24000000.0,434000000.0,434000000.0,434000000.0,0.0,0.0,0.144,1459000000.0,525000000.0,458000000.0,0.366,5.096,29.862,29.899,1852000000.0,0.0,142.02,4.38,4.381,1965000000.0,9411000000.0,3006000000.0,3006000000.0,198000000.0,,,,,27000000.0,1103000000.0,1.0,374063294.0,374200000.0,380200000.0,8.033,10989000000.0,0.0,37000000.0,143000000.0,29.367,4452000000.0
16,SYK,MRQ,2017-06-30,2017-06-30,2017-06-30,2021-07-28,-590000000.0,21292000000.0,,8478000000.0,12814000000.0,,26.839,-131000000.0,3649000000.0,3649000000.0,1021000000.0,391000000.0,2.387,1.122,7366000000.0,774000000.0,6592000000.0,7366000000.0,0.0,65000000.0,0.0,0.012,0.425,444000000.0,509000000.0,0.169,509000000.0,444000000.0,444000000.0,1.04,1.03,1.04,10035000000.0,,10035000000.0,55877110586.0,29.0,25.422,519000000.0,1.388,1.0,1991000000.0,0.661,9853000000.0,0.0,11604000000.0,,2279000000.0,98000000.0,98000000.0,0.0,11257000000.0,3552000000.0,7705000000.0,51871110586.0,436000000.0,-29000000.0,0.0,139000000.0,-159000000.0,-40000000.0,-192000000.0,-32000000.0,650000000.0,18000000.0,391000000.0,391000000.0,391000000.0,0.0,0.0,0.13,1489000000.0,502000000.0,427000000.0,0.409,5.169,30.512,30.568,1758000000.0,0.0,138.78,4.338,4.34,1905000000.0,9136000000.0,3012000000.0,3012000000.0,192000000.0,,,,,26000000.0,1130000000.0,1.0,373765028.0,373900000.0,379800000.0,8.056,11439000000.0,0.0,53000000.0,80000000.0,30.594,4926000000.0
17,SYK,MRQ,2017-03-31,2017-03-31,2017-03-31,2021-07-28,-675000000.0,20517000000.0,,7889000000.0,12628000000.0,,25.988,-139000000.0,3213000000.0,3213000000.0,991000000.0,444000000.0,3.089,1.114,7219000000.0,35000000.0,7184000000.0,7219000000.0,0.0,62000000.0,0.0,0.012,0.425,499000000.0,561000000.0,0.19,561000000.0,499000000.0,499000000.0,1.19,1.17,1.19,9704000000.0,,9704000000.0,52687427932.0,27.0,24.18,12000000.0,0.032,1.0,1964000000.0,0.665,9839000000.0,0.0,12130000000.0,,2172000000.0,66000000.0,66000000.0,0.0,10813000000.0,2554000000.0,8259000000.0,49089427932.0,-103000000.0,-9000000.0,-230000000.0,304000000.0,-159000000.0,-137000000.0,-146000000.0,2000000.0,151000000.0,29000000.0,444000000.0,444000000.0,444000000.0,0.0,0.0,0.15,1408000000.0,556000000.0,456000000.0,0.357,5.059,29.064,29.126,1655000000.0,0.0,131.65,4.165,4.171,1875000000.0,8903000000.0,2955000000.0,2955000000.0,192000000.0,,,,,32000000.0,1102000000.0,1.0,372878298.0,373400000.0,379300000.0,7.914,10678000000.0,0.0,55000000.0,43000000.0,28.597,5335000000.0
18,SYK,MRQ,2016-12-31,2016-12-31,2016-12-31,2021-07-28,-761000000.0,20435000000.0,,7861000000.0,12574000000.0,,25.487,-143000000.0,3316000000.0,3316000000.0,1062000000.0,510000000.0,2.497,1.14,6914000000.0,228000000.0,6686000000.0,6914000000.0,0.0,62000000.0,0.0,0.013,0.425,588000000.0,650000000.0,0.206,650000000.0,588000000.0,588000000.0,1.36,1.34,1.36,9550000000.0,,9550000000.0,48758060334.0,25.0,22.699,515000000.0,1.374,1.0,2095000000.0,0.664,9864000000.0,0.0,11021000000.0,,2030000000.0,68000000.0,68000000.0,0.0,10885000000.0,3148000000.0,7737000000.0,44863060334.0,363000000.0,-36000000.0,0.0,94000000.0,-142000000.0,-52000000.0,-177000000.0,1000000.0,658000000.0,-66000000.0,510000000.0,510000000.0,510000000.0,0.0,0.0,0.162,1425000000.0,670000000.0,437000000.0,0.312,4.698,27.239,27.23,1569000000.0,0.0,119.81,3.961,3.958,1967000000.0,8842000000.0,3157000000.0,3157000000.0,189000000.0,,,,,26000000.0,1093000000.0,1.0,374451718.0,374700000.0,379100000.0,8.425,10571000000.0,0.0,78000000.0,327000000.0,28.212,4713000000.0
19,SYK,MRQ,2016-09-30,2016-09-30,2016-09-30,2021-07-28,-600000000.0,20187000000.0,,7366000000.0,12821000000.0,,24.925,-118000000.0,2953000000.0,2953000000.0,960000000.0,355000000.0,2.434,1.163,6848000000.0,135000000.0,6713000000.0,6848000000.0,0.0,59000000.0,0.0,0.013,0.38,419000000.0,478000000.0,0.169,478000000.0,419000000.0,419000000.0,0.95,0.94,0.95,9332000000.0,,9332000000.0,47726503387.0,25.0,22.096,384000000.0,1.026,1.0,1873000000.0,0.661,10083000000.0,0.0,10973000000.0,,2092000000.0,69000000.0,69000000.0,0.0,10855000000.0,3026000000.0,7829000000.0,43572503387.0,-537000000.0,-77000000.0,0.0,-793000000.0,-142000000.0,-948000000.0,-102000000.0,97000000.0,502000000.0,11000000.0,355000000.0,355000000.0,355000000.0,0.0,0.0,0.125,1387000000.0,486000000.0,420000000.0,0.4,4.669,26.264,26.218,1505000000.0,0.0,116.41,4.004,4.005,1803000000.0,8491000000.0,2833000000.0,2833000000.0,184000000.0,,,,,22000000.0,1057000000.0,1.0,374302065.0,374400000.0,379000000.0,7.567,10104000000.0,0.0,64000000.0,213000000.0,26.987,4340000000.0
20,SYK,MRQ,2016-06-30,2016-06-30,2016-06-30,2021-07-28,-595000000.0,20520000000.0,,7824000000.0,12696000000.0,,24.313,-114000000.0,3490000000.0,3490000000.0,998000000.0,380000000.0,2.17,1.255,7644000000.0,927000000.0,6717000000.0,7644000000.0,0.0,57000000.0,0.0,0.012,0.38,433000000.0,490000000.0,0.173,490000000.0,433000000.0,433000000.0,1.02,1.0,1.02,9098000000.0,,9098000000.0,45314154854.0,24.0,21.849,379000000.0,1.013,1.0,1842000000.0,0.649,10100000000.0,0.0,10969000000.0,,1989000000.0,166000000.0,166000000.0,0.0,11422000000.0,3605000000.0,7817000000.0,44814154854.0,-3486000000.0,-4196000000.0,0.0,156000000.0,-142000000.0,-1000000.0,-3969000000.0,341000000.0,493000000.0,-9000000.0,380000000.0,380000000.0,380000000.0,0.0,0.0,0.134,1342000000.0,500000000.0,425000000.0,0.373,4.926,27.922,27.932,1446000000.0,0.0,119.83,4.28,4.283,1758000000.0,8278000000.0,2840000000.0,2840000000.0,183000000.0,,,,,21000000.0,1043000000.0,1.0,373981097.0,374200000.0,378500000.0,7.59,10420000000.0,0.0,53000000.0,166000000.0,27.846,4219000000.0
21,SYK,MRQ,2016-03-31,2016-03-31,2016-03-31,2021-07-28,-622000000.0,19668000000.0,,11325000000.0,8343000000.0,,23.601,-115000000.0,6976000000.0,6976000000.0,801000000.0,402000000.0,3.555,1.233,7476000000.0,770000000.0,6706000000.0,7476000000.0,0.0,49000000.0,0.0,0.014,0.38,481000000.0,530000000.0,0.212,530000000.0,481000000.0,481000000.0,1.08,1.07,1.08,8808000000.0,,8808000000.0,40660261633.0,22.0,20.03,147000000.0,0.394,1.0,1694000000.0,0.679,5945000000.0,0.0,11037000000.0,,1768000000.0,507000000.0,507000000.0,0.0,10860000000.0,3186000000.0,7674000000.0,40017261633.0,3597000000.0,-23000000.0,-13000000.0,3455000000.0,-142000000.0,3259000000.0,57000000.0,195000000.0,262000000.0,19000000.0,402000000.0,402000000.0,402000000.0,0.0,0.0,0.161,1175000000.0,519000000.0,394000000.0,0.352,4.543,24.748,24.893,1224000000.0,0.0,107.29,3.977,3.979,1591000000.0,8040000000.0,2495000000.0,2495000000.0,159000000.0,,,,,28000000.0,944000000.0,1.0,372982213.0,373200000.0,377400000.0,6.685,13723000000.0,0.0,79000000.0,151000000.0,36.771,8139000000.0
22,SYK,MRQ,2015-12-31,2015-12-31,2015-12-31,2021-07-28,-639000000.0,16223000000.0,,7943000000.0,8280000000.0,,22.745,-79000000.0,3379000000.0,3379000000.0,895000000.0,522000000.0,2.268,0.906,3998000000.0,768000000.0,3230000000.0,3998000000.0,0.0,50000000.0,0.0,0.015,0.38,612000000.0,662000000.0,0.244,662000000.0,612000000.0,612000000.0,1.39,1.38,1.39,8511000000.0,,8511000000.0,35220036242.0,20.0,18.325,674000000.0,1.801,1.0,1820000000.0,0.67,5930000000.0,0.0,7410000000.0,,1639000000.0,700000000.0,700000000.0,0.0,7712000000.0,3502000000.0,4210000000.0,34901036242.0,216000000.0,-13000000.0,-254000000.0,549000000.0,-130000000.0,79000000.0,-585000000.0,-493000000.0,753000000.0,-31000000.0,522000000.0,522000000.0,522000000.0,0.0,0.0,0.192,1172000000.0,648000000.0,410000000.0,0.273,4.101,24.254,24.33,1199000000.0,0.0,92.94,3.509,3.519,1662000000.0,7792000000.0,2715000000.0,2715000000.0,164000000.0,,,,,21000000.0,970000000.0,1.0,375522232.0,374200000.0,378200000.0,7.255,10293000000.0,0.0,90000000.0,141000000.0,27.507,4441000000.0
23,SYK,MRQ,2015-09-30,2015-09-30,2015-09-30,2021-07-28,-529000000.0,15917000000.0,,8033000000.0,7884000000.0,,22.546,-77000000.0,3163000000.0,3163000000.0,796000000.0,301000000.0,2.261,0.876,3482000000.0,971000000.0,2511000000.0,3482000000.0,0.0,47000000.0,0.0,0.015,0.345,345000000.0,392000000.0,0.162,392000000.0,345000000.0,345000000.0,0.8,0.79,0.8,8484000000.0,,8484000000.0,35277127937.0,22.0,19.919,-586000000.0,-1.557,1.0,1624000000.0,0.671,6021000000.0,0.0,6662000000.0,,1665000000.0,209000000.0,209000000.0,0.0,7433000000.0,3553000000.0,3880000000.0,35434127937.0,-463000000.0,-48000000.0,-122000000.0,-3000000.0,-130000000.0,-251000000.0,315000000.0,440000000.0,-509000000.0,-18000000.0,301000000.0,301000000.0,301000000.0,0.0,0.0,0.124,1246000000.0,378000000.0,340000000.0,0.431,4.177,30.105,30.257,1128000000.0,0.0,94.1,3.598,3.595,1496000000.0,7656000000.0,2420000000.0,2420000000.0,155000000.0,,,,,21000000.0,887000000.0,1.0,376558214.0,376300000.0,380700000.0,6.431,9896000000.0,933000000.0,44000000.0,158000000.0,26.298,4480000000.0
24,SYK,MRQ,2015-06-30,2015-06-30,2015-06-30,2021-07-28,-431000000.0,16819000000.0,,8936000000.0,7883000000.0,,22.56,-68000000.0,3626000000.0,3626000000.0,827000000.0,392000000.0,2.4,0.978,3469000000.0,227000000.0,3242000000.0,3469000000.0,0.0,45000000.0,0.0,0.014,0.345,401000000.0,446000000.0,0.183,446000000.0,401000000.0,401000000.0,1.04,1.03,1.04,8505000000.0,,8505000000.0,37972561892.0,23.0,20.515,289000000.0,0.767,1.0,1605000000.0,0.66,6050000000.0,0.0,6889000000.0,,1619000000.0,651000000.0,651000000.0,0.0,8314000000.0,3723000000.0,4591000000.0,36164561892.0,1952000000.0,-8000000.0,-194000000.0,2000000.0,-130000000.0,-317000000.0,1900000000.0,1976000000.0,357000000.0,12000000.0,392000000.0,392000000.0,392000000.0,0.0,0.0,0.161,1176000000.0,429000000.0,342000000.0,0.332,4.252,38.762,38.692,1102000000.0,0.0,95.57,3.683,3.67,1500000000.0,7600000000.0,2432000000.0,2432000000.0,154000000.0,,,,,21000000.0,861000000.0,1.0,378409144.0,377000000.0,381100000.0,6.451,10769000000.0,955000000.0,9000000.0,157000000.0,28.565,5213000000.0
25,SYK,MRQ,2015-03-31,2015-03-31,2015-03-31,2021-07-28,-521000000.0,16580000000.0,,8727000000.0,7853000000.0,,21.961,-46000000.0,1674000000.0,1674000000.0,826000000.0,224000000.0,2.362,0.993,3482000000.0,225000000.0,3257000000.0,3482000000.0,0.0,45000000.0,0.0,0.014,0.345,377000000.0,422000000.0,0.177,422000000.0,377000000.0,377000000.0,0.59,0.58,0.59,8321000000.0,,8321000000.0,37117682980.0,26.0,22.926,334000000.0,0.881,1.0,1553000000.0,0.653,6059000000.0,0.0,8634000000.0,,1582000000.0,2589000000.0,2589000000.0,0.0,8259000000.0,3695000000.0,4564000000.0,34939682980.0,-121000000.0,-84000000.0,-130000000.0,-500000000.0,-131000000.0,-734000000.0,326000000.0,456000000.0,380000000.0,-93000000.0,224000000.0,224000000.0,224000000.0,0.0,0.0,0.094,1147000000.0,406000000.0,333000000.0,0.585,4.199,52.227,52.119,1069000000.0,0.0,92.25,3.584,3.585,1521000000.0,7527000000.0,2379000000.0,2379000000.0,152000000.0,,,,,23000000.0,892000000.0,1.0,378749951.0,378900000.0,383500000.0,6.279,10521000000.0,894000000.0,153000000.0,288000000.0,27.767,5032000000.0
26,SYK,MRQ,2014-12-31,2014-12-31,2014-12-31,2021-07-28,-254000000.0,17279000000.0,,8684000000.0,8595000000.0,,22.708,-61000000.0,1795000000.0,1795000000.0,899000000.0,260000000.0,1.947,1.01,3973000000.0,727000000.0,3246000000.0,3973000000.0,0.0,50000000.0,0.0,0.013,0.345,461000000.0,511000000.0,0.195,511000000.0,461000000.0,461000000.0,0.68,0.67,0.68,8595000000.0,,8595000000.0,38292973991.0,33.0,28.365,618000000.0,1.633,1.0,1719000000.0,0.657,6204000000.0,0.0,8792000000.0,,1588000000.0,3205000000.0,3205000000.0,0.0,8684000000.0,4461000000.0,4223000000.0,35686973991.0,439000000.0,-91000000.0,0.0,-36000000.0,-116000000.0,-82000000.0,-88000000.0,64000000.0,679000000.0,-70000000.0,260000000.0,260000000.0,260000000.0,0.0,0.0,0.099,1251000000.0,468000000.0,329000000.0,0.507,4.152,69.295,69.36,1098000000.0,0.0,94.33,3.689,3.69,1572000000.0,7559000000.0,2618000000.0,2618000000.0,153000000.0,,,,,19000000.0,940000000.0,1.0,378320513.0,378500000.0,383100000.0,6.917,11075000000.0,0.0,201000000.0,333000000.0,29.26,4223000000.0
27,SYK,MRQ,2014-09-30,2014-09-30,2014-09-30,2021-07-28,-74000000.0,17515000000.0,,9326000000.0,8189000000.0,,22.791,-48000000.0,1356000000.0,1356000000.0,829000000.0,57000000.0,2.215,1.031,3962000000.0,731000000.0,3231000000.0,3962000000.0,0.0,47000000.0,0.0,0.015,0.305,425000000.0,472000000.0,0.198,472000000.0,425000000.0,425000000.0,0.16,0.16,0.16,8624000000.0,,8624000000.0,33118576604.0,29.0,25.166,476000000.0,1.258,1.0,1560000000.0,0.653,6365000000.0,0.0,9545000000.0,,1666000000.0,3321000000.0,3321000000.0,0.0,8891000000.0,4211000000.0,4680000000.0,30570576604.0,37000000.0,-368000000.0,-40000000.0,102000000.0,-115000000.0,-56000000.0,-424000000.0,-8000000.0,524000000.0,-7000000.0,57000000.0,57000000.0,57000000.0,0.0,0.0,0.024,1110000000.0,450000000.0,335000000.0,1.906,3.545,47.692,47.222,1104000000.0,0.0,80.75,3.21,3.208,1529000000.0,7430000000.0,2389000000.0,2389000000.0,153000000.0,,,,,17000000.0,878000000.0,1.0,378582992.0,378400000.0,382500000.0,6.313,11150000000.0,987000000.0,368000000.0,374000000.0,29.466,5115000000.0
28,SYK,MRQ,2014-06-30,2014-06-30,2014-06-30,2021-07-28,231000000.0,17229000000.0,,9381000000.0,7848000000.0,,23.765,-54000000.0,1319000000.0,1319000000.0,815000000.0,128000000.0,2.527,0.914,3867000000.0,630000000.0,3237000000.0,3867000000.0,0.0,47000000.0,0.0,0.014,0.305,167000000.0,214000000.0,0.091,214000000.0,167000000.0,167000000.0,0.34,0.33,0.34,9002000000.0,,9002000000.0,33648200515.0,40.0,32.892,316000000.0,0.834,1.0,1548000000.0,0.655,6191000000.0,0.0,9873000000.0,,1587000000.0,3426000000.0,3426000000.0,0.0,8227000000.0,3713000000.0,4514000000.0,31965200515.0,-62000000.0,-185000000.0,-60000000.0,804000000.0,-116000000.0,584000000.0,-1015000000.0,-776000000.0,370000000.0,-1000000.0,128000000.0,128000000.0,128000000.0,0.0,0.0,0.054,1351000000.0,197000000.0,337000000.0,0.897,3.551,46.529,46.33,1127000000.0,0.0,84.32,3.442,3.439,1503000000.0,7525000000.0,2363000000.0,2363000000.0,158000000.0,,,,,20000000.0,870000000.0,1.0,379093934.0,378800000.0,382700000.0,6.238,11038000000.0,941000000.0,39000000.0,97000000.0,29.139,5668000000.0
29,SYK,MRQ,2014-03-31,2014-03-31,2014-03-31,2021-07-28,268000000.0,16159000000.0,,8446000000.0,7713000000.0,,23.964,-70000000.0,1381000000.0,1381000000.0,776000000.0,70000000.0,2.374,0.783,3064000000.0,820000000.0,2244000000.0,3064000000.0,0.0,46000000.0,0.0,0.014,0.305,107000000.0,153000000.0,0.066,153000000.0,107000000.0,107000000.0,0.19,0.18,0.19,9063000000.0,,9063000000.0,32210145156.0,34.0,28.733,139000000.0,0.368,1.0,1529000000.0,0.663,6082000000.0,0.0,8202000000.0,,1498000000.0,2666000000.0,2666000000.0,0.0,7096000000.0,3558000000.0,3538000000.0,30785145156.0,42000000.0,-272000000.0,0.0,289000000.0,-115000000.0,183000000.0,-351000000.0,-9000000.0,209000000.0,1000000.0,70000000.0,70000000.0,70000000.0,0.0,0.0,0.03,1398000000.0,131000000.0,350000000.0,1.605,3.397,39.877,39.936,1117000000.0,0.0,81.47,3.37,3.373,1430000000.0,7571000000.0,2305000000.0,2305000000.0,150000000.0,,,,,21000000.0,859000000.0,1.0,377870936.0,378200000.0,382600000.0,6.095,10077000000.0,918000000.0,37000000.0,118000000.0,26.645,4888000000.0
30,SYK,MRQ,2013-12-31,2013-12-31,2013-12-31,2021-07-28,232000000.0,15743000000.0,,8335000000.0,7408000000.0,,23.915,-56000000.0,1339000000.0,1339000000.0,877000000.0,386000000.0,3.137,0.74,2764000000.0,25000000.0,2739000000.0,2764000000.0,0.0,46000000.0,0.0,0.015,0.305,431000000.0,477000000.0,0.193,477000000.0,431000000.0,431000000.0,1.02,1.01,1.02,9047000000.0,,9047000000.0,30098399527.0,25.0,21.795,616000000.0,1.628,1.0,1591000000.0,0.645,5833000000.0,0.0,8678000000.0,,1422000000.0,2641000000.0,2641000000.0,0.0,6696000000.0,2657000000.0,4039000000.0,28434399527.0,229000000.0,-1634000000.0,-65000000.0,-9000000.0,-100000000.0,-153000000.0,-291000000.0,1399000000.0,672000000.0,1000000.0,386000000.0,386000000.0,386000000.0,0.0,0.0,0.156,1161000000.0,430000000.0,314000000.0,0.299,3.143,28.265,28.248,1081000000.0,0.0,75.14,3.152,3.154,1518000000.0,7617000000.0,2468000000.0,2468000000.0,139000000.0,,,,,19000000.0,400000000.0,1.0,378418945.0,378300000.0,383000000.0,6.524,9910000000.0,880000000.0,45000000.0,131000000.0,26.196,5678000000.0
31,SYK,MRQ,2013-09-30,2013-09-30,2013-09-30,2021-07-28,146000000.0,14883000000.0,,9187000000.0,5696000000.0,,23.095,-43000000.0,1110000000.0,1110000000.0,682000000.0,103000000.0,3.953,0.703,2774000000.0,31000000.0,2743000000.0,2774000000.0,0.0,42000000.0,0.0,0.016,0.265,137000000.0,179000000.0,0.083,179000000.0,137000000.0,137000000.0,0.27,0.27,0.27,8737000000.0,,8737000000.0,27357954519.0,24.0,21.028,579000000.0,1.531,1.0,1469000000.0,0.683,4142000000.0,0.0,10081000000.0,,1404000000.0,4028000000.0,4028000000.0,0.0,6146000000.0,2324000000.0,3822000000.0,25557954519.0,139000000.0,-24000000.0,-2000000.0,3000000.0,-100000000.0,-105000000.0,-368000000.0,-301000000.0,622000000.0,-10000000.0,103000000.0,103000000.0,103000000.0,0.0,0.0,0.048,1319000000.0,150000000.0,278000000.0,0.981,2.925,28.717,28.885,1036000000.0,0.0,67.59,2.875,2.876,1370000000.0,7411000000.0,2151000000.0,2151000000.0,136000000.0,,,,,19000000.0,1136000000.0,1.0,378132187.0,378300000.0,381700000.0,5.686,10741000000.0,757000000.0,34000000.0,25000000.0,28.393,6863000000.0
32,SYK,MRQ,2013-06-30,2013-06-30,2013-06-30,2021-07-28,31000000.0,14382000000.0,,8689000000.0,5693000000.0,,22.759,-47000000.0,971000000.0,971000000.0,730000000.0,213000000.0,4.408,0.672,2771000000.0,29000000.0,2742000000.0,2771000000.0,0.0,43000000.0,0.0,0.016,0.265,269000000.0,312000000.0,0.141,312000000.0,269000000.0,269000000.0,0.56,0.56,0.56,8603000000.0,,8603000000.0,25311714535.0,18.0,15.78,309000000.0,0.817,1.0,1482000000.0,0.67,4118000000.0,0.0,10093000000.0,,1345000000.0,3681000000.0,3681000000.0,0.0,5779000000.0,1971000000.0,3808000000.0,24452714535.0,-942000000.0,-62000000.0,0.0,2000000.0,-100000000.0,-93000000.0,-1198000000.0,-1089000000.0,356000000.0,-7000000.0,213000000.0,213000000.0,213000000.0,0.0,0.0,0.096,1192000000.0,290000000.0,277000000.0,0.473,2.842,21.45,21.56,1021000000.0,0.0,64.68,2.781,2.781,1413000000.0,7410000000.0,2212000000.0,2212000000.0,132000000.0,,,,,18000000.0,1015000000.0,1.0,378056811.0,378000000.0,381000000.0,5.852,10264000000.0,781000000.0,56000000.0,53000000.0,27.153,6718000000.0
33,SYK,MRQ,2013-03-31,2013-03-31,2013-03-31,2021-07-28,17000000.0,14089000000.0,,8421000000.0,5668000000.0,,22.27,-49000000.0,1913000000.0,1913000000.0,713000000.0,304000000.0,4.658,0.666,2772000000.0,34000000.0,2738000000.0,2772000000.0,0.0,38000000.0,0.0,0.015,0.265,375000000.0,413000000.0,0.189,413000000.0,375000000.0,375000000.0,0.8,0.79,0.8,8456000000.0,,8456000000.0,25191614101.0,16.0,14.273,187000000.0,0.492,1.0,1477000000.0,0.674,4112000000.0,0.0,9028000000.0,,1323000000.0,2574000000.0,2574000000.0,0.0,5633000000.0,1808000000.0,3825000000.0,24824614101.0,518000000.0,-600000000.0,-250000000.0,1009000000.0,-101000000.0,651000000.0,-360000000.0,289000000.0,236000000.0,-9000000.0,304000000.0,304000000.0,304000000.0,0.0,0.0,0.139,1091000000.0,386000000.0,297000000.0,0.331,2.936,19.828,19.83,1002000000.0,0.0,65.24,2.858,2.852,1408000000.0,7296000000.0,2190000000.0,2190000000.0,129000000.0,,,,,20000000.0,916000000.0,1.0,380512172.0,379700000.0,383000000.0,5.768,9977000000.0,791000000.0,71000000.0,105000000.0,26.276,6613000000.0
34,SYK,MRQ,2012-12-31,2012-12-31,2012-12-31,2021-07-28,129000000.0,13206000000.0,,8148000000.0,5058000000.0,,22.606,-49000000.0,1395000000.0,1395000000.0,745000000.0,270000000.0,4.343,0.536,1762000000.0,16000000.0,1746000000.0,1762000000.0,0.0,39000000.0,0.0,0.016,0.265,358000000.0,397000000.0,0.17,397000000.0,358000000.0,358000000.0,0.71,0.71,0.71,8597000000.0,,8597000000.0,21188596508.0,12.0,11.398,547000000.0,1.438,1.0,1593000000.0,0.681,3566000000.0,0.0,8131000000.0,,1265000000.0,2890000000.0,2890000000.0,0.0,4609000000.0,1876000000.0,2733000000.0,20842596508.0,-28000000.0,-107000000.0,0.0,-6000000.0,-81000000.0,-63000000.0,-569000000.0,-413000000.0,596000000.0,8000000.0,270000000.0,270000000.0,270000000.0,0.0,0.0,0.115,1223000000.0,370000000.0,288000000.0,0.373,2.424,16.057,16.076,948000000.0,0.0,54.82,2.408,2.41,1430000000.0,7332000000.0,2338000000.0,2338000000.0,129000000.0,,,,,18000000.0,934000000.0,1.0,380200593.0,380300000.0,382400000.0,6.148,9640000000.0,811000000.0,88000000.0,70000000.0,25.348,6272000000.0
35,SYK,MRQ,2012-09-30,2012-09-30,2012-09-30,2021-07-28,78000000.0,12777000000.0,,7640000000.0,5137000000.0,,21.991,-58000000.0,1423000000.0,1423000000.0,655000000.0,353000000.0,4.848,0.528,1769000000.0,18000000.0,1751000000.0,1769000000.0,0.0,38000000.0,0.0,0.015,0.212,444000000.0,482000000.0,0.235,482000000.0,444000000.0,444000000.0,0.93,0.92,0.93,8361000000.0,,8361000000.0,21548522280.0,12.0,11.13,511000000.0,1.344,1.0,1397000000.0,0.681,3402000000.0,0.0,8145000000.0,,1315000000.0,2440000000.0,2440000000.0,0.0,4416000000.0,1576000000.0,2840000000.0,21175522280.0,30000000.0,-37000000.0,-19000000.0,1000000.0,-81000000.0,-110000000.0,-428000000.0,-333000000.0,569000000.0,-1000000.0,353000000.0,353000000.0,353000000.0,0.0,0.0,0.172,947000000.0,450000000.0,270000000.0,0.228,2.533,14.818,14.843,1256000000.0,0.0,55.66,2.481,2.48,1356000000.0,7162000000.0,2052000000.0,2052000000.0,114000000.0,,,,,18000000.0,791000000.0,1.0,380444166.0,380200000.0,382500000.0,5.397,9375000000.0,1170000000.0,91000000.0,59000000.0,24.658,6064000000.0
36,SYK,MRQ,2012-06-30,2012-06-30,2012-06-30,2021-07-28,-60000000.0,12262000000.0,,7198000000.0,5064000000.0,,20.871,-51000000.0,1393000000.0,1393000000.0,672000000.0,325000000.0,4.834,0.542,1766000000.0,16000000.0,1750000000.0,1766000000.0,0.0,38000000.0,0.0,0.015,0.212,435000000.0,473000000.0,0.225,473000000.0,435000000.0,435000000.0,0.85,0.85,0.85,7952000000.0,,7952000000.0,22073410118.0,12.0,11.467,406000000.0,1.066,1.0,1434000000.0,0.681,3377000000.0,0.0,7769000000.0,,1289000000.0,2067000000.0,2067000000.0,0.0,4310000000.0,1489000000.0,2821000000.0,20989410118.0,703000000.0,-1000000.0,-39000000.0,-5000000.0,-81000000.0,-148000000.0,384000000.0,436000000.0,457000000.0,10000000.0,325000000.0,325000000.0,325000000.0,0.0,0.0,0.154,989000000.0,445000000.0,295000000.0,0.249,2.64,14.96,15.014,1217000000.0,0.0,55.1,2.466,2.466,1368000000.0,6908000000.0,2106000000.0,2106000000.0,116000000.0,,,,,18000000.0,823000000.0,1.0,380933033.0,381000000.0,383300000.0,5.528,8885000000.0,1103000000.0,110000000.0,0.0,23.32,5709000000.0
37,SYK,MRQ,2012-03-31,2012-03-31,2012-03-31,2021-07-28,235000000.0,12459000000.0,,7229000000.0,5230000000.0,,21.055,-52000000.0,690000000.0,690000000.0,709000000.0,350000000.0,4.667,0.553,1774000000.0,23000000.0,1751000000.0,1774000000.0,0.0,39000000.0,0.0,0.014,0.212,468000000.0,507000000.0,0.235,507000000.0,468000000.0,468000000.0,0.92,0.91,0.92,8022000000.0,,8022000000.0,22002009184.0,13.0,11.568,-17000000.0,-0.045,1.0,1452000000.0,0.672,3507000000.0,0.0,8487000000.0,,1318000000.0,2607000000.0,2607000000.0,0.0,4437000000.0,1549000000.0,2888000000.0,21139009184.0,-215000000.0,-9000000.0,-50000000.0,6000000.0,-81000000.0,-128000000.0,-123000000.0,-62000000.0,35000000.0,1000000.0,350000000.0,350000000.0,350000000.0,0.0,0.0,0.162,976000000.0,476000000.0,311000000.0,0.23,2.635,15.23,15.326,1229000000.0,0.0,55.48,2.501,2.501,1472000000.0,6701000000.0,2161000000.0,2161000000.0,112000000.0,,,,,21000000.0,819000000.0,1.0,381020353.0,381000000.0,383800000.0,5.672,8952000000.0,1139000000.0,118000000.0,85000000.0,23.496,5680000000.0
38,SYK,MRQ,2011-12-31,2011-12-31,2011-12-31,2021-07-28,144000000.0,12146000000.0,,7207000000.0,4939000000.0,,20.128,-64000000.0,905000000.0,905000000.0,740000000.0,401000000.0,3.917,0.581,1768000000.0,17000000.0,1751000000.0,1768000000.0,0.0,41000000.0,0.0,0.015,0.212,433000000.0,474000000.0,0.214,474000000.0,433000000.0,433000000.0,1.05,1.04,1.05,7683000000.0,,7683000000.0,19992674283.0,12.0,10.83,563000000.0,1.475,1.0,1475000000.0,0.666,3514000000.0,0.0,7655000000.0,,1283000000.0,2513000000.0,2513000000.0,0.0,4463000000.0,1840000000.0,2623000000.0,19022674283.0,95000000.0,-144000000.0,-83000000.0,-10000000.0,-69000000.0,-139000000.0,-380000000.0,-172000000.0,627000000.0,-13000000.0,401000000.0,401000000.0,401000000.0,0.0,0.0,0.181,1057000000.0,418000000.0,345000000.0,0.202,2.476,14.143,14.284,888000000.0,0.0,49.71,2.29,2.313,1417000000.0,6479000000.0,2215000000.0,2215000000.0,115000000.0,,,,,17000000.0,834000000.0,1.0,382672989.0,381700000.0,383500000.0,5.803,8632000000.0,777000000.0,32000000.0,155000000.0,22.615,5367000000.0
39,SYK,MRQ,2011-09-30,2011-09-30,2011-09-30,2021-07-28,272000000.0,12083000000.0,,6931000000.0,5152000000.0,,19.578,-56000000.0,810000000.0,810000000.0,669000000.0,327000000.0,4.437,0.599,1780000000.0,25000000.0,1755000000.0,1780000000.0,0.0,40000000.0,0.0,0.015,0.18,431000000.0,471000000.0,0.232,471000000.0,431000000.0,431000000.0,0.85,0.84,0.85,7557000000.0,,7557000000.0,18825905615.0,12.0,10.482,390000000.0,1.01,1.0,1362000000.0,0.671,3496000000.0,0.0,7995000000.0,,1297000000.0,2403000000.0,2403000000.0,0.0,4526000000.0,1562000000.0,2964000000.0,18301905615.0,313000000.0,-144000000.0,-289000000.0,765000000.0,-70000000.0,388000000.0,-497000000.0,-297000000.0,446000000.0,-24000000.0,327000000.0,327000000.0,327000000.0,0.0,0.0,0.161,918000000.0,444000000.0,282000000.0,0.212,2.422,14.772,14.774,1208000000.0,0.0,47.13,2.263,2.25,1319000000.0,6240000000.0,2031000000.0,2031000000.0,122000000.0,,,,,19000000.0,765000000.0,1.0,388328148.0,386000000.0,388400000.0,5.262,8587000000.0,1062000000.0,104000000.0,59000000.0,22.246,5369000000.0
40,SYK,MRQ,2011-06-30,2011-06-30,2011-06-30,2021-07-28,484300000.0,11596400000.0,,6502700000.0,5093700000.0,,20.036,-44000000.0,497100000.0,497100000.0,713000000.0,310000000.0,4.055,0.491,1021100000.0,24400000.0,996700000.0,1021100000.0,0.0,39000000.0,0.0,0.012,0.18,411000000.0,450000000.0,0.22,450000000.0,411000000.0,411000000.0,0.8,0.79,0.8,7778000000.0,,7778000000.0,23061679762.0,14.0,12.623,113000000.0,0.291,1.0,1333000000.0,0.652,3425700000.0,0.0,7091200000.0,,1284400000.0,2177900000.0,2177900000.0,0.0,3818400000.0,1603500000.0,2214900000.0,22771979762.0,-238000000.0,-323000000.0,0.0,-20000000.0,-69000000.0,-21000000.0,-380000000.0,-13000000.0,157000000.0,6000000.0,310000000.0,310000000.0,310000000.0,0.0,0.0,0.152,932000000.0,401000000.0,307000000.0,0.225,2.928,18.232,18.398,1205700000.0,0.0,58.69,2.911,2.912,1348200000.0,6254100000.0,2046000000.0,2046000000.0,114000000.0,,,,,19000000.0,786000000.0,1.0,388004426.0,388200000.0,392000000.0,5.27,8170700000.0,1079000000.0,101000000.0,28400000.0,21.048,4899200000.0
41,SYK,MRQ,2011-03-31,2011-03-31,2011-03-31,2021-07-28,416300000.0,11231000000.0,,6501200000.0,4729800000.0,,19.109,5000000.0,735100000.0,735100000.0,689000000.0,307000000.0,4.097,0.507,1024800000.0,28200000.0,996600000.0,1024800000.0,0.0,40000000.0,0.0,0.011,0.18,411000000.0,451000000.0,0.224,451000000.0,411000000.0,411000000.0,0.79,0.78,0.79,7452400000.0,,7452400000.0,23051966710.0,14.0,12.402,209000000.0,0.536,1.0,1326000000.0,0.658,3165500000.0,0.0,6768400000.0,,1220500000.0,2150800000.0,2150800000.0,0.0,3778600000.0,1586800000.0,2191800000.0,23787766710.0,-1023000000.0,-1455000000.0,-250000000.0,2000000.0,-71000000.0,-389000000.0,-878000000.0,572000000.0,204000000.0,40000000.0,307000000.0,307000000.0,307000000.0,0.0,0.0,0.152,903000000.0,423000000.0,292000000.0,0.228,3.192,18.909,19.06,1153000000.0,0.0,60.8,3.156,3.146,1310300000.0,6014800000.0,2015000000.0,2015000000.0,111000000.0,,,,,20000000.0,765000000.0,1.0,391246163.0,390000000.0,394200000.0,5.167,8065500000.0,992300000.0,104000000.0,139500000.0,20.681,4914400000.0
42,SYK,MRQ,2010-12-31,2010-12-31,2010-12-31,2021-07-28,154000000.0,10895000000.0,,7632000000.0,3263000000.0,,18.18,-48000000.0,1758000000.0,1758000000.0,624000000.0,295000000.0,4.755,0.519,1021000000.0,25000000.0,996000000.0,1021000000.0,0.0,45000000.0,0.0,0.012,0.18,379000000.0,424000000.0,0.213,424000000.0,379000000.0,379000000.0,0.75,0.74,0.75,7174000000.0,,7174000000.0,21415251196.0,12.0,11.307,469000000.0,1.189,1.0,1371000000.0,0.687,1775000000.0,0.0,6778000000.0,,1057000000.0,2622000000.0,2622000000.0,0.0,3721000000.0,1605000000.0,2116000000.0,21325351196.0,832000000.0,-203000000.0,-318000000.0,27000000.0,-59000000.0,-349000000.0,703000000.0,954000000.0,517000000.0,-39000000.0,295000000.0,295000000.0,295000000.0,0.0,0.0,0.148,985000000.0,386000000.0,292000000.0,0.24,2.973,16.752,16.729,1089000000.0,0.0,53.7,2.913,2.908,1252000000.0,6017000000.0,1995000000.0,1995000000.0,111000000.0,,,,,16000000.0,734000000.0,1.0,397120134.0,394600000.0,401000000.0,5.056,9120000000.0,901000000.0,84000000.0,47000000.0,23.112,6027000000.0
43,SYK,MRQ,2010-09-30,2010-09-30,2010-09-30,2021-07-28,209800000.0,10771900000.0,,7543700000.0,3228200000.0,,18.403,-4000000.0,925600000.0,925600000.0,541000000.0,337000000.0,5.365,0.474,1015500000.0,19100000.0,996400000.0,1015500000.0,0.0,40000000.0,0.0,0.014,0.15,462000000.0,502000000.0,0.284,502000000.0,462000000.0,462000000.0,0.85,0.85,0.85,7306000000.0,,7306000000.0,20096855408.0,11.0,9.849,424000000.0,1.068,1.0,1227000000.0,0.694,1604500000.0,0.0,7851300000.0,,1035300000.0,3589000000.0,3589000000.0,0.0,3465900000.0,1406000000.0,2059900000.0,19866855408.0,140000000.0,-1000000.0,1000000.0,-1000000.0,-60000000.0,-124000000.0,-196000000.0,-191000000.0,428000000.0,32000000.0,337000000.0,337000000.0,337000000.0,0.0,0.0,0.191,756000000.0,471000000.0,247800000.0,0.176,2.719,15.481,15.495,1228600000.0,0.0,50.05,2.775,2.775,1158600000.0,6091200000.0,1768000000.0,1768000000.0,99000000.0,,,,,18000000.0,643000000.0,1.0,396940168.0,397000000.0,398000000.0,4.453,9167400000.0,867900000.0,125000000.0,60200000.0,23.092,6137700000.0
44,SYK,MRQ,2010-06-30,2010-06-30,2010-06-30,2021-07-28,-51800000.0,10060100000.0,,6899800000.0,3160300000.0,,16.995,-37200000.0,785200000.0,785200000.0,539300000.0,319000000.0,5.328,0.491,1015200000.0,18900000.0,996300000.0,1015200000.0,0.0,39100000.0,0.0,0.011,0.15,442600000.0,481700000.0,0.274,481700000.0,442600000.0,442600000.0,0.8,0.8,0.8,6745500000.0,,6745500000.0,19680048586.0,11.0,10.39,289500000.0,0.729,1.0,1218900000.0,0.693,1586900000.0,0.0,7408100000.0,,968200000.0,3243300000.0,3243300000.0,0.0,3314600000.0,1295100000.0,2019500000.0,19858748586.0,-417300000.0,-4000000.0,1100000.0,-7300000.0,-59500000.0,-15100000.0,-696600000.0,-655400000.0,326700000.0,-32300000.0,319000000.0,319000000.0,319000000.0,0.0,0.0,0.181,770800000.0,448100000.0,212800000.0,0.188,2.944,16.897,16.912,1189800000.0,0.0,50.06,2.819,2.82,1108200000.0,5813100000.0,1758200000.0,1758200000.0,94600000.0,,,,,17300000.0,661800000.0,1.0,396698933.0,396900000.0,399200000.0,4.43,8473200000.0,846700000.0,123600000.0,46300000.0,21.348,5604700000.0
45,SYK,MRQ,2010-03-31,2010-03-31,2010-03-31,2021-07-28,152000000.0,10098400000.0,,6875400000.0,3223000000.0,,16.795,-31100000.0,1202500000.0,1202500000.0,581400000.0,321700000.0,4.894,0.514,1023800000.0,27600000.0,996200000.0,1023800000.0,0.0,40800000.0,0.0,0.007,0.15,445800000.0,486600000.0,0.27,486600000.0,445800000.0,445800000.0,0.81,0.8,0.81,6670800000.0,,6670800000.0,22135799391.0,13.0,11.957,243700000.0,0.614,1.0,1217700000.0,0.677,1617500000.0,0.0,6897400000.0,,961000000.0,2735100000.0,2735100000.0,0.0,3427600000.0,1404800000.0,2022800000.0,22776499391.0,543800000.0,-57400000.0,-109800000.0,995800000.0,-59700000.0,898000000.0,-605400000.0,-516900000.0,274800000.0,-23600000.0,321700000.0,321700000.0,321700000.0,0.0,0.0,0.179,771300000.0,446400000.0,230700000.0,0.185,3.414,19.847,19.799,1215000000.0,0.0,57.22,3.291,3.284,1120600000.0,5553700000.0,1799100000.0,1799100000.0,90000000.0,,,,,18800000.0,667800000.0,1.0,398051370.0,397200000.0,400100000.0,4.529,8480900000.0,871500000.0,124100000.0,166000000.0,21.352,5470600000.0
46,SYK,MRQ,2009-12-31,2009-12-31,2009-12-31,2021-07-28,258000000.0,9071300000.0,,5851200000.0,3220100000.0,,16.571,-41900000.0,658700000.0,658700000.0,593500000.0,305600000.0,4.061,0.375,18000000.0,18000000.0,0.0,18000000.0,0.0,47100000.0,0.0,0.005,0.25,523200000.0,570300000.0,0.311,570300000.0,523200000.0,523200000.0,0.77,0.76,0.77,6595100000.0,,6595100000.0,19091891418.0,12.0,10.672,498500000.0,1.253,1.0,1240600000.0,0.676,1591500000.0,0.0,5398100000.0,,943000000.0,2296100000.0,2296100000.0,0.0,2476200000.0,1441000000.0,1035200000.0,20034091418.0,-301200000.0,-552300000.0,-6000000.0,-200000.0,-39400000.0,-13700000.0,-824400000.0,-230200000.0,540400000.0,-3500000.0,305600000.0,305600000.0,305600000.0,0.0,0.0,0.167,727000000.0,513600000.0,200200000.0,0.325,3.038,18.098,18.054,1233000000.0,0.0,50.37,2.98,2.977,1147100000.0,5397400000.0,1834100000.0,1834100000.0,89300000.0,,,,,15000000.0,628400000.0,1.0,397738563.0,398000000.0,400300000.0,4.608,7479800000.0,861100000.0,217600000.0,134700000.0,18.793,4410200000.0
47,SYK,MRQ,2009-09-30,2009-09-30,2009-09-30,2021-07-28,326600000.0,8459200000.0,,5761800000.0,2697400000.0,,16.199,-28000000.0,960300000.0,960300000.0,538700000.0,229000000.0,4.81,0.313,18100000.0,18100000.0,0.0,18100000.0,0.0,41100000.0,0.0,0.009,0.0,314400000.0,355500000.0,0.215,355500000.0,314400000.0,314400000.0,0.58,0.57,0.58,6440900000.0,,6440900000.0,17413674838.0,12.0,10.643,437800000.0,1.101,1.0,1114600000.0,0.674,954900000.0,0.0,5364100000.0,,977300000.0,1969100000.0,1969100000.0,0.0,2018300000.0,1198000000.0,820300000.0,18060574838.0,294000000.0,-6000000.0,1000000.0,-1900000.0,0.0,-19000000.0,-180300000.0,-146300000.0,465800000.0,27500000.0,229000000.0,229000000.0,229000000.0,0.0,0.0,0.139,803200000.0,311400000.0,204500000.0,0.0,2.804,16.737,16.764,1241000000.0,0.0,45.43,2.734,2.734,1113500000.0,5190900000.0,1653300000.0,1653300000.0,83700000.0,,,,,15300000.0,643900000.0,1.0,397547322.0,397600000.0,399600000.0,4.158,7504300000.0,800400000.0,85400000.0,2100000.0,18.874,4563800000.0
48,SYK,MRQ,2009-06-30,2009-06-30,2009-06-30,2021-07-28,189000000.0,7923500000.0,,5240300000.0,2683200000.0,,15.243,-30200000.0,666300000.0,666300000.0,536300000.0,291300000.0,4.874,0.308,19400000.0,19400000.0,0.0,19400000.0,0.0,38900000.0,0.0,0.01,0.0,400000000.0,438900000.0,0.269,438900000.0,400000000.0,400000000.0,0.73,0.73,0.73,6057500000.0,,6057500000.0,15117436947.0,10.0,8.913,152200000.0,0.383,1.0,1098000000.0,0.672,942000000.0,0.0,5259500000.0,,991700000.0,1761600000.0,1761600000.0,0.0,1866000000.0,1075100000.0,790900000.0,15782736947.0,-19500000.0,-9100000.0,3700000.0,-1800000.0,0.0,-26600000.0,-192600000.0,-153300000.0,182400000.0,17300000.0,291300000.0,291300000.0,291300000.0,0.0,0.0,0.178,708200000.0,389800000.0,211700000.0,0.0,2.605,14.043,14.193,1232400000.0,0.0,39.74,2.389,2.39,1097300000.0,4961900000.0,1634300000.0,1634300000.0,82600000.0,,,,,15000000.0,617100000.0,1.0,397149898.0,397400000.0,399000000.0,4.112,6981500000.0,779900000.0,108700000.0,14400000.0,17.568,4165200000.0
49,SYK,MRQ,2009-03-31,2009-03-31,2009-03-31,2021-07-28,69300000.0,7585200000.0,,4999900000.0,2585300000.0,,14.18,-29900000.0,685800000.0,685800000.0,515500000.0,281100000.0,4.231,0.348,20500000.0,20500000.0,0.0,20500000.0,0.0,37900000.0,0.0,0.012,0.0,386400000.0,424300000.0,0.265,424300000.0,386400000.0,386400000.0,0.71,0.71,0.71,5625100000.0,,5625100000.0,12817341417.0,8.0,7.464,242500000.0,0.611,1.0,1085800000.0,0.678,909500000.0,0.0,4828600000.0,,990200000.0,1559300000.0,1559300000.0,0.0,1960100000.0,1181800000.0,778300000.0,13497941417.0,-15300000.0,-2600000.0,1300000.0,900000.0,-158600000.0,-133700000.0,-130700000.0,-98200000.0,272400000.0,-23300000.0,281100000.0,281100000.0,281100000.0,0.0,0.0,0.176,706600000.0,379200000.0,273700000.0,0.0,2.4,11.857,12.114,1214900000.0,0.0,34.04,2.019,2.02,1054800000.0,4670600000.0,1601300000.0,1601300000.0,80400000.0,,,,,16700000.0,616600000.0,1.0,396531769.0,396700000.0,398600000.0,4.037,6675700000.0,776600000.0,105300000.0,143400000.0,16.828,3818100000.0
50,SYK,MRQ,2008-12-31,2008-12-31,2008-12-31,2021-07-28,164800000.0,7603300000.0,,4979300000.0,2624000000.0,,13.392,-37900000.0,701100000.0,701100000.0,556000000.0,277700000.0,3.406,0.406,20500000.0,20500000.0,0.0,20500000.0,0.0,37400000.0,0.0,0.01,0.4,380100000.0,417500000.0,0.243,417500000.0,380100000.0,380100000.0,0.69,0.69,0.69,5406700000.0,,5406700000.0,15482397310.0,10.0,8.92,381400000.0,0.945,1.0,1162200000.0,0.676,935500000.0,0.0,4525100000.0,,952700000.0,1494500000.0,1494500000.0,0.0,2196600000.0,1462100000.0,734500000.0,16129197310.0,33100000.0,-3400000.0,-385800000.0,800000.0,0.0,-365100000.0,-5000000.0,36300000.0,419300000.0,-16100000.0,277700000.0,277700000.0,277700000.0,0.0,0.0,0.162,791900000.0,370300000.0,274300000.0,0.58,2.983,14.052,14.217,1239000000.0,0.0,39.95,2.401,2.401,1129500000.0,4389500000.0,1718200000.0,1718200000.0,99800000.0,,,,,14700000.0,647600000.0,1.0,403734601.0,403734601.0,,4.256,6667800000.0,734100000.0,102400000.0,30000000.0,16.515,3517200000.0
51,SYK,MRQ,2008-09-30,2008-09-30,2008-09-30,2021-07-28,259100000.0,7574600000.0,,4991200000.0,2583400000.0,,14.023,-36800000.0,668000000.0,668000000.0,541700000.0,273800000.0,4.365,0.318,21200000.0,21200000.0,0.0,21200000.0,0.0,39500000.0,0.0,0.005,0.0,376000000.0,415500000.0,0.251,415500000.0,376000000.0,376000000.0,0.67,0.66,0.67,5745100000.0,,5745100000.0,25289238410.0,16.0,14.547,288700000.0,0.705,1.0,1111300000.0,0.672,909200000.0,0.0,4875200000.0,,981200000.0,1539500000.0,1539500000.0,0.0,1829500000.0,1143400000.0,686100000.0,25687038410.0,246400000.0,-2200000.0,-589300000.0,-1200000.0,0.0,-557500000.0,506100000.0,545100000.0,325500000.0,-27700000.0,273800000.0,273800000.0,273800000.0,0.0,0.0,0.166,747200000.0,364100000.0,262500000.0,0.0,4.471,22.411,22.33,1273800000.0,0.0,62.3,3.858,3.834,1105100000.0,4657200000.0,1653000000.0,1653000000.0,92600000.0,,,,,16700000.0,644800000.0,1.0,412312013.0,409700000.0,415800000.0,4.035,6665400000.0,736200000.0,102200000.0,16100000.0,16.269,3847800000.0
52,SYK,MRQ,2008-06-30,2008-06-30,2008-06-30,2021-07-28,432000000.0,8025300000.0,,5354900000.0,2670400000.0,,15.095,-41100000.0,421600000.0,421600000.0,533200000.0,305800000.0,4.764,0.29,23800000.0,23800000.0,0.0,23800000.0,0.0,39800000.0,0.0,0.005,0.0,420100000.0,459900000.0,0.269,459900000.0,420100000.0,420100000.0,0.74,0.73,0.74,6219100000.0,,6219100000.0,25487775783.0,17.0,15.199,199200000.0,0.483,1.0,1179400000.0,0.689,942600000.0,0.0,5560900000.0,,953200000.0,2141100000.0,2141100000.0,0.0,1806200000.0,1124000000.0,682200000.0,25893575783.0,-1900000.0,-2400000.0,10700000.0,6300000.0,0.0,6800000.0,-245600000.0,-202100000.0,240300000.0,-3400000.0,305800000.0,305800000.0,305800000.0,0.0,0.0,0.179,778500000.0,400900000.0,268200000.0,0.0,4.164,23.516,23.463,1323100000.0,0.0,62.88,4.009,4.011,1132000000.0,4961000000.0,1712600000.0,1712600000.0,90300000.0,,,,,17000000.0,678200000.0,1.0,411793508.0,412000000.0,417900000.0,4.157,7082700000.0,733900000.0,114300000.0,33800000.0,17.191,4230900000.0
53,SYK,MRQ,2008-03-31,2008-03-31,2008-03-31,2021-07-28,480200000.0,7754100000.0,,5063900000.0,2690200000.0,,14.421,-30800000.0,423500000.0,423500000.0,500500000.0,290500000.0,4.406,0.307,17700000.0,17700000.0,0.0,17700000.0,0.0,38700000.0,0.0,0.005,0.0,404000000.0,442700000.0,0.271,442700000.0,404000000.0,404000000.0,0.71,0.7,0.71,5932800000.0,,5932800000.0,26473787586.0,18.0,16.437,160000000.0,0.389,1.0,1133900000.0,0.694,957600000.0,0.0,5241500000.0,,894600000.0,1939300000.0,1939300000.0,0.0,1821300000.0,1149200000.0,672100000.0,26747487586.0,133000000.0,-6200000.0,14500000.0,800000.0,-135600000.0,-130300000.0,54600000.0,91600000.0,190800000.0,17900000.0,290500000.0,290500000.0,290500000.0,0.0,0.0,0.178,750200000.0,383700000.0,277700000.0,0.0,4.508,25.129,25.019,1331100000.0,0.0,65.05,4.308,4.31,1094600000.0,4655200000.0,1634400000.0,1634400000.0,85100000.0,,,,,17100000.0,654500000.0,1.0,411183514.0,411400000.0,417900000.0,3.973,6796500000.0,737700000.0,113500000.0,137400000.0,16.52,3914700000.0
54,SYK,MRQ,2007-12-31,2007-12-31,2007-12-31,2021-07-28,260800000.0,7354000000.0,,4904900000.0,2449100000.0,,13.103,-64700000.0,290500000.0,290500000.0,524500000.0,276100000.0,3.68,0.367,16800000.0,16800000.0,0.0,16800000.0,0.0,36400000.0,0.0,0.004,0.33,384000000.0,420400000.0,0.254,420400000.0,384000000.0,384000000.0,0.67,0.66,0.67,5378500000.0,,5378500000.0,30517868739.0,22.0,19.844,302800000.0,0.738,1.0,1133600000.0,0.684,925500000.0,0.0,4821800000.0,,796200000.0,2120300000.0,2120300000.0,0.0,1975500000.0,1333000000.0,642500000.0,30671368739.0,119600000.0,-8500000.0,16800000.0,-900000.0,0.0,30400000.0,-280400000.0,-207200000.0,367500000.0,2100000.0,276100000.0,276100000.0,276100000.0,0.0,0.0,0.167,770700000.0,362900000.0,265500000.0,0.493,5.703,30.147,30.129,1284700000.0,0.0,74.72,5.111,5.111,1030700000.0,4364700000.0,1658100000.0,1658100000.0,101800000.0,,,,,15500000.0,658900000.0,1.0,410484057.0,410484057.0,,4.039,6428500000.0,706200000.0,107900000.0,58700000.0,15.661,3571900000.0
55,SYK,MRQ,2007-09-30,2007-09-30,2007-09-30,2021-07-28,214000000.0,6858700000.0,,4439100000.0,2419600000.0,,12.589,-42700000.0,170900000.0,170900000.0,457000000.0,228700000.0,4.083,0.329,17400000.0,17400000.0,0.0,17400000.0,0.0,36000000.0,0.0,0.003,0.0,317900000.0,353900000.0,0.244,353900000.0,317900000.0,317900000.0,0.56,0.55,0.56,5161300000.0,,5161300000.0,28033982445.0,21.0,19.129,254500000.0,0.621,1.0,996200000.0,0.686,922000000.0,0.0,4696100000.0,,785100000.0,1902500000.0,1902500000.0,0.0,1697400000.0,1087100000.0,610300000.0,28186582445.0,900000.0,-8700000.0,15200000.0,-600000.0,0.0,14300000.0,-314600000.0,-263200000.0,297200000.0,4000000.0,228700000.0,228700000.0,228700000.0,0.0,0.0,0.157,688900000.0,307300000.0,240400000.0,0.0,5.461,29.082,28.891,1255200000.0,0.0,68.76,4.908,4.909,954300000.0,4224200000.0,1453200000.0,1453200000.0,96800000.0,,,,,14500000.0,582900000.0,1.0,409927028.0,410000000.0,417500000.0,3.544,5936700000.0,672400000.0,89200000.0,47600000.0,14.48,3352000000.0
56,SYK,MRQ,2007-06-30,2007-06-30,2007-06-30,2021-07-28,113600000.0,6419900000.0,,4062300000.0,2357600000.0,,11.728,-39000000.0,170000000.0,170000000.0,444300000.0,269100000.0,3.906,0.337,17400000.0,17400000.0,0.0,17400000.0,0.0,32800000.0,0.0,0.003,0.0,360800000.0,393600000.0,0.269,393600000.0,360800000.0,360800000.0,0.66,0.65,0.66,4801400000.0,,4801400000.0,25529690703.0,20.0,18.198,171900000.0,0.42,1.0,1019400000.0,0.696,905300000.0,0.0,4322100000.0,,733400000.0,1610200000.0,1610200000.0,0.0,1618500000.0,1039900000.0,578600000.0,25808790703.0,-124300000.0,112800000.0,20200000.0,1900000.0,0.0,27700000.0,-364300000.0,-437700000.0,210900000.0,1400000.0,269100000.0,269100000.0,269100000.0,-29000000.0,0.0,0.184,704500000.0,314900000.0,231200000.0,0.0,5.375,27.784,27.671,1232400000.0,0.0,63.09,4.675,4.679,940500000.0,3995500000.0,1463700000.0,1463700000.0,92100000.0,,,,,15400000.0,581600000.0,1.0,409078946.0,409400000.0,416900000.0,3.575,5514600000.0,641200000.0,91700000.0,69300000.0,13.47,3022400000.0
57,SYK,MRQ,2007-03-31,2007-03-31,2007-03-31,2021-07-28,105900000.0,6076700000.0,,3698100000.0,2378600000.0,,10.984,-40600000.0,294300000.0,294300000.0,439400000.0,243500000.0,3.484,0.354,15200000.0,15100000.0,100000.0,15200000.0,0.0,31900000.0,0.0,0.003,0.0,338100000.0,370000000.0,0.26,370000000.0,338100000.0,338100000.0,0.6,0.59,0.6,4488000000.0,,4488000000.0,26686659775.0,22.0,20.011,112100000.0,0.274,1.0,986100000.0,0.692,933000000.0,0.0,3803200000.0,,710200000.0,1171900000.0,1171900000.0,0.0,1588700000.0,1061400000.0,527300000.0,27088459775.0,-122300000.0,-5700000.0,17300000.0,400000.0,-89700000.0,-58800000.0,-218900000.0,-171400000.0,152700000.0,2700000.0,243500000.0,243500000.0,243500000.0,-1700000.0,0.0,0.171,663900000.0,322200000.0,224200000.0,0.0,6.036,31.004,30.847,1258000000.0,0.0,66.32,5.093,5.095,936600000.0,3726400000.0,1425500000.0,1425500000.0,84600000.0,,,,,15900000.0,568100000.0,1.0,408450841.0,408600000.0,416000000.0,3.489,5143700000.0,593300000.0,94600000.0,123300000.0,12.589,2636700000.0
58,SYK,MRQ,2006-12-31,2006-12-31,2006-12-31,2021-07-28,90600000.0,5873800000.0,,3534300000.0,2339500000.0,,10.293,-62700000.0,416600000.0,416600000.0,444500000.0,227900000.0,2.615,0.402,14800000.0,14800000.0,0.0,14800000.0,0.0,31200000.0,0.0,0.004,0.22,316800000.0,348000000.0,0.249,348000000.0,316800000.0,316800000.0,0.56,0.55,0.56,4191000000.0,,4191000000.0,22271475630.0,20.0,18.303,307700000.0,0.756,1.0,955900000.0,0.683,914800000.0,0.0,3205700000.0,,677600000.0,998200000.0,998200000.0,0.0,1682800000.0,1351500000.0,331300000.0,22438975630.0,233900000.0,-7100000.0,21200000.0,-1400000.0,0.0,25600000.0,-161600000.0,-89900000.0,370400000.0,-500000.0,227900000.0,227900000.0,227900000.0,-1200000.0,0.0,0.163,652100000.0,303800000.0,247900000.0,0.393,5.354,28.853,28.853,1202600000.0,0.0,55.11,4.359,4.359,867200000.0,3490500000.0,1400400000.0,1400400000.0,91200000.0,,,,,12800000.0,549500000.0,1.0,407167041.0,407167041.0,,3.439,4959000000.0,535800000.0,88900000.0,208200000.0,12.179,2182800000.0
59,SYK,MRQ,2006-09-30,2006-09-30,2006-09-30,2021-07-28,63500000.0,5399100000.0,,3115300000.0,2283800000.0,,9.812,-47600000.0,182700000.0,182700000.0,384800000.0,188400000.0,2.802,0.353,15200000.0,14600000.0,600000.0,15200000.0,0.0,29700000.0,0.0,0.002,0.0,261600000.0,291300000.0,0.237,291300000.0,261600000.0,261600000.0,0.46,0.46,0.46,3990500000.0,,3990500000.0,20045776530.0,19.0,17.606,232800000.0,0.572,1.0,846300000.0,0.687,927400000.0,0.0,3192200000.0,,675100000.0,902700000.0,902700000.0,0.0,1408600000.0,1112000000.0,296600000.0,20161276530.0,53000000.0,-10600000.0,7900000.0,1000000.0,0.0,-3700000.0,-224700000.0,-165500000.0,280400000.0,1000000.0,188400000.0,188400000.0,188400000.0,-1400000.0,0.0,0.153,594200000.0,252100000.0,204700000.0,0.0,5.052,27.686,27.704,1204400000.0,0.0,49.59,4.174,4.176,844900000.0,3352300000.0,1231100000.0,1231100000.0,80400000.0,,,,,14800000.0,502800000.0,1.0,406559317.0,406700000.0,411600000.0,3.027,4471700000.0,508200000.0,73200000.0,216500000.0,10.995,2003300000.0
60,SYK,MRQ,2006-06-30,2006-06-30,2006-06-30,2021-07-28,53200000.0,5109000000.0,,2862200000.0,2246800000.0,,9.274,-49400000.0,129700000.0,129700000.0,393900000.0,213900000.0,2.705,0.355,14200000.0,13500000.0,700000.0,14200000.0,0.0,28700000.0,0.0,0.003,0.0,295600000.0,324300000.0,0.257,324300000.0,295600000.0,295600000.0,0.53,0.52,0.53,3769100000.0,,3769100000.0,17041452736.0,17.0,15.663,146400000.0,0.36,1.0,867900000.0,0.688,928800000.0,0.0,3006700000.0,,644100000.0,738000000.0,738000000.0,0.0,1339900000.0,1058000000.0,281900000.0,17102452736.0,-68700000.0,-31700000.0,5900000.0,-128700000.0,0.0,-120600000.0,-146400000.0,-62300000.0,195800000.0,2500000.0,213900000.0,213900000.0,213900000.0,-1800000.0,0.0,0.17,579000000.0,288900000.0,193300000.0,0.0,4.538,25.893,25.834,1178500000.0,0.0,42.11,3.585,3.587,842100000.0,3163900000.0,1261800000.0,1261800000.0,75900000.0,,,,,14300000.0,493000000.0,1.0,406137562.0,406400000.0,410700000.0,3.105,4180200000.0,501500000.0,81700000.0,177400000.0,10.286,1804200000.0
61,SYK,MRQ,2006-03-31,2006-03-31,2006-03-31,2021-07-28,8600000.0,4994200000.0,,2821400000.0,2172800000.0,,8.599,-51800000.0,198400000.0,198400000.0,452900000.0,147500000.0,2.489,0.432,137400000.0,37800000.0,99600000.0,137400000.0,0.0,28700000.0,0.0,0.002,0.0,227300000.0,256000000.0,0.194,256000000.0,227300000.0,227300000.0,0.36,0.36,0.36,3488600000.0,,3488600000.0,17735449400.0,19.0,17.03,-31100000.0,-0.077,1.0,868000000.0,0.657,917500000.0,0.0,2882300000.0,,595600000.0,675700000.0,675700000.0,0.0,1505600000.0,1133400000.0,372200000.0,17995049400.0,-292800000.0,-47400000.0,13600000.0,-98100000.0,-44600000.0,-104500000.0,-209600000.0,-110400000.0,20700000.0,600000.0,147500000.0,147500000.0,147500000.0,0.0,0.0,0.112,645900000.0,222100000.0,202100000.0,0.0,5.158,28.82,28.792,1122600000.0,0.0,44.34,3.807,3.805,841800000.0,2950000000.0,1320900000.0,1320900000.0,77100000.0,,,,,15000000.0,505700000.0,1.0,405842341.0,405700000.0,411300000.0,3.256,4076700000.0,489900000.0,79800000.0,239100000.0,10.049,1688000000.0
62,SYK,MRQ,2005-12-31,2005-12-31,2005-12-31,2021-07-28,5200000.0,4992500000.0,,2870100000.0,2122400000.0,,8.149,-73200000.0,491200000.0,491200000.0,218800000.0,178400000.0,2.298,0.513,231600000.0,47400000.0,184200000.0,231600000.0,0.0,20300000.0,0.0,0.002,0.11,246700000.0,267000000.0,0.263,267000000.0,246700000.0,246700000.0,0.44,0.44,0.44,3300200000.0,,3300200000.0,17802161836.0,19.0,16.982,292900000.0,0.723,1.0,797100000.0,0.785,922900000.0,0.0,2561200000.0,,563500000.0,565300000.0,565300000.0,0.0,1692300000.0,1248800000.0,443500000.0,17993561836.0,290800000.0,-1600000.0,12900000.0,222100000.0,0.0,254600000.0,-327300000.0,-239600000.0,366100000.0,-2600000.0,178400000.0,178400000.0,178400000.0,-11100000.0,0.0,0.176,567800000.0,229300000.0,206500000.0,0.25,5.452,27.958,27.943,1076600000.0,0.0,44.43,3.904,3.904,770300000.0,2802500000.0,1015900000.0,1015900000.0,84100000.0,,,,,11500000.0,458500000.0,1.0,404986762.0,404986762.0,,2.508,4069600000.0,474200000.0,68300000.0,207300000.0,10.049,1621300000.0
63,SYK,MRQ,2005-09-30,2005-09-30,2005-09-30,2021-07-28,36000000.0,4396800000.0,,2365200000.0,2031600000.0,,7.713,-69200000.0,200400000.0,200400000.0,417300000.0,120700000.0,2.284,0.412,9000000.0,8100000.0,900000.0,9000000.0,0.0,26400000.0,0.0,0.002,0.0,214300000.0,240700000.0,0.205,240700000.0,214300000.0,214300000.0,0.3,0.29,0.3,3113700000.0,,3113700000.0,19836162527.0,22.0,19.806,189500000.0,0.469,1.0,754600000.0,0.644,939600000.0,0.0,2230200000.0,,587600000.0,332200000.0,332200000.0,0.0,1283100000.0,1035600000.0,247500000.0,19945362527.0,82000000.0,-2000000.0,5800000.0,-800000.0,0.0,18600000.0,-193700000.0,-122500000.0,258700000.0,-1600000.0,120700000.0,120700000.0,120700000.0,0.0,0.0,0.103,539700000.0,214900000.0,171400000.0,0.0,6.406,33.121,33.174,1029900000.0,0.0,49.43,4.2,4.202,736200000.0,2787100000.0,1171900000.0,1171900000.0,72000000.0,,,,,17700000.0,457200000.0,1.0,403507233.0,403700000.0,411400000.0,2.903,3457200000.0,446400000.0,93600000.0,172200000.0,8.564,1329600000.0
64,SYK,MRQ,2005-06-30,2005-06-30,2005-06-30,2021-07-28,51200000.0,4167800000.0,,2171400000.0,1996400000.0,,7.411,-70900000.0,118400000.0,118400000.0,423100000.0,177800000.0,2.282,0.394,9200000.0,8500000.0,700000.0,9200000.0,0.0,26400000.0,0.0,0.002,0.0,251300000.0,277700000.0,0.228,277700000.0,251300000.0,251300000.0,0.44,0.43,0.44,2988800000.0,,2988800000.0,18937582614.0,25.0,22.064,111300000.0,0.276,1.0,795500000.0,0.653,954200000.0,0.0,2152700000.0,,576300000.0,212000000.0,212000000.0,0.0,1179000000.0,951700000.0,227300000.0,19172782614.0,-126300000.0,-3000000.0,5800000.0,200000.0,0.0,-6200000.0,-286800000.0,-212900000.0,182200000.0,-15500000.0,177800000.0,177800000.0,177800000.0,0.0,0.0,0.146,544000000.0,251500000.0,180600000.0,0.0,6.415,38.663,38.667,980600000.0,0.0,47.56,4.163,4.165,749600000.0,2655000000.0,1218600000.0,1218600000.0,67000000.0,,,,,10200000.0,465600000.0,1.0,403128314.0,403300000.0,410500000.0,3.022,3213600000.0,450200000.0,73500000.0,116900000.0,7.968,1219700000.0
65,SYK,MRQ,2005-03-31,2005-03-31,2005-03-31,2021-07-28,149900000.0,4068200000.0,,2081800000.0,1986400000.0,,7.189,-45100000.0,244700000.0,244700000.0,430000000.0,166700000.0,2.19,0.405,9500000.0,8800000.0,700000.0,9500000.0,0.0,27100000.0,0.0,0.002,0.0,235800000.0,262900000.0,0.219,262900000.0,235800000.0,235800000.0,0.41,0.41,0.41,2895900000.0,,2895900000.0,17634113403.0,24.0,21.403,-18700000.0,-0.046,1.0,772500000.0,0.642,987600000.0,0.0,1895000000.0,,557100000.0,0.0,0.0,0.0,1172300000.0,950400000.0,221900000.0,17973513403.0,-104700000.0,-50100000.0,5900000.0,0.0,-36200000.0,-34700000.0,-95200000.0,0.0,26400000.0,-1200000.0,166700000.0,166700000.0,166700000.0,0.0,0.0,0.139,536100000.0,236400000.0,176300000.0,0.0,6.207,38.177,38.128,933700000.0,0.0,44.61,4.058,4.056,766200000.0,2470700000.0,1202500000.0,1202500000.0,61600000.0,,,,,10000000.0,458100000.0,1.0,402903237.0,402800000.0,410700000.0,2.985,3080600000.0,448000000.0,69100000.0,168400000.0,7.648,1131400000.0
66,SYK,MRQ,2004-12-31,2004-12-31,2004-12-31,2021-07-28,198300000.0,4083800000.0,,2142600000.0,1941200000.0,,6.845,-65600000.0,349400000.0,349400000.0,415800000.0,137000000.0,1.924,0.484,10000000.0,9300000.0,700000.0,10000000.0,0.0,26800000.0,0.0,0.002,0.09,193400000.0,220200000.0,0.191,220200000.0,193400000.0,193400000.0,0.34,0.34,0.34,2752000000.0,,2752000000.0,19322309316.0,28.0,24.747,205200000.0,0.51,1.0,739700000.0,0.64,963200000.0,0.0,1667700000.0,,552500000.0,0.0,0.0,0.0,1331800000.0,1113500000.0,218300000.0,19397609316.0,257800000.0,-5600000.0,7500000.0,-7300000.0,0.0,54600000.0,-71200000.0,0.0,270800000.0,3600000.0,137000000.0,137000000.0,137000000.0,0.0,0.0,0.119,542900000.0,196800000.0,214500000.0,0.265,7.049,44.085,43.864,902900000.0,0.0,48.25,4.551,4.551,751100000.0,2297600000.0,1155500000.0,1155500000.0,60200000.0,,,,,39500000.0,473400000.0,1.0,402022991.0,402022991.0,,2.874,3120600000.0,446100000.0,56400000.0,187000000.0,7.762,1029100000.0
67,SYK,MRQ,2004-09-30,2004-09-30,2004-09-30,2021-07-28,84600000.0,3579800000.0,,1760500000.0,1819300000.0,,6.231,-47300000.0,91600000.0,91600000.0,365100000.0,14400000.0,1.944,0.43,16300000.0,12400000.0,3900000.0,16300000.0,0.0,25100000.0,0.0,0.001,0.0,72400000.0,97500000.0,0.095,97500000.0,72400000.0,72400000.0,0.04,0.04,0.04,2502900000.0,,2502900000.0,19245484284.0,29.0,25.26,138800000.0,0.346,1.0,663600000.0,0.645,934300000.0,0.0,1664800000.0,,544200000.0,0.0,0.0,0.0,1076900000.0,905400000.0,171500000.0,19292184284.0,29000000.0,-124200000.0,9700000.0,0.0,0.0,7500000.0,-171500000.0,0.0,186100000.0,6900000.0,14400000.0,14400000.0,14400000.0,0.0,0.0,0.014,591200000.0,72400000.0,150000000.0,0.0,7.708,44.137,43.709,639600000.0,0.0,48.08,4.696,4.701,693000000.0,2171100000.0,1028700000.0,1028700000.0,54600000.0,,,,,0.0,402300000.0,1.0,401251753.0,401700000.0,410700000.0,2.561,2645500000.0,357300000.0,58000000.0,138700000.0,6.586,855100000.0
68,SYK,MRQ,2004-06-30,2004-06-30,2004-06-30,2021-07-28,74800000.0,3469600000.0,,1674300000.0,1795300000.0,,6.144,-43100000.0,62600000.0,62600000.0,364700000.0,152700000.0,1.986,0.409,15900000.0,12000000.0,3900000.0,15900000.0,0.0,25100000.0,0.0,0.001,0.0,218200000.0,243300000.0,0.233,243300000.0,218200000.0,218200000.0,0.38,0.37,0.38,2462600000.0,,2462600000.0,21977269490.0,30.0,25.963,1600000.0,0.004,1.0,678300000.0,0.65,943100000.0,0.0,1636800000.0,,517000000.0,0.0,0.0,0.0,1007000000.0,843000000.0,164000000.0,22010269490.0,13700000.0,-5100000.0,14200000.0,-200000.0,0.0,14200000.0,-48200000.0,0.0,44700000.0,3000000.0,152700000.0,152700000.0,152700000.0,0.0,0.0,0.146,460100000.0,218200000.0,155500000.0,0.0,8.938,41.49,41.353,620500000.0,0.0,55.0,5.551,5.56,699500000.0,2156700000.0,1043000000.0,1043000000.0,50500000.0,,,,,0.0,396500000.0,1.0,400186718.0,400800000.0,410800000.0,2.602,2526500000.0,315500000.0,65500000.0,124700000.0,6.304,831300000.0
69,SYK,MRQ,2004-03-31,2004-03-31,2004-03-31,2021-07-28,77400000.0,3231700000.0,,1458500000.0,1773200000.0,,5.723,-23300000.0,48900000.0,48900000.0,368200000.0,135900000.0,1.827,0.413,15900000.0,10500000.0,5400000.0,15900000.0,0.0,25700000.0,0.0,0.002,0.0,194100000.0,219800000.0,0.212,219800000.0,194100000.0,194100000.0,0.34,0.33,0.34,2287900000.0,,2287900000.0,17656496315.0,26.0,22.393,34600000.0,0.087,1.0,666900000.0,0.644,953700000.0,0.0,1446700000.0,,487200000.0,0.0,0.0,0.0,943800000.0,798300000.0,145500000.0,17696296315.0,-17000000.0,-9800000.0,5900000.0,-9900000.0,-28000000.0,-31900000.0,-33100000.0,0.0,57900000.0,-9900000.0,135900000.0,135900000.0,135900000.0,0.0,0.0,0.131,473700000.0,193200000.0,155600000.0,0.0,7.735,36.465,36.283,603000000.0,0.0,44.265,4.64,4.641,552900000.0,2004000000.0,1035100000.0,1035100000.0,49600000.0,,,,,0.0,411300000.0,1.0,399780782.0,399800000.0,409100000.0,2.589,2278000000.0,321400000.0,58200000.0,136100000.0,5.698,660200000.0
70,SYK,MRQ,2003-12-31,2003-12-31,2003-12-31,2021-07-28,99600000.0,3159100000.0,,1397600000.0,1761500000.0,,5.401,-46100000.0,65900000.0,65900000.0,355900000.0,134100000.0,1.675,0.466,26100000.0,7300000.0,18800000.0,26100000.0,0.0,27600000.0,0.0,0.002,0.07,173700000.0,201300000.0,0.201,201300000.0,173700000.0,192900000.0,0.34,0.32,0.34,2154800000.0,,2154800000.0,17085283522.0,26.0,22.789,156600000.0,0.393,1.0,645400000.0,0.645,965500000.0,-19200000.0,1319400000.0,,467900000.0,0.0,0.0,0.0,1004300000.0,834400000.0,169900000.0,16958283522.0,20600000.0,-4300000.0,7900000.0,-147000000.0,0.0,-140100000.0,-50400000.0,0.0,202700000.0,8400000.0,134100000.0,134100000.0,134100000.0,0.0,0.0,0.134,451000000.0,194400000.0,137800000.0,0.206,7.87,37.394,37.285,739500000.0,0.0,42.505,4.678,4.678,498600000.0,1868100000.0,1001300000.0,1001300000.0,48000000.0,,,,,0.0,386700000.0,1.0,398971498.0,398971498.0,,2.51,2193600000.0,333300000.0,58800000.0,138900000.0,5.498,563200000.0
71,SYK,MRQ,2003-09-30,2003-09-30,2003-09-30,2021-07-28,14800000.0,2979500000.0,,1248700000.0,1730800000.0,,4.905,-34800000.0,45300000.0,45300000.0,328800000.0,107800000.0,1.701,0.526,172300000.0,8700000.0,163600000.0,172300000.0,0.0,23400000.0,0.0,0.002,0.0,158700000.0,182100000.0,0.206,182100000.0,158700000.0,152900000.0,0.27,0.26,0.27,1953000000.0,,1953000000.0,15315889541.0,24.0,20.981,180400000.0,0.453,1.0,556600000.0,0.629,954500000.0,5800000.0,1417800000.0,,459000000.0,0.0,0.0,0.0,1026500000.0,734200000.0,292300000.0,14997589541.0,-1800000.0,2300000.0,10700000.0,-195600000.0,0.0,-183500000.0,-32500000.0,0.0,215200000.0,-1000000.0,107800000.0,107800000.0,107800000.0,0.0,0.0,0.122,397500000.0,159100000.0,127800000.0,0.0,7.679,35.247,35.357,569300000.0,0.0,37.655,4.343,4.342,433500000.0,1762000000.0,885400000.0,885400000.0,44100000.0,,,,,0.0,343400000.0,1.0,398289458.0,398200000.0,407200000.0,2.224,2025000000.0,253900000.0,45100000.0,109700000.0,5.085,514500000.0
72,SYK,MRQ,2003-06-30,2003-06-30,2003-06-30,2021-07-28,2800000.0,3006000000.0,,1278900000.0,1727100000.0,,4.579,-30800000.0,47100000.0,47100000.0,326900000.0,107500000.0,1.806,0.653,365400000.0,6500000.0,358900000.0,365400000.0,0.0,23100000.0,0.0,0.002,0.0,162200000.0,185300000.0,0.208,185300000.0,162200000.0,155800000.0,0.27,0.26,0.27,1818600000.0,,1818600000.0,14181433069.0,24.0,20.568,92300000.0,0.232,1.0,564800000.0,0.633,953400000.0,6400000.0,1662700000.0,,460400000.0,0.0,0.0,0.0,1187400000.0,708200000.0,479200000.0,13772133069.0,7500000.0,-4500000.0,5500000.0,-84500000.0,0.0,-78800000.0,-35300000.0,0.0,123100000.0,-1500000.0,107500000.0,107500000.0,107500000.0,0.0,0.0,0.121,403400000.0,161400000.0,137700000.0,0.0,7.573,35.295,35.393,555200000.0,0.0,34.685,4.156,4.158,446700000.0,1654200000.0,891700000.0,891700000.0,44900000.0,,,,,0.0,348400000.0,1.0,397063084.0,397200000.0,406100000.0,2.245,2052600000.0,254000000.0,48300000.0,104700000.0,5.168,570700000.0
73,SYK,MRQ,2003-03-31,2003-03-31,2003-03-31,2021-07-28,-53500000.0,2915300000.0,,1224900000.0,1690400000.0,,4.154,-29100000.0,39600000.0,39600000.0,300800000.0,104100000.0,1.728,0.77,448900000.0,7500000.0,441400000.0,448900000.0,0.0,23100000.0,0.0,0.002,0.0,157900000.0,181000000.0,0.214,181000000.0,157900000.0,150900000.0,0.26,0.26,0.26,1647000000.0,,1647000000.0,14078844591.0,25.0,21.206,78400000.0,0.198,1.0,546100000.0,0.645,942700000.0,7000000.0,1673000000.0,,455200000.0,0.0,0.0,0.0,1268300000.0,708900000.0,559400000.0,13614944591.0,1800000.0,-4300000.0,2800000.0,-53000000.0,-23700000.0,-73900000.0,-33400000.0,0.0,107500000.0,1600000.0,104100000.0,104100000.0,104100000.0,0.0,0.0,0.123,389700000.0,156400000.0,129000000.0,0.0,8.267,36.937,36.909,534400000.0,0.0,34.325,4.315,4.313,427600000.0,1546700000.0,846900000.0,846900000.0,43200000.0,,,,,0.0,337500000.0,1.0,396648058.0,396500000.0,405600000.0,2.136,1972600000.0,229400000.0,46800000.0,171900000.0,4.975,516000000.0
74,SYK,MRQ,2002-12-31,2002-12-31,2002-12-31,2021-07-28,-84900000.0,2815500000.0,,1151300000.0,1664200000.0,,3.784,-50600000.0,37800000.0,37800000.0,309300000.0,106100000.0,1.627,0.879,501700000.0,10700000.0,491000000.0,501700000.0,0.0,23500000.0,0.0,0.002,0.06,158100000.0,181600000.0,0.219,181600000.0,158100000.0,149300000.0,0.265,0.26,0.265,1498200000.0,,1498200000.0,13865069553.0,25.0,21.893,133500000.0,0.337,1.0,519900000.0,0.627,935100000.0,8800000.0,1636800000.0,,426500000.0,0.0,0.0,0.0,1317300000.0,707500000.0,609800000.0,13286969553.0,-900000.0,-27100000.0,5000000.0,-116600000.0,0.0,-111600000.0,-77700000.0,0.0,184100000.0,4300000.0,106100000.0,106100000.0,106100000.0,0.0,0.0,0.128,382400000.0,137500000.0,106000000.0,0.226,8.869,38.446,38.575,519200000.0,0.0,33.56,4.412,4.412,406700000.0,1442600000.0,829200000.0,829200000.0,37500000.0,,,,,0.0,316000000.0,1.0,395916852.0,395916852.0,,2.094,1880400000.0,289300000.0,43200000.0,133200000.0,4.749,443800000.0
75,SYK,MRQ,2002-09-30,2002-09-30,2002-09-30,2021-07-28,-115100000.0,2723100000.0,,1132400000.0,1590700000.0,,3.487,-34500000.0,38700000.0,38700000.0,279900000.0,72500000.0,1.761,0.975,616800000.0,21700000.0,595100000.0,616800000.0,0.0,22500000.0,0.0,0.002,0.0,119100000.0,141600000.0,0.19,141600000.0,119100000.0,108200000.0,0.185,0.18,0.185,1378800000.0,,1378800000.0,11951601421.0,23.0,19.843,116700000.0,0.295,1.0,465700000.0,0.625,892800000.0,10900000.0,1765200000.0,,435300000.0,0.0,0.0,0.0,1344300000.0,643200000.0,701100000.0,11386201421.0,-13500000.0,-135200000.0,4000000.0,2800000.0,0.0,6700000.0,-169700000.0,0.0,151200000.0,-1700000.0,72500000.0,72500000.0,72500000.0,0.0,0.0,0.097,337400000.0,128300000.0,109000000.0,0.0,8.258,36.021,35.776,483300000.0,0.0,28.8,3.937,3.937,380300000.0,1360200000.0,745600000.0,745600000.0,35900000.0,,,,,0.0,284300000.0,1.0,395354216.0,395400000.0,406800000.0,1.886,1830300000.0,222300000.0,35700000.0,113000000.0,4.629,489200000.0
76,SYK,MRQ,2002-06-30,2002-06-30,2002-06-30,2021-07-28,-93900000.0,2599600000.0,,1109900000.0,1489700000.0,,3.343,-31700000.0,52200000.0,52200000.0,267100000.0,85900000.0,1.95,0.97,617600000.0,21300000.0,596300000.0,617600000.0,0.0,21500000.0,0.0,0.002,0.0,138200000.0,159700000.0,0.218,159700000.0,138200000.0,128200000.0,0.22,0.21,0.22,1319900000.0,,1319900000.0,11204288827.0,22.0,19.1,78400000.0,0.199,1.0,466800000.0,0.636,826500000.0,10000000.0,1769300000.0,,435300000.0,0.0,0.0,0.0,1279700000.0,569200000.0,710500000.0,10559788827.0,-8700000.0,-6200000.0,5100000.0,-95700000.0,0.0,-90300000.0,-37900000.0,0.0,110100000.0,9400000.0,85900000.0,85900000.0,85900000.0,0.0,0.0,0.117,322300000.0,144500000.0,116100000.0,0.0,8.0,34.713,34.523,475000000.0,0.0,26.755,3.818,3.819,379500000.0,1287700000.0,733900000.0,733900000.0,34400000.0,,,,,0.0,287900000.0,1.0,394684688.0,394800000.0,407200000.0,1.859,1773100000.0,188700000.0,42300000.0,91100000.0,4.491,540700000.0
77,SYK,MRQ,2002-03-31,2002-03-31,2002-03-31,2021-07-28,-181600000.0,2454800000.0,,1039800000.0,1415000000.0,,2.895,-21400000.0,60900000.0,60900000.0,254900000.0,81100000.0,2.063,1.152,705400000.0,2100000.0,703300000.0,705400000.0,0.0,18800000.0,0.0,0.002,0.0,131600000.0,150400000.0,0.214,150400000.0,131600000.0,121000000.0,0.205,0.2,0.205,1140800000.0,,1140800000.0,12566874423.0,26.0,22.429,41300000.0,0.105,1.0,448000000.0,0.637,790000000.0,10600000.0,1805200000.0,,407600000.0,0.0,0.0,0.0,1314000000.0,504100000.0,809900000.0,11894374423.0,10800000.0,-5100000.0,13700000.0,-15500000.0,-19700000.0,-21600000.0,-26500000.0,0.0,62700000.0,-3800000.0,81100000.0,81100000.0,81100000.0,0.0,0.0,0.115,310800000.0,137200000.0,117500000.0,0.0,10.426,41.882,41.896,441900000.0,0.0,30.165,4.453,4.45,339000000.0,1201800000.0,702900000.0,702900000.0,33600000.0,,,,,0.0,277200000.0,1.0,394310440.0,394000000.0,407600000.0,1.784,1664800000.0,172500000.0,39900000.0,89800000.0,4.225,535700000.0
78,SYK,MRQ,2001-12-31,2001-12-31,2001-12-31,2021-07-28,-167400000.0,2423600000.0,,993100000.0,1430500000.0,,2.686,-104900000.0,50100000.0,50100000.0,265400000.0,76600000.0,1.862,1.295,722600000.0,1700000.0,720900000.0,722600000.0,0.0,19100000.0,0.0,0.002,0.05,131500000.0,150600000.0,0.212,150600000.0,131500000.0,116700000.0,0.195,0.19,0.195,1056200000.0,,1056200000.0,12219823657.0,26.0,22.492,83200000.0,0.212,1.0,444400000.0,0.626,802300000.0,14800000.0,1760400000.0,,399800000.0,0.0,0.0,0.0,1367400000.0,533400000.0,834000000.0,11476123657.0,-13900000.0,-10600000.0,-3000000.0,-78400000.0,0.0,-82800000.0,-115500000.0,0.0,188100000.0,-3700000.0,76600000.0,76600000.0,76600000.0,0.0,0.0,0.108,298300000.0,146100000.0,108500000.0,0.256,10.865,42.982,42.919,444000000.0,0.0,29.185,4.41,4.41,332100000.0,1120700000.0,709800000.0,709800000.0,36200000.0,,,,,0.0,261500000.0,1.0,393219930.0,393219930.0,,1.805,1621300000.0,231900000.0,40100000.0,75100000.0,4.123,459700000.0
79,SYK,MRQ,2001-09-30,2001-09-30,2001-09-30,2021-07-28,-131500000.0,2413200000.0,,1041900000.0,1371300000.0,,2.63,-11300000.0,64000000.0,64000000.0,228800000.0,60600000.0,1.708,1.337,807700000.0,136200000.0,671500000.0,807700000.0,0.0,18700000.0,0.0,0.002,0.0,107200000.0,125900000.0,0.203,125900000.0,107200000.0,90400000.0,0.155,0.15,0.155,1032400000.0,,1032400000.0,11224836537.0,24.0,21.064,121800000.0,0.31,1.0,390500000.0,0.631,799700000.0,16800000.0,1747300000.0,,431500000.0,0.0,0.0,0.0,1380800000.0,609900000.0,770900000.0,10383836537.0,21400000.0,-28400000.0,9100000.0,-84600000.0,0.0,-75500000.0,-39700000.0,0.0,133100000.0,3500000.0,60600000.0,60600000.0,60600000.0,0.0,0.0,0.098,273600000.0,116900000.0,95000000.0,0.0,10.058,40.42,40.382,367600000.0,0.0,26.45,4.145,4.146,327700000.0,1063800000.0,619300000.0,619300000.0,35100000.0,,,,,0.0,238500000.0,1.0,392583612.0,392600000.0,406000000.0,1.577,1613500000.0,174900000.0,29800000.0,72300000.0,4.11,432000000.0
80,SYK,MRQ,2001-06-30,2001-06-30,2001-06-30,2021-07-28,-150600000.0,2390300000.0,,1022700000.0,1367600000.0,,2.405,-22200000.0,42600000.0,42600000.0,237300000.0,65700000.0,1.667,1.533,883600000.0,138400000.0,745200000.0,883600000.0,0.0,18500000.0,0.0,0.001,0.0,114900000.0,133400000.0,0.209,133400000.0,114900000.0,98100000.0,0.165,0.16,0.165,943600000.0,,943600000.0,11656356258.0,26.0,22.258,55200000.0,0.141,1.0,401700000.0,0.629,791300000.0,16800000.0,1826600000.0,,420400000.0,0.0,0.0,0.0,1446700000.0,613400000.0,833300000.0,10757356258.0,-18500000.0,-1500000.0,2700000.0,-72000000.0,0.0,-68800000.0,-23700000.0,0.0,77400000.0,-3400000.0,65700000.0,65700000.0,65700000.0,0.0,0.0,0.103,277400000.0,124300000.0,106600000.0,0.0,11.4,43.676,43.532,364500000.0,0.0,27.425,4.42,4.421,339100000.0,1003200000.0,639000000.0,639000000.0,35400000.0,,,,,0.0,242000000.0,1.0,392246354.0,392400000.0,406200000.0,1.628,1599000000.0,173900000.0,32400000.0,45700000.0,4.075,409300000.0
81,SYK,MRQ,2001-03-31,2001-03-31,2001-03-31,2021-07-28,-138600000.0,2405000000.0,,1014700000.0,1390300000.0,,2.263,-14500000.0,61100000.0,61100000.0,232300000.0,64100000.0,1.692,1.711,960100000.0,128900000.0,831200000.0,960100000.0,0.0,18200000.0,0.0,0.002,0.0,115200000.0,133400000.0,0.21,133400000.0,115200000.0,95700000.0,0.165,0.16,0.165,887100000.0,,887100000.0,11196411659.0,25.0,21.711,60100000.0,0.153,1.0,401900000.0,0.634,814400000.0,19500000.0,1890000000.0,,409500000.0,0.0,0.0,0.0,1517900000.0,599600000.0,918300000.0,10237911659.0,7100000.0,-2500000.0,1000000.0,-40600000.0,-15700000.0,-55400000.0,-17000000.0,0.0,74600000.0,4900000.0,64100000.0,64100000.0,64100000.0,0.0,0.0,0.101,278800000.0,123100000.0,107400000.0,0.0,11.541,43.883,43.542,365200000.0,0.0,26.125,4.335,4.337,331500000.0,937500000.0,634200000.0,634200000.0,35400000.0,,,,,0.0,243400000.0,1.0,391881786.0,392000000.0,405200000.0,1.618,1590600000.0,165600000.0,31600000.0,64700000.0,4.058,415100000.0
82,SYK,MRQ,2000-12-31,2000-12-31,2000-12-31,2021-07-28,-102400000.0,2430800000.0,,997000000.0,1433800000.0,,2.185,-22000000.0,54000000.0,54000000.0,215900000.0,66500000.0,1.615,1.843,1012500000.0,136000000.0,876500000.0,1012500000.0,0.0,18700000.0,0.0,0.002,0.04,121500000.0,140200000.0,0.229,140200000.0,121500000.0,100800000.0,0.17,0.165,0.17,854900000.0,,854900000.0,10945859399.0,25.0,21.624,96500000.0,0.247,1.0,396500000.0,0.647,839300000.0,20700000.0,1932600000.0,,392100000.0,0.0,0.0,0.0,1575900000.0,617400000.0,958500000.0,9894859399.0,-9700000.0,-10400000.0,6100000.0,-102200000.0,-100000.0,-91700000.0,-32400000.0,0.0,118500000.0,-4100000.0,66500000.0,66500000.0,66500000.0,0.0,0.0,0.109,264600000.0,131900000.0,94100000.0,0.235,11.574,44.773,44.77,378100000.0,0.0,25.295,4.322,4.322,343700000.0,873400000.0,612400000.0,612400000.0,33400000.0,,,,,0.0,232200000.0,1.0,391178470.0,391178470.0,,1.566,1591500000.0,252700000.0,34300000.0,33600000.0,4.068,379600000.0
83,SYK,MRQ,2000-09-30,2000-09-30,2000-09-30,2021-07-28,-108300000.0,2538400000.0,,1115100000.0,1423300000.0,,2.028,-21800000.0,63700000.0,63700000.0,194700000.0,50000000.0,1.657,2.205,1114700000.0,122300000.0,992400000.0,1114700000.0,0.0,17200000.0,0.0,0.002,0.0,99500000.0,116700000.0,0.213,116700000.0,99500000.0,75800000.0,0.13,0.125,0.13,792000000.0,,792000000.0,9517801840.0,23.0,19.804,82000000.0,0.21,1.0,353700000.0,0.645,852900000.0,23700000.0,2063500000.0,,412700000.0,0.0,0.0,0.0,1746400000.0,673000000.0,1073400000.0,8380901840.0,11000000.0,-100000.0,1800000.0,-65600000.0,0.0,-68400000.0,-21900000.0,0.0,103800000.0,-2500000.0,50000000.0,50000000.0,50000000.0,0.0,0.0,0.091,244200000.0,109500000.0,89700000.0,0.0,10.582,42.264,41.689,369400000.0,0.0,21.47,3.748,3.75,340600000.0,822600000.0,548400000.0,548400000.0,29400000.0,,,,,0.0,214800000.0,1.0,390354068.0,390600000.0,403800000.0,1.404,1685500000.0,260700000.0,25800000.0,85100000.0,4.315,442100000.0
84,SYK,MRQ,2000-06-30,2000-06-30,2000-06-30,2021-07-28,-86900000.0,2582700000.0,,1133000000.0,1449700000.0,,1.923,-21000000.0,52700000.0,52700000.0,203000000.0,52700000.0,1.665,2.445,1189600000.0,117300000.0,1072300000.0,1189600000.0,0.0,19600000.0,0.0,0.002,0.0,105800000.0,125400000.0,0.221,125400000.0,105800000.0,79800000.0,0.135,0.13,0.135,749700000.0,,749700000.0,9721941088.0,29.0,23.764,60200000.0,0.154,1.0,363500000.0,0.642,883700000.0,26000000.0,2155500000.0,,427600000.0,0.0,0.0,0.0,1833000000.0,680400000.0,1152600000.0,8525041088.0,-12000000.0,-2900000.0,2400000.0,-69600000.0,0.0,-71700000.0,-23900000.0,0.0,81200000.0,2400000.0,52700000.0,52700000.0,52700000.0,0.0,0.0,0.093,250800000.0,112700000.0,119500000.0,0.0,11.371,57.446,56.818,373600000.0,0.0,21.875,3.899,3.9,360300000.0,772600000.0,566500000.0,566500000.0,30800000.0,,,,,0.0,220000000.0,1.0,389716164.0,389800000.0,401000000.0,1.453,1699000000.0,250300000.0,27100000.0,66100000.0,4.359,452600000.0
85,SYK,MRQ,2000-03-31,2000-03-31,2000-03-31,2021-07-28,-71500000.0,2562200000.0,,1106100000.0,1456100000.0,,1.805,-11100000.0,64700000.0,64700000.0,201600000.0,51800000.0,1.722,2.649,1261600000.0,121500000.0,1140100000.0,1261600000.0,0.0,19200000.0,0.0,0.002,0.0,104700000.0,123900000.0,0.22,123900000.0,104700000.0,78500000.0,0.135,0.13,0.135,702200000.0,,702200000.0,7988976903.0,31.0,24.551,17200000.0,0.044,1.0,360500000.0,0.641,888800000.0,26200000.0,2227800000.0,,396400000.0,0.0,0.0,0.0,1860000000.0,642500000.0,1217500000.0,6781576903.0,-15300000.0,-11100000.0,3900000.0,-16000000.0,-12600000.0,-26900000.0,-15100000.0,7100000.0,28300000.0,-1600000.0,51800000.0,51800000.0,51800000.0,0.0,0.0,0.092,247200000.0,113300000.0,99100000.0,0.0,9.658,73.713,72.656,374200000.0,0.0,17.438,3.164,3.165,368000000.0,719900000.0,562100000.0,562100000.0,28600000.0,,,,,0.0,218600000.0,1.0,388907636.0,389000000.0,399200000.0,1.445,1673400000.0,234100000.0,26700000.0,58700000.0,4.302,463600000.0
86,SYK,MRQ,1999-12-31,1999-12-31,1999-12-31,2021-07-28,-43100000.0,2580500000.0,,1110400000.0,1470100000.0,,1.731,-32000000.0,80000000.0,80000000.0,217000000.0,43800000.0,1.658,2.843,1287400000.0,106300000.0,1181100000.0,1287400000.0,0.0,18000000.0,0.0,0.002,0.033,96600000.0,114600000.0,0.205,114600000.0,96600000.0,67300000.0,0.115,0.115,0.115,671500000.0,,671500000.0,8085584813.0,53.0,36.719,148500000.0,0.383,1.0,342100000.0,0.612,898900000.0,29300000.0,2219400000.0,,386100000.0,3500000.0,3500000.0,0.0,1909000000.0,669600000.0,1239400000.0,6752684813.0,-7500000.0,-2000000.0,1700000.0,-149600000.0,0.0,-147900000.0,-28500000.0,5500000.0,180500000.0,-11600000.0,43800000.0,43800000.0,43800000.0,0.0,0.0,0.078,239400000.0,102700000.0,110400000.0,0.287,10.056,348.077,348.15,391500000.0,0.0,17.407,3.21,3.21,377700000.0,668100000.0,559100000.0,559100000.0,26800000.0,,,,,0.0,213400000.0,1.0,387918128.0,387918128.0,,1.441,1681600000.0,269700000.0,23500000.0,47100000.0,4.335,440800000.0
87,SYK,MRQ,1999-09-30,1999-09-30,1999-09-30,2021-07-28,-26300000.0,2691700000.0,,1183100000.0,1508600000.0,,1.666,-14700000.0,91100000.0,91100000.0,243000000.0,100000.0,1.839,3.166,1424000000.0,76400000.0,1347600000.0,1424000000.0,0.0,15600000.0,0.0,0.002,0.0,29600000.0,45200000.0,0.091,45200000.0,29600000.0,200000.0,0.0,0.0,0.0,646100000.0,,646100000.0,6338063797.0,-63381.0,106.343,68900000.0,0.178,1.0,255900000.0,0.513,889600000.0,29400000.0,2491500000.0,,430900000.0,11400000.0,11400000.0,0.0,2045600000.0,643500000.0,1402100000.0,4955763797.0,22900000.0,-4900000.0,500000.0,-44000000.0,0.0,-39000000.0,-19600000.0,0.0,83600000.0,-2100000.0,100000.0,100000.0,100000.0,0.0,0.0,0.0,218000000.0,37900000.0,117800000.0,,7.67,-49.807,-69.095,397200000.0,0.0,12.783,2.656,2.657,447500000.0,637000000.0,498900000.0,498900000.0,26900000.0,,,,,0.0,191100000.0,1.0,387699104.0,387800000.0,397800000.0,1.286,1802100000.0,160300000.0,100000.0,40300000.0,4.647,539600000.0
88,SYK,MRQ,1999-06-30,1999-06-30,1999-06-30,2021-07-28,-68500000.0,2645200000.0,,1188200000.0,1457000000.0,,1.557,-20300000.0,68200000.0,68200000.0,263100000.0,-3700000.0,2.02,3.385,1450500000.0,50200000.0,1400300000.0,1450500000.0,0.0,15900000.0,0.0,0.002,0.0,25800000.0,41700000.0,0.08,41700000.0,25800000.0,-6200000.0,-0.01,-0.01,-0.01,603300000.0,,603300000.0,7232345410.0,296.0,95.92,18500000.0,0.048,1.0,260200000.0,0.497,862400000.0,32000000.0,2577000000.0,,473500000.0,11400000.0,11400000.0,0.0,2041900000.0,588100000.0,1453800000.0,5823345410.0,-34400000.0,-5700000.0,1200000.0,-56100000.0,0.0,-55300000.0,-26000000.0,0.0,38800000.0,8100000.0,-3700000.0,-3700000.0,-3700000.0,0.0,0.0,-0.007,227900000.0,32300000.0,98700000.0,0.0,9.652,-89.728,-158.237,386800000.0,0.0,15.033,3.577,3.579,455800000.0,636900000.0,523300000.0,523300000.0,26300000.0,,,,,0.0,201600000.0,1.0,387383696.0,387600000.0,387600000.0,1.35,1782800000.0,137600000.0,-2500000.0,37100000.0,4.6,600100000.0
89,SYK,MRQ,1999-03-31,1999-03-31,1999-03-31,2021-07-28,-52900000.0,2763800000.0,,1279500000.0,1484300000.0,,1.606,-9200000.0,102600000.0,102600000.0,266600000.0,-20800000.0,2.07,3.448,1511600000.0,32800000.0,1478800000.0,1511600000.0,0.0,18300000.0,0.0,0.002,0.0,400000.0,18700000.0,0.036,18700000.0,400000.0,-31500000.0,-0.055,-0.055,-0.055,621400000.0,,621400000.0,6259376299.0,117.0,65.612,-28100000.0,-0.073,1.0,255800000.0,0.49,904400000.0,31900000.0,2650300000.0,,534700000.0,11400000.0,11400000.0,0.0,2142400000.0,618100000.0,1524300000.0,4881342299.0,-22300000.0,-2000000.0,3800000.0,27300000.0,-11600000.0,11600000.0,-5300000.0,5900000.0,-18900000.0,-9700000.0,-20800000.0,-20800000.0,-20800000.0,0.0,0.0,-0.04,247200000.0,8600000.0,128700000.0,0.0,7.855,-188.469,1801.429,391300000.0,0.0,12.61,3.558,3.557,435600000.0,640600000.0,522400000.0,522400000.0,25200000.0,,,,,0.0,202300000.0,1.0,387100896.0,387000000.0,395400000.0,1.35,1859400000.0,144900000.0,-10700000.0,56500000.0,4.805,661400000.0
90,SYK,MRQ,1998-12-31,1998-12-31,1998-12-31,2021-07-28,-9000000.0,2875400000.0,,1334700000.0,1540700000.0,,1.744,-15500000.0,121300000.0,121300000.0,149300000.0,-75100000.0,1.997,3.275,1503000000.0,15000000.0,1488000000.0,1503000000.0,0.0,9900000.0,0.0,0.002,0.03,-55900000.0,-46000000.0,-0.143,-46000000.0,-55900000.0,-41300000.0,-0.12,-0.115,-0.12,672600000.0,,672600000.0,5161702994.0,47.0,36.975,62800000.0,0.163,1.0,172000000.0,0.535,898000000.0,-14600000.0,2690600000.0,,591000000.0,17300000.0,17300000.0,0.0,2202800000.0,668500000.0,1534300000.0,5309617994.0,-101700000.0,-1667500000.0,-100000.0,1384600000.0,0.0,1391200000.0,-1568100000.0,114900000.0,78300000.0,-3100000.0,-75100000.0,-75100000.0,-75100000.0,0.0,0.0,-0.234,234000000.0,-62000000.0,162400000.0,-0.25,7.894,171.832,88.806,429500000.0,0.0,13.765,4.813,4.813,425600000.0,661400000.0,321300000.0,321300000.0,19600000.0,,,,,0.0,112100000.0,1.0,385733236.0,385733236.0,,0.833,1977400000.0,128600000.0,33800000.0,49100000.0,5.126,666200000.0
91,SYK,MRQ,1998-09-30,1998-09-30,1998-09-30,2021-07-28,-11254000.0,1071675000.0,,818750000.0,252925000.0,,1.882,-16400000.0,223069000.0,223069000.0,111200000.0,34700000.0,2.879,0.477,75154000.0,71280000.0,3874000.0,75154000.0,0.0,6900000.0,0.0,0.003,0.0,54100000.0,61000000.0,0.234,61000000.0,54100000.0,53500000.0,0.09,0.087,0.09,725770000.0,,725770000.0,3294237214.0,15.0,13.073,32300000.0,0.084,1.0,149800000.0,0.574,0.0,600000.0,639419000.0,,165971000.0,135731000.0,135731000.0,0.0,345905000.0,284341000.0,61564000.0,3275212214.0,167700000.0,-1800000.0,1700000.0,-800000.0,0.0,1900000.0,117500000.0,135700000.0,48700000.0,-400000.0,34700000.0,34700000.0,34700000.0,0.0,0.0,0.133,99400000.0,50400000.0,51662000.0,0.0,4.513,22.915,22.973,182998000.0,0.0,8.5,3.161,3.163,191173000.0,718949000.0,261000000.0,261000000.0,12900000.0,,,,,0.0,86500000.0,1.0,385319084.0,385600000.0,392000000.0,0.677,1071675000.0,86140000.0,18800000.0,50599000.0,2.779,534409000.0
92,SYK,MRQ,1998-06-30,1998-06-30,1998-06-30,2021-07-28,-22279000.0,1015541000.0,,772815000.0,242726000.0,,1.761,-11400000.0,55364000.0,55364000.0,110800000.0,35300000.0,2.861,0.497,74389000.0,70020000.0,4369000.0,74389000.0,0.0,6600000.0,0.0,0.003,0.0,55100000.0,61700000.0,0.231,61700000.0,55100000.0,54200000.0,0.092,0.09,0.092,678263000.0,,678263000.0,3700373510.0,17.0,15.203,3800000.0,0.01,1.0,156500000.0,0.585,0.0,900000.0,764430000.0,,157944000.0,271473000.0,271473000.0,0.0,337278000.0,270136000.0,67142000.0,3695011510.0,-15400000.0,-12700000.0,1600000.0,-100000.0,0.0,1300000.0,-30800000.0,-6700000.0,15200000.0,-1100000.0,35300000.0,35300000.0,35300000.0,0.0,0.0,0.132,104200000.0,52300000.0,56344000.0,0.0,5.448,26.932,27.028,170769000.0,0.0,9.595,3.646,3.647,193455000.0,684199000.0,267300000.0,267300000.0,15500000.0,,,,,0.0,88700000.0,1.0,385097604.0,385200000.0,392800000.0,0.694,1015541000.0,77824000.0,18900000.0,38517000.0,2.636,502679000.0
93,SYK,MRQ,1998-03-31,1998-03-31,1998-03-31,2021-07-28,-14878000.0,997288000.0,,769540000.0,227748000.0,,1.684,-8000000.0,70680000.0,70680000.0,100800000.0,36000000.0,2.721,0.541,76042000.0,72288000.0,3754000.0,76042000.0,0.0,6600000.0,0.0,0.002,0.0,56300000.0,62900000.0,0.248,62900000.0,56300000.0,55400000.0,0.092,0.092,0.092,647319000.0,,647319000.0,4429923247.0,21.0,18.861,4300000.0,0.011,1.0,152800000.0,0.603,0.0,900000.0,719859000.0,,152084000.0,264776000.0,264776000.0,0.0,349969000.0,282791000.0,67178000.0,4505874247.0,-83300000.0,-12700000.0,3600000.0,-400000.0,-10600000.0,-7600000.0,-88400000.0,-67700000.0,12300000.0,400000.0,36000000.0,36000000.0,36000000.0,0.0,0.0,0.142,99300000.0,53500000.0,58586000.0,0.0,6.961,34.323,34.471,164367000.0,0.0,11.72,4.532,4.532,184596000.0,648949000.0,253600000.0,253600000.0,13000000.0,,,,,0.0,86300000.0,1.0,384460260.0,384400000.0,392400000.0,0.66,997288000.0,78733000.0,19400000.0,53484000.0,2.594,486749000.0
94,SYK,MRQ,1997-12-31,1997-12-31,1997-12-31,2021-07-28,-9788000.0,985075000.0,,736703000.0,248372000.0,,1.594,-9205000.0,154027000.0,154027000.0,101678000.0,36930000.0,2.431,0.608,78076000.0,73627000.0,4449000.0,78076000.0,0.0,6620000.0,0.0,0.003,0.028,59777000.0,66397000.0,0.261,66397000.0,59777000.0,54977000.0,0.095,0.095,0.095,612775000.0,,612775000.0,,,,31893000.0,0.083,1.0,152707000.0,0.6,46110000.0,4800000.0,560003000.0,,116341000.0,197041000.0,197041000.0,0.0,372300000.0,303011000.0,69289000.0,3580286171.0,342000.0,-11062000.0,1322000.0,-1287000.0,-21000.0,6214000.0,-38322000.0,-18055000.0,41098000.0,-2207000.0,36930000.0,36930000.0,36930000.0,0.0,0.0,0.145,94197000.0,58510000.0,55034000.0,0.295,5.843,28.574,28.654,163867000.0,0.0,9.312,3.653,3.653,176214000.0,612939000.0,254385000.0,254385000.0,14588000.0,,,,,0.0,79609000.0,1.0,384460260.0,384460260.0,,0.662,938965000.0,78896000.0,18047000.0,36971000.0,2.442,433692000.0
95,SYK,MRQ,1997-09-30,1997-09-30,1997-09-30,2021-07-28,,,,,,,,-10396000.0,,,97805000.0,28970000.0,,,,,,,,6615000.0,,0.002,0.0,45785000.0,52400000.0,0.22,52400000.0,45785000.0,45785000.0,0.075,0.075,0.075,,,,,,,36502000.0,0.095,1.0,140338000.0,0.589,,0.0,,,,,,,,,,,-25959000.0,-3354000.0,457000.0,-4135000.0,0.0,-3678000.0,-69640000.0,-55890000.0,46898000.0,-455000.0,28970000.0,28970000.0,28970000.0,0.0,0.0,0.122,96843000.0,43495000.0,,0.0,,,,,0.0,10.938,,,,,238143000.0,238143000.0,14253000.0,,,,,0.0,82590000.0,1.0,,384152000.0,392700000.0,0.62,,,16815000.0,,,
96,SYK,MRQ,1997-06-30,1997-06-30,1997-06-30,2021-07-28,,,,,,,,-8549000.0,,,100532000.0,29380000.0,,,,,,,,6472000.0,,0.003,0.0,46698000.0,53170000.0,0.214,53170000.0,46698000.0,46698000.0,0.077,0.075,0.077,,,,,,,18299000.0,0.048,1.0,147504000.0,0.595,,0.0,,,,,,,,,,,36081000.0,-19985000.0,-1938000.0,0.0,0.0,-1938000.0,10101000.0,38635000.0,26848000.0,465000.0,29380000.0,29380000.0,29380000.0,0.0,0.0,0.118,102449000.0,45055000.0,,0.0,,,,,0.0,8.672,,,,,248036000.0,248036000.0,14361000.0,,,,,0.0,88088000.0,1.0,,384016000.0,391224000.0,0.646,,,17318000.0,,,
97,SYK,MRQ,1997-03-31,1997-03-31,1997-03-31,2021-07-28,,,,,,,,-7050000.0,,,97685000.0,30020000.0,,,,,,,,6393000.0,,0.004,0.0,47840000.0,54233000.0,0.226,54233000.0,47840000.0,47840000.0,0.077,0.075,0.077,,,,,,,-29994000.0,-0.077,1.0,141851000.0,0.592,,0.0,,,,,,,,,,,-32064000.0,-4999000.0,-20041000.0,-1278000.0,-9679000.0,-30998000.0,18161000.0,30210000.0,-22944000.0,-1203000.0,30020000.0,30020000.0,30020000.0,0.0,0.0,0.125,97711000.0,44140000.0,,0.0,,,,,0.0,6.185,,,,,239536000.0,239536000.0,13698000.0,,,,,0.0,84013000.0,1.0,,387452000.0,393912000.0,0.618,,,17820000.0,,,
98,SYK,MRQ,1996-12-31,1996-12-31,1996-12-31,2021-07-28,442000.0,993506000.0,,753537000.0,239969000.0,,,,175673000.0,175673000.0,,,2.993,0.873,93905000.0,4403000.0,89502000.0,93905000.0,0.0,,0.0,0.003,0.025,,,,,,,,,,530361000.0,,530361000.0,,,,,,1.0,,,45375000.0,,614622000.0,,127387000.0,191900000.0,191900000.0,0.0,463145000.0,251741000.0,211404000.0,,,,,,,,,,,,,,,,,,,,62433000.0,,,,27.509,172303000.0,,7.428,,,166052000.0,514318000.0,,,,,,,,,,1.0,,,,,948131000.0,78034000.0,,56723000.0,,501796000.0
0,SYK,MRT,2021-06-30,2021-06-30,2021-06-30,2021-07-28,-943000000.0,33698000000.0,33442250000.0,9032000000.0,24666000000.0,0.486,36.668,-423000000.0,2241000000.0,2241000000.0,5787000000.0,2083000000.0,2.124,1.438,12740000000.0,6000000.0,12734000000.0,12740000000.0,0.0,364000000.0,0.0,0.009,2.465,2480000000.0,2844000000.0,0.175,2844000000.0,2480000000.0,2480000000.0,5.54,5.46,5.54,13820000000.0,13348000000.0,13820000000.0,108688723236.0,44.0,38.217,2973000000.0,7.888,1.0,10459000000.0,0.644,18063000000.0,0.0,21882000000.0,21660000000.0,3431000000.0,84000000.0,84000000.0,0.0,19878000000.0,4252000000.0,15626000000.0,97852723236.0,-4298000000.0,-4300000000.0,0.0,-1965000000.0,-907000000.0,-3028000000.0,-4719000000.0,-4000000.0,3396000000.0,53000000.0,2083000000.0,2083000000.0,2083000000.0,0.0,0.0,0.128,7660000000.0,2799000000.0,864000000.0,0.445,7.081,46.977,46.883,2738000000.0,0.0,259.73,6.023,6.026,2714000000.0,12881000000.0,16246000000.0,16246000000.0,1095000000.0,0.062,0.156,0.114,0.153,163000000.0,5886000000.0,1.0,376747866.0,376900000.0,382300000.0,43.104,15635000000.0,1751000000.0,397000000.0,1227000000.0,41.483,4780000000.0
1,SYK,MRT,2021-03-31,2021-03-31,2021-03-31,2021-07-28,-867000000.0,33455000000.0,32888500000.0,8979000000.0,24476000000.0,0.447,35.881,-426000000.0,2238000000.0,2238000000.0,5481000000.0,1408000000.0,2.271,1.478,13074000000.0,15000000.0,13059000000.0,13074000000.0,0.0,355000000.0,0.0,0.01,2.41,1731000000.0,2086000000.0,0.142,2086000000.0,1731000000.0,1731000000.0,3.75,3.69,3.75,13502000000.0,13081500000.0,13502000000.0,102683025452.0,59.0,49.225,2712000000.0,7.207,1.0,9235000000.0,0.628,18181000000.0,0.0,22157000000.0,21283000000.0,3473000000.0,74000000.0,74000000.0,0.0,19953000000.0,3953000000.0,16000000000.0,91635025452.0,-1726000000.0,-4226000000.0,0.0,742000000.0,-886000000.0,-296000000.0,-4634000000.0,10000000.0,3138000000.0,66000000.0,1408000000.0,1408000000.0,1408000000.0,0.0,0.0,0.096,7188000000.0,2047000000.0,767000000.0,0.643,6.787,65.082,64.955,2710000000.0,0.0,243.58,6.227,6.229,2616000000.0,12525000000.0,14716000000.0,14716000000.0,1018000000.0,0.043,0.108,0.081,0.118,154000000.0,5606000000.0,1.0,376200942.0,376300000.0,381700000.0,39.107,15274000000.0,1519000000.0,323000000.0,1239000000.0,40.59,5026000000.0
2,SYK,MRT,2020-12-31,2020-12-31,2020-12-31,2021-07-28,-1157000000.0,34330000000.0,31884750000.0,9707000000.0,24623000000.0,0.45,34.844,-487000000.0,2943000000.0,2943000000.0,5294000000.0,1599000000.0,1.926,1.624,13991000000.0,761000000.0,13230000000.0,13991000000.0,0.0,340000000.0,0.0,0.01,2.355,1954000000.0,2294000000.0,0.16,2294000000.0,1954000000.0,1954000000.0,4.26,4.2,4.26,13084000000.0,12984750000.0,13084000000.0,98127742591.0,50.0,42.776,2790000000.0,7.43,1.0,9057000000.0,0.631,18332000000.0,0.0,22005000000.0,20416000000.0,3494000000.0,81000000.0,81000000.0,0.0,21246000000.0,5041000000.0,16205000000.0,92083742591.0,-1394000000.0,-4222000000.0,0.0,989000000.0,-863000000.0,-11000000.0,-4701000000.0,7000000.0,3277000000.0,41000000.0,1599000000.0,1599000000.0,1599000000.0,0.0,0.0,0.111,6834000000.0,2223000000.0,810000000.0,0.553,7.038,57.588,57.521,2752000000.0,0.0,245.04,6.417,6.412,2701000000.0,12462000000.0,14351000000.0,14351000000.0,984000000.0,0.05,0.123,0.096,0.136,142000000.0,5361000000.0,1.0,375790657.0,375500000.0,380300000.0,38.218,15998000000.0,1530000000.0,355000000.0,1197000000.0,42.605,4666000000.0
3,SYK,MRT,2020-09-30,2020-09-30,2020-09-30,2021-07-28,-917000000.0,32286000000.0,30844000000.0,13545000000.0,18741000000.0,0.461,34.565,-521000000.0,7083000000.0,7083000000.0,5177000000.0,1756000000.0,2.889,1.486,13127000000.0,1119000000.0,12008000000.0,13127000000.0,0.0,330000000.0,0.0,0.011,2.3,2219000000.0,2549000000.0,0.179,2549000000.0,2219000000.0,2219000000.0,4.7,4.61,4.7,12986000000.0,12915500000.0,12986000000.0,84646983255.0,38.0,33.208,2254000000.0,5.999,1.0,9043000000.0,0.636,13045000000.0,0.0,20596000000.0,19720750000.0,3459000000.0,78000000.0,78000000.0,0.0,19300000000.0,4689000000.0,14611000000.0,78264983255.0,5135000000.0,-547000000.0,0.0,4437000000.0,-840000000.0,3409000000.0,-1068000000.0,10000000.0,2775000000.0,19000000.0,1756000000.0,1756000000.0,1756000000.0,0.0,0.0,0.123,6625000000.0,2418000000.0,647000000.0,0.489,6.027,44.57,44.334,2529000000.0,0.0,208.37,5.504,5.505,2426000000.0,12129000000.0,14220000000.0,14220000000.0,983000000.0,0.057,0.136,0.113,0.156,147000000.0,5179000000.0,1.0,375605813.0,375700000.0,380200000.0,37.849,19241000000.0,1627000000.0,463000000.0,1260000000.0,51.214,8856000000.0
4,SYK,MRT,2020-06-30,2020-06-30,2020-06-30,2021-07-28,-715000000.0,31483000000.0,29437250000.0,12801000000.0,18682000000.0,0.478,33.965,-615000000.0,6539000000.0,6539000000.0,5158000000.0,1601000000.0,2.906,1.468,12921000000.0,1110000000.0,11811000000.0,12921000000.0,0.0,324000000.0,0.0,0.012,2.245,2020000000.0,2344000000.0,0.167,2344000000.0,2020000000.0,2020000000.0,4.28,4.21,4.28,12754000000.0,12747750000.0,12754000000.0,74182447771.0,37.0,31.648,1960000000.0,5.22,1.0,8912000000.0,0.633,13086000000.0,0.0,20374000000.0,18683000000.0,3442000000.0,80000000.0,80000000.0,0.0,18729000000.0,4405000000.0,14324000000.0,67639447771.0,4785000000.0,-568000000.0,0.0,4429000000.0,-819000000.0,3426000000.0,-1185000000.0,6000000.0,2575000000.0,-31000000.0,1601000000.0,1601000000.0,1601000000.0,0.0,0.0,0.114,6725000000.0,2187000000.0,635000000.0,0.525,5.303,42.248,42.1,2527000000.0,0.0,180.19,4.807,4.809,2203000000.0,11725000000.0,14070000000.0,14070000000.0,987000000.0,0.054,0.126,0.108,0.144,150000000.0,5226000000.0,1.0,375378477.0,375500000.0,375500000.0,37.47,18397000000.0,1570000000.0,419000000.0,1204000000.0,48.993,8396000000.0
5,SYK,MRT,2020-03-31,2020-03-31,2020-03-31,2021-07-28,-623000000.0,29440000000.0,28155000000.0,10736000000.0,18704000000.0,0.531,34.992,-671000000.0,3964000000.0,3964000000.0,5212000000.0,2164000000.0,2.58,1.245,10507000000.0,1103000000.0,9404000000.0,10507000000.0,0.0,318000000.0,0.0,0.013,2.19,2672000000.0,2990000000.0,0.2,2990000000.0,2672000000.0,2672000000.0,5.79,5.69,5.79,13115000000.0,12545000000.0,13115000000.0,69116015891.0,26.0,23.116,1798000000.0,4.797,1.0,9744000000.0,0.652,13132000000.0,0.0,18689000000.0,17644750000.0,3359000000.0,84000000.0,84000000.0,0.0,16325000000.0,4162000000.0,12163000000.0,62363015891.0,2290000000.0,-645000000.0,0.0,2150000000.0,-798000000.0,1182000000.0,-1315000000.0,0.0,2469000000.0,-46000000.0,2164000000.0,2164000000.0,2164000000.0,0.0,0.0,0.145,6924000000.0,2820000000.0,736000000.0,0.378,4.755,28.818,28.755,2607000000.0,0.0,166.49,4.17,4.172,2646000000.0,12024000000.0,14956000000.0,14956000000.0,1000000000.0,0.077,0.172,0.151,0.179,148000000.0,5283000000.0,1.0,374575145.0,374800000.0,379700000.0,39.904,16308000000.0,1537000000.0,508000000.0,1253000000.0,43.511,6574000000.0
6,SYK,MRT,2019-12-31,2019-12-31,2019-12-31,2021-07-28,-606000000.0,30167000000.0,27279250000.0,11058000000.0,19109000000.0,0.546,34.243,-649000000.0,4337000000.0,4337000000.0,5188000000.0,2083000000.0,2.513,1.356,11090000000.0,859000000.0,10231000000.0,11090000000.0,0.0,314000000.0,0.0,0.01,2.135,2562000000.0,2876000000.0,0.193,2876000000.0,2562000000.0,2562000000.0,5.57,5.48,5.57,12807000000.0,12189500000.0,12807000000.0,85061560953.0,33.0,29.576,1542000000.0,4.123,1.0,9696000000.0,0.651,13296000000.0,0.0,19224000000.0,16990250000.0,2980000000.0,88000000.0,88000000.0,0.0,17360000000.0,4400000000.0,12960000000.0,78594560953.0,721000000.0,-802000000.0,-307000000.0,1293000000.0,-778000000.0,3000000.0,-1455000000.0,-5000000.0,2191000000.0,-18000000.0,2083000000.0,2083000000.0,2083000000.0,0.0,0.0,0.14,6983000000.0,2713000000.0,675000000.0,0.383,6.137,37.731,37.691,2567000000.0,0.0,209.94,5.28,5.275,2893000000.0,11748000000.0,14884000000.0,14884000000.0,971000000.0,0.076,0.171,0.151,0.172,127000000.0,5356000000.0,1.0,374366776.0,374000000.0,379900000.0,39.797,16871000000.0,1575000000.0,479000000.0,1239000000.0,45.11,6658000000.0
7,SYK,MRT,2019-09-30,2019-09-30,2019-09-30,2021-07-28,-553000000.0,26659000000.0,26544750000.0,8566000000.0,18093000000.0,0.548,32.91,-604000000.0,1948000000.0,1948000000.0,5100000000.0,3426000000.0,2.185,1.165,8415000000.0,526000000.0,7889000000.0,8415000000.0,0.0,314000000.0,0.0,0.01,2.08,2283000000.0,2597000000.0,0.179,2597000000.0,2283000000.0,2283000000.0,9.16,9.02,9.16,12315000000.0,11920250000.0,12315000000.0,87677610194.0,38.0,33.761,1898000000.0,5.072,1.0,9449000000.0,0.649,12760000000.0,0.0,16445000000.0,16169000000.0,3269000000.0,88000000.0,88000000.0,0.0,14344000000.0,3921000000.0,10423000000.0,80918610194.0,30000000.0,-1962000000.0,-307000000.0,1121000000.0,-760000000.0,-80000000.0,-2364000000.0,204000000.0,2502000000.0,-28000000.0,3426000000.0,3426000000.0,3426000000.0,0.0,0.0,0.235,6982000000.0,2467000000.0,659000000.0,0.227,6.571,23.619,23.614,2460000000.0,0.0,216.3,5.562,5.563,2438000000.0,11238000000.0,14549000000.0,14549000000.0,938000000.0,0.129,0.287,0.141,0.157,127000000.0,5407000000.0,1.0,374103607.0,374200000.0,380300000.0,38.88,13899000000.0,1586000000.0,-1143000000.0,1182000000.0,37.143,4645000000.0
8,SYK,MRT,2019-06-30,2019-06-30,2019-06-30,2021-07-28,-630000000.0,26354000000.0,25401000000.0,8185000000.0,18169000000.0,0.559,31.942,-581000000.0,1754000000.0,1754000000.0,4930000000.0,3550000000.0,2.074,1.207,8513000000.0,539000000.0,7974000000.0,8513000000.0,0.0,309000000.0,0.0,0.01,2.03,2236000000.0,2545000000.0,0.179,2545000000.0,2236000000.0,2236000000.0,9.5,9.34,9.5,11943000000.0,11306500000.0,11943000000.0,83644877274.0,37.0,32.866,1910000000.0,5.108,1.0,9274000000.0,0.653,12946000000.0,0.0,16221000000.0,15087500000.0,3198000000.0,85000000.0,85000000.0,0.0,14411000000.0,3946000000.0,10465000000.0,76847877274.0,113000000.0,-1944000000.0,-307000000.0,1133000000.0,-741000000.0,-34000000.0,-2334000000.0,193000000.0,2491000000.0,-10000000.0,3550000000.0,3550000000.0,3550000000.0,0.0,0.0,0.25,6859000000.0,2415000000.0,616000000.0,0.214,6.435,21.647,21.64,2387000000.0,0.0,205.58,5.41,5.412,2408000000.0,10967000000.0,14204000000.0,14204000000.0,913000000.0,0.14,0.314,0.148,0.157,125000000.0,5358000000.0,1.0,373810085.0,373900000.0,379500000.0,37.989,13408000000.0,1613000000.0,-1314000000.0,1245000000.0,35.86,4239000000.0
9,SYK,MRT,2019-03-31,2019-03-31,2019-03-31,2021-07-28,-565000000.0,25937000000.0,24205000000.0,7888000000.0,18049000000.0,0.573,31.323,-573000000.0,1674000000.0,1674000000.0,4792000000.0,3522000000.0,2.124,1.218,8471000000.0,521000000.0,7950000000.0,8471000000.0,0.0,308000000.0,0.0,0.01,1.98,2294000000.0,2602000000.0,0.188,2602000000.0,2294000000.0,2294000000.0,9.42,9.27,9.42,11693000000.0,10685750000.0,11693000000.0,79851718903.0,35.0,30.689,2053000000.0,5.5,1.0,9084000000.0,0.655,12950000000.0,0.0,16071000000.0,14002750000.0,3064000000.0,84000000.0,84000000.0,0.0,14244000000.0,3713000000.0,10531000000.0,73608718903.0,-505000000.0,-1927000000.0,-307000000.0,409000000.0,-722000000.0,-763000000.0,-2311000000.0,191000000.0,2626000000.0,-57000000.0,3522000000.0,3522000000.0,3522000000.0,0.0,0.0,0.254,6610000000.0,2474000000.0,619000000.0,0.21,6.295,20.9,20.968,2297000000.0,0.0,197.52,5.305,5.314,2284000000.0,10683000000.0,13876000000.0,13876000000.0,883000000.0,0.146,0.33,0.164,0.165,125000000.0,5266000000.0,1.0,372664636.0,373300000.0,379300000.0,37.171,12987000000.0,1631000000.0,-1228000000.0,1372000000.0,34.79,4175000000.0
10,SYK,MRT,2018-12-31,2018-12-31,2018-12-31,2021-07-28,-631000000.0,27229000000.0,23254000000.0,9733000000.0,17496000000.0,0.585,31.355,-572000000.0,3616000000.0,3616000000.0,4663000000.0,3553000000.0,2.025,1.321,9859000000.0,1373000000.0,8486000000.0,9859000000.0,0.0,306000000.0,0.0,0.012,1.93,2356000000.0,2662000000.0,0.196,2662000000.0,2356000000.0,2356000000.0,9.5,9.34,9.5,11730000000.0,10066000000.0,11730000000.0,63938857080.0,27.0,24.019,2038000000.0,5.448,1.0,8938000000.0,0.657,12726000000.0,0.0,15939000000.0,12896500000.0,2955000000.0,83000000.0,83000000.0,0.0,15499000000.0,4807000000.0,10692000000.0,58653857080.0,1074000000.0,-2451000000.0,-300000000.0,2456000000.0,-703000000.0,1329000000.0,-2857000000.0,168000000.0,2610000000.0,-8000000.0,3553000000.0,3553000000.0,3553000000.0,0.0,0.0,0.261,6401000000.0,2537000000.0,646000000.0,0.203,5.0,16.508,16.5,2291000000.0,0.0,156.75,4.312,4.311,2332000000.0,10765000000.0,13601000000.0,13601000000.0,862000000.0,0.153,0.353,0.183,0.173,119000000.0,5099000000.0,1.0,374187286.0,374100000.0,380300000.0,36.357,14503000000.0,1678000000.0,-1197000000.0,1386000000.0,38.768,4926000000.0
11,SYK,MRT,2018-09-30,2018-09-30,2018-09-30,2021-07-28,-604000000.0,22084000000.0,21996000000.0,7918000000.0,14166000000.0,0.604,26.357,-604000000.0,1918000000.0,1918000000.0,4553000000.0,1236000000.0,1.907,1.24,7203000000.0,1275000000.0,5928000000.0,7203000000.0,0.0,296000000.0,0.0,0.011,1.88,2348000000.0,2644000000.0,0.199,2644000000.0,2348000000.0,2348000000.0,3.31,3.24,3.31,9860000000.0,9625000000.0,9860000000.0,72011630974.0,31.0,27.236,1639000000.0,4.381,1.0,8723000000.0,0.657,11097000000.0,0.0,12119000000.0,12098500000.0,2893000000.0,292000000.0,292000000.0,0.0,12224000000.0,4153000000.0,8071000000.0,66450630974.0,-674000000.0,-889000000.0,-300000000.0,-14000000.0,-687000000.0,-1223000000.0,-1689000000.0,-195000000.0,2243000000.0,-5000000.0,1236000000.0,1236000000.0,1236000000.0,0.0,0.0,0.093,6170000000.0,2553000000.0,563000000.0,0.568,6.739,53.763,53.68,2178000000.0,0.0,177.68,5.005,5.007,2076000000.0,8892000000.0,13276000000.0,13276000000.0,846000000.0,0.056,0.128,0.194,0.177,115000000.0,4885000000.0,1.0,373990494.0,374100000.0,380200000.0,35.488,10987000000.0,0.0,1112000000.0,1351000000.0,29.369,3765000000.0
12,SYK,MRT,2018-06-30,2018-06-30,2018-06-30,2021-07-28,-557000000.0,21570000000.0,21846250000.0,7413000000.0,14157000000.0,0.597,25.301,-606000000.0,1641000000.0,1641000000.0,4488000000.0,1080000000.0,1.832,1.28,7202000000.0,1277000000.0,5925000000.0,7202000000.0,0.0,294000000.0,0.0,0.011,1.835,2285000000.0,2579000000.0,0.198,2579000000.0,2285000000.0,2285000000.0,2.89,2.83,2.89,9460000000.0,9766250000.0,9460000000.0,68829828315.0,30.0,26.689,1098000000.0,2.937,1.0,8552000000.0,0.656,11203000000.0,0.0,11882000000.0,12159750000.0,2740000000.0,279000000.0,279000000.0,0.0,12110000000.0,4046000000.0,8064000000.0,63104828315.0,-2008000000.0,-1560000000.0,-300000000.0,-156000000.0,-670000000.0,-1389000000.0,-2348000000.0,-181000000.0,1704000000.0,25000000.0,1080000000.0,1080000000.0,1080000000.0,0.0,0.0,0.083,6050000000.0,2502000000.0,561000000.0,0.635,6.671,58.43,58.429,2101000000.0,0.0,168.86,4.839,4.842,2089000000.0,8477000000.0,13040000000.0,13040000000.0,823000000.0,0.049,0.111,0.188,0.175,112000000.0,4746000000.0,1.0,373710934.0,373900000.0,380100000.0,34.876,10367000000.0,0.0,1205000000.0,1392000000.0,27.727,3367000000.0
13,SYK,MRT,2018-03-31,2018-03-31,2018-03-31,2021-07-28,-510000000.0,22133000000.0,21776750000.0,7851000000.0,14282000000.0,0.585,24.636,-580000000.0,2179000000.0,2179000000.0,4377000000.0,1019000000.0,1.636,1.401,7904000000.0,1984000000.0,5920000000.0,7904000000.0,0.0,283000000.0,0.0,0.011,1.79,2106000000.0,2389000000.0,0.188,2389000000.0,2106000000.0,2106000000.0,2.72,2.67,2.72,9214000000.0,9910000000.0,9214000000.0,64967400295.0,31.0,27.194,1125000000.0,3.008,1.0,8353000000.0,0.656,11412000000.0,0.0,11646000000.0,12090250000.0,2664000000.0,276000000.0,276000000.0,0.0,12910000000.0,4800000000.0,8110000000.0,60287400295.0,-1034000000.0,-1526000000.0,-300000000.0,689000000.0,-653000000.0,-512000000.0,-2316000000.0,-209000000.0,1705000000.0,89000000.0,1019000000.0,1019000000.0,1019000000.0,0.0,0.0,0.08,6021000000.0,2332000000.0,529000000.0,0.658,6.543,59.163,59.162,2054000000.0,0.0,160.92,4.736,4.728,2108000000.0,8201000000.0,12730000000.0,12730000000.0,799000000.0,0.047,0.103,0.174,0.165,110000000.0,4686000000.0,1.0,374642060.0,374000000.0,380700000.0,34.037,10721000000.0,0.0,1087000000.0,1464000000.0,28.666,3051000000.0
14,SYK,MRT,2017-12-31,2017-12-31,2017-12-31,2021-07-28,-553000000.0,22197000000.0,21372750000.0,7993000000.0,14204000000.0,0.582,26.647,-598000000.0,2542000000.0,2542000000.0,4264000000.0,1020000000.0,2.294,1.226,7222000000.0,632000000.0,6590000000.0,7222000000.0,0.0,271000000.0,0.0,0.011,1.745,2063000000.0,2334000000.0,0.188,2334000000.0,2063000000.0,2063000000.0,2.73,2.68,2.73,9966000000.0,10032500000.0,9966000000.0,62579954784.0,30.0,26.812,961000000.0,2.57,1.0,8180000000.0,0.657,10645000000.0,0.0,12747000000.0,12211250000.0,2465000000.0,251000000.0,251000000.0,0.0,12217000000.0,3485000000.0,8732000000.0,57946954784.0,-774000000.0,-831000000.0,-230000000.0,299000000.0,-636000000.0,-794000000.0,-1613000000.0,-183000000.0,1559000000.0,74000000.0,1020000000.0,1020000000.0,1020000000.0,0.0,0.0,0.082,5883000000.0,2297000000.0,487000000.0,0.639,5.814,56.811,56.718,1975000000.0,0.0,154.84,4.657,4.654,2198000000.0,8986000000.0,12444000000.0,12444000000.0,787000000.0,0.048,0.102,0.169,0.166,113000000.0,4552000000.0,1.0,374237631.0,374000000.0,380100000.0,33.273,11552000000.0,283000000.0,1043000000.0,1404000000.0,30.888,4508000000.0
15,SYK,MRT,2017-09-30,2017-09-30,2017-09-30,2021-07-28,-498000000.0,21485000000.0,20932250000.0,7710000000.0,13775000000.0,0.579,27.859,-555000000.0,2592000000.0,2592000000.0,4096000000.0,1779000000.0,2.366,1.061,7225000000.0,632000000.0,6593000000.0,7225000000.0,0.0,260000000.0,0.0,0.012,1.7,2002000000.0,2262000000.0,0.186,2262000000.0,2002000000.0,2002000000.0,4.75,4.68,4.75,10425000000.0,9928500000.0,10425000000.0,56841469014.0,28.0,25.129,983000000.0,2.627,1.0,8034000000.0,0.662,10496000000.0,0.0,12364000000.0,11779750000.0,2454000000.0,97000000.0,97000000.0,0.0,11060000000.0,3258000000.0,7802000000.0,53124469014.0,-361000000.0,-748000000.0,-230000000.0,394000000.0,-619000000.0,-574000000.0,-1330000000.0,-28000000.0,1538000000.0,5000000.0,1779000000.0,1779000000.0,1779000000.0,0.0,0.0,0.147,5781000000.0,2253000000.0,458000000.0,0.358,5.096,29.862,29.899,1852000000.0,0.0,142.02,4.38,4.381,1965000000.0,9411000000.0,12130000000.0,12130000000.0,771000000.0,0.085,0.179,0.17,0.165,111000000.0,4428000000.0,1.0,374063294.0,374200000.0,380200000.0,32.416,10989000000.0,0.0,223000000.0,143000000.0,29.367,4452000000.0
16,SYK,MRT,2017-06-30,2017-06-30,2017-06-30,2021-07-28,-590000000.0,21292000000.0,20607750000.0,8478000000.0,12814000000.0,0.58,26.839,-531000000.0,3649000000.0,3649000000.0,4034000000.0,1700000000.0,2.387,1.122,7366000000.0,774000000.0,6592000000.0,7366000000.0,0.0,248000000.0,0.0,0.012,1.655,1950000000.0,2198000000.0,0.184,2198000000.0,1950000000.0,1950000000.0,4.54,4.48,4.54,10035000000.0,9655250000.0,10035000000.0,55877110586.0,29.0,25.422,1430000000.0,3.825,1.0,7923000000.0,0.663,9853000000.0,0.0,11604000000.0,11432000000.0,2279000000.0,98000000.0,98000000.0,0.0,11257000000.0,3552000000.0,7705000000.0,51871110586.0,159000000.0,-151000000.0,-230000000.0,-256000000.0,-602000000.0,-1177000000.0,-617000000.0,68000000.0,1961000000.0,-8000000.0,1700000000.0,1700000000.0,1700000000.0,0.0,0.0,0.142,5709000000.0,2214000000.0,427000000.0,0.365,5.169,30.512,30.568,1758000000.0,0.0,138.78,4.338,4.34,1905000000.0,9136000000.0,11957000000.0,11957000000.0,757000000.0,0.082,0.176,0.171,0.163,106000000.0,4382000000.0,1.0,373765028.0,373900000.0,379800000.0,31.979,11439000000.0,0.0,250000000.0,80000000.0,30.594,4926000000.0
17,SYK,MRT,2017-03-31,2017-03-31,2017-03-31,2021-07-28,-675000000.0,20517000000.0,20414750000.0,7889000000.0,12628000000.0,0.577,25.988,-514000000.0,3213000000.0,3213000000.0,4011000000.0,1689000000.0,3.089,1.114,7219000000.0,35000000.0,7184000000.0,7219000000.0,0.0,240000000.0,0.0,0.012,1.61,1939000000.0,2179000000.0,0.185,2179000000.0,1939000000.0,1939000000.0,4.52,4.45,4.52,9704000000.0,9421000000.0,9704000000.0,52687427932.0,27.0,24.18,1290000000.0,3.455,1.0,7774000000.0,0.66,9839000000.0,0.0,12130000000.0,11273250000.0,2172000000.0,66000000.0,66000000.0,0.0,10813000000.0,2554000000.0,8259000000.0,49089427932.0,-3763000000.0,-4318000000.0,-230000000.0,-239000000.0,-585000000.0,-1138000000.0,-4394000000.0,441000000.0,1804000000.0,-35000000.0,1689000000.0,1689000000.0,1689000000.0,0.0,0.0,0.143,5562000000.0,2212000000.0,456000000.0,0.356,5.059,29.064,29.126,1655000000.0,0.0,131.65,4.165,4.171,1875000000.0,8903000000.0,11785000000.0,11785000000.0,748000000.0,0.083,0.179,0.172,0.165,101000000.0,4295000000.0,1.0,372878298.0,373400000.0,379300000.0,31.561,10678000000.0,0.0,250000000.0,43000000.0,28.597,5335000000.0
18,SYK,MRT,2016-12-31,2016-12-31,2016-12-31,2021-07-28,-761000000.0,20435000000.0,20202500000.0,7861000000.0,12574000000.0,0.561,25.528,-490000000.0,3316000000.0,3316000000.0,3821000000.0,1647000000.0,2.497,1.14,6914000000.0,228000000.0,6686000000.0,6914000000.0,0.0,227000000.0,0.0,0.013,1.565,1921000000.0,2148000000.0,0.19,2148000000.0,1921000000.0,1921000000.0,4.4,4.35,4.4,9550000000.0,9197000000.0,9550000000.0,48758060334.0,25.0,22.699,1425000000.0,3.809,1.0,7504000000.0,0.663,9864000000.0,0.0,11021000000.0,11000000000.0,2030000000.0,68000000.0,68000000.0,0.0,10885000000.0,3148000000.0,7737000000.0,44863060334.0,-63000000.0,-4332000000.0,-13000000.0,2912000000.0,-568000000.0,2258000000.0,-4191000000.0,634000000.0,1915000000.0,-45000000.0,1647000000.0,1647000000.0,1647000000.0,0.0,0.0,0.145,5329000000.0,2175000000.0,437000000.0,0.356,4.698,27.239,27.23,1569000000.0,0.0,119.81,3.961,3.958,1967000000.0,8842000000.0,11325000000.0,11325000000.0,715000000.0,0.082,0.179,0.175,0.17,97000000.0,4137000000.0,1.0,374451718.0,374100000.0,378500000.0,30.273,10571000000.0,0.0,274000000.0,327000000.0,28.257,4713000000.0
19,SYK,MRT,2016-09-30,2016-09-30,2016-09-30,2021-07-28,-600000000.0,20187000000.0,19149500000.0,7366000000.0,12821000000.0,0.568,24.925,-426000000.0,2953000000.0,2953000000.0,3654000000.0,1659000000.0,2.434,1.163,6848000000.0,135000000.0,6713000000.0,6848000000.0,0.0,215000000.0,0.0,0.013,1.52,1945000000.0,2160000000.0,0.198,2160000000.0,1945000000.0,1945000000.0,4.44,4.39,4.44,9332000000.0,8937250000.0,9332000000.0,47726503387.0,25.0,22.096,1584000000.0,4.231,1.0,7229000000.0,0.664,10083000000.0,0.0,10973000000.0,10097250000.0,2092000000.0,69000000.0,69000000.0,0.0,10855000000.0,3026000000.0,7829000000.0,43572503387.0,-210000000.0,-4309000000.0,-267000000.0,3367000000.0,-556000000.0,2389000000.0,-4599000000.0,140000000.0,2010000000.0,-10000000.0,1659000000.0,1659000000.0,1659000000.0,0.0,0.0,0.152,5076000000.0,2153000000.0,420000000.0,0.342,4.669,26.264,26.218,1505000000.0,0.0,116.41,4.004,4.005,1803000000.0,8491000000.0,10883000000.0,10883000000.0,690000000.0,0.087,0.186,0.193,0.179,92000000.0,4014000000.0,1.0,374302065.0,374400000.0,379000000.0,29.068,10104000000.0,0.0,286000000.0,213000000.0,26.987,4340000000.0
20,SYK,MRT,2016-06-30,2016-06-30,2016-06-30,2021-07-28,-595000000.0,20520000000.0,18082000000.0,7824000000.0,12696000000.0,0.579,24.313,-385000000.0,3490000000.0,3490000000.0,3490000000.0,1605000000.0,2.17,1.255,7644000000.0,927000000.0,6717000000.0,7644000000.0,0.0,203000000.0,0.0,0.012,1.485,1871000000.0,2074000000.0,0.198,2074000000.0,1871000000.0,1871000000.0,4.29,4.24,4.29,9098000000.0,8725250000.0,9098000000.0,45314154854.0,24.0,21.849,614000000.0,1.641,1.0,6980000000.0,0.667,10100000000.0,0.0,10969000000.0,9019500000.0,1989000000.0,166000000.0,166000000.0,0.0,11422000000.0,3605000000.0,7817000000.0,44814154854.0,-136000000.0,-4280000000.0,-389000000.0,4157000000.0,-544000000.0,3086000000.0,-4182000000.0,483000000.0,999000000.0,-39000000.0,1605000000.0,1605000000.0,1605000000.0,0.0,0.0,0.153,4935000000.0,2045000000.0,425000000.0,0.346,4.926,27.922,27.932,1446000000.0,0.0,119.83,4.28,4.283,1758000000.0,8278000000.0,10470000000.0,10470000000.0,661000000.0,0.089,0.184,0.207,0.179,91000000.0,3844000000.0,1.0,373981097.0,374200000.0,378500000.0,27.98,10420000000.0,0.0,266000000.0,166000000.0,27.846,4219000000.0
21,SYK,MRT,2016-03-31,2016-03-31,2016-03-31,2021-07-28,-622000000.0,19668000000.0,17156750000.0,11325000000.0,8343000000.0,0.586,23.601,-339000000.0,6976000000.0,6976000000.0,3319000000.0,1617000000.0,3.555,1.233,7476000000.0,770000000.0,6706000000.0,7476000000.0,0.0,191000000.0,0.0,0.014,1.45,1839000000.0,2030000000.0,0.202,2030000000.0,1839000000.0,1839000000.0,4.31,4.27,4.31,8808000000.0,8577000000.0,8808000000.0,40660261633.0,22.0,20.03,524000000.0,1.404,1.0,6743000000.0,0.67,5945000000.0,0.0,11037000000.0,7999500000.0,1768000000.0,507000000.0,507000000.0,0.0,10860000000.0,3186000000.0,7674000000.0,40017261633.0,5302000000.0,-92000000.0,-583000000.0,4003000000.0,-532000000.0,2770000000.0,1687000000.0,2118000000.0,863000000.0,-18000000.0,1617000000.0,1617000000.0,1617000000.0,0.0,0.0,0.161,4769000000.0,1974000000.0,394000000.0,0.336,4.543,24.748,24.893,1224000000.0,0.0,107.29,3.977,3.979,1591000000.0,8040000000.0,10062000000.0,10062000000.0,632000000.0,0.094,0.189,0.23,0.183,91000000.0,3662000000.0,1.0,372982213.0,373200000.0,377400000.0,26.961,13723000000.0,0.0,222000000.0,151000000.0,36.771,8139000000.0
22,SYK,MRT,2015-12-31,2015-12-31,2015-12-31,2021-07-28,-639000000.0,16223000000.0,16384750000.0,7943000000.0,8280000000.0,0.607,22.6,-270000000.0,3379000000.0,3379000000.0,3344000000.0,1439000000.0,2.268,0.906,3998000000.0,768000000.0,3230000000.0,3998000000.0,0.0,187000000.0,0.0,0.015,1.415,1735000000.0,1922000000.0,0.193,1922000000.0,1735000000.0,1735000000.0,3.82,3.78,3.82,8511000000.0,8455250000.0,8511000000.0,35220036242.0,20.0,18.325,711000000.0,1.888,1.0,6602000000.0,0.664,5930000000.0,0.0,7410000000.0,7398750000.0,1639000000.0,700000000.0,700000000.0,0.0,7712000000.0,3502000000.0,4210000000.0,34901036242.0,1584000000.0,-153000000.0,-700000000.0,48000000.0,-521000000.0,-1223000000.0,1956000000.0,2379000000.0,981000000.0,-130000000.0,1439000000.0,1439000000.0,1439000000.0,0.0,0.0,0.145,4741000000.0,1861000000.0,410000000.0,0.37,4.101,24.254,24.33,1199000000.0,0.0,92.94,3.509,3.519,1662000000.0,7792000000.0,9946000000.0,9946000000.0,625000000.0,0.088,0.17,0.234,0.174,86000000.0,3610000000.0,1.0,375522232.0,376600000.0,380900000.0,26.41,10293000000.0,0.0,296000000.0,141000000.0,27.331,4441000000.0
23,SYK,MRT,2015-09-30,2015-09-30,2015-09-30,2021-07-28,-529000000.0,15917000000.0,16648750000.0,8033000000.0,7884000000.0,0.592,22.546,-252000000.0,3163000000.0,3163000000.0,3348000000.0,1177000000.0,2.261,0.876,3482000000.0,971000000.0,2511000000.0,3482000000.0,0.0,187000000.0,0.0,0.015,1.38,1584000000.0,1771000000.0,0.18,1771000000.0,1584000000.0,1584000000.0,3.11,3.07,3.11,8484000000.0,8476250000.0,8484000000.0,35277127937.0,22.0,19.919,655000000.0,1.741,1.0,6501000000.0,0.66,6021000000.0,0.0,6662000000.0,7744250000.0,1665000000.0,209000000.0,209000000.0,0.0,7433000000.0,3553000000.0,3880000000.0,35434127937.0,1807000000.0,-231000000.0,-446000000.0,-537000000.0,-507000000.0,-1384000000.0,2453000000.0,2936000000.0,907000000.0,-169000000.0,1177000000.0,1177000000.0,1177000000.0,0.0,0.0,0.12,4820000000.0,1681000000.0,340000000.0,0.444,4.177,30.105,30.257,1128000000.0,0.0,94.1,3.598,3.595,1496000000.0,7656000000.0,9849000000.0,9849000000.0,614000000.0,0.071,0.139,0.205,0.161,84000000.0,3580000000.0,1.0,376558214.0,376300000.0,380700000.0,26.173,9896000000.0,933000000.0,407000000.0,158000000.0,26.298,4480000000.0
24,SYK,MRT,2015-06-30,2015-06-30,2015-06-30,2021-07-28,-431000000.0,16819000000.0,17048250000.0,8936000000.0,7883000000.0,0.576,22.56,-223000000.0,3626000000.0,3626000000.0,3381000000.0,933000000.0,2.4,0.978,3469000000.0,227000000.0,3242000000.0,3469000000.0,0.0,187000000.0,0.0,0.014,1.34,1664000000.0,1851000000.0,0.189,1851000000.0,1664000000.0,1664000000.0,2.47,2.44,2.47,8505000000.0,8511250000.0,8505000000.0,37972561892.0,23.0,20.515,1717000000.0,4.554,1.0,6437000000.0,0.656,6050000000.0,0.0,6889000000.0,8465000000.0,1619000000.0,651000000.0,651000000.0,0.0,8314000000.0,3723000000.0,4591000000.0,36164561892.0,2307000000.0,-551000000.0,-364000000.0,-432000000.0,-492000000.0,-1189000000.0,1714000000.0,2488000000.0,1940000000.0,-158000000.0,933000000.0,933000000.0,933000000.0,0.0,0.0,0.095,4684000000.0,1753000000.0,342000000.0,0.543,4.252,38.762,38.692,1102000000.0,0.0,95.57,3.683,3.67,1500000000.0,7600000000.0,9818000000.0,9818000000.0,612000000.0,0.055,0.11,0.197,0.169,80000000.0,3571000000.0,1.0,378409144.0,377000000.0,381100000.0,26.042,10769000000.0,955000000.0,731000000.0,157000000.0,28.565,5213000000.0
25,SYK,MRT,2015-03-31,2015-03-31,2015-03-31,2021-07-28,-521000000.0,16580000000.0,17150750000.0,8727000000.0,7853000000.0,0.568,21.961,-209000000.0,1674000000.0,1674000000.0,3369000000.0,669000000.0,2.362,0.993,3482000000.0,225000000.0,3257000000.0,3482000000.0,0.0,189000000.0,0.0,0.014,1.3,1430000000.0,1619000000.0,0.166,1619000000.0,1430000000.0,1430000000.0,1.77,1.74,1.77,8321000000.0,8635500000.0,8321000000.0,37117682980.0,26.0,22.926,1744000000.0,4.603,1.0,6380000000.0,0.654,6059000000.0,0.0,8634000000.0,9211000000.0,1582000000.0,2589000000.0,2589000000.0,0.0,8259000000.0,3695000000.0,4564000000.0,34939682980.0,293000000.0,-728000000.0,-230000000.0,370000000.0,-478000000.0,-288000000.0,-1201000000.0,-264000000.0,1953000000.0,-171000000.0,669000000.0,669000000.0,669000000.0,0.0,0.0,0.069,4859000000.0,1521000000.0,333000000.0,0.734,4.199,52.227,52.119,1069000000.0,0.0,92.25,3.584,3.585,1521000000.0,7527000000.0,9749000000.0,9749000000.0,616000000.0,0.039,0.077,0.155,0.147,79000000.0,3580000000.0,1.0,378749951.0,378900000.0,383500000.0,25.73,10521000000.0,894000000.0,761000000.0,288000000.0,27.767,5032000000.0
26,SYK,MRT,2014-12-31,2014-12-31,2014-12-31,2021-07-28,-254000000.0,17279000000.0,17045500000.0,8684000000.0,8595000000.0,0.568,22.708,-233000000.0,1795000000.0,1795000000.0,3319000000.0,515000000.0,1.947,1.01,3973000000.0,727000000.0,3246000000.0,3973000000.0,0.0,190000000.0,0.0,0.013,1.26,1160000000.0,1350000000.0,0.14,1350000000.0,1160000000.0,1160000000.0,1.36,1.34,1.36,8595000000.0,8821000000.0,8595000000.0,38292973991.0,33.0,28.365,1549000000.0,4.092,1.0,6356000000.0,0.657,6204000000.0,0.0,8792000000.0,9103000000.0,1588000000.0,3205000000.0,3205000000.0,0.0,8684000000.0,4461000000.0,4223000000.0,35686973991.0,456000000.0,-916000000.0,-100000000.0,1159000000.0,-462000000.0,629000000.0,-1878000000.0,-729000000.0,1782000000.0,-77000000.0,515000000.0,515000000.0,515000000.0,0.0,0.0,0.053,5110000000.0,1246000000.0,329000000.0,0.926,4.152,69.295,69.36,1098000000.0,0.0,94.33,3.689,3.69,1572000000.0,7559000000.0,9675000000.0,9675000000.0,614000000.0,0.03,0.058,0.127,0.12,77000000.0,3547000000.0,1.0,378320513.0,378500000.0,382800000.0,25.561,11075000000.0,0.0,645000000.0,333000000.0,29.26,4223000000.0
27,SYK,MRT,2014-09-30,2014-09-30,2014-09-30,2021-07-28,-74000000.0,17515000000.0,16661500000.0,9326000000.0,8189000000.0,0.572,22.791,-228000000.0,1356000000.0,1356000000.0,3297000000.0,641000000.0,2.215,1.031,3962000000.0,731000000.0,3231000000.0,3962000000.0,0.0,186000000.0,0.0,0.015,1.22,1130000000.0,1316000000.0,0.138,1316000000.0,1130000000.0,1130000000.0,1.71,1.68,1.71,8624000000.0,8934000000.0,8624000000.0,33118576604.0,29.0,25.166,1547000000.0,4.088,1.0,6228000000.0,0.654,6365000000.0,0.0,9545000000.0,9074500000.0,1666000000.0,3321000000.0,3321000000.0,0.0,8891000000.0,4211000000.0,4680000000.0,30570576604.0,246000000.0,-2459000000.0,-165000000.0,1186000000.0,-446000000.0,558000000.0,-2081000000.0,606000000.0,1775000000.0,-6000000.0,641000000.0,641000000.0,641000000.0,0.0,0.0,0.067,5020000000.0,1208000000.0,335000000.0,0.713,3.545,47.692,47.222,1104000000.0,0.0,80.75,3.21,3.208,1529000000.0,7430000000.0,9525000000.0,9525000000.0,600000000.0,0.038,0.072,0.125,0.119,77000000.0,3007000000.0,1.0,378582992.0,378400000.0,382500000.0,25.172,11150000000.0,987000000.0,489000000.0,374000000.0,29.466,5115000000.0
28,SYK,MRT,2014-06-30,2014-06-30,2014-06-30,2021-07-28,231000000.0,17229000000.0,16003500000.0,9381000000.0,7848000000.0,0.58,23.765,-223000000.0,1319000000.0,1319000000.0,3150000000.0,687000000.0,2.527,0.914,3867000000.0,630000000.0,3237000000.0,3867000000.0,0.0,181000000.0,0.0,0.014,1.18,842000000.0,1023000000.0,0.11,1023000000.0,842000000.0,842000000.0,1.82,1.79,1.82,9002000000.0,8962250000.0,9002000000.0,33648200515.0,40.0,32.892,1650000000.0,4.356,1.0,6137000000.0,0.661,6191000000.0,0.0,9873000000.0,9208500000.0,1587000000.0,3426000000.0,3426000000.0,0.0,8227000000.0,3713000000.0,4514000000.0,31965200515.0,348000000.0,-2115000000.0,-127000000.0,1087000000.0,-431000000.0,509000000.0,-2025000000.0,313000000.0,1873000000.0,-9000000.0,687000000.0,687000000.0,687000000.0,0.0,0.0,0.074,5229000000.0,908000000.0,337000000.0,0.648,3.551,46.529,46.33,1127000000.0,0.0,84.32,3.442,3.439,1503000000.0,7525000000.0,9287000000.0,9287000000.0,583000000.0,0.043,0.077,0.091,0.091,79000000.0,3265000000.0,1.0,379093934.0,378800000.0,382700000.0,24.517,11038000000.0,941000000.0,155000000.0,97000000.0,29.139,5668000000.0
29,SYK,MRT,2014-03-31,2014-03-31,2014-03-31,2021-07-28,268000000.0,16159000000.0,15291750000.0,8446000000.0,7713000000.0,0.597,23.964,-216000000.0,1381000000.0,1381000000.0,3065000000.0,772000000.0,2.374,0.783,3064000000.0,820000000.0,2244000000.0,3064000000.0,0.0,177000000.0,0.0,0.014,1.14,944000000.0,1121000000.0,0.123,1121000000.0,944000000.0,944000000.0,2.04,2.02,2.04,9063000000.0,8862500000.0,9063000000.0,32210145156.0,34.0,28.733,1643000000.0,4.344,1.0,6071000000.0,0.665,6082000000.0,0.0,8202000000.0,9263500000.0,1498000000.0,2666000000.0,2666000000.0,0.0,7096000000.0,3558000000.0,3538000000.0,30785145156.0,-532000000.0,-1992000000.0,-67000000.0,285000000.0,-415000000.0,-168000000.0,-2208000000.0,0.0,1859000000.0,-15000000.0,772000000.0,772000000.0,772000000.0,0.0,0.0,0.085,5070000000.0,1001000000.0,350000000.0,0.559,3.397,39.877,39.936,1117000000.0,0.0,81.47,3.37,3.373,1430000000.0,7571000000.0,9136000000.0,9136000000.0,557000000.0,0.05,0.087,0.102,0.103,77000000.0,3410000000.0,1.0,377870936.0,378200000.0,382600000.0,24.157,10077000000.0,918000000.0,172000000.0,118000000.0,26.645,4888000000.0
30,SYK,MRT,2013-12-31,2013-12-31,2013-12-31,2021-07-28,232000000.0,15743000000.0,14774250000.0,8335000000.0,7408000000.0,0.611,23.896,-195000000.0,1339000000.0,1339000000.0,3002000000.0,1006000000.0,3.137,0.74,2764000000.0,25000000.0,2739000000.0,2764000000.0,0.0,169000000.0,0.0,0.015,1.1,1212000000.0,1381000000.0,0.153,1381000000.0,1212000000.0,1212000000.0,2.66,2.63,2.66,9047000000.0,8710750000.0,9047000000.0,30098399527.0,25.0,21.795,1691000000.0,4.466,1.0,6019000000.0,0.667,5833000000.0,0.0,8678000000.0,9470000000.0,1422000000.0,2641000000.0,2641000000.0,0.0,6696000000.0,2657000000.0,4039000000.0,28434399527.0,-56000000.0,-2320000000.0,-317000000.0,1005000000.0,-401000000.0,300000000.0,-2217000000.0,298000000.0,1886000000.0,-25000000.0,1006000000.0,1006000000.0,1006000000.0,0.0,0.0,0.112,4763000000.0,1256000000.0,314000000.0,0.414,3.143,28.265,28.248,1081000000.0,0.0,75.14,3.152,3.154,1518000000.0,7617000000.0,9021000000.0,9021000000.0,536000000.0,0.068,0.115,0.128,0.134,76000000.0,3467000000.0,1.0,378418945.0,378600000.0,382100000.0,23.827,9910000000.0,880000000.0,206000000.0,131000000.0,26.175,5678000000.0
31,SYK,MRT,2013-09-30,2013-09-30,2013-09-30,2021-07-28,146000000.0,14883000000.0,14140000000.0,9187000000.0,5696000000.0,0.629,23.095,-188000000.0,1110000000.0,1110000000.0,2870000000.0,890000000.0,3.953,0.703,2774000000.0,31000000.0,2743000000.0,2774000000.0,0.0,162000000.0,0.0,0.016,1.06,1139000000.0,1301000000.0,0.146,1301000000.0,1139000000.0,1139000000.0,2.34,2.33,2.34,8737000000.0,8598250000.0,8737000000.0,27357954519.0,24.0,21.028,1622000000.0,4.288,1.0,6021000000.0,0.677,4142000000.0,0.0,10081000000.0,9333250000.0,1404000000.0,4028000000.0,4028000000.0,0.0,6146000000.0,2324000000.0,3822000000.0,25557954519.0,-313000000.0,-793000000.0,-252000000.0,1008000000.0,-382000000.0,390000000.0,-2495000000.0,-1514000000.0,1810000000.0,-18000000.0,890000000.0,890000000.0,890000000.0,0.0,0.0,0.1,4825000000.0,1196000000.0,278000000.0,0.453,2.925,28.717,28.885,1036000000.0,0.0,67.59,2.875,2.876,1370000000.0,7411000000.0,8891000000.0,8891000000.0,526000000.0,0.063,0.104,0.122,0.128,75000000.0,4001000000.0,1.0,378132187.0,378300000.0,381700000.0,23.503,10741000000.0,757000000.0,249000000.0,25000000.0,28.393,6863000000.0
32,SYK,MRT,2013-06-30,2013-06-30,2013-06-30,2021-07-28,31000000.0,14382000000.0,13613500000.0,8689000000.0,5693000000.0,0.646,22.759,-203000000.0,971000000.0,971000000.0,2843000000.0,1140000000.0,4.408,0.672,2771000000.0,29000000.0,2742000000.0,2771000000.0,0.0,158000000.0,0.0,0.016,1.008,1446000000.0,1604000000.0,0.182,1604000000.0,1446000000.0,1446000000.0,3.0,2.98,3.0,8603000000.0,8504250000.0,8603000000.0,25311714535.0,18.0,15.78,1554000000.0,4.111,1.0,5949000000.0,0.677,4118000000.0,0.0,10093000000.0,8849250000.0,1345000000.0,3681000000.0,3681000000.0,0.0,5779000000.0,1971000000.0,3808000000.0,24452714535.0,-422000000.0,-806000000.0,-269000000.0,1006000000.0,-363000000.0,385000000.0,-2555000000.0,-1546000000.0,1757000000.0,-9000000.0,1140000000.0,1140000000.0,1140000000.0,0.0,0.0,0.13,4453000000.0,1496000000.0,277000000.0,0.336,2.842,21.45,21.56,1021000000.0,0.0,64.68,2.781,2.781,1413000000.0,7410000000.0,8792000000.0,8792000000.0,504000000.0,0.084,0.134,0.163,0.164,74000000.0,3656000000.0,1.0,378056811.0,378000000.0,381000000.0,23.259,10264000000.0,781000000.0,306000000.0,53000000.0,27.153,6718000000.0
33,SYK,MRT,2013-03-31,2013-03-31,2013-03-31,2021-07-28,17000000.0,14089000000.0,13083500000.0,8421000000.0,5668000000.0,0.664,22.27,-207000000.0,1913000000.0,1913000000.0,2785000000.0,1252000000.0,4.658,0.666,2772000000.0,34000000.0,2738000000.0,2772000000.0,0.0,153000000.0,0.0,0.015,0.955,1612000000.0,1765000000.0,0.203,1765000000.0,1612000000.0,1612000000.0,3.29,3.27,3.29,8456000000.0,8341500000.0,8456000000.0,25191614101.0,16.0,14.273,1651000000.0,4.348,1.0,5901000000.0,0.679,4112000000.0,0.0,9028000000.0,8268250000.0,1323000000.0,2574000000.0,2574000000.0,0.0,5633000000.0,1808000000.0,3825000000.0,24824614101.0,1223000000.0,-745000000.0,-308000000.0,999000000.0,-344000000.0,330000000.0,-973000000.0,-21000000.0,1858000000.0,8000000.0,1252000000.0,1252000000.0,1252000000.0,0.0,0.0,0.144,4250000000.0,1651000000.0,297000000.0,0.29,2.936,19.828,19.83,1002000000.0,0.0,65.24,2.858,2.852,1408000000.0,7296000000.0,8686000000.0,8686000000.0,488000000.0,0.096,0.15,0.195,0.186,74000000.0,3464000000.0,1.0,380512172.0,379700000.0,383000000.0,22.876,9977000000.0,791000000.0,360000000.0,105000000.0,26.276,6613000000.0
34,SYK,MRT,2012-12-31,2012-12-31,2012-12-31,2021-07-28,129000000.0,13206000000.0,12676000000.0,8148000000.0,5058000000.0,0.683,22.588,-210000000.0,1395000000.0,1395000000.0,2781000000.0,1298000000.0,4.343,0.536,1762000000.0,16000000.0,1746000000.0,1762000000.0,0.0,154000000.0,0.0,0.016,0.903,1705000000.0,1859000000.0,0.215,1859000000.0,1705000000.0,1705000000.0,3.41,3.39,3.41,8597000000.0,8233000000.0,8597000000.0,21188596508.0,12.0,11.398,1447000000.0,3.802,1.0,5876000000.0,0.679,3566000000.0,0.0,8131000000.0,8133000000.0,1265000000.0,2890000000.0,2890000000.0,0.0,4609000000.0,1876000000.0,2733000000.0,20842596508.0,490000000.0,-154000000.0,-108000000.0,-4000000.0,-324000000.0,-449000000.0,-736000000.0,-372000000.0,1657000000.0,18000000.0,1298000000.0,1298000000.0,1298000000.0,0.0,0.0,0.15,4135000000.0,1741000000.0,288000000.0,0.265,2.424,16.057,16.076,948000000.0,0.0,54.82,2.408,2.41,1430000000.0,7332000000.0,8657000000.0,8657000000.0,471000000.0,0.102,0.158,0.21,0.197,75000000.0,3367000000.0,1.0,380200593.0,380600000.0,383000000.0,22.746,9640000000.0,811000000.0,407000000.0,70000000.0,25.328,6272000000.0
35,SYK,MRT,2012-09-30,2012-09-30,2012-09-30,2021-07-28,78000000.0,12777000000.0,12411000000.0,7640000000.0,5137000000.0,0.688,21.991,-225000000.0,1423000000.0,1423000000.0,2776000000.0,1429000000.0,4.848,0.528,1769000000.0,18000000.0,1751000000.0,1769000000.0,0.0,156000000.0,0.0,0.015,0.85,1780000000.0,1936000000.0,0.227,1936000000.0,1780000000.0,1780000000.0,3.75,3.72,3.75,8361000000.0,8004500000.0,8361000000.0,21548522280.0,12.0,11.13,1463000000.0,3.848,1.0,5758000000.0,0.675,3402000000.0,0.0,8145000000.0,8014000000.0,1315000000.0,2440000000.0,2440000000.0,0.0,4416000000.0,1576000000.0,2840000000.0,21175522280.0,613000000.0,-191000000.0,-191000000.0,-8000000.0,-312000000.0,-525000000.0,-547000000.0,-131000000.0,1688000000.0,-3000000.0,1429000000.0,1429000000.0,1429000000.0,0.0,0.0,0.167,3969000000.0,1789000000.0,270000000.0,0.227,2.533,14.818,14.843,1256000000.0,0.0,55.66,2.481,2.48,1356000000.0,7162000000.0,8534000000.0,8534000000.0,457000000.0,0.115,0.179,0.222,0.209,74000000.0,3267000000.0,1.0,380444166.0,380200000.0,382500000.0,22.446,9375000000.0,1170000000.0,351000000.0,59000000.0,24.658,6064000000.0
36,SYK,MRT,2012-06-30,2012-06-30,2012-06-30,2021-07-28,-60000000.0,12262000000.0,12237500000.0,7198000000.0,5064000000.0,0.696,20.871,-223000000.0,1393000000.0,1393000000.0,2790000000.0,1403000000.0,4.834,0.542,1766000000.0,16000000.0,1750000000.0,1766000000.0,0.0,158000000.0,0.0,0.015,0.817,1767000000.0,1925000000.0,0.226,1925000000.0,1767000000.0,1767000000.0,3.67,3.64,3.67,7952000000.0,7803500000.0,7952000000.0,22073410118.0,12.0,11.467,1342000000.0,3.522,1.0,5723000000.0,0.672,3377000000.0,0.0,7769000000.0,7976500000.0,1289000000.0,2067000000.0,2067000000.0,0.0,4310000000.0,1489000000.0,2821000000.0,20989410118.0,896000000.0,-298000000.0,-461000000.0,756000000.0,-301000000.0,-27000000.0,-616000000.0,-95000000.0,1565000000.0,-26000000.0,1403000000.0,1403000000.0,1403000000.0,0.0,0.0,0.165,3940000000.0,1783000000.0,295000000.0,0.223,2.64,14.96,15.014,1217000000.0,0.0,55.1,2.466,2.466,1368000000.0,6908000000.0,8513000000.0,8513000000.0,465000000.0,0.115,0.18,0.222,0.208,75000000.0,3241000000.0,1.0,380933033.0,381000000.0,383300000.0,22.344,8885000000.0,1103000000.0,364000000.0,0.0,23.32,5709000000.0
37,SYK,MRT,2012-03-31,2012-03-31,2012-03-31,2021-07-28,235000000.0,12459000000.0,12071100000.0,7229000000.0,5230000000.0,0.7,21.055,-216000000.0,690000000.0,690000000.0,2831000000.0,1388000000.0,4.667,0.553,1774000000.0,23000000.0,1751000000.0,1774000000.0,0.0,159000000.0,0.0,0.014,0.785,1743000000.0,1902000000.0,0.225,1902000000.0,1743000000.0,1743000000.0,3.62,3.58,3.62,8022000000.0,7760000000.0,8022000000.0,22002009184.0,13.0,11.568,1049000000.0,2.753,1.0,5622000000.0,0.665,3507000000.0,0.0,8487000000.0,7807050000.0,1318000000.0,2607000000.0,2607000000.0,0.0,4437000000.0,1549000000.0,2888000000.0,21139009184.0,-45000000.0,-620000000.0,-422000000.0,741000000.0,-289000000.0,100000000.0,-1380000000.0,-544000000.0,1265000000.0,-30000000.0,1388000000.0,1388000000.0,1388000000.0,0.0,0.0,0.164,3883000000.0,1739000000.0,311000000.0,0.217,2.635,15.23,15.326,1229000000.0,0.0,55.48,2.501,2.501,1472000000.0,6701000000.0,8453000000.0,8453000000.0,463000000.0,0.115,0.179,0.223,0.206,76000000.0,3204000000.0,1.0,381020353.0,381000000.0,383800000.0,22.186,8952000000.0,1139000000.0,355000000.0,85000000.0,23.496,5680000000.0
38,SYK,MRT,2011-12-31,2011-12-31,2011-12-31,2021-07-28,144000000.0,12146000000.0,11764100000.0,7207000000.0,4939000000.0,0.706,19.878,-159000000.0,905000000.0,905000000.0,2811000000.0,1345000000.0,3.917,0.581,1768000000.0,17000000.0,1751000000.0,1768000000.0,0.0,160000000.0,0.0,0.015,0.752,1686000000.0,1846000000.0,0.222,1846000000.0,1686000000.0,1686000000.0,3.48,3.45,3.48,7683000000.0,7617600000.0,7683000000.0,19992674283.0,12.0,10.83,1275000000.0,3.299,1.0,5496000000.0,0.662,3514000000.0,0.0,7655000000.0,7377400000.0,1283000000.0,2513000000.0,2513000000.0,0.0,4463000000.0,1840000000.0,2623000000.0,19022674283.0,-853000000.0,-2066000000.0,-622000000.0,737000000.0,-279000000.0,-161000000.0,-2135000000.0,90000000.0,1434000000.0,9000000.0,1345000000.0,1345000000.0,1345000000.0,0.0,0.0,0.162,3810000000.0,1686000000.0,345000000.0,0.216,2.476,14.143,14.284,888000000.0,0.0,49.71,2.29,2.313,1417000000.0,6479000000.0,8307000000.0,8307000000.0,462000000.0,0.114,0.177,0.229,0.203,75000000.0,3150000000.0,1.0,382672989.0,386500000.0,389500000.0,21.493,8632000000.0,777000000.0,341000000.0,155000000.0,22.334,5367000000.0
39,SYK,MRT,2011-09-30,2011-09-30,2011-09-30,2021-07-28,272000000.0,12083000000.0,11451350000.0,6931000000.0,5152000000.0,0.706,19.578,-143000000.0,810000000.0,810000000.0,2695000000.0,1239000000.0,4.437,0.599,1780000000.0,25000000.0,1755000000.0,1780000000.0,0.0,164000000.0,0.0,0.015,0.72,1632000000.0,1796000000.0,0.222,1796000000.0,1632000000.0,1632000000.0,3.19,3.15,3.19,7557000000.0,7490350000.0,7557000000.0,18825905615.0,12.0,10.482,1181000000.0,3.06,1.0,5392000000.0,0.667,3496000000.0,0.0,7995000000.0,7158150000.0,1297000000.0,2403000000.0,2403000000.0,0.0,4526000000.0,1562000000.0,2964000000.0,18301905615.0,-116000000.0,-2125000000.0,-857000000.0,774000000.0,-269000000.0,-371000000.0,-1052000000.0,1216000000.0,1324000000.0,-17000000.0,1239000000.0,1239000000.0,1239000000.0,0.0,0.0,0.153,3738000000.0,1654000000.0,282000000.0,0.226,2.422,14.772,14.774,1208000000.0,0.0,47.13,2.263,2.25,1319000000.0,6240000000.0,8087000000.0,8087000000.0,458000000.0,0.108,0.165,0.228,0.202,74000000.0,3050000000.0,1.0,388328148.0,386000000.0,388400000.0,20.951,8587000000.0,1062000000.0,393000000.0,59000000.0,22.246,5369000000.0
40,SYK,MRT,2011-06-30,2011-06-30,2011-06-30,2021-07-28,484300000.0,11596400000.0,11123575000.0,6502700000.0,5093700000.0,0.703,20.036,-91000000.0,497100000.0,497100000.0,2567000000.0,1249000000.0,4.055,0.491,1021100000.0,24400000.0,996700000.0,1021100000.0,0.0,164000000.0,0.0,0.012,0.69,1663000000.0,1827000000.0,0.234,1827000000.0,1663000000.0,1663000000.0,3.19,3.16,3.19,7778000000.0,7427600000.0,7778000000.0,23061679762.0,14.0,12.623,1215000000.0,3.13,1.0,5257000000.0,0.672,3425700000.0,0.0,7091200000.0,7122225000.0,1284400000.0,2177900000.0,2177900000.0,0.0,3818400000.0,1603500000.0,2214900000.0,22771979762.0,-289000000.0,-1982000000.0,-567000000.0,8000000.0,-259000000.0,-883000000.0,-751000000.0,1322000000.0,1306000000.0,39000000.0,1249000000.0,1249000000.0,1249000000.0,0.0,0.0,0.16,3576000000.0,1681000000.0,307000000.0,0.216,2.928,18.232,18.398,1205700000.0,0.0,58.69,2.911,2.912,1348200000.0,6254100000.0,7824000000.0,7824000000.0,435000000.0,0.112,0.168,0.233,0.213,73000000.0,2928000000.0,1.0,388004426.0,388200000.0,392000000.0,20.155,8170700000.0,1079000000.0,414000000.0,28400000.0,21.048,4899200000.0
41,SYK,MRT,2011-03-31,2011-03-31,2011-03-31,2021-07-28,416300000.0,11231000000.0,10739500000.0,6501200000.0,4729800000.0,0.702,19.109,-84200000.0,735100000.0,735100000.0,2393300000.0,1258000000.0,4.097,0.507,1024800000.0,28200000.0,996600000.0,1024800000.0,0.0,164100000.0,0.0,0.011,0.66,1694600000.0,1858700000.0,0.247,1858700000.0,1694600000.0,1694600000.0,3.19,3.17,3.19,7452400000.0,7169475000.0,7452400000.0,23051966710.0,14.0,12.402,1391500000.0,3.568,1.0,5142900000.0,0.682,3165500000.0,0.0,6768400000.0,7201450000.0,1220500000.0,2150800000.0,2150800000.0,0.0,3778600000.0,1586800000.0,2191800000.0,23787766710.0,-468300000.0,-1663000000.0,-565900000.0,20700000.0,-249500000.0,-877100000.0,-1067600000.0,679600000.0,1475700000.0,700000.0,1258000000.0,1258000000.0,1258000000.0,0.0,0.0,0.167,3414800000.0,1728100000.0,292000000.0,0.207,3.192,18.909,19.06,1153000000.0,0.0,60.8,3.156,3.146,1310300000.0,6014800000.0,7536200000.0,7536200000.0,415600000.0,0.117,0.175,0.235,0.225,71300000.0,2803800000.0,1.0,391246163.0,390000000.0,394200000.0,19.324,8065500000.0,992300000.0,436600000.0,139500000.0,20.681,4914400000.0
42,SYK,MRT,2010-12-31,2010-12-31,2010-12-31,2021-07-28,154000000.0,10895000000.0,10456350000.0,7632000000.0,3263000000.0,0.7,18.098,-121000000.0,1758000000.0,1758000000.0,2286000000.0,1273000000.0,4.755,0.519,1021000000.0,25000000.0,996000000.0,1021000000.0,0.0,165000000.0,0.0,0.012,0.63,1729000000.0,1894000000.0,0.259,1894000000.0,1729000000.0,1729000000.0,3.21,3.19,3.21,7174000000.0,6974075000.0,7174000000.0,21415251196.0,12.0,11.307,1426000000.0,3.597,1.0,5034000000.0,0.688,1775000000.0,0.0,6778000000.0,7233700000.0,1057000000.0,2622000000.0,2622000000.0,0.0,3721000000.0,1605000000.0,2116000000.0,21325351196.0,1099000000.0,-265000000.0,-426000000.0,1015000000.0,-238000000.0,410000000.0,-795000000.0,-409000000.0,1547000000.0,-63000000.0,1273000000.0,1273000000.0,1273000000.0,0.0,0.0,0.174,3283000000.0,1751000000.0,292000000.0,0.196,2.973,16.752,16.729,1089000000.0,0.0,53.7,2.913,2.908,1252000000.0,6017000000.0,7320000000.0,7320000000.0,394000000.0,0.122,0.183,0.239,0.236,69000000.0,2707000000.0,1.0,397120134.0,396400000.0,399500000.0,18.466,9120000000.0,901000000.0,456000000.0,47000000.0,23.007,6027000000.0
43,SYK,MRT,2010-09-30,2010-09-30,2010-09-30,2021-07-28,209800000.0,10771900000.0,10000425000.0,7543700000.0,3228200000.0,0.716,18.403,-114200000.0,925600000.0,925600000.0,2255200000.0,1283300000.0,5.365,0.474,1015500000.0,19100000.0,996400000.0,1015500000.0,0.0,167000000.0,0.0,0.014,0.7,1873600000.0,2040600000.0,0.285,2040600000.0,1873600000.0,1873600000.0,3.23,3.21,3.23,7306000000.0,6829350000.0,7306000000.0,20096855408.0,11.0,9.849,1455700000.0,3.667,1.0,4904200000.0,0.685,1604500000.0,0.0,7851300000.0,6888725000.0,1035300000.0,3589000000.0,3589000000.0,0.0,3465900000.0,1406000000.0,2059900000.0,19866855408.0,-34700000.0,-614700000.0,-113700000.0,987300000.0,-218600000.0,745200000.0,-2322400000.0,-1593500000.0,1569900000.0,-27400000.0,1283300000.0,1283300000.0,1283300000.0,0.0,0.0,0.179,3025100000.0,1879100000.0,247800000.0,0.217,2.719,15.481,15.495,1228600000.0,0.0,50.05,2.775,2.775,1158600000.0,6091200000.0,7159400000.0,7159400000.0,372900000.0,0.128,0.188,0.272,0.262,69100000.0,2601000000.0,1.0,396940168.0,397000000.0,398000000.0,18.034,9167400000.0,867900000.0,590300000.0,60200000.0,23.092,6137700000.0
44,SYK,MRT,2010-06-30,2010-06-30,2010-06-30,2021-07-28,-51800000.0,10060100000.0,9422250000.0,6899800000.0,3160300000.0,0.748,16.995,-138200000.0,785200000.0,785200000.0,2252900000.0,1175300000.0,5.328,0.491,1015200000.0,18900000.0,996300000.0,1015200000.0,0.0,168100000.0,0.0,0.011,0.55,1726000000.0,1894100000.0,0.269,1894100000.0,1726000000.0,1726000000.0,2.96,2.93,2.96,6745500000.0,6613075000.0,6745500000.0,19680048586.0,11.0,10.39,1469500000.0,3.702,1.0,4791800000.0,0.68,1586900000.0,0.0,7408100000.0,6266925000.0,968200000.0,3243300000.0,3243300000.0,0.0,3314600000.0,1295100000.0,2019500000.0,19858748586.0,119300000.0,-619700000.0,-113700000.0,986400000.0,-158600000.0,850200000.0,-2306700000.0,-1548800000.0,1607700000.0,-31900000.0,1175300000.0,1175300000.0,1175300000.0,0.0,0.0,0.167,3072300000.0,1719500000.0,212800000.0,0.186,2.944,16.897,16.912,1189800000.0,0.0,50.06,2.819,2.82,1108200000.0,5813100000.0,7044700000.0,7044700000.0,357600000.0,0.125,0.178,0.275,0.245,66400000.0,2601900000.0,1.0,396698933.0,396900000.0,399200000.0,17.749,8473200000.0,846700000.0,550700000.0,46300000.0,21.348,5604700000.0
45,SYK,MRT,2010-03-31,2010-03-31,2010-03-31,2021-07-28,152000000.0,10098400000.0,8888100000.0,6875400000.0,3223000000.0,0.779,16.795,-131200000.0,1202500000.0,1202500000.0,2249900000.0,1147600000.0,4.894,0.514,1023800000.0,27600000.0,996200000.0,1023800000.0,0.0,167900000.0,0.0,0.007,0.4,1683400000.0,1851300000.0,0.267,1851300000.0,1683400000.0,1683400000.0,2.89,2.86,2.89,6670800000.0,6441075000.0,6670800000.0,22135799391.0,13.0,11.957,1332200000.0,3.354,1.0,4670900000.0,0.675,1617500000.0,0.0,6897400000.0,5729775000.0,961000000.0,2735100000.0,2735100000.0,0.0,3427600000.0,1404800000.0,2022800000.0,22776499391.0,517100000.0,-624800000.0,-111100000.0,991900000.0,-99100000.0,838700000.0,-1802700000.0,-1046700000.0,1463400000.0,17700000.0,1147600000.0,1147600000.0,1147600000.0,0.0,0.0,0.166,3009700000.0,1661200000.0,230700000.0,0.138,3.414,19.847,19.799,1215000000.0,0.0,57.22,3.291,3.284,1120600000.0,5553700000.0,6920800000.0,6920800000.0,345600000.0,0.129,0.178,0.294,0.243,64100000.0,2557200000.0,1.0,398051370.0,397200000.0,400100000.0,17.424,8480900000.0,871500000.0,535800000.0,166000000.0,21.352,5470600000.0
46,SYK,MRT,2009-12-31,2009-12-31,2009-12-31,2021-07-28,258000000.0,9071300000.0,8259800000.0,5851200000.0,3220100000.0,0.814,16.596,-130000000.0,658700000.0,658700000.0,2184000000.0,1107000000.0,4.061,0.375,18000000.0,18000000.0,0.0,18000000.0,0.0,165000000.0,0.0,0.005,0.25,1624000000.0,1789000000.0,0.266,1789000000.0,1624000000.0,1624000000.0,2.79,2.77,2.79,6595100000.0,6179650000.0,6595100000.0,19091891418.0,12.0,10.672,1331000000.0,3.349,1.0,4539000000.0,0.675,1591500000.0,0.0,5398100000.0,5212575000.0,943000000.0,2296100000.0,2296100000.0,0.0,2476200000.0,1441000000.0,1035200000.0,20034091418.0,-42000000.0,-570000000.0,0.0,-3000000.0,-198000000.0,-193000000.0,-1328000000.0,-628000000.0,1461000000.0,18000000.0,1107000000.0,1107000000.0,1107000000.0,0.0,0.0,0.165,2945000000.0,1594000000.0,200200000.0,0.09,3.038,18.098,18.054,1233000000.0,0.0,50.37,2.98,2.977,1147100000.0,5397400000.0,6723000000.0,6723000000.0,336000000.0,0.134,0.179,0.312,0.242,62000000.0,2506000000.0,1.0,397738563.0,397400000.0,399400000.0,16.917,7479800000.0,861100000.0,517000000.0,134700000.0,18.822,4410200000.0
47,SYK,MRT,2009-09-30,2009-09-30,2009-09-30,2021-07-28,326600000.0,8459200000.0,7892800000.0,5761800000.0,2697400000.0,0.837,16.199,-126000000.0,960300000.0,960300000.0,2146500000.0,1079100000.0,4.81,0.313,18100000.0,18100000.0,0.0,18100000.0,0.0,155300000.0,0.0,0.009,0.4,1480900000.0,1636200000.0,0.248,1636200000.0,1480900000.0,1480900000.0,2.71,2.7,2.71,6440900000.0,5882550000.0,6440900000.0,17413674838.0,12.0,10.643,1213900000.0,3.053,1.0,4460600000.0,0.675,954900000.0,0.0,5364100000.0,4994325000.0,977300000.0,1969100000.0,1969100000.0,0.0,2018300000.0,1198000000.0,820300000.0,18060574838.0,292300000.0,-21100000.0,-379800000.0,-2000000.0,-158600000.0,-544400000.0,-508600000.0,-361500000.0,1339900000.0,5400000.0,1079100000.0,1079100000.0,1079100000.0,0.0,0.0,0.163,3009900000.0,1450700000.0,204500000.0,0.148,2.804,16.737,16.764,1241000000.0,0.0,45.43,2.734,2.734,1113500000.0,5190900000.0,6607100000.0,6607100000.0,346500000.0,0.137,0.183,0.297,0.224,61700000.0,2525200000.0,1.0,397547322.0,397600000.0,,16.617,7504300000.0,800400000.0,401800000.0,2100000.0,18.874,4563800000.0
48,SYK,MRT,2009-06-30,2009-06-30,2009-06-30,2021-07-28,189000000.0,7923500000.0,7671650000.0,5240300000.0,2683200000.0,0.861,15.243,-134800000.0,666300000.0,666300000.0,2149500000.0,1123900000.0,4.874,0.308,19400000.0,19400000.0,0.0,19400000.0,0.0,153700000.0,0.0,0.01,0.4,1542500000.0,1696200000.0,0.257,1696200000.0,1542500000.0,1542500000.0,2.8,2.79,2.8,6057500000.0,5708600000.0,6057500000.0,15117436947.0,10.0,8.913,1064800000.0,2.679,1.0,4457300000.0,0.675,942000000.0,0.0,5259500000.0,4872100000.0,991700000.0,1761600000.0,1761600000.0,0.0,1866000000.0,1075100000.0,790900000.0,15782736947.0,244700000.0,-17300000.0,-970100000.0,-1300000.0,-158600000.0,-1082900000.0,177800000.0,329900000.0,1199600000.0,-49800000.0,1123900000.0,1123900000.0,1123900000.0,0.0,0.0,0.17,2953900000.0,1503400000.0,211700000.0,0.143,2.605,14.043,14.193,1232400000.0,0.0,39.74,2.389,2.39,1097300000.0,4961900000.0,6606800000.0,6606800000.0,355400000.0,0.147,0.197,0.317,0.233,63100000.0,2526100000.0,1.0,397149898.0,397400000.0,,16.625,6981500000.0,779900000.0,418600000.0,14400000.0,17.568,4165200000.0
49,SYK,MRT,2009-03-31,2009-03-31,2009-03-31,2021-07-28,69300000.0,7585200000.0,7697100000.0,4999900000.0,2585300000.0,0.869,14.18,-145700000.0,685800000.0,685800000.0,2146400000.0,1138400000.0,4.231,0.348,20500000.0,20500000.0,0.0,20500000.0,0.0,154600000.0,0.0,0.012,0.4,1562600000.0,1717200000.0,0.257,1717200000.0,1562600000.0,1562600000.0,2.81,2.79,2.81,5625100000.0,5749000000.0,5625100000.0,12817341417.0,8.0,7.464,1111800000.0,2.803,1.0,4538700000.0,0.679,909500000.0,0.0,4828600000.0,4947450000.0,990200000.0,1559300000.0,1559300000.0,0.0,1960100000.0,1181800000.0,778300000.0,13497941417.0,262300000.0,-10600000.0,-963100000.0,6800000.0,-158600000.0,-1049500000.0,124800000.0,281100000.0,1257500000.0,-70500000.0,1138400000.0,1138400000.0,1138400000.0,0.0,0.0,0.17,3024200000.0,1514500000.0,273700000.0,0.142,2.4,11.857,12.114,1214900000.0,0.0,34.04,2.019,2.02,1054800000.0,4670600000.0,6685100000.0,6685100000.0,363100000.0,0.148,0.198,0.316,0.234,65100000.0,2587200000.0,1.0,396531769.0,396700000.0,,16.852,6675700000.0,776600000.0,424200000.0,143400000.0,16.828,3818100000.0
50,SYK,MRT,2008-12-31,2008-12-31,2008-12-31,2021-07-28,164800000.0,7603300000.0,7739325000.0,4979300000.0,2624000000.0,0.868,13.392,-146600000.0,701100000.0,701100000.0,2131400000.0,1147800000.0,3.406,0.406,20500000.0,20500000.0,0.0,20500000.0,0.0,155400000.0,0.0,0.01,0.4,1580200000.0,1735600000.0,0.258,1735600000.0,1580200000.0,1580200000.0,2.81,2.78,2.81,5406700000.0,5825925000.0,5406700000.0,15482397310.0,10.0,8.92,1029300000.0,2.549,1.0,4586800000.0,0.683,935500000.0,0.0,4525100000.0,5050675000.0,952700000.0,1494500000.0,1494500000.0,0.0,2196600000.0,1462100000.0,734500000.0,16129197310.0,410600000.0,-14200000.0,-949900000.0,6700000.0,-135600000.0,-1046100000.0,310100000.0,470900000.0,1175900000.0,-29300000.0,1147800000.0,1147800000.0,1147800000.0,0.0,0.0,0.171,3067800000.0,1519000000.0,274300000.0,0.142,2.983,14.052,14.217,1239000000.0,0.0,39.95,2.401,2.401,1129500000.0,4389500000.0,6718200000.0,6718200000.0,367800000.0,0.148,0.197,0.313,0.235,65500000.0,2625100000.0,1.0,403734601.0,403734601.0,,16.64,6667800000.0,734100000.0,432400000.0,30000000.0,16.515,3517200000.0
51,SYK,MRT,2008-09-30,2008-09-30,2008-09-30,2021-07-28,259100000.0,7574600000.0,7677000000.0,4991200000.0,2583400000.0,0.867,14.023,-173400000.0,668000000.0,668000000.0,2099900000.0,1146200000.0,4.365,0.318,21200000.0,21200000.0,0.0,21200000.0,0.0,154400000.0,0.0,0.005,0.33,1584100000.0,1738500000.0,0.261,1738500000.0,1584100000.0,1584100000.0,2.79,2.75,2.79,5745100000.0,5818875000.0,5745100000.0,25289238410.0,16.0,14.547,950700000.0,2.32,1.0,4558200000.0,0.685,909200000.0,0.0,4875200000.0,5124850000.0,981200000.0,1539500000.0,1539500000.0,0.0,1829500000.0,1143400000.0,686100000.0,25687038410.0,497100000.0,-19300000.0,-547300000.0,5000000.0,-135600000.0,-650600000.0,34700000.0,227400000.0,1124100000.0,-11100000.0,1146200000.0,1146200000.0,1146200000.0,0.0,0.0,0.172,3046600000.0,1511600000.0,262500000.0,0.118,4.471,22.411,22.33,1273800000.0,0.0,62.3,3.858,3.834,1105100000.0,4657200000.0,6658100000.0,6658100000.0,369800000.0,0.149,0.197,0.309,0.238,66300000.0,2636400000.0,1.0,412312013.0,409700000.0,,16.251,6665400000.0,736200000.0,437900000.0,16100000.0,16.269,3847800000.0
52,SYK,MRT,2008-06-30,2008-06-30,2008-06-30,2021-07-28,432000000.0,8025300000.0,7498025000.0,5354900000.0,2670400000.0,0.861,15.095,-179300000.0,421600000.0,421600000.0,2015200000.0,1101100000.0,4.764,0.29,23800000.0,23800000.0,0.0,23800000.0,0.0,150900000.0,0.0,0.005,0.33,1526000000.0,1676900000.0,0.26,1676900000.0,1526000000.0,1526000000.0,2.68,2.64,2.68,6219100000.0,5672925000.0,6219100000.0,25487775783.0,17.0,15.199,916500000.0,2.225,1.0,4443100000.0,0.688,942600000.0,0.0,5560900000.0,5080075000.0,953200000.0,2141100000.0,2141100000.0,0.0,1806200000.0,1124000000.0,682200000.0,25893575783.0,251600000.0,-25800000.0,57200000.0,5600000.0,-135600000.0,-78800000.0,-786000000.0,-580900000.0,1095800000.0,20600000.0,1101100000.0,1101100000.0,1101100000.0,0.0,0.0,0.17,2988300000.0,1454800000.0,268200000.0,0.123,4.164,23.516,23.463,1323100000.0,0.0,62.88,4.009,4.011,1132000000.0,4961000000.0,6458300000.0,6458300000.0,374000000.0,0.147,0.194,0.3,0.236,64100000.0,2574500000.0,1.0,411793508.0,412000000.0,,15.675,7082700000.0,733900000.0,424900000.0,33800000.0,17.191,4230900000.0
53,SYK,MRT,2008-03-31,2008-03-31,2008-03-31,2021-07-28,480200000.0,7754100000.0,7096675000.0,5063900000.0,2690200000.0,0.875,14.421,-177200000.0,423500000.0,423500000.0,1926300000.0,1064400000.0,4.406,0.307,17700000.0,17700000.0,0.0,17700000.0,0.0,143900000.0,0.0,0.005,0.33,1466700000.0,1610600000.0,0.259,1610600000.0,1466700000.0,1466700000.0,2.6,2.56,2.6,5932800000.0,5318500000.0,5932800000.0,26473787586.0,18.0,16.437,889200000.0,2.161,1.0,4283100000.0,0.69,957600000.0,0.0,5241500000.0,4770375000.0,894600000.0,1939300000.0,1939300000.0,0.0,1821300000.0,1149200000.0,672100000.0,26747487586.0,129200000.0,89400000.0,66700000.0,1200000.0,-135600000.0,-57900000.0,-904700000.0,-816500000.0,1066400000.0,25400000.0,1064400000.0,1064400000.0,1064400000.0,-29000000.0,0.0,0.171,2914300000.0,1368800000.0,277700000.0,0.127,4.508,25.129,25.019,1331100000.0,0.0,65.05,4.308,4.31,1094600000.0,4655200000.0,6209400000.0,6209400000.0,375800000.0,0.15,0.2,0.307,0.236,62500000.0,2477900000.0,1.0,411183514.0,411400000.0,,15.093,6796500000.0,737700000.0,402300000.0,137400000.0,16.52,3914700000.0
54,SYK,MRT,2007-12-31,2007-12-31,2007-12-31,2021-07-28,260800000.0,7354000000.0,6677325000.0,4904900000.0,2449100000.0,0.899,13.103,-187000000.0,290500000.0,290500000.0,1865200000.0,1017400000.0,3.68,0.367,16800000.0,16800000.0,0.0,16800000.0,0.0,137100000.0,0.0,0.004,0.33,1400800000.0,1537900000.0,0.256,1537900000.0,1400800000.0,1400800000.0,2.48,2.44,2.48,5378500000.0,4957300000.0,5378500000.0,30517868739.0,22.0,19.844,841300000.0,2.05,1.0,4135300000.0,0.689,925500000.0,0.0,4821800000.0,4410800000.0,796200000.0,2120300000.0,2120300000.0,0.0,1975500000.0,1333000000.0,642500000.0,30671368739.0,-126100000.0,89900000.0,69500000.0,800000.0,-89700000.0,13600000.0,-1178200000.0,-1079500000.0,1028300000.0,10200000.0,1017400000.0,1017400000.0,1017400000.0,-30700000.0,0.0,0.17,2828000000.0,1307300000.0,265500000.0,0.133,5.703,30.147,30.129,1284700000.0,0.0,74.72,5.111,5.111,1030700000.0,4364700000.0,6000500000.0,6000500000.0,375300000.0,0.152,0.205,0.318,0.233,61300000.0,2391500000.0,1.0,410484057.0,410484057.0,,14.618,6428500000.0,706200000.0,383400000.0,58700000.0,15.661,3571900000.0
55,SYK,MRT,2007-09-30,2007-09-30,2007-09-30,2021-07-28,214000000.0,6858700000.0,6307275000.0,4439100000.0,2419600000.0,0.911,12.589,-185000000.0,170900000.0,170900000.0,1785200000.0,969200000.0,4.083,0.329,17400000.0,17400000.0,0.0,17400000.0,0.0,131900000.0,0.0,0.003,0.22,1333600000.0,1465500000.0,0.255,1465500000.0,1333600000.0,1333600000.0,2.38,2.34,2.38,5161300000.0,4660425000.0,5161300000.0,28033982445.0,21.0,19.129,846200000.0,2.064,1.0,3957600000.0,0.689,922000000.0,0.0,4696100000.0,4006775000.0,785100000.0,1902500000.0,1902500000.0,0.0,1697400000.0,1087100000.0,610300000.0,28186582445.0,-11800000.0,91300000.0,73900000.0,300000.0,-89700000.0,8800000.0,-1059400000.0,-962200000.0,1031200000.0,7600000.0,969200000.0,969200000.0,969200000.0,-31900000.0,0.0,0.169,2709400000.0,1248200000.0,240400000.0,0.092,5.461,29.082,28.891,1255200000.0,0.0,68.76,4.908,4.909,954300000.0,4224200000.0,5742800000.0,5742800000.0,364700000.0,0.154,0.208,0.333,0.232,58600000.0,2282100000.0,1.0,409927028.0,410000000.0,,14.007,5936700000.0,672400000.0,364400000.0,47600000.0,14.48,3352000000.0
56,SYK,MRT,2007-06-30,2007-06-30,2007-06-30,2021-07-28,113600000.0,6419900000.0,5942375000.0,4062300000.0,2357600000.0,0.929,11.728,-189900000.0,170000000.0,170000000.0,1713000000.0,928900000.0,3.906,0.337,17400000.0,17400000.0,0.0,17400000.0,0.0,125600000.0,0.0,0.003,0.22,1277300000.0,1402900000.0,0.254,1402900000.0,1277300000.0,1277300000.0,2.28,2.25,2.28,4801400000.0,4367725000.0,4801400000.0,25529690703.0,20.0,18.198,824500000.0,2.014,1.0,3807700000.0,0.69,905300000.0,0.0,4322100000.0,3630800000.0,733400000.0,1610200000.0,1610200000.0,0.0,1618500000.0,1039900000.0,578600000.0,25808790703.0,40300000.0,89400000.0,66600000.0,1900000.0,-89700000.0,-9200000.0,-969500000.0,-864500000.0,1014400000.0,4600000.0,928900000.0,928900000.0,928900000.0,-33300000.0,0.0,0.168,2614700000.0,1193000000.0,231200000.0,0.096,5.375,27.784,27.671,1232400000.0,0.0,63.09,4.675,4.679,940500000.0,3995500000.0,5520700000.0,5520700000.0,348300000.0,0.156,0.213,0.352,0.231,58900000.0,2202000000.0,1.0,409078946.0,409400000.0,,13.485,5514600000.0,641200000.0,348400000.0,69300000.0,13.47,3022400000.0
57,SYK,MRT,2007-03-31,2007-03-31,2007-03-31,2021-07-28,105900000.0,6076700000.0,5614650000.0,3698100000.0,2378600000.0,0.947,10.984,-200300000.0,294300000.0,294300000.0,1662600000.0,873700000.0,3.484,0.354,15200000.0,15100000.0,100000.0,15200000.0,0.0,121500000.0,0.0,0.003,0.22,1212100000.0,1333600000.0,0.251,1333600000.0,1212100000.0,1212100000.0,2.15,2.12,2.15,4488000000.0,4109650000.0,4488000000.0,26686659775.0,22.0,20.011,799000000.0,1.955,1.0,3656200000.0,0.687,933000000.0,0.0,3803200000.0,3301950000.0,710200000.0,1171900000.0,1171900000.0,0.0,1588700000.0,1061400000.0,527300000.0,27088459775.0,95900000.0,-55100000.0,52300000.0,-128700000.0,-89700000.0,-157500000.0,-751600000.0,-489100000.0,999300000.0,5700000.0,873700000.0,873700000.0,873700000.0,-6100000.0,0.0,0.164,2489200000.0,1167000000.0,224200000.0,0.102,6.036,31.004,30.847,1258000000.0,0.0,66.32,5.093,5.095,936600000.0,3726400000.0,5318800000.0,5318800000.0,332100000.0,0.156,0.213,0.367,0.228,57800000.0,2113400000.0,1.0,408450841.0,408600000.0,,13.017,5143700000.0,593300000.0,338400000.0,123300000.0,12.589,2636700000.0
58,SYK,MRT,2006-12-31,2006-12-31,2006-12-31,2021-07-28,90600000.0,5873800000.0,5344025000.0,3534300000.0,2339500000.0,0.963,10.293,-209100000.0,416600000.0,416600000.0,1616600000.0,777700000.0,2.615,0.402,14800000.0,14800000.0,0.0,14800000.0,0.0,116700000.0,0.0,0.004,0.22,1100100000.0,1216800000.0,0.236,1216800000.0,1100100000.0,1100100000.0,1.91,1.89,1.91,4191000000.0,3859800000.0,4191000000.0,22271475630.0,20.0,18.303,658200000.0,1.617,1.0,3530600000.0,0.686,914800000.0,0.0,3205700000.0,3071725000.0,677600000.0,998200000.0,998200000.0,0.0,1682800000.0,1351500000.0,331300000.0,22438975630.0,-74600000.0,-93900000.0,48600000.0,-227200000.0,-44600000.0,-203200000.0,-742300000.0,-428100000.0,867300000.0,3600000.0,777700000.0,777700000.0,777700000.0,-6300000.0,0.0,0.151,2467000000.0,1063600000.0,247900000.0,0.115,5.354,28.853,28.853,1202600000.0,0.0,55.11,4.359,4.359,867200000.0,3490500000.0,5147200000.0,5147200000.0,324600000.0,0.146,0.201,0.358,0.214,56900000.0,2047000000.0,1.0,407167041.0,407167041.0,,12.641,4959000000.0,535800000.0,322400000.0,208200000.0,12.179,2182800000.0
59,SYK,MRT,2006-09-30,2006-09-30,2006-09-30,2021-07-28,63500000.0,5399100000.0,5123700000.0,3115300000.0,2283800000.0,0.943,9.812,-222000000.0,182700000.0,182700000.0,1450400000.0,728200000.0,2.802,0.353,15200000.0,14600000.0,600000.0,15200000.0,0.0,107400000.0,0.0,0.002,0.11,1031200000.0,1138600000.0,0.236,1138600000.0,1031200000.0,1031200000.0,1.79,1.78,1.79,3990500000.0,3637100000.0,3990500000.0,20045776530.0,19.0,17.606,641000000.0,1.576,1.0,3379300000.0,0.7,927400000.0,0.0,3192200000.0,2910600000.0,675100000.0,902700000.0,902700000.0,0.0,1408600000.0,1112000000.0,296600000.0,20161276530.0,-17700000.0,-91300000.0,40300000.0,-3700000.0,-44600000.0,25800000.0,-908000000.0,-577800000.0,863000000.0,1500000.0,728200000.0,728200000.0,728200000.0,-14300000.0,0.0,0.151,2386900000.0,992400000.0,204700000.0,0.061,5.052,27.686,27.704,1204400000.0,0.0,49.59,4.174,4.176,844900000.0,3352300000.0,4829700000.0,4829700000.0,317500000.0,0.142,0.2,0.354,0.214,55600000.0,1960000000.0,1.0,406559317.0,406700000.0,,11.875,4471700000.0,508200000.0,303000000.0,216500000.0,10.995,2003300000.0
60,SYK,MRT,2006-06-30,2006-06-30,2006-06-30,2021-07-28,53200000.0,5109000000.0,4873125000.0,2862200000.0,2246800000.0,0.979,9.274,-243600000.0,129700000.0,129700000.0,1482900000.0,660500000.0,2.705,0.355,14200000.0,13500000.0,700000.0,14200000.0,0.0,104100000.0,0.0,0.003,0.11,983900000.0,1088000000.0,0.228,1088000000.0,983900000.0,983900000.0,1.63,1.61,1.63,3769100000.0,3417900000.0,3769100000.0,17041452736.0,17.0,15.663,597700000.0,1.471,1.0,3287600000.0,0.689,928800000.0,0.0,3006700000.0,2670100000.0,644100000.0,738000000.0,738000000.0,0.0,1339900000.0,1058000000.0,281900000.0,17102452736.0,11300000.0,-82700000.0,38200000.0,-5500000.0,-44600000.0,48100000.0,-877000000.0,-534800000.0,841300000.0,-1100000.0,660500000.0,660500000.0,660500000.0,-12900000.0,0.0,0.138,2332400000.0,955200000.0,193300000.0,0.067,4.538,25.893,25.834,1178500000.0,0.0,42.11,3.585,3.587,842100000.0,3163900000.0,4770500000.0,4770500000.0,309100000.0,0.136,0.193,0.368,0.206,58500000.0,1914400000.0,1.0,406137562.0,406400000.0,,11.738,4180200000.0,501500000.0,323400000.0,177400000.0,10.286,1804200000.0
61,SYK,MRT,2006-03-31,2006-03-31,2006-03-31,2021-07-28,8600000.0,4994200000.0,4637825000.0,2821400000.0,2172800000.0,1.019,8.599,-265100000.0,198400000.0,198400000.0,1512100000.0,624400000.0,2.489,0.432,137400000.0,37800000.0,99600000.0,137400000.0,0.0,101800000.0,0.0,0.002,0.11,939600000.0,1041400000.0,0.22,1041400000.0,939600000.0,939600000.0,1.54,1.52,1.54,3488600000.0,3222825000.0,3488600000.0,17735449400.0,19.0,17.03,562600000.0,1.387,1.0,3215200000.0,0.68,917500000.0,0.0,2882300000.0,2456600000.0,595600000.0,675700000.0,675700000.0,0.0,1505600000.0,1133400000.0,372200000.0,17995049400.0,-46300000.0,-54000000.0,38100000.0,123400000.0,-44600000.0,162500000.0,-1017400000.0,-685400000.0,827700000.0,-19100000.0,624400000.0,624400000.0,624400000.0,-11100000.0,0.0,0.132,2297400000.0,917800000.0,202100000.0,0.071,5.158,28.82,28.792,1122600000.0,0.0,44.34,3.807,3.805,841800000.0,2950000000.0,4727300000.0,4727300000.0,300200000.0,0.135,0.194,0.382,0.199,54400000.0,1887000000.0,1.0,405842341.0,405700000.0,,11.652,4076700000.0,489900000.0,315200000.0,239100000.0,10.049,1688000000.0
62,SYK,MRT,2005-12-31,2005-12-31,2005-12-31,2021-07-28,5200000.0,4992500000.0,4406325000.0,2870100000.0,2122400000.0,1.046,8.149,-258400000.0,491200000.0,491200000.0,1489200000.0,643600000.0,2.298,0.513,231600000.0,47400000.0,184200000.0,231600000.0,0.0,100200000.0,0.0,0.002,0.11,948100000.0,1048300000.0,0.227,1048300000.0,948100000.0,948100000.0,1.59,1.57,1.59,3300200000.0,3074650000.0,3300200000.0,17802161836.0,19.0,16.982,575000000.0,1.42,1.0,3119700000.0,0.677,922900000.0,0.0,2561200000.0,2209775000.0,563500000.0,565300000.0,565300000.0,0.0,1692300000.0,1248800000.0,443500000.0,17993561836.0,141800000.0,-56700000.0,30400000.0,221500000.0,-36200000.0,232300000.0,-903000000.0,-575000000.0,833400000.0,-20900000.0,643600000.0,643600000.0,643600000.0,-11100000.0,0.0,0.14,2187600000.0,932100000.0,206500000.0,0.069,5.452,27.958,27.943,1076600000.0,0.0,44.43,3.904,3.904,770300000.0,2802500000.0,4608900000.0,4608900000.0,284700000.0,0.146,0.209,0.429,0.206,49400000.0,1839400000.0,1.0,404986762.0,404986762.0,,11.38,4069600000.0,474200000.0,304500000.0,207300000.0,10.049,1621300000.0
63,SYK,MRT,2005-09-30,2005-09-30,2005-09-30,2021-07-28,36000000.0,4396800000.0,4179150000.0,2365200000.0,2031600000.0,1.136,7.713,-250800000.0,200400000.0,200400000.0,1686200000.0,602200000.0,2.284,0.412,9000000.0,8100000.0,900000.0,9000000.0,0.0,106700000.0,0.0,0.002,0.09,894800000.0,1001500000.0,0.211,1001500000.0,894800000.0,894800000.0,1.49,1.47,1.49,3113700000.0,2937600000.0,3113700000.0,19836162527.0,22.0,19.806,487300000.0,1.207,1.0,3062300000.0,0.645,939600000.0,0.0,2230200000.0,1986400000.0,587600000.0,332200000.0,332200000.0,0.0,1283100000.0,1035600000.0,247500000.0,19945362527.0,108800000.0,-60700000.0,25000000.0,-7900000.0,-36200000.0,32300000.0,-646900000.0,-335400000.0,738100000.0,-14700000.0,602200000.0,602200000.0,602200000.0,0.0,0.0,0.127,2162700000.0,899600000.0,171400000.0,0.06,6.406,33.121,33.174,1029900000.0,0.0,49.43,4.2,4.202,736200000.0,2787100000.0,4748500000.0,4748500000.0,260800000.0,0.144,0.205,0.45,0.188,77400000.0,1854300000.0,1.0,403507233.0,403700000.0,,11.762,3457200000.0,446400000.0,292600000.0,172200000.0,8.564,1329600000.0
64,SYK,MRT,2005-06-30,2005-06-30,2005-06-30,2021-07-28,51200000.0,4167800000.0,3974900000.0,2171400000.0,1996400000.0,1.159,7.411,-228900000.0,118400000.0,118400000.0,1634000000.0,495900000.0,2.282,0.394,9200000.0,8500000.0,700000.0,9200000.0,0.0,105400000.0,0.0,0.002,0.09,752900000.0,858300000.0,0.186,858300000.0,752900000.0,752900000.0,1.23,1.22,1.23,2988800000.0,2784900000.0,2988800000.0,18937582614.0,25.0,22.064,436600000.0,1.083,1.0,2971300000.0,0.645,954200000.0,0.0,2152700000.0,1845050000.0,576300000.0,212000000.0,212000000.0,0.0,1179000000.0,951700000.0,227300000.0,19172782614.0,55800000.0,-182900000.0,28900000.0,-7100000.0,-36200000.0,21200000.0,-624700000.0,-212900000.0,665500000.0,-6200000.0,495900000.0,495900000.0,495900000.0,0.0,0.0,0.108,2214200000.0,757100000.0,180600000.0,0.073,6.415,38.663,38.667,980600000.0,0.0,47.56,4.163,4.165,749600000.0,2655000000.0,4605300000.0,4605300000.0,243400000.0,0.125,0.178,0.408,0.163,59700000.0,1799400000.0,1.0,403128314.0,403300000.0,,11.419,3213600000.0,450200000.0,257000000.0,116900000.0,7.968,1219700000.0
65,SYK,MRT,2005-03-31,2005-03-31,2005-03-31,2021-07-28,149900000.0,4068200000.0,3800350000.0,2081800000.0,1986400000.0,1.166,7.189,-201100000.0,244700000.0,244700000.0,1575600000.0,470800000.0,2.19,0.405,9500000.0,8800000.0,700000.0,9500000.0,0.0,104100000.0,0.0,0.002,0.09,719800000.0,823900000.0,0.186,823900000.0,719800000.0,719800000.0,1.17,1.16,1.17,2895900000.0,2653350000.0,2895900000.0,17634113403.0,24.0,21.403,326900000.0,0.812,1.0,2854100000.0,0.644,987600000.0,0.0,1895000000.0,1716075000.0,557100000.0,0.0,0.0,0.0,1172300000.0,950400000.0,221900000.0,17973513403.0,195800000.0,-185000000.0,37300000.0,-7500000.0,-36200000.0,41600000.0,-386100000.0,0.0,528000000.0,12300000.0,470800000.0,470800000.0,470800000.0,0.0,0.0,0.106,2130300000.0,723800000.0,176300000.0,0.077,6.207,38.177,38.128,933700000.0,0.0,44.61,4.058,4.056,766200000.0,2470700000.0,4429700000.0,4429700000.0,226900000.0,0.124,0.177,0.419,0.162,49500000.0,1730300000.0,1.0,402903237.0,402800000.0,,10.997,3080600000.0,448000000.0,249000000.0,168400000.0,7.648,1131400000.0
66,SYK,MRT,2004-12-31,2004-12-31,2004-12-31,2021-07-28,198300000.0,4083800000.0,3591225000.0,2142600000.0,1941200000.0,1.187,6.845,-179300000.0,349400000.0,349400000.0,1513800000.0,440000000.0,1.924,0.484,10000000.0,9300000.0,700000.0,10000000.0,0.0,102700000.0,0.0,0.002,0.09,678100000.0,780800000.0,0.183,780800000.0,678100000.0,678100000.0,1.1,1.08,1.1,2752000000.0,2501350000.0,2752000000.0,19322309316.0,28.0,24.747,380200000.0,0.946,1.0,2748500000.0,0.645,963200000.0,0.0,1667700000.0,1604000000.0,552500000.0,0.0,0.0,0.0,1331800000.0,1113500000.0,218300000.0,19397609316.0,283500000.0,-144700000.0,37300000.0,-17400000.0,-28000000.0,44400000.0,-324000000.0,0.0,559500000.0,3600000.0,440000000.0,440000000.0,440000000.0,0.0,0.0,0.103,2067000000.0,681500000.0,214500000.0,0.082,7.049,44.085,43.864,902900000.0,0.0,48.25,4.551,4.551,751100000.0,2297600000.0,4262300000.0,4262300000.0,214900000.0,0.123,0.176,0.423,0.159,39500000.0,1683500000.0,1.0,402022991.0,402022991.0,,10.602,3120600000.0,446100000.0,238100000.0,187000000.0,7.762,1029100000.0
67,SYK,MRT,2004-09-30,2004-09-30,2004-09-30,2021-07-28,84600000.0,3579800000.0,3360050000.0,1760500000.0,1819300000.0,1.223,6.231,-159800000.0,91600000.0,91600000.0,1453900000.0,437100000.0,1.944,0.43,16300000.0,12400000.0,3900000.0,16300000.0,0.0,103500000.0,0.0,0.001,0.07,658400000.0,761900000.0,0.185,761900000.0,658400000.0,677600000.0,1.1,1.06,1.1,2502900000.0,2352050000.0,2502900000.0,19245484284.0,29.0,25.26,331600000.0,0.825,1.0,2654200000.0,0.646,934300000.0,-19200000.0,1664800000.0,1516925000.0,544200000.0,0.0,0.0,0.0,1076900000.0,905400000.0,171500000.0,19292184284.0,46300000.0,-143400000.0,37700000.0,-157100000.0,-28000000.0,-150300000.0,-303200000.0,0.0,491400000.0,8400000.0,437100000.0,437100000.0,437100000.0,0.0,0.0,0.106,1976000000.0,678200000.0,150000000.0,0.064,7.708,44.137,43.709,639600000.0,0.0,48.08,4.696,4.701,693000000.0,2171100000.0,4108100000.0,4108100000.0,202700000.0,0.13,0.186,0.434,0.16,0.0,1596800000.0,1.0,401251753.0,401700000.0,,10.227,2645500000.0,357300000.0,240500000.0,138700000.0,6.586,855100000.0
68,SYK,MRT,2004-06-30,2004-06-30,2004-06-30,2021-07-28,74800000.0,3469600000.0,3209975000.0,1674300000.0,1795300000.0,1.235,6.144,-147300000.0,62600000.0,62600000.0,1417600000.0,530500000.0,1.986,0.409,15900000.0,12000000.0,3900000.0,15900000.0,0.0,101800000.0,0.0,0.001,0.07,744700000.0,846500000.0,0.214,846500000.0,744700000.0,758100000.0,1.33,1.28,1.33,2462600000.0,2214575000.0,2462600000.0,21977269490.0,30.0,25.963,373200000.0,0.931,1.0,2547200000.0,0.642,943100000.0,-13400000.0,1636800000.0,1455175000.0,517000000.0,0.0,0.0,0.0,1007000000.0,843000000.0,164000000.0,22010269490.0,15500000.0,-16900000.0,38700000.0,-352700000.0,-28000000.0,-341300000.0,-164200000.0,0.0,520500000.0,500000.0,530500000.0,530500000.0,530500000.0,0.0,0.0,0.134,1782300000.0,764900000.0,155500000.0,0.053,8.938,41.49,41.353,620500000.0,0.0,55.0,5.551,5.56,699500000.0,2156700000.0,3964800000.0,3964800000.0,192200000.0,0.165,0.24,0.512,0.188,0.0,1537900000.0,1.0,400186718.0,400800000.0,,9.892,2526500000.0,315500000.0,227600000.0,124700000.0,6.304,831300000.0
69,SYK,MRT,2004-03-31,2004-03-31,2004-03-31,2021-07-28,77400000.0,3231700000.0,3094075000.0,1458500000.0,1773200000.0,1.233,5.723,-135000000.0,48900000.0,48900000.0,1379800000.0,485300000.0,1.827,0.413,15900000.0,10500000.0,5400000.0,15900000.0,0.0,99800000.0,0.0,0.002,0.07,688700000.0,788500000.0,0.207,788500000.0,688700000.0,695700000.0,1.22,1.17,1.22,2287900000.0,2053575000.0,2287900000.0,17656496315.0,26.0,22.393,463900000.0,1.16,1.0,2433700000.0,0.638,953700000.0,-7000000.0,1446700000.0,1461650000.0,487200000.0,0.0,0.0,0.0,943800000.0,798300000.0,145500000.0,17696296315.0,9300000.0,-16300000.0,30000000.0,-437000000.0,-28000000.0,-434300000.0,-151300000.0,0.0,598900000.0,-4000000.0,485300000.0,485300000.0,485300000.0,0.0,0.0,0.127,1725600000.0,708100000.0,155600000.0,0.057,7.735,36.465,36.283,603000000.0,0.0,44.265,4.64,4.641,552900000.0,2004000000.0,3813500000.0,3813500000.0,186600000.0,0.157,0.236,0.471,0.181,0.0,1489800000.0,1.0,399780782.0,399800000.0,,9.539,2278000000.0,321400000.0,210400000.0,136100000.0,5.698,660200000.0
70,SYK,MRT,2003-12-31,2003-12-31,2003-12-31,2021-07-28,99600000.0,3159100000.0,3014975000.0,1397600000.0,1761500000.0,1.202,5.401,-140800000.0,65900000.0,65900000.0,1312400000.0,453500000.0,1.675,0.466,26100000.0,7300000.0,18800000.0,26100000.0,0.0,97200000.0,0.0,0.002,0.07,652500000.0,749700000.0,0.207,749700000.0,652500000.0,652500000.0,1.14,1.11,1.14,2154800000.0,1893350000.0,2154800000.0,17085283522.0,26.0,22.789,507700000.0,1.273,1.0,2312900000.0,0.638,965500000.0,0.0,1319400000.0,1518225000.0,467900000.0,0.0,0.0,0.0,1004300000.0,834400000.0,169900000.0,16958283522.0,28100000.0,-10800000.0,26900000.0,-480100000.0,-23700000.0,-476300000.0,-151600000.0,0.0,648500000.0,7500000.0,453500000.0,453500000.0,453500000.0,0.0,0.0,0.125,1641600000.0,671300000.0,137800000.0,0.061,7.87,37.394,37.285,739500000.0,0.0,42.505,4.678,4.678,498600000.0,1868100000.0,3625300000.0,3625300000.0,180200000.0,0.15,0.24,0.43,0.18,0.0,1416000000.0,1.0,398971498.0,398971498.0,,9.087,2193600000.0,333300000.0,199000000.0,138900000.0,5.498,563200000.0
71,SYK,MRT,2003-09-30,2003-09-30,2003-09-30,2021-07-28,14800000.0,2979500000.0,2929075000.0,1248700000.0,1730800000.0,1.179,4.905,-145300000.0,45300000.0,45300000.0,1265800000.0,425500000.0,1.701,0.526,172300000.0,8700000.0,163600000.0,172300000.0,0.0,93100000.0,0.0,0.002,0.06,636900000.0,730000000.0,0.211,730000000.0,636900000.0,608900000.0,1.065,1.04,1.065,1953000000.0,1729200000.0,1953000000.0,15315889541.0,24.0,20.981,484600000.0,1.217,1.0,2187400000.0,0.633,954500000.0,28000000.0,1417800000.0,1597575000.0,459000000.0,0.0,0.0,0.0,1026500000.0,734200000.0,292300000.0,14997589541.0,6600000.0,-33600000.0,24000000.0,-449700000.0,-23700000.0,-447800000.0,-178900000.0,0.0,629900000.0,3400000.0,425500000.0,425500000.0,425500000.0,0.0,0.0,0.123,1573000000.0,614400000.0,127800000.0,0.056,7.679,35.247,35.357,569300000.0,0.0,37.655,4.343,4.342,433500000.0,1762000000.0,3453200000.0,3453200000.0,169700000.0,0.145,0.246,0.399,0.184,0.0,1345300000.0,1.0,398289458.0,398200000.0,,8.672,2025000000.0,253900000.0,183400000.0,109700000.0,5.085,514500000.0
72,SYK,MRT,2003-06-30,2003-06-30,2003-06-30,2021-07-28,2800000.0,3006000000.0,2864975000.0,1278900000.0,1727100000.0,1.157,4.579,-145000000.0,47100000.0,47100000.0,1216900000.0,390200000.0,1.806,0.653,365400000.0,6500000.0,358900000.0,365400000.0,0.0,92200000.0,0.0,0.002,0.06,597300000.0,689500000.0,0.208,689500000.0,597300000.0,564200000.0,0.98,0.96,0.98,1818600000.0,1585650000.0,1818600000.0,14181433069.0,24.0,20.568,420900000.0,1.06,1.0,2096500000.0,0.633,953400000.0,33100000.0,1662700000.0,1684425000.0,460400000.0,0.0,0.0,0.0,1187400000.0,708200000.0,479200000.0,13772133069.0,-5100000.0,-171100000.0,17300000.0,-251300000.0,-23700000.0,-257600000.0,-316100000.0,0.0,565900000.0,2700000.0,390200000.0,390200000.0,390200000.0,0.0,0.0,0.118,1512900000.0,583600000.0,137700000.0,0.061,7.573,35.295,35.393,555200000.0,0.0,34.685,4.156,4.158,446700000.0,1654200000.0,3313400000.0,3313400000.0,161500000.0,0.136,0.246,0.355,0.18,0.0,1286200000.0,1.0,397063084.0,397200000.0,,8.342,2052600000.0,254000000.0,174000000.0,104700000.0,5.168,570700000.0
73,SYK,MRT,2003-03-31,2003-03-31,2003-03-31,2021-07-28,-53500000.0,2915300000.0,2763375000.0,1224900000.0,1690400000.0,1.142,4.154,-145900000.0,39600000.0,39600000.0,1157100000.0,368600000.0,1.728,0.77,448900000.0,7500000.0,441400000.0,448900000.0,0.0,90600000.0,0.0,0.002,0.06,573300000.0,663900000.0,0.21,663900000.0,573300000.0,536600000.0,0.93,0.91,0.93,1647000000.0,1460975000.0,1647000000.0,14078844591.0,25.0,21.206,407000000.0,1.026,1.0,1998500000.0,0.633,942700000.0,36700000.0,1673000000.0,1711075000.0,455200000.0,0.0,0.0,0.0,1268300000.0,708900000.0,559400000.0,13614944591.0,-21300000.0,-172800000.0,16900000.0,-262500000.0,-23700000.0,-269100000.0,-318700000.0,0.0,552900000.0,13600000.0,368600000.0,368600000.0,368600000.0,0.0,0.0,0.117,1431800000.0,566700000.0,129000000.0,0.065,8.267,36.937,36.909,534400000.0,0.0,34.325,4.315,4.313,427600000.0,1546700000.0,3155600000.0,3155600000.0,151000000.0,0.133,0.252,0.335,0.182,0.0,1225700000.0,1.0,396648058.0,396500000.0,,7.959,1972600000.0,229400000.0,168000000.0,171900000.0,4.975,516000000.0
74,SYK,MRT,2002-12-31,2002-12-31,2002-12-31,2021-07-28,-84900000.0,2815500000.0,2648250000.0,1151300000.0,1664200000.0,1.137,3.784,-138200000.0,37800000.0,37800000.0,1111200000.0,345600000.0,1.627,0.879,501700000.0,10700000.0,491000000.0,501700000.0,0.0,86300000.0,0.0,0.002,0.06,547000000.0,633300000.0,0.21,633300000.0,547000000.0,506700000.0,0.87,0.85,0.87,1498200000.0,1334425000.0,1498200000.0,13865069553.0,25.0,21.893,378000000.0,0.955,1.0,1900400000.0,0.631,935100000.0,40300000.0,1636800000.0,1744125000.0,426500000.0,0.0,0.0,0.0,1317300000.0,707500000.0,609800000.0,13286969553.0,-12300000.0,-173600000.0,19700000.0,-225000000.0,-19700000.0,-224900000.0,-311800000.0,0.0,516200000.0,8200000.0,345600000.0,345600000.0,345600000.0,0.0,0.0,0.115,1352900000.0,547500000.0,106000000.0,0.069,8.869,38.446,38.575,519200000.0,0.0,33.56,4.412,4.412,406700000.0,1442600000.0,3011600000.0,3011600000.0,141400000.0,0.131,0.259,0.314,0.182,0.0,1165400000.0,1.0,395916852.0,395916852.0,,7.607,1880400000.0,289300000.0,161100000.0,133200000.0,4.749,443800000.0
75,SYK,MRT,2002-09-30,2002-09-30,2002-09-30,2021-07-28,-115100000.0,2723100000.0,2550275000.0,1132400000.0,1590700000.0,1.134,3.487,-192500000.0,38700000.0,38700000.0,1067300000.0,316100000.0,1.761,0.975,616800000.0,21700000.0,595100000.0,616800000.0,0.0,81900000.0,0.0,0.002,0.05,520400000.0,602300000.0,0.208,602300000.0,520400000.0,474100000.0,0.805,0.78,0.805,1378800000.0,1223925000.0,1378800000.0,11951601421.0,23.0,19.843,319600000.0,0.808,1.0,1824900000.0,0.631,892800000.0,46300000.0,1765200000.0,1775025000.0,435300000.0,0.0,0.0,0.0,1344300000.0,643200000.0,701100000.0,11386201421.0,-25300000.0,-157100000.0,19800000.0,-186800000.0,-19700000.0,-188000000.0,-349600000.0,0.0,512100000.0,200000.0,316100000.0,316100000.0,316100000.0,0.0,0.0,0.109,1268800000.0,556100000.0,109000000.0,0.062,8.258,36.021,35.776,483300000.0,0.0,28.8,3.937,3.937,380300000.0,1360200000.0,2892200000.0,2892200000.0,140100000.0,0.124,0.258,0.293,0.18,0.0,1110900000.0,1.0,395354216.0,395400000.0,,7.315,1830300000.0,222300000.0,158000000.0,113000000.0,4.629,489200000.0
76,SYK,MRT,2002-06-30,2002-06-30,2002-06-30,2021-07-28,-93900000.0,2599600000.0,2472800000.0,1109900000.0,1489700000.0,1.119,3.343,-169300000.0,52200000.0,52200000.0,1016200000.0,304200000.0,1.95,0.97,617600000.0,21300000.0,596300000.0,617600000.0,0.0,78100000.0,0.0,0.002,0.05,508500000.0,586600000.0,0.212,586600000.0,508500000.0,456300000.0,0.775,0.75,0.775,1319900000.0,1137325000.0,1319900000.0,11204288827.0,22.0,19.1,324700000.0,0.822,1.0,1749700000.0,0.633,826500000.0,52200000.0,1769300000.0,1770550000.0,435300000.0,0.0,0.0,0.0,1279700000.0,569200000.0,710500000.0,10559788827.0,9600000.0,-50300000.0,24900000.0,-274200000.0,-19700000.0,-270200000.0,-219600000.0,0.0,494000000.0,5400000.0,304200000.0,304200000.0,304200000.0,0.0,0.0,0.11,1205000000.0,544700000.0,116100000.0,0.065,8.0,34.713,34.523,475000000.0,0.0,26.755,3.818,3.819,379500000.0,1287700000.0,2765900000.0,2765900000.0,139300000.0,0.123,0.267,0.287,0.184,0.0,1065100000.0,1.0,394684688.0,394800000.0,,7.006,1773100000.0,188700000.0,152100000.0,91100000.0,4.491,540700000.0
77,SYK,MRT,2002-03-31,2002-03-31,2002-03-31,2021-07-28,-181600000.0,2454800000.0,2420475000.0,1039800000.0,1415000000.0,1.104,2.895,-159800000.0,60900000.0,60900000.0,986400000.0,284000000.0,2.063,1.152,705400000.0,2100000.0,703300000.0,705400000.0,0.0,75100000.0,0.0,0.002,0.05,485200000.0,560300000.0,0.21,560300000.0,485200000.0,426200000.0,0.72,0.7,0.72,1140800000.0,1043250000.0,1140800000.0,12566874423.0,26.0,22.429,301500000.0,0.765,1.0,1684600000.0,0.631,790000000.0,59000000.0,1805200000.0,1784875000.0,407600000.0,0.0,0.0,0.0,1314000000.0,504100000.0,809900000.0,11894374423.0,-200000.0,-45600000.0,22500000.0,-250500000.0,-19700000.0,-248700000.0,-205400000.0,0.0,461300000.0,-7400000.0,284000000.0,284000000.0,284000000.0,0.0,0.0,0.106,1160100000.0,524500000.0,117500000.0,0.069,10.426,41.882,41.896,441900000.0,0.0,30.165,4.453,4.45,339000000.0,1201800000.0,2671000000.0,2671000000.0,140300000.0,0.117,0.272,0.272,0.182,0.0,1019200000.0,1.0,394310440.0,394000000.0,,6.779,1664800000.0,172500000.0,142200000.0,89800000.0,4.225,535700000.0
78,SYK,MRT,2001-12-31,2001-12-31,2001-12-31,2021-07-28,-167400000.0,2423600000.0,2408025000.0,993100000.0,1430500000.0,1.081,2.686,-152900000.0,50100000.0,50100000.0,963800000.0,267000000.0,1.862,1.295,722600000.0,1700000.0,720900000.0,722600000.0,0.0,74500000.0,0.0,0.002,0.05,468800000.0,543300000.0,0.209,543300000.0,468800000.0,400900000.0,0.68,0.66,0.68,1056200000.0,979825000.0,1056200000.0,12219823657.0,26.0,22.492,320300000.0,0.815,1.0,1638500000.0,0.63,802300000.0,67900000.0,1760400000.0,1806075000.0,399800000.0,0.0,0.0,0.0,1367400000.0,533400000.0,834000000.0,11476123657.0,-3900000.0,-43000000.0,9800000.0,-275600000.0,-15700000.0,-282500000.0,-195900000.0,0.0,473200000.0,1300000.0,267000000.0,267000000.0,267000000.0,0.0,0.0,0.103,1128100000.0,510400000.0,108500000.0,0.074,10.865,42.982,42.919,444000000.0,0.0,29.185,4.41,4.41,332100000.0,1120700000.0,2602300000.0,2602300000.0,142100000.0,0.111,0.272,0.26,0.18,0.0,985400000.0,1.0,393219930.0,393219930.0,,6.618,1621300000.0,231900000.0,133900000.0,75100000.0,4.123,459700000.0
79,SYK,MRT,2001-09-30,2001-09-30,2001-09-30,2021-07-28,-131500000.0,2413200000.0,2409825000.0,1041900000.0,1371300000.0,1.039,2.63,-70000000.0,64000000.0,64000000.0,914300000.0,256900000.0,1.708,1.337,807700000.0,136200000.0,671500000.0,807700000.0,0.0,74100000.0,0.0,0.002,0.04,458800000.0,532900000.0,0.213,532900000.0,458800000.0,385000000.0,0.655,0.635,0.655,1032400000.0,929500000.0,1032400000.0,11224836537.0,24.0,21.064,333600000.0,0.85,1.0,1590600000.0,0.635,799700000.0,73800000.0,1747300000.0,1849125000.0,431500000.0,0.0,0.0,0.0,1380800000.0,609900000.0,770900000.0,10383836537.0,300000.0,-42800000.0,18900000.0,-299400000.0,-15800000.0,-291400000.0,-112800000.0,0.0,403600000.0,900000.0,256900000.0,256900000.0,256900000.0,0.0,0.0,0.103,1094400000.0,496200000.0,95000000.0,0.061,10.058,40.42,40.382,367600000.0,0.0,26.45,4.145,4.146,327700000.0,1063800000.0,2504900000.0,2504900000.0,139300000.0,0.107,0.276,0.248,0.183,0.0,956100000.0,1.0,392583612.0,392600000.0,,6.38,1613500000.0,174900000.0,128100000.0,72300000.0,4.11,432000000.0
80,SYK,MRT,2001-06-30,2001-06-30,2001-06-30,2021-07-28,-150600000.0,2390300000.0,2441125000.0,1022700000.0,1367600000.0,0.997,2.405,-80500000.0,42600000.0,42600000.0,880200000.0,246300000.0,1.667,1.533,883600000.0,138400000.0,745200000.0,883600000.0,0.0,72600000.0,0.0,0.001,0.04,451100000.0,523700000.0,0.215,523700000.0,451100000.0,370400000.0,0.63,0.61,0.63,943600000.0,869400000.0,943600000.0,11656356258.0,26.0,22.258,293800000.0,0.749,1.0,1553800000.0,0.638,791300000.0,80700000.0,1826600000.0,1928175000.0,420400000.0,0.0,0.0,0.0,1446700000.0,613400000.0,833300000.0,10757356258.0,-10100000.0,-14500000.0,11600000.0,-280400000.0,-15800000.0,-284300000.0,-95000000.0,0.0,374300000.0,-5100000.0,246300000.0,246300000.0,246300000.0,0.0,0.0,0.101,1065000000.0,488800000.0,106600000.0,0.063,11.4,43.676,43.532,364500000.0,0.0,27.425,4.42,4.421,339100000.0,1003200000.0,2434000000.0,2434000000.0,133600000.0,0.101,0.283,0.234,0.185,0.0,932400000.0,1.0,392246354.0,392400000.0,,6.203,1599000000.0,173900000.0,124100000.0,45700000.0,4.075,409300000.0
81,SYK,MRT,2001-03-31,2001-03-31,2001-03-31,2021-07-28,-138600000.0,2405000000.0,2489225000.0,1014700000.0,1390300000.0,0.949,2.263,-79300000.0,61100000.0,61100000.0,845900000.0,233300000.0,1.692,1.711,960100000.0,128900000.0,831200000.0,960100000.0,0.0,73700000.0,0.0,0.002,0.04,442000000.0,515700000.0,0.218,515700000.0,442000000.0,352100000.0,0.6,0.58,0.6,887100000.0,820925000.0,887100000.0,11196411659.0,25.0,21.711,298800000.0,0.762,1.0,1515600000.0,0.642,814400000.0,89900000.0,1890000000.0,2010400000.0,409500000.0,0.0,0.0,0.0,1517900000.0,599600000.0,918300000.0,10237911659.0,-3600000.0,-15900000.0,11300000.0,-278000000.0,-15800000.0,-287200000.0,-95200000.0,0.0,378100000.0,700000.0,233300000.0,233300000.0,233300000.0,0.0,0.0,0.099,1038400000.0,477200000.0,107400000.0,0.067,11.541,43.883,43.542,365200000.0,0.0,26.125,4.335,4.337,331500000.0,937500000.0,2361500000.0,2361500000.0,129000000.0,0.094,0.284,0.22,0.187,0.0,910400000.0,1.0,391881786.0,392000000.0,,6.024,1590600000.0,165600000.0,118800000.0,64700000.0,4.058,415100000.0
82,SYK,MRT,2000-12-31,2000-12-31,2000-12-31,2021-07-28,-102400000.0,2430800000.0,2528525000.0,997000000.0,1433800000.0,0.905,2.185,-75900000.0,54000000.0,54000000.0,815200000.0,221000000.0,1.615,1.843,1012500000.0,136000000.0,876500000.0,1012500000.0,0.0,74700000.0,0.0,0.002,0.04,431500000.0,506200000.0,0.221,506200000.0,431500000.0,334900000.0,0.565,0.55,0.565,854900000.0,774700000.0,854900000.0,10945859399.0,25.0,21.624,255900000.0,0.654,1.0,1474200000.0,0.644,839300000.0,96600000.0,1932600000.0,2094850000.0,392100000.0,0.0,0.0,0.0,1575900000.0,617400000.0,958500000.0,9894859399.0,-26000000.0,-24500000.0,14200000.0,-253400000.0,-12700000.0,-258700000.0,-93300000.0,7100000.0,331800000.0,-5800000.0,221000000.0,221000000.0,221000000.0,0.0,0.0,0.097,1006800000.0,467400000.0,94100000.0,0.071,11.574,44.773,44.77,378100000.0,0.0,25.295,4.322,4.322,343700000.0,873400000.0,2289400000.0,2289400000.0,122200000.0,0.087,0.285,0.206,0.188,0.0,885600000.0,1.0,391178470.0,391178470.0,,5.853,1591500000.0,252700000.0,113900000.0,33600000.0,4.068,379600000.0
83,SYK,MRT,2000-09-30,2000-09-30,2000-09-30,2021-07-28,-108300000.0,2538400000.0,2565950000.0,1115100000.0,1423300000.0,0.871,2.028,-85900000.0,63700000.0,63700000.0,816300000.0,198300000.0,1.657,2.205,1114700000.0,122300000.0,992400000.0,1114700000.0,0.0,74000000.0,0.0,0.002,0.033,406600000.0,480600000.0,0.215,480600000.0,406600000.0,301400000.0,0.515,0.5,0.515,792000000.0,728850000.0,792000000.0,9517801840.0,23.0,19.804,307900000.0,0.788,1.0,1419800000.0,0.635,852900000.0,105200000.0,2063500000.0,2166550000.0,412700000.0,0.0,0.0,0.0,1746400000.0,673000000.0,1073400000.0,8380901840.0,-23800000.0,-16100000.0,9800000.0,-300800000.0,-12600000.0,-314900000.0,-89400000.0,12600000.0,393800000.0,-13300000.0,198300000.0,198300000.0,198300000.0,0.0,0.0,0.089,981600000.0,438200000.0,89700000.0,0.064,10.582,42.264,41.689,369400000.0,0.0,21.47,3.748,3.75,340600000.0,822600000.0,2236100000.0,2236100000.0,115600000.0,0.077,0.272,0.188,0.182,0.0,866800000.0,1.0,390354068.0,390600000.0,,5.725,1685500000.0,260700000.0,103100000.0,85100000.0,4.315,442100000.0
84,SYK,MRT,2000-06-30,2000-06-30,2000-06-30,2021-07-28,-86900000.0,2582700000.0,2604275000.0,1133000000.0,1449700000.0,0.84,1.923,-78800000.0,52700000.0,52700000.0,864600000.0,148400000.0,1.665,2.445,1189600000.0,117300000.0,1072300000.0,1189600000.0,0.0,72400000.0,0.0,0.002,0.033,336700000.0,409100000.0,0.187,409100000.0,336700000.0,225800000.0,0.385,0.375,0.385,749700000.0,692375000.0,749700000.0,9721941088.0,29.0,23.764,294800000.0,0.756,1.0,1322000000.0,0.605,883700000.0,110900000.0,2155500000.0,2273550000.0,427600000.0,0.0,0.0,0.0,1833000000.0,680400000.0,1152600000.0,8525041088.0,-11900000.0,-20900000.0,8500000.0,-279200000.0,-12600000.0,-285500000.0,-87100000.0,12600000.0,373600000.0,-12900000.0,148400000.0,148400000.0,148400000.0,0.0,0.0,0.068,955400000.0,366600000.0,119500000.0,0.086,11.371,57.446,56.818,373600000.0,0.0,21.875,3.899,3.9,360300000.0,772600000.0,2186600000.0,2186600000.0,113100000.0,0.057,0.214,0.148,0.154,0.0,843100000.0,1.0,389716164.0,389800000.0,,5.61,1699000000.0,250300000.0,77400000.0,66100000.0,4.359,452600000.0
85,SYK,MRT,2000-03-31,2000-03-31,2000-03-31,2021-07-28,-71500000.0,2562200000.0,2619900000.0,1106100000.0,1456100000.0,0.818,1.805,-78100000.0,64700000.0,64700000.0,924700000.0,92000000.0,1.722,2.649,1261600000.0,121500000.0,1140100000.0,1261600000.0,0.0,68700000.0,0.0,0.002,0.033,256700000.0,325400000.0,0.152,325400000.0,256700000.0,139800000.0,0.24,0.235,0.24,702200000.0,655775000.0,702200000.0,7988976903.0,31.0,24.551,253100000.0,0.651,1.0,1218700000.0,0.569,888800000.0,116900000.0,2227800000.0,2378925000.0,396400000.0,0.0,0.0,0.0,1860000000.0,642500000.0,1217500000.0,6781576903.0,-34300000.0,-23700000.0,7300000.0,-265700000.0,-12600000.0,-269100000.0,-89200000.0,12600000.0,331200000.0,-7200000.0,92000000.0,92000000.0,92000000.0,0.0,0.0,0.043,932500000.0,286200000.0,99100000.0,0.138,9.658,73.713,72.656,374200000.0,0.0,17.438,3.164,3.165,368000000.0,719900000.0,2143400000.0,2143400000.0,108600000.0,0.035,0.14,0.108,0.12,0.0,824700000.0,1.0,388907636.0,389000000.0,,5.51,1673400000.0,234100000.0,47800000.0,58700000.0,4.302,463600000.0
86,SYK,MRT,1999-12-31,1999-12-31,1999-12-31,2021-07-28,-43100000.0,2580500000.0,2670300000.0,1110400000.0,1470100000.0,0.788,1.731,-76200000.0,80000000.0,80000000.0,989700000.0,19400000.0,1.658,2.843,1287400000.0,106300000.0,1181100000.0,1287400000.0,0.0,67800000.0,0.0,0.002,0.033,152400000.0,220200000.0,0.105,220200000.0,152400000.0,29800000.0,0.05,0.05,0.05,671500000.0,635575000.0,671500000.0,8085584813.0,53.0,36.719,207800000.0,0.536,1.0,1114000000.0,0.53,898900000.0,122600000.0,2219400000.0,2484550000.0,386100000.0,3500000.0,3500000.0,0.0,1909000000.0,669600000.0,1239400000.0,6752684813.0,-41300000.0,-14600000.0,7200000.0,-222400000.0,-11600000.0,-230600000.0,-79400000.0,11400000.0,284000000.0,-15300000.0,19400000.0,19400000.0,19400000.0,0.0,0.0,0.009,932500000.0,181500000.0,110400000.0,0.66,10.056,348.077,348.15,391500000.0,0.0,17.407,3.21,3.21,377700000.0,668100000.0,2103700000.0,2103700000.0,105200000.0,0.007,0.031,0.061,0.072,0.0,808400000.0,1.0,387918128.0,387918128.0,,5.423,1681600000.0,269700000.0,10400000.0,47100000.0,4.335,440800000.0
87,SYK,MRT,1999-09-30,1999-09-30,1999-09-30,2021-07-28,-26300000.0,2691700000.0,2744025000.0,1183100000.0,1508600000.0,0.68,1.666,-59700000.0,91100000.0,91100000.0,922000000.0,-99500000.0,1.839,3.166,1424000000.0,76400000.0,1347600000.0,1424000000.0,0.0,59700000.0,0.0,0.002,0.03,-100000.0,59600000.0,0.032,59600000.0,-100000.0,-78800000.0,-0.185,-0.18,-0.185,646100000.0,635850000.0,646100000.0,6338063797.0,-63381.0,106.343,122100000.0,0.315,1.0,943900000.0,0.506,889600000.0,78700000.0,2491500000.0,2602350000.0,430900000.0,11400000.0,11400000.0,0.0,2045600000.0,643500000.0,1402100000.0,4955763797.0,-135500000.0,-1680100000.0,5400000.0,1311800000.0,-11600000.0,1308500000.0,-1619000000.0,120800000.0,181800000.0,-6800000.0,-99500000.0,-99500000.0,-99500000.0,0.0,0.0,-0.053,927100000.0,16800000.0,117800000.0,-0.162,7.67,-49.807,-69.095,397200000.0,0.0,12.783,2.656,2.657,447500000.0,637000000.0,1865900000.0,1865900000.0,98000000.0,-0.036,-0.156,0.0,0.0,0.0,707100000.0,1.0,387699104.0,387800000.0,,4.812,1802100000.0,160300000.0,20700000.0,40300000.0,4.647,539600000.0
88,SYK,MRT,1999-06-30,1999-06-30,1999-06-30,2021-07-28,-68500000.0,2645200000.0,2339018750.0,1188200000.0,1457000000.0,0.696,1.557,-61400000.0,68200000.0,68200000.0,790200000.0,-64900000.0,2.02,3.385,1450500000.0,50200000.0,1400300000.0,1450500000.0,0.0,51000000.0,0.0,0.002,0.03,24400000.0,75400000.0,0.046,75400000.0,24400000.0,-25500000.0,-0.095,-0.093,-0.095,603300000.0,655767500.0,603300000.0,7232345410.0,296.0,95.92,85500000.0,0.221,1.0,837800000.0,0.515,862400000.0,49900000.0,2577000000.0,2139329750.0,473500000.0,11400000.0,11400000.0,0.0,2041900000.0,588100000.0,1453800000.0,5823345410.0,9300000.0,-1677000000.0,6600000.0,1355000000.0,-11600000.0,1349400000.0,-1481900000.0,256500000.0,146900000.0,-5100000.0,-64900000.0,-64900000.0,-64900000.0,0.0,0.0,-0.04,808500000.0,29300000.0,98700000.0,-0.316,9.652,-89.728,-158.237,386800000.0,0.0,15.033,3.577,3.579,455800000.0,636900000.0,1628000000.0,1628000000.0,84000000.0,-0.028,-0.099,0.011,0.015,0.0,602500000.0,1.0,387383696.0,387600000.0,,4.2,1782800000.0,137600000.0,39400000.0,37100000.0,4.6,600100000.0
89,SYK,MRT,1999-03-31,1999-03-31,1999-03-31,2021-07-28,-52900000.0,2763800000.0,1931604000.0,1279500000.0,1484300000.0,0.71,1.606,-52500000.0,102600000.0,102600000.0,637900000.0,-25900000.0,2.07,3.448,1511600000.0,32800000.0,1478800000.0,1511600000.0,0.0,41700000.0,0.0,0.002,0.03,53700000.0,95400000.0,0.07,95400000.0,53700000.0,34900000.0,0.007,0.007,0.007,621400000.0,674508250.0,621400000.0,6259376299.0,117.0,65.612,70800000.0,0.183,1.0,734100000.0,0.535,904400000.0,18800000.0,2650300000.0,1686187250.0,534700000.0,11400000.0,11400000.0,0.0,2142400000.0,618100000.0,1524300000.0,4881342299.0,28300000.0,-1684000000.0,7000000.0,1411000000.0,-11600000.0,1406000000.0,-1486700000.0,249800000.0,123300000.0,-14300000.0,-25900000.0,-25900000.0,-25900000.0,0.0,0.0,-0.019,684800000.0,49300000.0,128700000.0,4.286,7.855,-188.469,1801.429,391300000.0,0.0,12.61,3.558,3.557,435600000.0,640600000.0,1372000000.0,1372000000.0,73200000.0,-0.013,-0.038,0.032,0.039,0.0,489600000.0,1.0,387100896.0,387000000.0,,3.545,1859400000.0,144900000.0,60800000.0,56500000.0,4.805,661400000.0
90,SYK,MRT,1998-12-31,1998-12-31,1998-12-31,2021-07-28,-9000000.0,2875400000.0,1489976000.0,1334700000.0,1540700000.0,0.74,1.744,-51300000.0,121300000.0,121300000.0,472100000.0,30900000.0,1.997,3.275,1503000000.0,15000000.0,1488000000.0,1503000000.0,0.0,30000000.0,0.0,0.002,0.03,109600000.0,139600000.0,0.127,139600000.0,109600000.0,121800000.0,0.155,0.155,0.155,672600000.0,680988000.0,672600000.0,5161702994.0,47.0,36.975,103200000.0,0.268,1.0,631100000.0,0.572,898000000.0,-12200000.0,2690600000.0,1203577000.0,591000000.0,17300000.0,17300000.0,0.0,2202800000.0,668500000.0,1534300000.0,5309617994.0,-32700000.0,-1694700000.0,6800000.0,1383300000.0,-10600000.0,1386800000.0,-1569800000.0,176200000.0,154500000.0,-4200000.0,30900000.0,30900000.0,30900000.0,0.0,0.0,0.028,536900000.0,94200000.0,162400000.0,0.194,7.894,171.832,88.806,429500000.0,0.0,13.765,4.813,4.813,425600000.0,661400000.0,1103200000.0,1103200000.0,61000000.0,0.021,0.045,0.091,0.099,0.0,373600000.0,1.0,385733236.0,385733236.0,,2.86,1977400000.0,128600000.0,90900000.0,49100000.0,5.126,666200000.0
91,SYK,MRT,1998-09-30,1998-09-30,1998-09-30,2021-07-28,-11254000.0,1071675000.0,1017394750.0,818750000.0,252925000.0,1.019,1.882,-45005000.0,223069000.0,223069000.0,424478000.0,142930000.0,2.879,0.477,75154000.0,71280000.0,3874000.0,75154000.0,0.0,26720000.0,0.0,0.003,0.028,225277000.0,251997000.0,0.243,251997000.0,225277000.0,218077000.0,0.37,0.365,0.37,725770000.0,666031750.0,725770000.0,3294237214.0,15.0,13.073,72293000.0,0.187,1.0,611807000.0,0.59,0.0,7200000.0,639419000.0,670927750.0,165971000.0,135731000.0,135731000.0,0.0,345905000.0,284341000.0,61564000.0,3275212214.0,69342000.0,-38262000.0,8222000.0,-2587000.0,-10621000.0,1814000.0,-40022000.0,43245000.0,117298000.0,-3307000.0,142930000.0,142930000.0,142930000.0,0.0,0.0,0.138,397097000.0,214710000.0,51662000.0,0.076,4.513,22.915,22.973,182998000.0,0.0,8.5,3.161,3.163,191173000.0,718949000.0,1036285000.0,1036285000.0,55988000.0,0.14,0.215,0.336,0.217,0.0,341109000.0,1.0,385319084.0,385600000.0,,2.687,1071675000.0,86140000.0,75147000.0,50599000.0,2.779,534409000.0
92,SYK,MRT,1998-06-30,1998-06-30,1998-06-30,2021-07-28,-22279000.0,1015541000.0,,772815000.0,242726000.0,,1.761,-39001000.0,55364000.0,55364000.0,411083000.0,137200000.0,2.861,0.497,74389000.0,70020000.0,4369000.0,74389000.0,0.0,26435000.0,0.0,0.003,0.028,216962000.0,243397000.0,0.24,243397000.0,216962000.0,210362000.0,0.355,0.352,0.355,678263000.0,,678263000.0,3700373510.0,17.0,15.203,76495000.0,0.199,1.0,602345000.0,0.594,0.0,6600000.0,764430000.0,,157944000.0,271473000.0,271473000.0,0.0,337278000.0,270136000.0,67142000.0,3695011510.0,-124317000.0,-39816000.0,6979000.0,-5922000.0,-10621000.0,-3764000.0,-227162000.0,-148345000.0,115496000.0,-3362000.0,137200000.0,137200000.0,137200000.0,0.0,0.0,0.135,394540000.0,207805000.0,56344000.0,0.079,5.448,26.932,27.028,170769000.0,0.0,9.595,3.646,3.647,193455000.0,684199000.0,1013428000.0,1013428000.0,57341000.0,,,,0.214,0.0,337199000.0,1.0,385097604.0,385200000.0,,2.631,1015541000.0,77824000.0,73162000.0,38517000.0,2.636,502679000.0
93,SYK,MRT,1998-03-31,1998-03-31,1998-03-31,2021-07-28,-14878000.0,997288000.0,,769540000.0,227748000.0,,1.684,-36150000.0,70680000.0,70680000.0,400815000.0,131280000.0,2.721,0.541,76042000.0,72288000.0,3754000.0,76042000.0,0.0,26307000.0,0.0,0.002,0.028,208560000.0,234867000.0,0.236,234867000.0,208560000.0,202860000.0,0.34,0.338,0.34,647319000.0,,647319000.0,4429923247.0,21.0,18.861,90994000.0,0.237,1.0,593349000.0,0.597,0.0,5700000.0,719859000.0,,152084000.0,264776000.0,264776000.0,0.0,349969000.0,282791000.0,67178000.0,4505874247.0,-72836000.0,-47101000.0,3441000.0,-5822000.0,-10621000.0,-7002000.0,-186261000.0,-103010000.0,127144000.0,-1797000.0,131280000.0,131280000.0,131280000.0,0.0,0.0,0.132,392789000.0,200560000.0,58586000.0,0.082,6.961,34.323,34.471,164367000.0,0.0,11.72,4.532,4.532,184596000.0,648949000.0,994164000.0,994164000.0,56202000.0,,,,0.21,0.0,336587000.0,1.0,384460260.0,384400000.0,,2.586,997288000.0,78733000.0,71580000.0,53484000.0,2.594,486749000.0
94,SYK,MRT,1997-12-31,1997-12-31,1997-12-31,2021-07-28,-9788000.0,985075000.0,989290500.0,736703000.0,248372000.0,0.991,1.594,-35200000.0,154027000.0,154027000.0,397700000.0,125300000.0,2.431,0.608,78076000.0,73627000.0,4449000.0,78076000.0,0.0,26100000.0,0.0,0.003,0.028,200100000.0,226200000.0,0.231,226200000.0,200100000.0,195300000.0,0.325,0.32,0.325,612775000.0,571568000.0,612775000.0,,,,56700000.0,0.147,1.0,582400000.0,0.594,46110000.0,4800000.0,560003000.0,587312500.0,116341000.0,197041000.0,197041000.0,0.0,372300000.0,303011000.0,69289000.0,3580286171.0,-21600000.0,-39400000.0,-20200000.0,-6700000.0,-9700000.0,-30400000.0,-79700000.0,-5100000.0,91900000.0,-3400000.0,125300000.0,125300000.0,125300000.0,0.0,0.0,0.128,391200000.0,191200000.0,55034000.0,0.086,5.843,28.574,28.654,163867000.0,0.0,9.312,3.653,3.653,176214000.0,612939000.0,980100000.0,980100000.0,56900000.0,0.127,0.219,0.341,0.204,0.0,334300000.0,1.0,384460260.0,384460260.0,,2.549,938965000.0,78896000.0,70000000.0,36971000.0,2.442,433692000.0
95,SYK,MRT,1997-09-30,1997-09-30,1997-09-30,2021-07-28,,,,,,,,,,,,,,,,,,,,,,0.002,0.025,,,,,,,,,,,,,,,,,,1.0,,,,,,,,,,,,,,,,,,,,,,,,,,,,,,,,,,,,,,,,10.938,,,,,,,,,,,,,,1.0,,384152000.0,,,,,,,,
96,SYK,MRT,1997-06-30,1997-06-30,1997-06-30,2021-07-28,,,,,,,,,,,,,,,,,,,,,,0.003,0.025,,,,,,,,,,,,,,,,,,1.0,,,,,,,,,,,,,,,,,,,,,,,,,,,,,,,,,,,,,,,,8.672,,,,,,,,,,,,,,1.0,,384016000.0,,,,,,,,
97,SYK,MRT,1997-03-31,1997-03-31,1997-03-31,2021-07-28,,,,,,,,,,,,,,,,,,,,,,0.004,0.025,,,,,,,,,,,,,,,,,,1.0,,,,,,,,,,,,,,,,,,,,,,,,,,,,,,,,,,,,,,,,6.185,,,,,,,,,,,,,,1.0,,387452000.0,,,,,,,,
98,SYK,MRT,1996-12-31,1996-12-31,1996-12-31,2021-07-28,442000.0,993506000.0,,753537000.0,239969000.0,,,-26724000.0,175673000.0,175673000.0,392358000.0,104460000.0,2.993,0.873,93905000.0,4403000.0,89502000.0,93905000.0,0.0,28397000.0,0.0,0.003,0.025,166110000.0,194507000.0,0.214,194507000.0,166110000.0,166110000.0,0.27,0.265,0.27,530361000.0,,530361000.0,,,,177618000.0,,1.0,517702000.0,0.569,45375000.0,0.0,614622000.0,,127387000.0,191900000.0,191900000.0,0.0,463145000.0,251741000.0,211404000.0,,106624000.0,-51295000.0,-10943000.0,-3278000.0,-4370000.0,-21395000.0,-74320000.0,3699000.0,204342000.0,-2003000.0,104460000.0,104460000.0,104460000.0,0.0,0.0,0.115,364195000.0,153507000.0,62433000.0,0.093,,,27.509,172303000.0,0.0,7.428,,,166052000.0,514318000.0,910060000.0,910060000.0,56870000.0,,,,0.183,0.0,326641000.0,1.0,,,,,948131000.0,78034000.0,61650000.0,56723000.0,,501796000.0
99,SYK,MRT,1995-12-31,1995-12-31,1995-12-31,2021-07-28,,,,,,,,-36299000.0,,,369444000.0,87010000.0,,,,,,,,25542000.0,,0.002,0.011,153910000.0,179452000.0,0.206,179452000.0,153910000.0,153910000.0,0.225,0.22,0.225,,,,,,,75237000.0,,1.0,502508000.0,0.576,,0.0,,,,,,,,,,,-47732000.0,-17743000.0,3814000.0,3882000.0,-3870000.0,4957000.0,-164377000.0,-110335000.0,111536000.0,152000.0,87010000.0,87010000.0,87010000.0,0.0,0.0,0.1,345197000.0,157311000.0,,0.049,,,28.983,,0.0,6.521,,,,,871952000.0,871952000.0,43771000.0,,,,0.177,0.0,301426000.0,1.0,,,,,,,66900000.0,,,
