None,ticker,dimension,calendardate,datekey,reportperiod,lastupdated,accoci,assets,assetsavg,assetsc,assetsnc,assetturnover,bvps,capex,cashneq,cashnequsd,cor,consolinc,currentratio,de,debt,debtc,debtnc,debtusd,deferredrev,depamor,deposits,divyield,dps,ebit,ebitda,ebitdamargin,ebitdausd,ebitusd,ebt,eps,epsdil,epsusd,equity,equityavg,equityusd,ev,evebit,evebitda,fcf,fcfps,fxusd,gp,grossmargin,intangibles,intexp,invcap,invcapavg,inventory,investments,investmentsc,investmentsnc,liabilities,liabilitiesc,liabilitiesnc,marketcap,ncf,ncfbus,ncfcommon,ncfdebt,ncfdiv,ncff,ncfi,ncfinv,ncfo,ncfx,netinc,netinccmn,netinccmnusd,netincdis,netincnci,netmargin,opex,opinc,payables,payoutratio,pb,pe,pe1,ppnenet,prefdivis,price,ps,ps1,receivables,retearn,revenue,revenueusd,rnd,roa,roe,roic,ros,sbcomp,sgna,sharefactor,sharesbas,shareswa,shareswadil,sps,tangibles,taxassets,taxexp,taxliabilities,tbvps,workingcapital
0,PRU,MRY,2020-12-31,2020-12-31,2020-12-31,2021-08-05,30738000000.0,940722000000.0,910352500000.0,,,0.063,170.265,0.0,13701000000.0,13701000000.0,41222000000.0,-146000000.0,,12.94,31842000000.0,,,31842000000.0,0.0,457000000.0,0.0,0.056,4.4,-455000000.0,2000000.0,0.0,2000000.0,-455000000.0,-455000000.0,-1.0,-1.0,-1.0,67425000000.0,64996500000.0,67425000000.0,43655720000.0,-96.0,21827.86,8368000000.0,21.131,1.0,15811000000.0,0.277,0.0,0.0,958863000000.0,921742250000.0,0.0,553620000000.0,,,872512000000.0,,,30915720000.0,-2619000000.0,1454000000.0,-347000000.0,729000000.0,-1766000000.0,4883000000.0,-16210000000.0,-18672000000.0,8368000000.0,340000000.0,-374000000.0,-374000000.0,-374000000.0,0.0,228000000.0,-0.007,16134000000.0,-323000000.0,0.0,-4.4,0.459,-82.662,-78.07,0.0,0.0,78.07,0.542,0.542,0.0,30749000000.0,57033000000.0,57033000000.0,0.0,0.0,-0.006,0.0,-0.008,0.0,16134000000.0,1.0,396000000.0,396000000.0,,144.023,940722000000.0,0.0,-81000000.0,12022000000.0,2375.561,
1,PRU,MRY,2019-12-31,2019-12-31,2019-12-31,2021-08-05,24039000000.0,896552000000.0,876331750000.0,,,0.074,157.002,0.0,16327000000.0,16327000000.0,43974000000.0,4238000000.0,,13.195,31534000000.0,,,31534000000.0,0.0,460000000.0,0.0,0.043,4.0,5133000000.0,5593000000.0,0.086,5593000000.0,5133000000.0,5133000000.0,10.23,10.11,10.23,63115000000.0,61395750000.0,63115000000.0,50509480000.0,10.0,9.031,19625000000.0,48.818,1.0,20833000000.0,0.321,0.0,0.0,911759000000.0,891670750000.0,0.0,522760000000.0,,,832833000000.0,,,37683480000.0,979000000.0,-1755000000.0,-2367000000.0,1732000000.0,-1641000000.0,-1634000000.0,-17028000000.0,-15883000000.0,19625000000.0,16000000.0,4186000000.0,4186000000.0,4186000000.0,0.0,52000000.0,0.065,15748000000.0,5085000000.0,0.0,0.391,0.597,9.002,9.163,0.0,0.0,93.74,0.581,0.581,0.0,32991000000.0,64807000000.0,64807000000.0,0.0,0.005,0.068,0.006,0.079,0.0,15748000000.0,1.0,402000000.0,402000000.0,,161.211,896552000000.0,0.0,947000000.0,11378000000.0,2230.229,
2,PRU,MRY,2018-12-31,2018-12-31,2018-12-31,2021-08-05,10906000000.0,815078000000.0,821840750000.0,,,0.077,117.717,0.0,15353000000.0,15353000000.0,43936000000.0,4088000000.0,,15.757,30734000000.0,,,30734000000.0,0.0,161000000.0,0.0,0.044,3.6,4896000000.0,5057000000.0,0.08,5057000000.0,4896000000.0,4896000000.0,9.64,9.5,9.64,48617000000.0,48851000000.0,48617000000.0,51134150000.0,10.0,10.112,21664000000.0,52.455,1.0,19056000000.0,0.303,0.0,0.0,830459000000.0,836995500000.0,0.0,479245000000.0,,,766047000000.0,,,33680150000.0,959000000.0,0.0,-1368000000.0,2448000000.0,-1521000000.0,781000000.0,-21628000000.0,-21466000000.0,21664000000.0,142000000.0,4074000000.0,4074000000.0,4074000000.0,0.0,14000000.0,0.065,14222000000.0,4834000000.0,0.0,0.373,0.693,8.267,8.46,0.0,0.0,81.55,0.535,0.535,0.0,30470000000.0,62992000000.0,62992000000.0,0.0,0.005,0.083,0.006,0.078,0.0,14222000000.0,1.0,413000000.0,413000000.0,,152.523,815078000000.0,0.0,822000000.0,7936000000.0,1973.554,
3,PRU,MRY,2017-12-31,2017-12-31,2017-12-31,2021-08-05,17074000000.0,832136000000.0,815805500000.0,,,0.073,127.915,0.0,14490000000.0,14490000000.0,39707000000.0,7974000000.0,,14.338,28470000000.0,,,28470000000.0,0.0,222000000.0,0.0,0.026,3.0,6425000000.0,6647000000.0,0.111,6647000000.0,6425000000.0,6425000000.0,18.19,17.86,18.19,54236000000.0,49959250000.0,54236000000.0,63383520000.0,10.0,9.536,13460000000.0,31.745,1.0,19982000000.0,0.335,0.0,0.0,846116000000.0,830585250000.0,0.0,469871000000.0,,,777625000000.0,,,48751520000.0,355000000.0,-64000000.0,-1004000000.0,251000000.0,-1296000000.0,-1258000000.0,-11957000000.0,-10779000000.0,13460000000.0,110000000.0,7863000000.0,7863000000.0,7863000000.0,0.0,111000000.0,0.132,13495000000.0,6487000000.0,0.0,0.165,0.899,6.2,6.321,0.0,0.0,114.98,0.817,0.817,0.0,28671000000.0,59689000000.0,59689000000.0,0.0,0.01,0.157,0.008,0.108,0.0,13495000000.0,1.0,424000000.0,424000000.0,,140.776,832136000000.0,0.0,-1438000000.0,9648000000.0,1962.585,
4,PRU,MRY,2016-12-31,2016-12-31,2016-12-31,2021-08-05,14621000000.0,783962000000.0,793328000000.0,,,0.074,106.658,0.0,14127000000.0,14127000000.0,39418000000.0,4419000000.0,,16.089,28930000000.0,,,28930000000.0,0.0,318000000.0,0.0,0.027,2.8,5703000000.0,6021000000.0,0.102,6021000000.0,5703000000.0,5703000000.0,9.85,9.71,9.85,45863000000.0,51671250000.0,45863000000.0,49234800000.0,9.0,8.177,14876000000.0,34.595,1.0,19361000000.0,0.329,0.0,0.0,798765000000.0,801735250000.0,0.0,444240000000.0,,,737874000000.0,,,44745800000.0,-3567000000.0,-532000000.0,-1693000000.0,842000000.0,-1300000000.0,3201000000.0,-21694000000.0,-21120000000.0,14876000000.0,50000000.0,4368000000.0,4368000000.0,4368000000.0,0.0,51000000.0,0.074,13656000000.0,5705000000.0,0.0,0.284,0.976,10.244,10.564,0.0,0.0,104.06,0.761,0.761,0.0,21946000000.0,58779000000.0,58779000000.0,0.0,0.006,0.085,0.007,0.097,0.0,13656000000.0,1.0,430000000.0,430000000.0,,136.695,783962000000.0,0.0,1335000000.0,10412000000.0,1823.167,
5,PRU,MRY,2015-12-31,2015-12-31,2015-12-31,2021-08-05,12285000000.0,757255000000.0,763281250000.0,,,0.075,93.296,0.0,17612000000.0,17612000000.0,36318000000.0,5712000000.0,,17.076,37289000000.0,,,37289000000.0,0.0,113000000.0,0.0,0.03,2.44,7714000000.0,7827000000.0,0.137,7827000000.0,7714000000.0,7714000000.0,12.37,12.17,12.37,41890000000.0,42844250000.0,41890000000.0,54985090000.0,7.0,7.025,13942000000.0,31.051,1.0,20801000000.0,0.364,0.0,0.0,776932000000.0,782898000000.0,0.0,417192000000.0,,,715332000000.0,,,36553090000.0,2694000000.0,0.0,-1455000000.0,-1993000000.0,-1117000000.0,-3571000000.0,-7746000000.0,-7905000000.0,13942000000.0,69000000.0,5642000000.0,5642000000.0,5642000000.0,0.0,70000000.0,0.099,13032000000.0,7769000000.0,0.0,0.197,0.873,6.479,6.581,0.0,0.0,81.41,0.64,0.64,0.0,18931000000.0,57119000000.0,57119000000.0,0.0,0.007,0.132,0.01,0.135,0.0,13032000000.0,1.0,449000000.0,449000000.0,,127.214,757255000000.0,0.0,2072000000.0,8714000000.0,1686.537,
6,PRU,MRY,2014-12-31,2014-12-31,2014-12-31,2021-08-05,16050000000.0,766655000000.0,760768500000.0,,,0.071,91.601,0.0,14918000000.0,14918000000.0,38566000000.0,1438000000.0,,17.34,39135000000.0,,,39135000000.0,0.0,631000000.0,0.0,0.024,2.17,1730000000.0,2361000000.0,0.044,2361000000.0,1730000000.0,1730000000.0,3.25,3.23,3.25,41770000000.0,40739250000.0,41770000000.0,65489760000.0,38.0,27.738,19396000000.0,42.535,1.0,15539000000.0,0.287,0.0,0.0,790872000000.0,786645750000.0,0.0,419986000000.0,,,724306000000.0,,,41249760000.0,3479000000.0,-23000000.0,-731000000.0,1254000000.0,-1027000000.0,1629000000.0,-17088000000.0,-16737000000.0,19396000000.0,-458000000.0,1381000000.0,1381000000.0,1381000000.0,-12000000.0,57000000.0,0.026,13780000000.0,1759000000.0,0.0,0.668,0.988,29.869,27.834,0.0,0.0,90.46,0.762,0.762,0.0,14888000000.0,54105000000.0,54105000000.0,0.0,0.002,0.034,0.002,0.032,0.0,13780000000.0,1.0,456000000.0,456000000.0,,118.651,766655000000.0,0.0,349000000.0,9881000000.0,1681.261,
7,PRU,MRY,2013-12-31,2013-12-31,2013-12-31,2021-08-05,8681000000.0,731781000000.0,721154750000.0,,,0.057,76.525,0.0,11439000000.0,11439000000.0,31894000000.0,-560000000.0,,19.726,37422000000.0,,,37422000000.0,0.0,411000000.0,0.0,0.019,1.73,-1725000000.0,-1314000000.0,-0.032,-1314000000.0,-1725000000.0,-1725000000.0,-1.55,-1.55,-1.55,35278000000.0,36186750000.0,35278000000.0,66204420000.0,-38.0,-50.384,8445000000.0,18.319,1.0,9567000000.0,0.231,0.0,0.0,757764000000.0,744610250000.0,0.0,398173000000.0,,,695900000000.0,,,42513420000.0,-6661000000.0,-488000000.0,-390000000.0,4017000000.0,-847000000.0,2242000000.0,-16334000000.0,-14543000000.0,8445000000.0,-1014000000.0,-667000000.0,-667000000.0,-667000000.0,-7000000.0,107000000.0,-0.016,11251000000.0,-1684000000.0,0.0,-1.116,1.205,-63.738,-59.497,0.0,0.0,92.22,1.025,1.025,0.0,14531000000.0,41461000000.0,41461000000.0,0.0,-0.001,-0.018,-0.002,-0.042,0.0,11251000000.0,1.0,461000000.0,461000000.0,,89.937,731781000000.0,0.0,-1058000000.0,5422000000.0,1587.377,
8,PRU,MRY,2012-12-31,2012-12-31,2012-12-31,2021-08-05,10214000000.0,709235000000.0,666533250000.0,,,0.127,83.34,0.0,18100000000.0,18100000000.0,71541000000.0,570000000.0,,17.404,34608000000.0,,,34608000000.0,0.0,302000000.0,0.0,0.03,1.6,733000000.0,1035000000.0,0.012,1035000000.0,733000000.0,733000000.0,1.06,1.05,1.06,38503000000.0,37535250000.0,38503000000.0,45623460000.0,62.0,44.081,20909000000.0,45.258,1.0,13306000000.0,0.157,0.0,0.0,725743000000.0,686520250000.0,0.0,405582000000.0,,,670123000000.0,,,24638460000.0,3849000000.0,0.0,-500000000.0,2674000000.0,-768000000.0,-1305000000.0,-15420000000.0,-15563000000.0,20909000000.0,-335000000.0,520000000.0,520000000.0,520000000.0,-15000000.0,50000000.0,0.006,12598000000.0,708000000.0,0.0,1.509,0.64,47.382,50.311,0.0,0.0,53.33,0.29,0.29,0.0,16066000000.0,84847000000.0,84847000000.0,0.0,0.001,0.014,0.001,0.009,0.0,12598000000.0,1.0,462000000.0,462000000.0,,183.652,709235000000.0,0.0,213000000.0,8512000000.0,1535.141,
9,PRU,MRY,2011-12-31,2011-12-31,2011-12-31,2021-08-05,5245000000.0,620244000000.0,611025500000.0,,,0.08,72.879,0.0,14251000000.0,14251000000.0,30821000000.0,3666000000.0,,17.091,33700000000.0,,,33700000000.0,0.0,290000000.0,0.0,0.029,1.45,5147000000.0,5437000000.0,0.111,5437000000.0,5147000000.0,5147000000.0,7.21,7.12,7.21,34253000000.0,34785250000.0,34253000000.0,41083400000.0,8.0,7.556,12377000000.0,26.334,1.0,18264000000.0,0.372,0.0,0.0,639693000000.0,630374500000.0,0.0,356247000000.0,,,585403000000.0,,,23556400000.0,1336000000.0,-2321000000.0,-877000000.0,1757000000.0,-704000000.0,2099000000.0,-13295000000.0,-11156000000.0,12377000000.0,155000000.0,3632000000.0,3632000000.0,3632000000.0,-35000000.0,34000000.0,0.074,13300000000.0,4964000000.0,0.0,0.201,0.688,6.486,6.951,0.0,0.0,50.12,0.48,0.48,0.0,16629000000.0,49085000000.0,49085000000.0,0.0,0.006,0.104,0.008,0.105,0.0,13300000000.0,1.0,470000000.0,470000000.0,,104.436,620244000000.0,0.0,1515000000.0,6558000000.0,1319.668,
10,PRU,MRY,2010-12-31,2010-12-31,2010-12-31,2021-08-05,2978000000.0,539854000000.0,513656750000.0,,,0.074,69.71,0.0,12915000000.0,12915000000.0,24683000000.0,3012000000.0,,15.639,31520000000.0,,,31520000000.0,0.0,-104000000.0,0.0,0.02,1.15,4244000000.0,4140000000.0,0.108,4140000000.0,4244000000.0,4244000000.0,5.38,5.32,5.38,32415000000.0,30671250000.0,32415000000.0,46170150000.0,11.0,11.152,6542000000.0,14.069,1.0,13534000000.0,0.354,0.0,0.0,558459000000.0,533120000000.0,0.0,283912000000.0,,,506926000000.0,,,27300150000.0,-249000000.0,0.0,1068000000.0,644000000.0,-575000000.0,1613000000.0,-8522000000.0,-8944000000.0,6542000000.0,118000000.0,3001000000.0,3001000000.0,3001000000.0,-33000000.0,11000000.0,0.079,9394000000.0,4140000000.0,0.0,0.214,0.842,9.097,10.913,0.0,0.0,58.71,0.714,0.714,0.0,16381000000.0,38217000000.0,38217000000.0,0.0,0.006,0.098,0.008,0.111,0.0,9394000000.0,1.0,465000000.0,465000000.0,,82.187,539854000000.0,0.0,1243000000.0,6353000000.0,1160.976,
11,PRU,MRY,2009-12-31,2009-12-31,2009-12-31,2021-08-05,-443000000.0,480203000000.0,456978750000.0,,,0.071,54.535,0.0,13164000000.0,13164000000.0,22128000000.0,3090000000.0,,18.038,30192000000.0,,,30192000000.0,0.0,175000000.0,0.0,0.014,0.7,3062000000.0,3237000000.0,0.1,3237000000.0,3062000000.0,3062000000.0,7.68,7.63,7.68,25195000000.0,20124000000.0,25195000000.0,43159120000.0,14.0,13.333,5840000000.0,12.641,1.0,10252000000.0,0.317,0.0,0.0,497231000000.0,476093500000.0,0.0,260552000000.0,,,454474000000.0,,,22989120000.0,-1864000000.0,4500000000.0,1455000000.0,-9059000000.0,-347000000.0,-10421000000.0,2429000000.0,-1878000000.0,5840000000.0,288000000.0,3124000000.0,3124000000.0,3124000000.0,19000000.0,-34000000.0,0.096,8728000000.0,1524000000.0,0.0,0.091,0.912,7.359,6.479,0.0,0.0,49.76,0.71,0.71,0.0,13787000000.0,32380000000.0,32380000000.0,0.0,0.007,0.155,0.006,0.095,0.0,8728000000.0,1.0,462000000.0,462000000.0,,70.087,480203000000.0,0.0,-62000000.0,4014000000.0,1039.4,
12,PRU,MRY,2008-12-31,2008-12-31,2008-12-31,2021-08-05,-7343000000.0,445011000000.0,464585000000.0,,,0.062,31.836,0.0,15028000000.0,15028000000.0,21084000000.0,-1081000000.0,,32.097,38725000000.0,,,38725000000.0,0.0,717000000.0,0.0,0.019,0.58,-1634000000.0,-917000000.0,-0.032,-917000000.0,-1634000000.0,-1634000000.0,-2.53,-2.53,-2.53,13435000000.0,19100000000.0,13435000000.0,42243720000.0,-26.0,-46.067,10855000000.0,25.723,1.0,7906000000.0,0.273,0.0,0.0,468708000000.0,492707250000.0,0.0,242025000000.0,,,431225000000.0,,,12769720000.0,3968000000.0,0.0,-2056000000.0,-4851000000.0,-317000000.0,3721000000.0,-10705000000.0,-10354000000.0,10855000000.0,97000000.0,-1117000000.0,-1117000000.0,-1117000000.0,-75000000.0,36000000.0,-0.039,9132000000.0,-1226000000.0,0.0,-0.229,0.95,-11.432,-11.96,0.0,0.0,30.26,0.44,0.44,0.0,10426000000.0,28990000000.0,28990000000.0,0.0,-0.002,-0.058,-0.003,-0.056,0.0,9132000000.0,1.0,422000000.0,422000000.0,,68.697,445011000000.0,1106000000.0,-517000000.0,459000000.0,1054.528,
13,PRU,MRY,2007-12-31,2007-12-31,2007-12-31,2021-08-05,447000000.0,485814000000.0,471737250000.0,,,0.073,51.896,0.0,11060000000.0,11060000000.0,20874000000.0,3729000000.0,,19.711,41199000000.0,,,41199000000.0,0.0,339000000.0,0.0,0.012,1.15,4882000000.0,5221000000.0,0.152,5221000000.0,4882000000.0,4882000000.0,7.61,7.51,7.61,23457000000.0,23228250000.0,23457000000.0,69860080000.0,14.0,13.381,5992000000.0,13.257,1.0,13503000000.0,0.393,0.0,0.0,515953000000.0,500407500000.0,0.0,243557000000.0,,,462357000000.0,,,42054080000.0,2471000000.0,0.0,-2779000000.0,4111000000.0,-533000000.0,1567000000.0,-5058000000.0,-4797000000.0,5992000000.0,-30000000.0,3662000000.0,3662000000.0,3662000000.0,-20000000.0,67000000.0,0.107,8820000000.0,4683000000.0,0.0,0.151,1.793,11.484,12.226,0.0,0.0,93.04,1.223,1.223,0.0,11841000000.0,34377000000.0,34377000000.0,0.0,0.008,0.158,0.01,0.142,0.0,8820000000.0,1.0,452000000.0,452000000.0,,76.055,485814000000.0,0.0,1220000000.0,3553000000.0,1074.81,
14,PRU,MRY,2006-12-31,2006-12-31,2006-12-31,2021-08-05,519000000.0,454266000000.0,443864750000.0,,,0.073,47.992,0.0,8589000000.0,8589000000.0,19822000000.0,3428000000.0,,18.844,35440000000.0,,,35440000000.0,0.0,350000000.0,0.0,0.011,0.95,4673000000.0,5023000000.0,0.156,5023000000.0,4673000000.0,4673000000.0,6.63,6.5,6.63,22892000000.0,22479500000.0,22892000000.0,63726220000.0,14.0,12.687,4375000000.0,9.172,1.0,12446000000.0,0.386,0.0,0.0,481117000000.0,469833250000.0,0.0,235417000000.0,,,431374000000.0,,,40955220000.0,790000000.0,724000000.0,-2346000000.0,7448000000.0,-440000000.0,6522000000.0,-10147000000.0,-10670000000.0,4375000000.0,40000000.0,3428000000.0,3428000000.0,3428000000.0,-71000000.0,0.0,0.106,8052000000.0,4394000000.0,1458000000.0,0.143,1.789,11.947,12.95,0.0,0.0,85.86,1.269,1.269,1958000000.0,8844000000.0,32268000000.0,32268000000.0,0.0,0.008,0.152,0.01,0.145,0.0,8052000000.0,1.0,477000000.0,477000000.0,,67.648,454266000000.0,0.0,1245000000.0,3108000000.0,952.34,
15,PRU,MRY,2005-12-31,2005-12-31,2005-12-31,2021-08-05,1234000000.0,413374000000.0,409905750000.0,,,0.076,45.075,0.0,7799000000.0,7799000000.0,19432000000.0,3540000000.0,,17.16,32124000000.0,,,32124000000.0,0.0,501000000.0,0.0,0.011,0.78,4343000000.0,4844000000.0,0.155,4844000000.0,4343000000.0,4343000000.0,6.45,6.34,6.45,22763000000.0,23102750000.0,22763000000.0,55142950000.0,13.0,11.384,4032000000.0,7.984,1.0,11915000000.0,0.38,0.0,0.0,437699000000.0,429680250000.0,0.0,221401000000.0,,,390611000000.0,,,36960950000.0,-273000000.0,0.0,-1926000000.0,9843000000.0,-394000000.0,7148000000.0,-11273000000.0,-11704000000.0,4032000000.0,-180000000.0,3540000000.0,3540000000.0,3540000000.0,73000000.0,0.0,0.113,7641000000.0,4274000000.0,3069000000.0,0.121,1.624,10.441,11.347,0.0,0.0,73.19,1.179,1.179,3548000000.0,5947000000.0,31347000000.0,31347000000.0,0.0,0.009,0.153,0.01,0.139,0.0,7641000000.0,1.0,505000000.0,505000000.0,,62.073,413374000000.0,0.0,803000000.0,2214000000.0,818.562,
16,PRU,MRY,2004-12-31,2004-12-31,2004-12-31,2021-08-05,2191000000.0,400828000000.0,372909250000.0,,,0.075,43.726,0.0,8072000000.0,8072000000.0,17703000000.0,2256000000.0,,16.939,21056000000.0,,,21056000000.0,0.0,537000000.0,0.0,0.011,0.625,3194000000.0,3731000000.0,0.133,3731000000.0,3194000000.0,3194000000.0,3.38,3.31,3.38,22344000000.0,21617500000.0,22344000000.0,46982560000.0,15.0,12.592,4577000000.0,8.957,1.0,10393000000.0,0.37,0.0,0.0,413812000000.0,388850000000.0,0.0,217756000000.0,,,378484000000.0,,,28084560000.0,123000000.0,-1082000000.0,-696000000.0,3205000000.0,-341000000.0,1813000000.0,-6198000000.0,-5040000000.0,4577000000.0,-69000000.0,2256000000.0,2256000000.0,2256000000.0,88000000.0,0.0,0.08,7108000000.0,3285000000.0,32386000000.0,0.185,1.257,12.449,16.26,0.0,0.0,54.96,1.0,1.0,32790000000.0,2851000000.0,28096000000.0,28096000000.0,0.0,0.006,0.104,0.008,0.114,0.0,7108000000.0,1.0,511000000.0,511000000.0,,54.982,400828000000.0,0.0,938000000.0,2451000000.0,784.399,
17,PRU,MRY,2003-12-31,2003-12-31,2003-12-31,2021-08-05,2446000000.0,321274000000.0,320725250000.0,,,0.086,39.393,0.0,7949000000.0,7949000000.0,17746000000.0,1264000000.0,,14.089,21601000000.0,,,21601000000.0,0.0,716000000.0,0.0,0.012,0.5,1926000000.0,2642000000.0,0.096,2642000000.0,1926000000.0,1926000000.0,1.99,1.98,1.99,21292000000.0,21834500000.0,21292000000.0,36764687799.0,19.0,13.915,1406000000.0,2.601,1.0,9916000000.0,0.358,0.0,0.0,334926000000.0,335957250000.0,0.0,181041000000.0,,,299982000000.0,,,22576687799.0,-1949000000.0,-1247000000.0,-954000000.0,3706000000.0,-275000000.0,2656000000.0,-6194000000.0,-4947000000.0,1406000000.0,183000000.0,1264000000.0,1264000000.0,1264000000.0,57000000.0,0.0,0.046,7933000000.0,1983000000.0,180000000.0,0.251,1.06,17.861,20.99,0.0,0.0,41.77,0.816,0.816,633000000.0,960000000.0,27662000000.0,27662000000.0,0.0,0.004,0.058,0.006,0.07,0.0,7442000000.0,1.0,540500067.0,540500067.0,,51.179,321274000000.0,0.0,662000000.0,2282000000.0,594.401,
18,PRU,MRY,2002-12-31,2002-12-31,2002-12-31,2021-08-05,2585000000.0,292616000000.0,295192500000.0,,,0.089,37.544,0.0,9898000000.0,9898000000.0,17868000000.0,194000000.0,,12.686,25814000000.0,,,25814000000.0,0.0,580000000.0,0.0,0.013,0.4,6000000.0,586000000.0,0.022,586000000.0,6000000.0,6000000.0,1.25,1.25,1.25,21330000000.0,21077750000.0,21330000000.0,32209398209.0,5368.0,54.965,2518000000.0,4.432,1.0,8410000000.0,0.32,0.0,0.0,308532000000.0,312254750000.0,0.0,183208000000.0,,,270596000000.0,,,18032398209.0,-8638000000.0,0.0,-781000000.0,3379000000.0,-192000000.0,1469000000.0,-12277000000.0,-12277000000.0,2518000000.0,-348000000.0,194000000.0,194000000.0,194000000.0,76000000.0,0.0,0.007,8328000000.0,82000000.0,4838000000.0,0.32,0.845,92.951,25.392,0.0,0.0,31.74,0.686,0.686,5631000000.0,-10000000.0,26278000000.0,26278000000.0,0.0,0.001,0.009,0.0,0.0,0.0,8328000000.0,1.0,568128488.0,568128488.0,,46.254,292616000000.0,0.0,-188000000.0,1933000000.0,515.053,
19,PRU,MRY,2001-12-31,2001-12-31,2001-12-31,2021-08-05,944000000.0,293030000000.0,282891500000.0,,,0.094,37.625,0.0,18536000000.0,18536000000.0,16983000000.0,-154000000.0,,13.293,26575000000.0,,,26575000000.0,0.0,433000000.0,0.0,0.0,0.0,-186000000.0,247000000.0,0.009,247000000.0,-186000000.0,-186000000.0,0.07,0.07,0.07,20453000000.0,20530500000.0,20453000000.0,43968084000.0,-236.0,178.008,103000000.0,0.189,1.0,9695000000.0,0.363,0.0,0.0,301069000000.0,299874000000.0,0.0,165834000000.0,,,271887000000.0,,,18042084000.0,10860000000.0,5912000000.0,4167000000.0,-3604000000.0,0.0,-1680000000.0,12437000000.0,6525000000.0,103000000.0,0.0,-154000000.0,-154000000.0,-154000000.0,65000000.0,0.0,-0.006,9816000000.0,-121000000.0,6445000000.0,0.0,0.882,-117.156,474.143,0.0,0.0,33.19,0.676,0.676,7802000000.0,41000000.0,26678000000.0,26678000000.0,0.0,-0.001,-0.008,-0.001,-0.007,0.0,9228000000.0,1.0,543600000.0,543600000.0,,49.077,293030000000.0,0.0,-32000000.0,1332000000.0,539.054,
20,PRU,MRY,2000-12-31,2000-12-31,2000-12-31,2021-08-05,234000000.0,272753000000.0,278923500000.0,,,0.094,37.91,0.0,7676000000.0,7676000000.0,15115000000.0,398000000.0,,12.235,33602000000.0,,,33602000000.0,0.0,740000000.0,0.0,,0.0,796000000.0,1536000000.0,0.058,1536000000.0,796000000.0,796000000.0,0.07,0.07,0.07,20608000000.0,19949500000.0,20608000000.0,,,,7865000000.0,14.468,1.0,11217000000.0,0.426,0.0,0.0,298679000000.0,312641500000.0,0.0,148515000000.0,,,252145000000.0,,,,1249000000.0,0.0,0.0,-3270000000.0,0.0,-4643000000.0,-1973000000.0,-1973000000.0,7865000000.0,0.0,398000000.0,398000000.0,398000000.0,-73000000.0,0.0,0.015,10494000000.0,723000000.0,5965000000.0,0.0,,,,0.0,0.0,,,,11860000000.0,20374000000.0,26332000000.0,26332000000.0,0.0,0.001,0.02,0.003,0.03,0.0,9875000000.0,1.0,543600000.0,543600000.0,,48.44,272753000000.0,0.0,398000000.0,1610000000.0,501.753,
21,PRU,MRY,1999-12-31,1999-12-31,1999-12-31,2021-08-05,-685000000.0,285094000000.0,,,,,,0.0,6427000000.0,6427000000.0,14608000000.0,813000000.0,,13.779,47937000000.0,,,47937000000.0,0.0,689000000.0,0.0,,0.0,1855000000.0,2544000000.0,0.096,2544000000.0,1855000000.0,1855000000.0,,,,19291000000.0,,19291000000.0,,,,562000000.0,,1.0,11960000000.0,0.45,0.0,0.0,326604000000.0,,0.0,158928000000.0,,,265803000000.0,,,,-1152000000.0,0.0,0.0,1369000000.0,0.0,-1495000000.0,-219000000.0,-219000000.0,562000000.0,0.0,813000000.0,813000000.0,813000000.0,0.0,0.0,0.031,9705000000.0,2255000000.0,5839000000.0,,,,,0.0,0.0,,,,11346000000.0,19976000000.0,26568000000.0,26568000000.0,0.0,,,,0.07,0.0,9605000000.0,1.0,,,,,285094000000.0,0.0,1042000000.0,804000000.0,,
22,PRU,MRY,1998-12-31,1998-12-31,1998-12-31,2021-08-05,,,,,,,,0.0,,,14216000000.0,1106000000.0,,,,,,,,337000000.0,,,0.0,2076000000.0,2413000000.0,0.089,2413000000.0,2076000000.0,2076000000.0,,,,,,,,,,-2586000000.0,,1.0,12808000000.0,0.474,,0.0,,,,,,,,,,,3031000000.0,0.0,0.0,3944000000.0,0.0,-186000000.0,5803000000.0,5803000000.0,-2586000000.0,0.0,1106000000.0,1106000000.0,1106000000.0,521000000.0,0.0,0.041,10211000000.0,2597000000.0,,,,,,,0.0,,,,,,27024000000.0,27024000000.0,0.0,,,,0.077,0.0,9037000000.0,1.0,,,,,,,970000000.0,,,
0,PRU,MRQ,2021-06-30,2021-06-30,2021-06-30,2021-08-05,23277000000.0,926461000000.0,,,,,160.02,0.0,15145000000.0,15145000000.0,9522000000.0,2183000000.0,,13.684,30420000000.0,,,30420000000.0,0.0,15000000.0,0.0,0.044,1.15,2767000000.0,2782000000.0,0.175,2782000000.0,2767000000.0,2767000000.0,5.44,5.4,5.44,63048000000.0,,63048000000.0,54540180000.0,6.0,6.403,4359000000.0,11.063,1.0,6395000000.0,0.402,0.0,0.0,941736000000.0,,0.0,525544000000.0,,,862777000000.0,,,40373180000.0,-956000000.0,132000000.0,-825000000.0,-105000000.0,-455000000.0,-1997000000.0,-3314000000.0,-3826000000.0,4359000000.0,-4000000.0,2158000000.0,2158000000.0,2158000000.0,0.0,25000000.0,0.136,3622000000.0,2773000000.0,0.0,0.211,0.64,5.537,5.618,0.0,0.0,102.47,0.628,0.628,0.0,34808000000.0,15917000000.0,15917000000.0,0.0,,,,,0.0,3622000000.0,1.0,394000000.0,394000000.0,,40.398,926461000000.0,0.0,609000000.0,10196000000.0,2351.424,
1,PRU,MRQ,2021-03-31,2021-03-31,2021-03-31,2021-08-05,19219000000.0,907280000000.0,,,,,146.186,0.0,16099000000.0,16099000000.0,9482000000.0,2804000000.0,,14.62,30266000000.0,,,30266000000.0,0.0,30000000.0,0.0,0.049,1.15,3464000000.0,3494000000.0,0.206,3494000000.0,3464000000.0,3464000000.0,7.02,6.98,7.02,58036000000.0,,58036000000.0,54307700000.0,16.0,15.534,-3297000000.0,-8.305,1.0,7470000000.0,0.441,0.0,0.0,921447000000.0,,0.0,518829000000.0,,,848504000000.0,,,36166700000.0,2296000000.0,0.0,-300000000.0,-329000000.0,-471000000.0,-670000000.0,6476000000.0,7781000000.0,-3297000000.0,-213000000.0,2828000000.0,2828000000.0,2828000000.0,0.0,-24000000.0,0.167,4056000000.0,3414000000.0,0.0,0.164,0.623,13.272,13.638,0.0,0.0,91.1,0.598,0.598,0.0,33110000000.0,16952000000.0,16952000000.0,0.0,,,,,0.0,4056000000.0,1.0,397000000.0,397000000.0,,42.7,907280000000.0,0.0,636000000.0,9336000000.0,2285.34,
2,PRU,MRQ,2020-12-31,2020-12-31,2020-12-31,2021-08-05,30738000000.0,940722000000.0,,,,,170.265,0.0,13701000000.0,13701000000.0,11071000000.0,1022000000.0,,12.94,31842000000.0,,,31842000000.0,0.0,9000000.0,0.0,0.056,1.1,731000000.0,740000000.0,0.046,740000000.0,731000000.0,731000000.0,2.06,2.06,2.06,67425000000.0,,67425000000.0,43655720000.0,-96.0,21827.86,-4513000000.0,-11.396,1.0,4958000000.0,0.309,0.0,0.0,958863000000.0,,0.0,553620000000.0,,,872512000000.0,,,30915720000.0,-6949000000.0,0.0,47000000.0,-81000000.0,-441000000.0,-183000000.0,-2471000000.0,-3270000000.0,-4513000000.0,218000000.0,819000000.0,819000000.0,819000000.0,0.0,203000000.0,0.051,4058000000.0,900000000.0,0.0,0.534,0.459,-82.662,-78.07,0.0,0.0,78.07,0.542,0.542,0.0,30749000000.0,16029000000.0,16029000000.0,0.0,,,,,0.0,4058000000.0,1.0,396000000.0,396000000.0,,40.477,940722000000.0,0.0,-88000000.0,12022000000.0,2375.561,
3,PRU,MRQ,2020-09-30,2020-09-30,2020-09-30,2021-08-05,30001000000.0,911589000000.0,,,,,167.638,0.0,20658000000.0,20658000000.0,10017000000.0,1507000000.0,,12.757,33398000000.0,,,33398000000.0,0.0,65000000.0,0.0,0.068,1.1,1437000000.0,1502000000.0,0.097,1502000000.0,1437000000.0,1437000000.0,3.72,3.7,3.72,66217000000.0,,66217000000.0,36918400000.0,226.0,51.347,-598000000.0,-1.514,1.0,5408000000.0,0.351,0.0,0.0,924329000000.0,,0.0,681290000000.0,,,844699000000.0,,,25090400000.0,-493000000.0,1454000000.0,33000000.0,-291000000.0,-439000000.0,379000000.0,-390000000.0,-1319000000.0,-598000000.0,116000000.0,1487000000.0,1487000000.0,1487000000.0,0.0,20000000.0,0.096,3961000000.0,1447000000.0,0.0,0.296,0.379,-386.006,-198.5,0.0,0.0,63.52,0.417,0.417,0.0,30372000000.0,15425000000.0,15425000000.0,0.0,,,,,0.0,3961000000.0,1.0,395000000.0,395000000.0,,39.051,911589000000.0,0.0,-50000000.0,12111000000.0,2307.82,
4,PRU,MRQ,2020-06-30,2020-06-30,2020-06-30,2021-08-05,30837000000.0,915387000000.0,,,,,166.828,0.0,21149000000.0,21149000000.0,10813000000.0,-2405000000.0,,12.882,32977000000.0,,,32977000000.0,0.0,54000000.0,0.0,0.069,1.1,-2294000000.0,-2240000000.0,-0.185,-2240000000.0,-2294000000.0,-2294000000.0,-6.12,-6.12,-6.12,65897000000.0,,65897000000.0,26905500000.0,57.0,19.109,-1287000000.0,-3.258,1.0,1302000000.0,0.107,0.0,0.0,927215000000.0,,0.0,687920000000.0,,,848879000000.0,,,24055500000.0,-10500000000.0,0.0,13000000.0,-1121000000.0,-438000000.0,-1672000000.0,-7569000000.0,-7215000000.0,-1287000000.0,28000000.0,-2409000000.0,-2409000000.0,-2409000000.0,0.0,4000000.0,-0.199,3634000000.0,-2332000000.0,0.0,-0.18,0.365,-179.519,-106.842,0.0,0.0,60.9,0.402,0.402,0.0,29326000000.0,12115000000.0,12115000000.0,0.0,,,,,0.0,3634000000.0,1.0,395000000.0,395000000.0,,30.671,915387000000.0,0.0,115000000.0,13261000000.0,2317.435,
5,PRU,MRQ,2020-03-31,2020-03-31,2020-03-31,2021-08-05,22600000000.0,873712000000.0,,,,,152.259,0.0,31646000000.0,31646000000.0,9321000000.0,-270000000.0,,13.444,34496000000.0,,,34496000000.0,0.0,329000000.0,0.0,0.079,1.1,-329000000.0,0.0,0.0,0.0,-329000000.0,-329000000.0,-0.7,-0.7,-0.7,60447000000.0,,60447000000.0,35906580000.0,10.0,8.144,14766000000.0,37.194,1.0,4143000000.0,0.308,0.0,0.0,876562000000.0,,0.0,659638000000.0,,,812640000000.0,,,20699580000.0,15323000000.0,0.0,-440000000.0,2222000000.0,-448000000.0,6359000000.0,-5780000000.0,-6868000000.0,14766000000.0,-22000000.0,-271000000.0,-271000000.0,-271000000.0,0.0,1000000.0,-0.02,4481000000.0,-338000000.0,0.0,-1.571,0.342,6.939,7.162,0.0,0.0,52.14,0.328,0.328,0.0,32176000000.0,13464000000.0,13464000000.0,0.0,,,,,0.0,4481000000.0,1.0,397000000.0,397000000.0,,33.914,873712000000.0,0.0,-58000000.0,11117000000.0,2200.786,
6,PRU,MRQ,2019-12-31,2019-12-31,2019-12-31,2021-08-05,24039000000.0,896552000000.0,,,,,157.002,0.0,16327000000.0,16327000000.0,13527000000.0,1138000000.0,,13.195,31534000000.0,,,31534000000.0,0.0,108000000.0,0.0,0.043,1.0,1349000000.0,1457000000.0,0.076,1457000000.0,1349000000.0,1349000000.0,2.78,2.76,2.78,63115000000.0,,63115000000.0,50509480000.0,10.0,9.031,3985000000.0,9.913,1.0,5696000000.0,0.296,0.0,0.0,911759000000.0,,0.0,522760000000.0,,,832833000000.0,,,37683480000.0,-1959000000.0,-1755000000.0,-534000000.0,-196000000.0,-404000000.0,-1992000000.0,-3912000000.0,-1936000000.0,3985000000.0,-40000000.0,1128000000.0,1128000000.0,1128000000.0,0.0,10000000.0,0.059,4352000000.0,1344000000.0,0.0,0.36,0.597,9.002,9.163,0.0,0.0,93.74,0.581,0.581,0.0,32991000000.0,19223000000.0,19223000000.0,0.0,,,,,0.0,4352000000.0,1.0,402000000.0,402000000.0,,47.818,896552000000.0,0.0,221000000.0,11378000000.0,2230.229,
7,PRU,MRQ,2019-09-30,2019-09-30,2019-09-30,2021-08-05,27558000000.0,885626000000.0,,,,,163.677,0.0,18289000000.0,18289000000.0,9495000000.0,1425000000.0,,12.452,31115000000.0,,,31115000000.0,0.0,441000000.0,0.0,0.043,1.0,1750000000.0,2191000000.0,0.145,2191000000.0,1750000000.0,1750000000.0,3.47,3.44,3.47,65798000000.0,,65798000000.0,52225900000.0,11.0,9.832,7316000000.0,18.199,1.0,5610000000.0,0.371,0.0,0.0,898452000000.0,,0.0,523504000000.0,,,819312000000.0,,,36159900000.0,2863000000.0,0.0,-925000000.0,863000000.0,-410000000.0,597000000.0,-5079000000.0,-5494000000.0,7316000000.0,29000000.0,1418000000.0,1418000000.0,1418000000.0,0.0,7000000.0,0.094,3885000000.0,1725000000.0,0.0,0.288,0.55,9.272,9.498,0.0,0.0,89.95,0.565,0.565,0.0,32269000000.0,15105000000.0,15105000000.0,0.0,,,,,0.0,3885000000.0,1.0,402000000.0,402000000.0,,37.575,885626000000.0,0.0,332000000.0,12664000000.0,2203.05,
8,PRU,MRQ,2019-06-30,2019-06-30,2019-06-30,2021-08-05,23982000000.0,873825000000.0,,,,,151.872,0.0,15421000000.0,15421000000.0,10592000000.0,738000000.0,,13.164,31487000000.0,,,31487000000.0,0.0,-109000000.0,0.0,0.038,1.0,870000000.0,761000000.0,0.049,761000000.0,870000000.0,870000000.0,1.73,1.71,1.73,61660000000.0,,61660000000.0,58263000000.0,12.0,11.714,5239000000.0,12.904,1.0,4796000000.0,0.312,0.0,0.0,889891000000.0,,0.0,512012000000.0,,,811672000000.0,,,41006000000.0,725000000.0,0.0,-460000000.0,-445000000.0,-407000000.0,-1805000000.0,-2738000000.0,-2910000000.0,5239000000.0,29000000.0,708000000.0,708000000.0,708000000.0,0.0,30000000.0,0.046,3920000000.0,876000000.0,0.0,0.578,0.665,9.871,10.13,0.0,0.0,101.0,0.63,0.63,0.0,31263000000.0,15388000000.0,15388000000.0,0.0,,,,,0.0,3920000000.0,1.0,406000000.0,406000000.0,,37.901,873825000000.0,0.0,162000000.0,11485000000.0,2152.278,
9,PRU,MRQ,2019-03-31,2019-03-31,2019-03-31,2021-08-05,17218000000.0,849324000000.0,,,,,134.499,0.0,14699000000.0,14699000000.0,10360000000.0,937000000.0,,14.431,31956000000.0,,,31956000000.0,0.0,20000000.0,0.0,0.04,1.0,1164000000.0,1184000000.0,0.078,1184000000.0,1164000000.0,1164000000.0,2.25,2.22,2.25,55010000000.0,,55010000000.0,52959920000.0,12.0,11.645,3085000000.0,7.543,1.0,4731000000.0,0.313,0.0,0.0,866581000000.0,,0.0,494403000000.0,,,793874000000.0,,,37578920000.0,-650000000.0,0.0,-448000000.0,1510000000.0,-420000000.0,1566000000.0,-5299000000.0,-5543000000.0,3085000000.0,-2000000.0,932000000.0,932000000.0,932000000.0,0.0,5000000.0,0.062,3591000000.0,1140000000.0,0.0,0.444,0.683,10.315,10.561,0.0,0.0,91.88,0.584,0.584,0.0,30966000000.0,15091000000.0,15091000000.0,0.0,,,,,0.0,3591000000.0,1.0,409000000.0,409000000.0,,36.897,849324000000.0,0.0,232000000.0,10031000000.0,2076.587,
10,PRU,MRQ,2018-12-31,2018-12-31,2018-12-31,2021-08-05,10906000000.0,815078000000.0,,,,,117.717,0.0,15353000000.0,15353000000.0,13650000000.0,849000000.0,,15.757,30734000000.0,,,30734000000.0,0.0,116000000.0,0.0,0.044,0.9,1060000000.0,1176000000.0,0.064,1176000000.0,1060000000.0,1060000000.0,2.02,1.99,2.02,48617000000.0,,48617000000.0,51134150000.0,10.0,10.112,11396000000.0,27.593,1.0,4782000000.0,0.259,0.0,0.0,830459000000.0,,0.0,479245000000.0,,,766047000000.0,,,33680150000.0,2891000000.0,0.0,-363000000.0,96000000.0,-374000000.0,-28000000.0,-8687000000.0,-8993000000.0,11396000000.0,210000000.0,842000000.0,842000000.0,842000000.0,0.0,7000000.0,0.046,3729000000.0,1053000000.0,0.0,0.446,0.693,8.267,8.46,0.0,0.0,81.55,0.535,0.535,0.0,30470000000.0,18432000000.0,18432000000.0,0.0,,,,,0.0,3729000000.0,1.0,413000000.0,413000000.0,,44.63,815078000000.0,0.0,218000000.0,7936000000.0,1973.554,
11,PRU,MRQ,2018-09-30,2018-09-30,2018-09-30,2021-08-05,9150000000.0,822748000000.0,,,,,112.05,0.0,12466000000.0,12466000000.0,10787000000.0,1675000000.0,,16.601,29920000000.0,,,29920000000.0,0.0,-3000000.0,0.0,0.034,0.9,1856000000.0,1853000000.0,0.115,1853000000.0,1856000000.0,1856000000.0,3.97,3.9,3.97,46725000000.0,,46725000000.0,56597440000.0,12.0,11.696,3593000000.0,8.616,1.0,5361000000.0,0.332,0.0,0.0,840202000000.0,,0.0,464972000000.0,,,775666000000.0,,,42250440000.0,-2456000000.0,0.0,-340000000.0,1015000000.0,-378000000.0,400000000.0,-6452000000.0,-6389000000.0,3593000000.0,3000000.0,1672000000.0,1672000000.0,1672000000.0,0.0,3000000.0,0.104,3523000000.0,1838000000.0,0.0,0.227,0.904,6.038,6.197,0.0,0.0,101.32,0.695,0.695,0.0,30005000000.0,16148000000.0,16148000000.0,0.0,,,,,0.0,3523000000.0,1.0,417000000.0,417000000.0,,38.724,822748000000.0,0.0,184000000.0,7014000000.0,1973.017,
12,PRU,MRQ,2018-06-30,2018-06-30,2018-06-30,2021-08-05,11655000000.0,819860000000.0,,,,,114.838,0.0,14918000000.0,14918000000.0,10946000000.0,200000000.0,,15.991,29265000000.0,,,29265000000.0,0.0,70000000.0,0.0,0.035,0.9,265000000.0,335000000.0,0.023,335000000.0,265000000.0,265000000.0,0.46,0.46,0.46,48232000000.0,,48232000000.0,52711200000.0,9.0,8.518,4374000000.0,10.414,1.0,3709000000.0,0.253,0.0,0.0,834207000000.0,,0.0,464519000000.0,,,771268000000.0,,,39274200000.0,-697000000.0,0.0,-347000000.0,184000000.0,-381000000.0,-480000000.0,-4216000000.0,-4216000000.0,4374000000.0,-375000000.0,197000000.0,197000000.0,197000000.0,0.0,3000000.0,0.013,3459000000.0,250000000.0,0.0,1.957,0.814,5.193,5.322,0.0,0.0,93.51,0.644,0.644,0.0,28713000000.0,14655000000.0,14655000000.0,0.0,,,,,0.0,3459000000.0,1.0,420000000.0,420000000.0,,34.893,819860000000.0,0.0,68000000.0,7888000000.0,1952.048,
13,PRU,MRQ,2018-03-31,2018-03-31,2018-03-31,2021-08-05,14761000000.0,829677000000.0,,,,,122.82,0.0,15676000000.0,15676000000.0,8553000000.0,1364000000.0,,15.001,29113000000.0,,,29113000000.0,0.0,-22000000.0,0.0,0.03,0.9,1715000000.0,1693000000.0,0.123,1693000000.0,1715000000.0,1715000000.0,3.19,3.14,3.19,51830000000.0,,51830000000.0,57678100000.0,9.0,8.705,2301000000.0,5.453,1.0,5204000000.0,0.378,0.0,0.0,843114000000.0,,0.0,471491000000.0,,,777502000000.0,,,43698100000.0,1221000000.0,0.0,-318000000.0,1153000000.0,-388000000.0,889000000.0,-2273000000.0,-1868000000.0,2301000000.0,304000000.0,1363000000.0,1363000000.0,1363000000.0,0.0,1000000.0,0.099,3511000000.0,1693000000.0,0.0,0.282,0.843,5.562,5.677,0.0,0.0,103.55,0.731,0.731,0.0,28898000000.0,13757000000.0,13757000000.0,0.0,,,,,0.0,3511000000.0,1.0,422000000.0,422000000.0,,32.6,829677000000.0,0.0,352000000.0,9296000000.0,1966.059,
14,PRU,MRQ,2017-12-31,2017-12-31,2017-12-31,2021-08-05,17074000000.0,832136000000.0,,,,,127.915,0.0,14490000000.0,14490000000.0,11633000000.0,3865000000.0,,14.338,28470000000.0,,,28470000000.0,0.0,-49000000.0,0.0,0.026,0.75,1007000000.0,958000000.0,0.059,958000000.0,1007000000.0,1007000000.0,8.73,8.57,8.73,54236000000.0,,54236000000.0,63383520000.0,10.0,9.536,4674000000.0,11.024,1.0,4632000000.0,0.285,0.0,0.0,846116000000.0,,0.0,469871000000.0,,,777625000000.0,,,48751520000.0,-51000000.0,0.0,-285000000.0,-1012000000.0,-320000000.0,-955000000.0,-3735000000.0,-3334000000.0,4674000000.0,-35000000.0,3765000000.0,3765000000.0,3765000000.0,0.0,100000000.0,0.231,3516000000.0,1116000000.0,0.0,0.086,0.899,6.2,6.321,0.0,0.0,114.98,0.817,0.817,0.0,28671000000.0,16265000000.0,16265000000.0,0.0,,,,,0.0,3516000000.0,1.0,424000000.0,424000000.0,,38.361,832136000000.0,0.0,-2758000000.0,9648000000.0,1962.585,
15,PRU,MRQ,2017-09-30,2017-09-30,2017-09-30,2021-08-05,16598000000.0,821131000000.0,,,,,117.97,0.0,14541000000.0,14541000000.0,9728000000.0,2241000000.0,,15.297,29173000000.0,,,29173000000.0,0.0,164000000.0,0.0,0.028,0.75,3038000000.0,3202000000.0,0.196,3202000000.0,3038000000.0,3038000000.0,5.19,5.09,5.19,50373000000.0,,50373000000.0,59191640000.0,10.0,9.992,4075000000.0,9.543,1.0,6585000000.0,0.404,0.0,0.0,835763000000.0,,0.0,464891000000.0,,,770566000000.0,,,45398640000.0,-2220000000.0,0.0,-268000000.0,198000000.0,-323000000.0,-755000000.0,-5575000000.0,-4915000000.0,4075000000.0,35000000.0,2238000000.0,2238000000.0,2238000000.0,0.0,3000000.0,0.137,3564000000.0,3021000000.0,0.0,0.145,0.901,10.36,10.475,0.0,0.0,106.32,0.804,0.804,0.0,25060000000.0,16313000000.0,16313000000.0,0.0,,,,,0.0,3564000000.0,1.0,427000000.0,427000000.0,,38.204,821131000000.0,0.0,800000000.0,12509000000.0,1923.023,
16,PRU,MRQ,2017-06-30,2017-06-30,2017-06-30,2021-08-05,16362000000.0,812590000000.0,,,,,112.923,0.0,16605000000.0,16605000000.0,9766000000.0,496000000.0,,15.77,30398000000.0,,,30398000000.0,0.0,157000000.0,0.0,0.027,0.75,616000000.0,773000000.0,0.058,773000000.0,616000000.0,616000000.0,1.13,1.12,1.13,48444000000.0,,48444000000.0,63106060000.0,13.0,12.551,3063000000.0,7.14,1.0,3675000000.0,0.273,0.0,0.0,826383000000.0,,0.0,458401000000.0,,,763950000000.0,,,46392060000.0,3451000000.0,-64000000.0,-276000000.0,118000000.0,-324000000.0,22000000.0,372000000.0,374000000.0,3063000000.0,-6000000.0,491000000.0,491000000.0,491000000.0,0.0,5000000.0,0.037,3067000000.0,608000000.0,0.0,0.664,0.958,11.683,11.884,0.0,0.0,108.14,0.812,0.812,0.0,23146000000.0,13441000000.0,13441000000.0,0.0,,,,,0.0,3067000000.0,1.0,429000000.0,429000000.0,,31.331,812590000000.0,0.0,125000000.0,11631000000.0,1894.149,
17,PRU,MRQ,2017-03-31,2017-03-31,2017-03-31,2021-08-05,14643000000.0,797365000000.0,,,,,108.8,0.0,13308000000.0,13308000000.0,8580000000.0,1372000000.0,,16.039,30022000000.0,,,30022000000.0,0.0,-50000000.0,0.0,0.027,0.75,1764000000.0,1714000000.0,0.125,1714000000.0,1764000000.0,1764000000.0,3.14,3.09,3.14,46784000000.0,,46784000000.0,60675400000.0,11.0,10.347,1648000000.0,3.833,1.0,5090000000.0,0.372,0.0,0.0,814079000000.0,,0.0,450887000000.0,,,750391000000.0,,,45872400000.0,-825000000.0,0.0,-175000000.0,947000000.0,-329000000.0,430000000.0,-3019000000.0,-2904000000.0,1648000000.0,116000000.0,1369000000.0,1369000000.0,1369000000.0,0.0,3000000.0,0.1,3348000000.0,1742000000.0,0.0,0.239,0.981,10.423,10.636,0.0,0.0,106.68,0.789,0.789,0.0,22983000000.0,13670000000.0,13670000000.0,0.0,,,,,0.0,3348000000.0,1.0,430000000.0,430000000.0,,31.791,797365000000.0,0.0,395000000.0,10598000000.0,1854.337,
18,PRU,MRQ,2016-12-31,2016-12-31,2016-12-31,2021-08-05,14621000000.0,783962000000.0,,,,,106.658,0.0,14127000000.0,14127000000.0,9642000000.0,293000000.0,,16.089,28930000000.0,,,28930000000.0,0.0,-84000000.0,0.0,0.027,0.7,319000000.0,235000000.0,0.018,235000000.0,319000000.0,319000000.0,0.69,0.69,0.69,45863000000.0,,45863000000.0,49234800000.0,9.0,8.177,-2198000000.0,-5.112,1.0,3408000000.0,0.261,0.0,0.0,798765000000.0,,0.0,444240000000.0,,,737874000000.0,,,44745800000.0,-10683000000.0,0.0,-347000000.0,-159000000.0,-361000000.0,435000000.0,-8610000000.0,-7622000000.0,-2198000000.0,-310000000.0,284000000.0,284000000.0,284000000.0,0.0,9000000.0,0.022,3091000000.0,317000000.0,0.0,1.014,0.976,10.244,10.564,0.0,0.0,104.06,0.761,0.761,0.0,21946000000.0,13050000000.0,13050000000.0,0.0,,,,,0.0,3091000000.0,1.0,430000000.0,430000000.0,,30.349,783962000000.0,0.0,35000000.0,10412000000.0,1823.167,
19,PRU,MRQ,2016-09-30,2016-09-30,2016-09-30,2021-08-05,24925000000.0,819865000000.0,,,,,129.133,0.0,24728000000.0,24728000000.0,11548000000.0,1832000000.0,,13.519,29217000000.0,,,29217000000.0,0.0,-22000000.0,0.0,0.034,0.7,2328000000.0,2306000000.0,0.136,2306000000.0,2328000000.0,2328000000.0,4.14,4.07,4.14,56431000000.0,,56431000000.0,40630050000.0,7.0,6.139,3550000000.0,8.124,1.0,5413000000.0,0.319,0.0,0.0,824354000000.0,,0.0,465771000000.0,,,762891000000.0,,,35681050000.0,586000000.0,0.0,-548000000.0,1546000000.0,-308000000.0,2182000000.0,-5295000000.0,-5795000000.0,3550000000.0,149000000.0,1827000000.0,1827000000.0,1827000000.0,0.0,5000000.0,0.108,3098000000.0,2315000000.0,0.0,0.169,0.632,7.404,7.56,0.0,0.0,81.65,0.595,0.595,0.0,21969000000.0,16961000000.0,16961000000.0,0.0,,,,,0.0,3098000000.0,1.0,437000000.0,437000000.0,,38.812,819865000000.0,0.0,501000000.0,15326000000.0,1876.121,
20,PRU,MRQ,2016-06-30,2016-06-30,2016-06-30,2021-08-05,24667000000.0,796490000000.0,,,,,124.771,0.0,24142000000.0,24142000000.0,9645000000.0,925000000.0,,13.442,29091000000.0,,,29091000000.0,0.0,257000000.0,0.0,0.038,0.7,1352000000.0,1609000000.0,0.111,1609000000.0,1352000000.0,1352000000.0,2.06,2.04,2.06,55149000000.0,,55149000000.0,40920280000.0,7.0,6.262,7197000000.0,16.283,1.0,4794000000.0,0.332,0.0,0.0,801439000000.0,,0.0,451880000000.0,,,741312000000.0,,,31532280000.0,1650000000.0,0.0,-345000000.0,-1311000000.0,-313000000.0,-562000000.0,-5041000000.0,-5319000000.0,7197000000.0,56000000.0,921000000.0,921000000.0,921000000.0,0.0,4000000.0,0.064,3453000000.0,1341000000.0,0.0,0.34,0.572,7.075,7.221,0.0,0.0,71.34,0.557,0.557,0.0,20451000000.0,14439000000.0,14439000000.0,0.0,,,,,0.0,3453000000.0,1.0,442000000.0,442000000.0,,32.667,796490000000.0,0.0,431000000.0,15140000000.0,1802.014,
21,PRU,MRQ,2016-03-31,2016-03-31,2016-03-31,2021-08-05,19066000000.0,772995000000.0,,,,,108.942,0.0,22492000000.0,22492000000.0,8583000000.0,1369000000.0,,14.697,31880000000.0,,,31880000000.0,0.0,167000000.0,0.0,0.035,0.7,1704000000.0,1871000000.0,0.131,1871000000.0,1704000000.0,1704000000.0,2.97,2.93,2.97,49242000000.0,,49242000000.0,52453440000.0,8.0,7.722,6327000000.0,13.998,1.0,5746000000.0,0.401,0.0,0.0,782383000000.0,,0.0,432420000000.0,,,723730000000.0,,,32643440000.0,4880000000.0,-532000000.0,-453000000.0,766000000.0,-318000000.0,1146000000.0,-2748000000.0,-2384000000.0,6327000000.0,155000000.0,1336000000.0,1336000000.0,1336000000.0,0.0,33000000.0,0.093,4014000000.0,1732000000.0,0.0,0.236,0.663,6.605,6.632,0.0,0.0,72.22,0.584,0.584,0.0,19843000000.0,14329000000.0,14329000000.0,0.0,,,,,0.0,4014000000.0,1.0,452000000.0,452000000.0,,31.701,772995000000.0,0.0,368000000.0,12128000000.0,1710.166,
22,PRU,MRQ,2015-12-31,2015-12-31,2015-12-31,2021-08-05,12285000000.0,757255000000.0,,,,,93.296,0.0,17612000000.0,17612000000.0,10245000000.0,740000000.0,,17.076,37289000000.0,,,37289000000.0,0.0,-13000000.0,0.0,0.03,0.7,845000000.0,832000000.0,0.058,832000000.0,845000000.0,845000000.0,1.63,1.61,1.63,41890000000.0,,41890000000.0,54985090000.0,7.0,7.025,2112000000.0,4.704,1.0,4011000000.0,0.281,0.0,0.0,776932000000.0,,0.0,417192000000.0,,,715332000000.0,,,36553090000.0,-2595000000.0,0.0,-218000000.0,-1582000000.0,-316000000.0,-2137000000.0,-2583000000.0,-3097000000.0,2112000000.0,13000000.0,735000000.0,735000000.0,735000000.0,0.0,5000000.0,0.052,3168000000.0,843000000.0,0.0,0.429,0.873,6.479,6.581,0.0,0.0,81.41,0.64,0.64,0.0,18931000000.0,14256000000.0,14256000000.0,0.0,,,,,0.0,3168000000.0,1.0,449000000.0,449000000.0,,31.751,757255000000.0,0.0,110000000.0,8714000000.0,1686.537,
23,PRU,MRQ,2015-09-30,2015-09-30,2015-09-30,2021-08-05,13463000000.0,754527000000.0,,,,,94.723,0.0,20207000000.0,20207000000.0,7855000000.0,1467000000.0,,16.661,38639000000.0,,,38639000000.0,0.0,174000000.0,0.0,0.03,0.58,2049000000.0,2223000000.0,0.163,2223000000.0,2049000000.0,2049000000.0,3.22,3.16,3.22,42720000000.0,,42720000000.0,56535710000.0,11.0,10.433,8355000000.0,18.525,1.0,5744000000.0,0.422,0.0,0.0,772959000000.0,,0.0,416950000000.0,,,711757000000.0,,,34370710000.0,3169000000.0,0.0,-209000000.0,-108000000.0,-264000000.0,675000000.0,-5877000000.0,-5410000000.0,8355000000.0,16000000.0,1465000000.0,1465000000.0,1465000000.0,0.0,2000000.0,0.108,3695000000.0,2049000000.0,0.0,0.18,0.805,9.968,9.42,0.0,0.0,76.21,0.587,0.587,0.0,18515000000.0,13599000000.0,13599000000.0,0.0,,,,,0.0,3695000000.0,1.0,451000000.0,451000000.0,,30.153,754527000000.0,0.0,584000000.0,9644000000.0,1673.009,
24,PRU,MRQ,2015-06-30,2015-06-30,2015-06-30,2021-08-05,13404000000.0,762731000000.0,,,,,92.104,0.0,17038000000.0,17038000000.0,8965000000.0,1459000000.0,,17.267,39203000000.0,,,39203000000.0,0.0,-218000000.0,0.0,0.026,0.58,2085000000.0,1867000000.0,0.136,1867000000.0,2085000000.0,2085000000.0,3.07,3.03,3.07,41723000000.0,,41723000000.0,57839560000.0,17.0,15.428,-2053000000.0,-4.532,1.0,4747000000.0,0.346,0.0,0.0,784896000000.0,,0.0,411944000000.0,,,720439000000.0,,,39646560000.0,-2081000000.0,0.0,-166000000.0,1148000000.0,-269000000.0,977000000.0,-934000000.0,-1507000000.0,-2053000000.0,-71000000.0,1406000000.0,1406000000.0,1406000000.0,0.0,53000000.0,0.103,2618000000.0,2129000000.0,0.0,0.189,0.95,15.89,14.91,0.0,0.0,87.52,0.691,0.691,0.0,17314000000.0,13712000000.0,13712000000.0,0.0,,,,,0.0,2618000000.0,1.0,453000000.0,453000000.0,,30.269,762731000000.0,0.0,679000000.0,9239000000.0,1683.733,
25,PRU,MRQ,2015-03-31,2015-03-31,2015-03-31,2021-08-05,17752000000.0,778612000000.0,,,,,98.349,0.0,19119000000.0,19119000000.0,9253000000.0,2046000000.0,,16.274,37312000000.0,,,37312000000.0,0.0,170000000.0,0.0,0.028,0.58,2735000000.0,2905000000.0,0.187,2905000000.0,2735000000.0,2735000000.0,4.44,4.37,4.44,45044000000.0,,45044000000.0,60998980000.0,22.0,17.359,5528000000.0,12.07,1.0,6299000000.0,0.405,0.0,0.0,796805000000.0,,0.0,420875000000.0,,,733038000000.0,,,36781980000.0,4201000000.0,0.0,-862000000.0,-1451000000.0,-268000000.0,-3086000000.0,1648000000.0,2109000000.0,5528000000.0,111000000.0,2036000000.0,2036000000.0,2036000000.0,0.0,10000000.0,0.131,3551000000.0,2748000000.0,0.0,0.131,0.817,16.88,15.872,0.0,0.0,80.31,0.648,0.648,0.0,16173000000.0,15552000000.0,15552000000.0,0.0,,,,,0.0,3551000000.0,1.0,458000000.0,458000000.0,,33.956,778612000000.0,0.0,699000000.0,11390000000.0,1700.026,
26,PRU,MRQ,2014-12-31,2014-12-31,2014-12-31,2021-08-05,16050000000.0,766655000000.0,,,,,91.601,0.0,14918000000.0,14918000000.0,13249000000.0,-1447000000.0,,17.34,39135000000.0,,,39135000000.0,0.0,177000000.0,0.0,0.024,0.58,-1753000000.0,-1576000000.0,-0.1,-1576000000.0,-1753000000.0,-1753000000.0,-2.64,-2.57,-2.64,41770000000.0,,41770000000.0,65489760000.0,38.0,27.738,7974000000.0,17.487,1.0,2476000000.0,0.157,0.0,0.0,790872000000.0,,0.0,419986000000.0,,,724306000000.0,,,41249760000.0,-2304000000.0,0.0,-211000000.0,-2450000000.0,-272000000.0,-2489000000.0,-7411000000.0,-7038000000.0,7974000000.0,-378000000.0,-1459000000.0,-1459000000.0,-1459000000.0,-4000000.0,12000000.0,-0.093,4226000000.0,-1750000000.0,0.0,-0.22,0.988,29.869,27.834,0.0,0.0,90.46,0.762,0.762,0.0,14888000000.0,15725000000.0,15725000000.0,0.0,,,,,0.0,4226000000.0,1.0,456000000.0,456000000.0,,34.485,766655000000.0,0.0,-294000000.0,9881000000.0,1681.261,
27,PRU,MRQ,2014-09-30,2014-09-30,2014-09-30,2021-08-05,13501000000.0,764147000000.0,,,,,91.199,0.0,17222000000.0,17222000000.0,8961000000.0,523000000.0,,17.281,41462000000.0,,,41462000000.0,0.0,275000000.0,0.0,0.024,0.53,278000000.0,553000000.0,0.045,553000000.0,278000000.0,278000000.0,1.0,0.99,1.0,41769000000.0,,41769000000.0,68767520000.0,27.0,22.205,5867000000.0,12.81,1.0,3419000000.0,0.276,0.0,0.0,788387000000.0,,0.0,416741000000.0,,,721795000000.0,,,40276520000.0,5062000000.0,0.0,-158000000.0,798000000.0,-250000000.0,1501000000.0,-2152000000.0,-2084000000.0,5867000000.0,-154000000.0,512000000.0,512000000.0,512000000.0,0.0,11000000.0,0.041,3135000000.0,284000000.0,0.0,0.53,0.964,16.923,17.766,0.0,0.0,87.94,0.834,0.834,0.0,16616000000.0,12380000000.0,12380000000.0,0.0,,,,,0.0,3135000000.0,1.0,458000000.0,458000000.0,,27.031,764147000000.0,0.0,-234000000.0,8634000000.0,1668.443,
28,PRU,MRQ,2014-06-30,2014-06-30,2014-06-30,2021-08-05,13077000000.0,765537000000.0,,,,,89.554,0.0,12160000000.0,12160000000.0,8355000000.0,1113000000.0,,17.568,40651000000.0,,,40651000000.0,0.0,138000000.0,0.0,0.022,0.53,1494000000.0,1632000000.0,0.124,1632000000.0,1494000000.0,1494000000.0,2.26,2.22,2.26,41195000000.0,,41195000000.0,67395200000.0,18.0,15.876,3576000000.0,7.774,1.0,4791000000.0,0.364,0.0,0.0,794028000000.0,,0.0,419319000000.0,,,723730000000.0,,,40834200000.0,-312000000.0,0.0,-189000000.0,822000000.0,-253000000.0,620000000.0,-4556000000.0,-4592000000.0,3576000000.0,48000000.0,1090000000.0,1090000000.0,1090000000.0,-4000000.0,23000000.0,0.083,3284000000.0,1507000000.0,0.0,0.235,0.991,14.105,14.746,0.0,0.0,88.77,0.864,0.864,0.0,16357000000.0,13146000000.0,13146000000.0,0.0,,,,,0.0,3284000000.0,1.0,460000000.0,460000000.0,,28.578,765537000000.0,0.0,404000000.0,8504000000.0,1664.211,
29,PRU,MRQ,2014-03-31,2014-03-31,2014-03-31,2021-08-05,10798000000.0,746735000000.0,,,,,82.555,0.0,12472000000.0,12472000000.0,8001000000.0,1249000000.0,,18.52,39033000000.0,,,39033000000.0,0.0,41000000.0,0.0,0.022,0.53,1711000000.0,1752000000.0,0.136,1752000000.0,1711000000.0,1711000000.0,2.63,2.59,2.63,38223000000.0,,38223000000.0,65175950000.0,43.0,34.742,1979000000.0,4.274,1.0,4853000000.0,0.378,0.0,0.0,773296000000.0,,0.0,408468000000.0,,,707871000000.0,,,39192950000.0,1033000000.0,-23000000.0,-173000000.0,2084000000.0,-252000000.0,1997000000.0,-2969000000.0,-3023000000.0,1979000000.0,26000000.0,1238000000.0,1238000000.0,1238000000.0,-4000000.0,11000000.0,0.096,3135000000.0,1718000000.0,0.0,0.202,1.025,30.359,32.064,0.0,0.0,84.65,0.888,0.888,0.0,15517000000.0,12854000000.0,12854000000.0,0.0,,,,,0.0,3135000000.0,1.0,463000000.0,463000000.0,,27.762,746735000000.0,0.0,473000000.0,6860000000.0,1612.819,
30,PRU,MRQ,2013-12-31,2013-12-31,2013-12-31,2021-08-05,8681000000.0,731781000000.0,,,,,76.525,0.0,11439000000.0,11439000000.0,7624000000.0,-428000000.0,,19.726,37422000000.0,,,37422000000.0,0.0,73000000.0,0.0,0.019,0.53,-913000000.0,-840000000.0,-0.085,-840000000.0,-913000000.0,-913000000.0,-0.94,-0.94,-0.94,35278000000.0,,35278000000.0,66204420000.0,-38.0,-50.384,2962000000.0,6.425,1.0,2315000000.0,0.233,0.0,0.0,757764000000.0,,0.0,398173000000.0,,,695900000000.0,,,42513420000.0,-1211000000.0,0.0,-129000000.0,186000000.0,-248000000.0,90000000.0,-4058000000.0,-3046000000.0,2962000000.0,-205000000.0,-460000000.0,-460000000.0,-460000000.0,4000000.0,32000000.0,-0.046,3197000000.0,-882000000.0,0.0,-0.564,1.205,-63.738,-59.497,0.0,0.0,92.22,1.025,1.025,0.0,14531000000.0,9939000000.0,9939000000.0,0.0,,,,,0.0,3197000000.0,1.0,461000000.0,461000000.0,,21.56,731781000000.0,0.0,-453000000.0,5422000000.0,1587.377,
31,PRU,MRQ,2013-09-30,2013-09-30,2013-09-30,2021-08-05,6899000000.0,723126000000.0,,,,,74.207,0.0,12650000000.0,12650000000.0,7578000000.0,1040000000.0,,20.025,36341000000.0,,,36341000000.0,0.0,177000000.0,0.0,0.036,0.4,1524000000.0,1701000000.0,0.15,1701000000.0,1524000000.0,1524000000.0,2.07,2.04,2.07,34358000000.0,,34358000000.0,58415740000.0,-43.0,-60.597,3097000000.0,6.689,1.0,3732000000.0,0.33,0.0,0.0,746817000000.0,,0.0,398639000000.0,,,688010000000.0,,,36104740000.0,-395000000.0,0.0,-140000000.0,1178000000.0,-192000000.0,887000000.0,-4423000000.0,-4353000000.0,3097000000.0,44000000.0,1027000000.0,1027000000.0,1027000000.0,-8000000.0,13000000.0,0.091,2206000000.0,1526000000.0,0.0,0.193,1.051,-93.053,-79.571,0.0,0.0,77.98,0.466,0.466,0.0,15335000000.0,11310000000.0,11310000000.0,0.0,,,,,0.0,2206000000.0,1.0,463000000.0,463000000.0,,24.428,723126000000.0,0.0,497000000.0,4943000000.0,1561.827,
32,PRU,MRQ,2013-06-30,2013-06-30,2013-06-30,2021-08-05,8449000000.0,705615000000.0,,,,,75.75,0.0,13045000000.0,13045000000.0,7863000000.0,-487000000.0,,19.054,35356000000.0,,,35356000000.0,0.0,52000000.0,0.0,0.033,0.4,-789000000.0,-737000000.0,-0.073,-737000000.0,-789000000.0,-789000000.0,-1.12,-1.12,-1.12,35148000000.0,,35148000000.0,55722920000.0,-15.0,-15.697,2199000000.0,4.739,1.0,2178000000.0,0.217,0.0,0.0,727926000000.0,,0.0,392997000000.0,,,669707000000.0,,,33885920000.0,-1432000000.0,0.0,-167000000.0,1365000000.0,-196000000.0,916000000.0,-4201000000.0,-4208000000.0,2199000000.0,-346000000.0,-514000000.0,-514000000.0,-514000000.0,-2000000.0,27000000.0,-0.051,2947000000.0,-769000000.0,0.0,-0.357,0.964,-16.951,-16.636,0.0,0.0,73.03,0.427,0.427,0.0,14486000000.0,10041000000.0,10041000000.0,0.0,,,,,0.0,2947000000.0,1.0,464000000.0,464000000.0,,21.64,705615000000.0,0.0,-275000000.0,5106000000.0,1520.722,
33,PRU,MRQ,2013-03-31,2013-03-31,2013-03-31,2021-08-05,12418000000.0,724097000000.0,,,,,85.942,0.0,14477000000.0,14477000000.0,8829000000.0,-685000000.0,,17.102,36314000000.0,,,36314000000.0,0.0,109000000.0,0.0,0.034,0.4,-1547000000.0,-1438000000.0,-0.141,-1438000000.0,-1547000000.0,-1547000000.0,-1.58,-1.58,-1.58,39963000000.0,,39963000000.0,43938350000.0,-814.0,174.359,187000000.0,0.402,1.0,1342000000.0,0.132,0.0,0.0,745934000000.0,,0.0,407477000000.0,,,683431000000.0,,,27430350000.0,-3623000000.0,-488000000.0,46000000.0,1288000000.0,-211000000.0,349000000.0,-3652000000.0,-2936000000.0,187000000.0,-507000000.0,-720000000.0,-720000000.0,-720000000.0,-1000000.0,35000000.0,-0.071,2901000000.0,-1559000000.0,0.0,-0.253,0.686,37.118,39.858,0.0,0.0,58.99,0.321,0.321,0.0,15203000000.0,10171000000.0,10171000000.0,0.0,,,,,0.0,2901000000.0,1.0,465000000.0,465000000.0,,21.873,724097000000.0,0.0,-827000000.0,8039000000.0,1557.198,
34,PRU,MRQ,2012-12-31,2012-12-31,2012-12-31,2021-08-05,10214000000.0,709235000000.0,,,,,83.34,0.0,18100000000.0,18100000000.0,43262000000.0,-182000000.0,,17.404,34608000000.0,,,34608000000.0,0.0,72000000.0,0.0,0.03,1.6,-562000000.0,-490000000.0,-0.011,-490000000.0,-562000000.0,-562000000.0,-0.35,-0.35,-0.35,38503000000.0,,38503000000.0,45623460000.0,62.0,44.081,9160000000.0,19.827,1.0,2682000000.0,0.058,0.0,0.0,725743000000.0,,0.0,405582000000.0,,,670123000000.0,,,24638460000.0,4194000000.0,0.0,33000000.0,514000000.0,-715000000.0,-636000000.0,-4008000000.0,-3984000000.0,9160000000.0,-322000000.0,-181000000.0,-181000000.0,-181000000.0,-3000000.0,-1000000.0,-0.004,3250000000.0,-568000000.0,0.0,-4.571,0.64,47.382,50.311,0.0,0.0,53.33,0.29,0.29,0.0,16066000000.0,45944000000.0,45944000000.0,0.0,,,,,0.0,3250000000.0,1.0,462000000.0,462000000.0,,99.446,709235000000.0,0.0,-381000000.0,8512000000.0,1535.141,
35,PRU,MRQ,2012-09-30,2012-09-30,2012-09-30,2021-08-05,9650000000.0,671698000000.0,,,,,83.351,0.0,13906000000.0,13906000000.0,11150000000.0,-559000000.0,,16.35,34891000000.0,,,34891000000.0,0.0,27000000.0,0.0,0.027,0.0,-912000000.0,-885000000.0,-0.067,-885000000.0,-912000000.0,-912000000.0,-1.34,-1.34,-1.34,38675000000.0,,38675000000.0,46714640000.0,21.0,18.656,5713000000.0,12.312,1.0,1994000000.0,0.152,0.0,0.0,692683000000.0,,0.0,378072000000.0,,,632332000000.0,,,25292640000.0,-336000000.0,0.0,-127000000.0,-396000000.0,-3000000.0,-175000000.0,-5903000000.0,-5888000000.0,5713000000.0,29000000.0,-584000000.0,-584000000.0,-584000000.0,2000000.0,25000000.0,-0.044,2924000000.0,-930000000.0,0.0,0.0,0.654,18.209,20.416,0.0,0.0,54.51,0.499,0.499,0.0,16896000000.0,13144000000.0,13144000000.0,0.0,,,,,0.0,2924000000.0,1.0,464000000.0,464000000.0,,28.328,671698000000.0,0.0,-328000000.0,8896000000.0,1447.625,
36,PRU,MRQ,2012-06-30,2012-06-30,2012-06-30,2021-08-05,8290000000.0,647463000000.0,,,,,81.415,0.0,14242000000.0,14242000000.0,9278000000.0,2239000000.0,,16.013,35664000000.0,,,35664000000.0,0.0,98000000.0,0.0,0.03,0.0,2967000000.0,3065000000.0,0.19,3065000000.0,2967000000.0,2967000000.0,4.75,4.69,4.75,38021000000.0,,38021000000.0,43649810000.0,8.0,7.426,5269000000.0,11.283,1.0,6858000000.0,0.425,0.0,0.0,668885000000.0,,0.0,366565000000.0,,,608833000000.0,,,22616810000.0,41000000.0,0.0,-244000000.0,502000000.0,-6000000.0,-2013000000.0,-3285000000.0,-3451000000.0,5269000000.0,70000000.0,2224000000.0,2224000000.0,2224000000.0,-7000000.0,15000000.0,0.138,3889000000.0,2969000000.0,0.0,0.0,0.595,6.341,6.698,0.0,0.0,48.43,0.431,0.431,0.0,17524000000.0,16136000000.0,16136000000.0,0.0,,,,,0.0,3889000000.0,1.0,467000000.0,467000000.0,,34.552,647463000000.0,0.0,743000000.0,8566000000.0,1386.43,
37,PRU,MRQ,2012-03-31,2012-03-31,2012-03-31,2021-08-05,7226000000.0,637737000000.0,,,,,74.345,0.0,14201000000.0,14201000000.0,7851000000.0,-928000000.0,,17.234,35234000000.0,,,35234000000.0,0.0,105000000.0,0.0,0.023,0.0,-760000000.0,-655000000.0,-0.068,-655000000.0,-760000000.0,-760000000.0,-2.03,-2.03,-2.03,34942000000.0,,34942000000.0,48718300000.0,13.0,11.941,767000000.0,1.632,1.0,1772000000.0,0.184,0.0,0.0,658770000000.0,,0.0,354700000000.0,,,602199000000.0,,,29793300000.0,-50000000.0,0.0,-162000000.0,2054000000.0,-44000000.0,1519000000.0,-2224000000.0,-2240000000.0,767000000.0,-112000000.0,-939000000.0,-939000000.0,-939000000.0,-7000000.0,11000000.0,-0.098,2535000000.0,-763000000.0,0.0,0.0,0.853,13.974,15.537,0.0,0.0,63.39,0.614,0.614,0.0,15339000000.0,9623000000.0,9623000000.0,0.0,,,,,0.0,2535000000.0,1.0,470000000.0,470000000.0,,20.474,637737000000.0,0.0,179000000.0,7552000000.0,1356.887,
38,PRU,MRQ,2011-12-31,2011-12-31,2011-12-31,2021-08-05,5245000000.0,620244000000.0,,,,,72.879,0.0,14251000000.0,14251000000.0,7707000000.0,658000000.0,,17.091,33700000000.0,,,33700000000.0,0.0,88000000.0,0.0,0.029,1.45,891000000.0,979000000.0,0.083,979000000.0,891000000.0,891000000.0,1.29,1.27,1.29,34253000000.0,,34253000000.0,41083400000.0,8.0,7.556,1556000000.0,3.311,1.0,4033000000.0,0.344,0.0,0.0,639693000000.0,,0.0,356247000000.0,,,585403000000.0,,,23556400000.0,-1275000000.0,0.0,-271000000.0,-144000000.0,-653000000.0,-494000000.0,-2311000000.0,-2374000000.0,1556000000.0,-26000000.0,688000000.0,688000000.0,688000000.0,-14000000.0,-30000000.0,0.059,3187000000.0,846000000.0,0.0,1.124,0.688,6.486,6.951,0.0,0.0,50.12,0.48,0.48,0.0,16629000000.0,11740000000.0,11740000000.0,0.0,,,,,0.0,3187000000.0,1.0,470000000.0,470000000.0,,24.979,620244000000.0,0.0,203000000.0,6558000000.0,1319.668,
39,PRU,MRQ,2011-09-30,2011-09-30,2011-09-30,2021-08-05,5292000000.0,611473000000.0,,,,,76.754,0.0,15526000000.0,15526000000.0,8350000000.0,1604000000.0,,15.442,33053000000.0,,,33053000000.0,0.0,35000000.0,0.0,0.025,0.0,2454000000.0,2489000000.0,0.167,2489000000.0,2454000000.0,2454000000.0,3.22,3.18,3.22,37149000000.0,,37149000000.0,41880240000.0,10.0,9.661,5647000000.0,11.667,1.0,6581000000.0,0.441,0.0,0.0,629000000000.0,,0.0,352560000000.0,,,573669000000.0,,,22680240000.0,1617000000.0,0.0,-675000000.0,-221000000.0,-2000000.0,545000000.0,-4677000000.0,-4997000000.0,5647000000.0,102000000.0,1594000000.0,1594000000.0,1594000000.0,9000000.0,10000000.0,0.107,4175000000.0,2406000000.0,0.0,0.0,0.611,7.749,7.889,0.0,0.0,46.86,0.499,0.499,0.0,19332000000.0,14931000000.0,14931000000.0,0.0,,,,,0.0,4175000000.0,1.0,484000000.0,484000000.0,,30.849,611473000000.0,0.0,860000000.0,8319000000.0,1263.374,
40,PRU,MRQ,2011-06-30,2011-06-30,2011-06-30,2021-08-05,4014000000.0,613377000000.0,,,,,72.105,0.0,13909000000.0,13909000000.0,7960000000.0,818000000.0,,16.487,33109000000.0,,,33109000000.0,0.0,186000000.0,0.0,0.018,0.0,1081000000.0,1267000000.0,0.103,1267000000.0,1081000000.0,1081000000.0,1.6,1.58,1.6,35043000000.0,,35043000000.0,52124740000.0,15.0,14.491,2943000000.0,6.056,1.0,4284000000.0,0.35,0.0,0.0,632577000000.0,,0.0,335509000000.0,,,577741000000.0,,,30904740000.0,2914000000.0,0.0,22000000.0,1781000000.0,-8000000.0,2219000000.0,-2375000000.0,-2456000000.0,2943000000.0,127000000.0,789000000.0,789000000.0,789000000.0,-16000000.0,29000000.0,0.064,3200000000.0,1084000000.0,0.0,0.0,0.882,11.993,12.182,0.0,0.0,63.59,0.765,0.765,0.0,17811000000.0,12244000000.0,12244000000.0,0.0,,,,,0.0,3200000000.0,1.0,486000000.0,486000000.0,,25.193,613377000000.0,0.0,292000000.0,6542000000.0,1262.093,
41,PRU,MRQ,2011-03-31,2011-03-31,2011-03-31,2021-08-05,2564000000.0,599008000000.0,,,,,67.276,0.0,10995000000.0,10995000000.0,6804000000.0,586000000.0,,17.304,32215000000.0,,,32215000000.0,0.0,-19000000.0,0.0,0.019,0.0,721000000.0,702000000.0,0.069,702000000.0,721000000.0,721000000.0,1.12,1.1,1.12,32696000000.0,,32696000000.0,48532880000.0,12.0,12.688,2231000000.0,4.591,1.0,3366000000.0,0.331,0.0,0.0,620228000000.0,,0.0,328310000000.0,,,565762000000.0,,,29927880000.0,-1920000000.0,-2321000000.0,47000000.0,341000000.0,-41000000.0,-171000000.0,-3932000000.0,-1329000000.0,2231000000.0,-48000000.0,561000000.0,561000000.0,561000000.0,-14000000.0,25000000.0,0.055,2738000000.0,628000000.0,0.0,0.0,0.915,10.446,11.532,0.0,0.0,61.58,0.765,0.765,0.0,16978000000.0,10170000000.0,10170000000.0,0.0,,,,,0.0,2738000000.0,1.0,486000000.0,486000000.0,,20.926,599008000000.0,0.0,160000000.0,5602000000.0,1232.527,
42,PRU,MRQ,2010-12-31,2010-12-31,2010-12-31,2021-08-05,2978000000.0,539854000000.0,,,,,69.71,0.0,12915000000.0,12915000000.0,5828000000.0,-5000000.0,,15.639,31520000000.0,,,31520000000.0,0.0,-48000000.0,0.0,0.02,1.15,-75000000.0,-123000000.0,-0.015,-123000000.0,-75000000.0,-75000000.0,0.0,0.01,0.0,32415000000.0,,32415000000.0,46170150000.0,11.0,11.152,1938000000.0,4.168,1.0,2238000000.0,0.277,0.0,0.0,558459000000.0,,0.0,283912000000.0,,,506926000000.0,,,27300150000.0,942000000.0,0.0,990000000.0,526000000.0,-533000000.0,1355000000.0,-2392000000.0,-2400000000.0,1938000000.0,41000000.0,-17000000.0,-17000000.0,-17000000.0,-13000000.0,12000000.0,-0.002,2363000000.0,-125000000.0,0.0,,0.842,9.097,10.913,0.0,0.0,58.71,0.714,0.714,0.0,16381000000.0,8066000000.0,8066000000.0,0.0,,,,,0.0,2363000000.0,1.0,465000000.0,465000000.0,,17.346,539854000000.0,0.0,-58000000.0,6353000000.0,1160.976,
43,PRU,MRQ,2010-09-30,2010-09-30,2010-09-30,2021-08-05,4729000000.0,526924000000.0,,,,,72.142,0.0,11973000000.0,11973000000.0,6224000000.0,1242000000.0,,14.692,30843000000.0,,,30843000000.0,0.0,-17000000.0,0.0,0.013,0.0,1768000000.0,1751000000.0,0.177,1751000000.0,1768000000.0,1768000000.0,2.5,2.46,2.5,33546000000.0,,33546000000.0,44379700000.0,7.0,6.933,2053000000.0,4.415,1.0,3693000000.0,0.372,0.0,0.0,545794000000.0,,0.0,287395000000.0,,,492856000000.0,,,25193700000.0,621000000.0,0.0,18000000.0,155000000.0,-2000000.0,523000000.0,-2172000000.0,-2225000000.0,2053000000.0,217000000.0,1244000000.0,1244000000.0,1244000000.0,-2000000.0,-2000000.0,0.125,1943000000.0,1750000000.0,0.0,0.0,0.751,5.159,5.813,0.0,0.0,54.18,0.653,0.653,0.0,16794000000.0,9917000000.0,9917000000.0,0.0,,,,,0.0,1943000000.0,1.0,465000000.0,465000000.0,,21.327,526924000000.0,0.0,524000000.0,7058000000.0,1133.17,
44,PRU,MRQ,2010-06-30,2010-06-30,2010-06-30,2021-08-05,2200000000.0,495988000000.0,,,,,64.06,0.0,11352000000.0,11352000000.0,6636000000.0,1104000000.0,,15.668,30538000000.0,,,30538000000.0,0.0,-8000000.0,0.0,0.013,0.0,1503000000.0,1495000000.0,0.136,1495000000.0,1503000000.0,1503000000.0,1.72,1.7,1.72,29724000000.0,,29724000000.0,46090240000.0,8.0,8.312,2602000000.0,5.608,1.0,4351000000.0,0.396,0.0,0.0,515174000000.0,,0.0,273617000000.0,,,465719000000.0,,,24898240000.0,1726000000.0,0.0,30000000.0,-677000000.0,-6000000.0,-550000000.0,-288000000.0,-512000000.0,2602000000.0,-38000000.0,1077000000.0,1077000000.0,1077000000.0,-15000000.0,27000000.0,0.098,2845000000.0,1506000000.0,0.0,0.0,0.838,5.274,5.845,0.0,0.0,53.66,0.669,0.669,0.0,15555000000.0,10987000000.0,10987000000.0,0.0,,,,,0.0,2845000000.0,1.0,464000000.0,464000000.0,,23.679,495988000000.0,0.0,426000000.0,5311000000.0,1068.94,
45,PRU,MRQ,2010-03-31,2010-03-31,2010-03-31,2021-08-05,620000000.0,491861000000.0,,,,,58.065,0.0,9626000000.0,9626000000.0,5995000000.0,671000000.0,,17.198,30818000000.0,,,30818000000.0,0.0,-31000000.0,0.0,0.012,0.0,1048000000.0,1017000000.0,0.11,1017000000.0,1048000000.0,1048000000.0,1.16,1.15,1.16,27000000000.0,,27000000000.0,45160500000.0,11.0,11.015,-51000000.0,-0.11,1.0,3252000000.0,0.352,0.0,0.0,513053000000.0,,0.0,266475000000.0,,,464355000000.0,,,28132500000.0,-3538000000.0,0.0,30000000.0,640000000.0,-34000000.0,285000000.0,-3670000000.0,-3807000000.0,-51000000.0,-102000000.0,697000000.0,697000000.0,697000000.0,-3000000.0,-26000000.0,0.075,2243000000.0,1009000000.0,0.0,0.0,1.042,7.39,6.946,0.0,0.0,60.5,0.85,0.85,0.0,14478000000.0,9247000000.0,9247000000.0,0.0,,,,,0.0,2243000000.0,1.0,465000000.0,465000000.0,,19.886,491861000000.0,0.0,351000000.0,4059000000.0,1057.766,
46,PRU,MRQ,2009-12-31,2009-12-31,2009-12-31,2021-08-05,-443000000.0,480203000000.0,,,,,54.535,0.0,13164000000.0,13164000000.0,5549000000.0,1875000000.0,,18.038,30192000000.0,,,30192000000.0,0.0,17000000.0,0.0,0.014,0.7,2121000000.0,2138000000.0,0.254,2138000000.0,2121000000.0,2121000000.0,3.94,3.91,3.94,25195000000.0,,25195000000.0,43159120000.0,14.0,13.333,1137000000.0,2.461,1.0,2884000000.0,0.342,0.0,0.0,497231000000.0,,0.0,260552000000.0,,,454474000000.0,,,22989120000.0,1193000000.0,4500000000.0,25000000.0,-2398000000.0,-308000000.0,-3974000000.0,3825000000.0,-691000000.0,1137000000.0,205000000.0,1865000000.0,1865000000.0,1865000000.0,45000000.0,10000000.0,0.221,2201000000.0,683000000.0,0.0,0.178,0.912,7.359,6.479,0.0,0.0,49.76,0.71,0.71,0.0,13787000000.0,8433000000.0,8433000000.0,0.0,,,,,0.0,2201000000.0,1.0,462000000.0,462000000.0,,18.253,480203000000.0,0.0,256000000.0,4014000000.0,1039.4,
47,PRU,MRQ,2009-09-30,2009-09-30,2009-09-30,2021-08-05,99000000.0,475467000000.0,,,,,52.707,0.0,11971000000.0,11971000000.0,5808000000.0,1032000000.0,,18.546,32141000000.0,,,32141000000.0,0.0,-34000000.0,0.0,0.012,0.0,929000000.0,895000000.0,0.105,895000000.0,929000000.0,929000000.0,2.36,2.35,2.36,24298000000.0,,24298000000.0,41309510000.0,-38.0,-70.016,944000000.0,2.048,1.0,2735000000.0,0.32,0.0,0.0,495637000000.0,,0.0,258320000000.0,,,450620000000.0,,,23008510000.0,-1520000000.0,0.0,17000000.0,325000000.0,-2000000.0,-1013000000.0,-1587000000.0,-1220000000.0,944000000.0,136000000.0,1082000000.0,1082000000.0,1082000000.0,0.0,-50000000.0,0.127,1887000000.0,848000000.0,0.0,0.0,0.947,-71.234,-277.278,0.0,0.0,49.91,0.751,0.751,0.0,12287000000.0,8543000000.0,8543000000.0,0.0,,,,,0.0,1887000000.0,1.0,461000000.0,461000000.0,,18.531,475467000000.0,0.0,-153000000.0,3407000000.0,1031.382,
48,PRU,MRQ,2009-06-30,2009-06-30,2009-06-30,2021-08-05,-5002000000.0,444716000000.0,,,,,42.625,0.0,13491000000.0,13491000000.0,5262000000.0,180000000.0,,23.573,31792000000.0,,,31792000000.0,0.0,50000000.0,0.0,0.016,0.0,0.0,50000000.0,0.007,50000000.0,0.0,0.0,1.25,1.25,1.25,18073000000.0,,18073000000.0,36741280000.0,-16.0,-22.335,1223000000.0,2.884,1.0,1617000000.0,0.235,0.0,0.0,463017000000.0,,0.0,243649000000.0,,,426041000000.0,,,15781280000.0,-845000000.0,0.0,1404000000.0,-3377000000.0,-6000000.0,-3259000000.0,1222000000.0,998000000.0,1223000000.0,-31000000.0,163000000.0,163000000.0,163000000.0,-22000000.0,17000000.0,0.024,1627000000.0,-10000000.0,0.0,0.0,0.873,-9.982,-13.341,0.0,0.0,37.22,0.542,0.542,0.0,11238000000.0,6879000000.0,6879000000.0,0.0,,,,,0.0,1627000000.0,1.0,424000000.0,424000000.0,,16.224,444716000000.0,0.0,-163000000.0,777000000.0,1048.858,
49,PRU,MRQ,2009-03-31,2009-03-31,2009-03-31,2021-08-05,-8575000000.0,427529000000.0,,,,,30.495,0.0,14336000000.0,14336000000.0,5509000000.0,3000000.0,,32.02,35296000000.0,,,35296000000.0,0.0,142000000.0,0.0,0.03,0.0,12000000.0,154000000.0,0.018,154000000.0,12000000.0,12000000.0,0.01,0.01,0.01,12930000000.0,,12930000000.0,31781480000.0,-19.0,-33.384,2536000000.0,5.981,1.0,3016000000.0,0.354,0.0,0.0,448489000000.0,,0.0,236427000000.0,,,414023000000.0,,,8064480000.0,-692000000.0,0.0,9000000.0,-3609000000.0,-31000000.0,-2175000000.0,-1031000000.0,-965000000.0,2536000000.0,-22000000.0,14000000.0,14000000.0,14000000.0,-4000000.0,-11000000.0,0.002,3013000000.0,3000000.0,0.0,0.0,0.624,-6.934,-7.018,0.0,0.0,19.02,0.269,0.269,0.0,11117000000.0,8525000000.0,8525000000.0,0.0,,,,,0.0,3013000000.0,1.0,424000000.0,424000000.0,,20.106,427529000000.0,1444000000.0,-2000000.0,773000000.0,1008.323,
50,PRU,MRQ,2008-12-31,2008-12-31,2008-12-31,2021-08-05,-7343000000.0,445011000000.0,,,,,31.836,0.0,15028000000.0,15028000000.0,5710000000.0,-1583000000.0,,32.097,38725000000.0,,,38725000000.0,0.0,344000000.0,0.0,0.019,0.58,-2033000000.0,-1689000000.0,-0.252,-1689000000.0,-2033000000.0,-2033000000.0,-3.8,-3.79,-3.8,13435000000.0,,13435000000.0,42243720000.0,-26.0,-46.067,4523000000.0,10.718,1.0,989000000.0,0.148,0.0,0.0,468708000000.0,,0.0,242025000000.0,,,431225000000.0,,,12769720000.0,3667000000.0,0.0,-39000000.0,-2129000000.0,-231000000.0,-1399000000.0,433000000.0,815000000.0,4523000000.0,110000000.0,-1582000000.0,-1582000000.0,-1582000000.0,-71000000.0,-1000000.0,-0.236,2709000000.0,-1720000000.0,0.0,-0.153,0.95,-11.432,-11.96,0.0,0.0,30.26,0.44,0.44,0.0,10426000000.0,6699000000.0,6699000000.0,0.0,,,,,0.0,2709000000.0,1.0,422000000.0,422000000.0,,15.874,445011000000.0,1106000000.0,-451000000.0,459000000.0,1054.528,
51,PRU,MRQ,2008-09-30,2008-09-30,2008-09-30,2021-08-05,-3828000000.0,460398000000.0,,,,,43.998,0.0,11361000000.0,11361000000.0,5229000000.0,-171000000.0,,23.622,40835000000.0,,,40835000000.0,0.0,165000000.0,0.0,0.016,0.0,-325000000.0,-160000000.0,-0.023,-160000000.0,-325000000.0,-325000000.0,-0.25,-0.25,-0.25,18699000000.0,,18699000000.0,59603000000.0,43.0,30.755,2710000000.0,6.376,1.0,1801000000.0,0.256,0.0,0.0,489872000000.0,,0.0,240907000000.0,,,441699000000.0,,,30600000000.0,1418000000.0,0.0,-356000000.0,1016000000.0,-3000000.0,4881000000.0,-6143000000.0,-6258000000.0,2710000000.0,-30000000.0,-176000000.0,-176000000.0,-176000000.0,-5000000.0,5000000.0,-0.025,1997000000.0,-196000000.0,1228000000.0,0.0,1.636,23.648,24.828,0.0,0.0,72.0,0.985,0.985,1838000000.0,12316000000.0,7030000000.0,7030000000.0,0.0,,,,,0.0,1997000000.0,1.0,425000000.0,425000000.0,,16.541,460398000000.0,0.0,-149000000.0,1350000000.0,1083.289,
52,PRU,MRQ,2008-06-30,2008-06-30,2008-06-30,2021-08-05,-1445000000.0,474611000000.0,,,,,49.698,0.0,9943000000.0,9943000000.0,4914000000.0,589000000.0,,21.004,38946000000.0,,,38946000000.0,0.0,102000000.0,0.0,0.019,0.0,641000000.0,743000000.0,0.096,743000000.0,641000000.0,641000000.0,1.33,1.32,1.33,21569000000.0,,21569000000.0,56242160000.0,19.0,16.824,2254000000.0,5.194,1.0,2789000000.0,0.362,0.0,0.0,503614000000.0,,0.0,243651000000.0,,,453042000000.0,,,25927160000.0,183000000.0,0.0,-821000000.0,-1731000000.0,-8000000.0,-1260000000.0,-449000000.0,-259000000.0,2254000000.0,-362000000.0,581000000.0,581000000.0,581000000.0,3000000.0,8000000.0,0.075,2161000000.0,628000000.0,1377000000.0,0.0,1.202,11.094,11.806,0.0,0.0,59.74,0.799,0.799,1961000000.0,12490000000.0,7703000000.0,7703000000.0,0.0,,,,,0.0,2161000000.0,1.0,434000000.0,434000000.0,,17.749,474611000000.0,0.0,60000000.0,2798000000.0,1093.574,
53,PRU,MRQ,2008-03-31,2008-03-31,2008-03-31,2021-08-05,-539000000.0,478320000000.0,,,,,50.89,0.0,9760000000.0,9760000000.0,5231000000.0,84000000.0,,20.074,40075000000.0,,,40075000000.0,0.0,106000000.0,0.0,0.015,0.0,83000000.0,189000000.0,0.025,189000000.0,83000000.0,83000000.0,0.18,0.18,0.18,22697000000.0,,22697000000.0,65038500000.0,19.0,17.093,1368000000.0,3.067,1.0,2333000000.0,0.308,0.0,0.0,508635000000.0,,0.0,247603000000.0,,,455623000000.0,,,34899500000.0,-1300000000.0,0.0,-840000000.0,-2007000000.0,-75000000.0,1499000000.0,-4546000000.0,-4652000000.0,1368000000.0,379000000.0,60000000.0,60000000.0,60000000.0,-1000000.0,24000000.0,0.008,2270000000.0,63000000.0,1396000000.0,0.0,1.538,13.413,14.074,0.0,0.0,78.25,1.052,1.052,1975000000.0,11904000000.0,7564000000.0,7564000000.0,0.0,,,,,0.0,2270000000.0,1.0,446000000.0,446000000.0,,16.96,478320000000.0,0.0,23000000.0,3575000000.0,1072.466,
54,PRU,MRQ,2007-12-31,2007-12-31,2007-12-31,2021-08-05,447000000.0,485814000000.0,,,,,51.896,0.0,11060000000.0,11060000000.0,5444000000.0,896000000.0,,19.711,41199000000.0,,,41199000000.0,0.0,180000000.0,0.0,0.012,1.15,986000000.0,1166000000.0,0.133,1166000000.0,986000000.0,986000000.0,1.64,1.65,1.64,23457000000.0,,23457000000.0,69860080000.0,14.0,13.381,1891000000.0,4.184,1.0,3340000000.0,0.38,0.0,0.0,515953000000.0,,0.0,243557000000.0,,,462357000000.0,,,42054080000.0,1155000000.0,0.0,-704000000.0,1687000000.0,-450000000.0,819000000.0,-1552000000.0,-1139000000.0,1891000000.0,-3000000.0,829000000.0,829000000.0,829000000.0,-14000000.0,67000000.0,0.094,2347000000.0,993000000.0,0.0,0.701,1.793,11.484,12.226,0.0,0.0,93.04,1.223,1.223,0.0,11841000000.0,8784000000.0,8784000000.0,0.0,,,,,0.0,2347000000.0,1.0,452000000.0,452000000.0,,19.434,485814000000.0,0.0,157000000.0,3553000000.0,1074.81,
55,PRU,MRQ,2007-09-30,2007-09-30,2007-09-30,2021-08-05,-324000000.0,480414000000.0,,,,,50.059,0.0,9905000000.0,9905000000.0,5128000000.0,867000000.0,,19.908,37711000000.0,,,37711000000.0,0.0,62000000.0,0.0,0.01,0.0,1183000000.0,1245000000.0,0.148,1245000000.0,1183000000.0,1183000000.0,1.91,1.88,1.91,22977000000.0,,22977000000.0,72464220000.0,14.0,12.966,1321000000.0,2.878,1.0,3265000000.0,0.389,0.0,0.0,508220000000.0,,0.0,241148000000.0,,,457437000000.0,,,44789220000.0,3434000000.0,0.0,-761000000.0,4847000000.0,-3000000.0,4124000000.0,-2009000000.0,-2253000000.0,1321000000.0,-2000000.0,867000000.0,867000000.0,867000000.0,4000000.0,0.0,0.103,2145000000.0,1120000000.0,1593000000.0,0.0,1.949,11.573,12.399,0.0,0.0,97.58,1.302,1.302,2149000000.0,11511000000.0,8393000000.0,8393000000.0,0.0,,,,,0.0,2145000000.0,1.0,459000000.0,459000000.0,,18.285,480414000000.0,0.0,316000000.0,2968000000.0,1046.654,
56,PRU,MRQ,2007-06-30,2007-06-30,2007-06-30,2021-08-05,-148000000.0,461813000000.0,,,,,49.553,0.0,6471000000.0,6471000000.0,5063000000.0,846000000.0,,19.129,34146000000.0,,,34146000000.0,0.0,35000000.0,0.0,0.01,0.0,1170000000.0,1205000000.0,0.143,1205000000.0,1170000000.0,1170000000.0,1.83,1.8,1.83,22943000000.0,,22943000000.0,74078490000.0,13.0,12.206,2089000000.0,4.512,1.0,3362000000.0,0.399,0.0,0.0,489488000000.0,,0.0,235586000000.0,,,438870000000.0,,,45017490000.0,-337000000.0,0.0,-685000000.0,-1325000000.0,-8000000.0,-1329000000.0,-1071000000.0,-778000000.0,2089000000.0,-26000000.0,846000000.0,846000000.0,846000000.0,29000000.0,0.0,0.1,2219000000.0,1143000000.0,1556000000.0,0.0,1.962,10.698,11.589,0.0,0.0,97.23,1.31,1.31,2127000000.0,10644000000.0,8425000000.0,8425000000.0,0.0,,,,,0.0,2219000000.0,1.0,463000000.0,463000000.0,,18.197,461813000000.0,0.0,324000000.0,2922000000.0,997.436,
57,PRU,MRQ,2007-03-31,2007-03-31,2007-03-31,2021-08-05,692000000.0,458908000000.0,,,,,49.97,0.0,6808000000.0,6808000000.0,5239000000.0,1120000000.0,,18.498,35869000000.0,,,35869000000.0,0.0,62000000.0,0.0,0.011,0.0,1543000000.0,1605000000.0,0.183,1605000000.0,1543000000.0,1543000000.0,2.22,2.18,2.22,23536000000.0,,23536000000.0,69640460000.0,13.0,12.584,691000000.0,1.467,1.0,3536000000.0,0.403,0.0,0.0,487969000000.0,,0.0,237260000000.0,,,435372000000.0,,,42512460000.0,-1781000000.0,0.0,-629000000.0,-1098000000.0,-72000000.0,-2047000000.0,-426000000.0,-627000000.0,691000000.0,1000000.0,1120000000.0,1120000000.0,1120000000.0,-39000000.0,0.0,0.128,2109000000.0,1427000000.0,1472000000.0,0.0,1.806,11.144,12.099,0.0,0.0,90.26,1.278,1.278,2021000000.0,9894000000.0,8775000000.0,8775000000.0,0.0,,,,,0.0,2109000000.0,1.0,471000000.0,471000000.0,,18.631,458908000000.0,0.0,423000000.0,3212000000.0,974.327,
58,PRU,MRQ,2006-12-31,2006-12-31,2006-12-31,2021-08-05,519000000.0,454266000000.0,,,,,47.992,0.0,8589000000.0,8589000000.0,5191000000.0,1037000000.0,,18.844,35440000000.0,,,35440000000.0,0.0,78000000.0,0.0,0.011,0.95,1456000000.0,1534000000.0,0.174,1534000000.0,1456000000.0,1456000000.0,1.91,1.88,1.91,22892000000.0,,22892000000.0,63726220000.0,14.0,12.687,2354000000.0,4.935,1.0,3616000000.0,0.411,0.0,0.0,481117000000.0,,0.0,235417000000.0,,,431374000000.0,,,40955220000.0,-978000000.0,0.0,-608000000.0,4361000000.0,-387000000.0,2818000000.0,-6183000000.0,-5871000000.0,2354000000.0,33000000.0,1037000000.0,1037000000.0,1037000000.0,-17000000.0,0.0,0.118,2239000000.0,1377000000.0,1458000000.0,0.497,1.789,11.947,12.95,0.0,0.0,85.86,1.269,1.269,1958000000.0,8844000000.0,8807000000.0,8807000000.0,0.0,,,,,0.0,2239000000.0,1.0,477000000.0,477000000.0,,18.463,454266000000.0,0.0,419000000.0,3108000000.0,952.34,
59,PRU,MRQ,2006-09-30,2006-09-30,2006-09-30,2021-08-05,894000000.0,446901000000.0,,,,,47.831,0.0,9567000000.0,9567000000.0,5163000000.0,1205000000.0,,18.265,32338000000.0,,,32338000000.0,0.0,136000000.0,0.0,0.01,0.0,1589000000.0,1725000000.0,0.206,1725000000.0,1589000000.0,1589000000.0,2.43,2.38,2.43,23198000000.0,,23198000000.0,66510250000.0,17.0,15.866,2082000000.0,4.293,1.0,3198000000.0,0.382,0.0,0.0,469672000000.0,,0.0,228911000000.0,,,423703000000.0,,,36981250000.0,1156000000.0,0.0,-586000000.0,-1013000000.0,-2000000.0,-225000000.0,-629000000.0,-909000000.0,2082000000.0,-72000000.0,1205000000.0,1205000000.0,1205000000.0,-66000000.0,0.0,0.144,1725000000.0,1473000000.0,1405000000.0,0.0,1.594,13.423,13.739,0.0,0.0,76.25,1.192,1.192,1908000000.0,8303000000.0,8361000000.0,8361000000.0,0.0,,,,,0.0,1725000000.0,1.0,485000000.0,485000000.0,,17.239,446901000000.0,0.0,384000000.0,2954000000.0,921.445,
60,PRU,MRQ,2006-06-30,2006-06-30,2006-06-30,2021-08-05,-145000000.0,440675000000.0,,,,,43.687,0.0,8411000000.0,8411000000.0,4743000000.0,453000000.0,,19.502,37940000000.0,,,37940000000.0,0.0,52000000.0,0.0,0.01,0.0,618000000.0,670000000.0,0.092,670000000.0,618000000.0,618000000.0,0.9,0.89,0.9,21494000000.0,,21494000000.0,62951400000.0,19.0,16.742,-507000000.0,-1.03,1.0,2570000000.0,0.351,0.0,0.0,470204000000.0,,0.0,230858000000.0,,,419181000000.0,,,38228400000.0,-187000000.0,724000000.0,-598000000.0,2996000000.0,-7000000.0,3691000000.0,-3453000000.0,-3760000000.0,-507000000.0,82000000.0,453000000.0,453000000.0,453000000.0,10000000.0,0.0,0.062,1987000000.0,583000000.0,1351000000.0,0.0,1.779,13.119,13.513,0.0,0.0,77.7,1.255,1.255,1869000000.0,7110000000.0,7313000000.0,7313000000.0,0.0,,,,,0.0,1987000000.0,1.0,492000000.0,492000000.0,,14.864,440675000000.0,0.0,165000000.0,2124000000.0,895.681,
61,PRU,MRQ,2006-03-31,2006-03-31,2006-03-31,2021-08-05,595000000.0,433617000000.0,,,,,44.938,0.0,8598000000.0,8598000000.0,4725000000.0,733000000.0,,18.415,33321000000.0,,,33321000000.0,0.0,84000000.0,0.0,0.01,0.0,1012000000.0,1096000000.0,0.14,1096000000.0,1012000000.0,1012000000.0,1.4,1.38,1.4,22334000000.0,,22334000000.0,62002570000.0,15.0,13.778,446000000.0,0.897,1.0,3125000000.0,0.398,0.0,0.0,458340000000.0,,0.0,222205000000.0,,,411283000000.0,,,37677570000.0,799000000.0,0.0,-554000000.0,1104000000.0,-44000000.0,238000000.0,118000000.0,-130000000.0,446000000.0,-3000000.0,733000000.0,733000000.0,733000000.0,6000000.0,0.0,0.093,2158000000.0,967000000.0,2994000000.0,0.0,1.687,11.267,11.939,0.0,0.0,75.81,1.197,1.197,3480000000.0,6652000000.0,7850000000.0,7850000000.0,0.0,,,,,0.0,2158000000.0,1.0,497000000.0,497000000.0,,15.795,433617000000.0,0.0,279000000.0,2597000000.0,872.469,
62,PRU,MRQ,2005-12-31,2005-12-31,2005-12-31,2021-08-05,1234000000.0,413374000000.0,,,,,45.075,0.0,7799000000.0,7799000000.0,5010000000.0,364000000.0,,17.16,32124000000.0,,,32124000000.0,0.0,54000000.0,0.0,0.011,0.78,647000000.0,701000000.0,0.093,701000000.0,647000000.0,647000000.0,0.82,0.8,0.82,22763000000.0,,22763000000.0,55142950000.0,13.0,11.384,93000000.0,0.184,1.0,2492000000.0,0.332,0.0,0.0,437699000000.0,,0.0,221401000000.0,,,390611000000.0,,,36960950000.0,-577000000.0,0.0,-605000000.0,5554000000.0,-350000000.0,3761000000.0,-4331000000.0,-4912000000.0,93000000.0,-100000000.0,364000000.0,364000000.0,364000000.0,20000000.0,0.0,0.049,1967000000.0,525000000.0,3069000000.0,0.951,1.624,10.441,11.347,0.0,0.0,73.19,1.179,1.179,3548000000.0,5947000000.0,7502000000.0,7502000000.0,0.0,,,,,0.0,1967000000.0,1.0,505000000.0,505000000.0,,14.855,413374000000.0,0.0,283000000.0,2214000000.0,818.562,
63,PRU,MRQ,2005-09-30,2005-09-30,2005-09-30,2021-08-05,1540000000.0,413582000000.0,,,,,46.292,0.0,8376000000.0,8376000000.0,4718000000.0,1364000000.0,,16.484,26558000000.0,,,26558000000.0,0.0,190000000.0,0.0,0.009,0.0,1103000000.0,1293000000.0,0.166,1293000000.0,1103000000.0,1103000000.0,2.63,2.59,2.63,23655000000.0,,23655000000.0,52346160000.0,12.0,10.329,1379000000.0,2.699,1.0,3073000000.0,0.394,0.0,0.0,431764000000.0,,0.0,217742000000.0,,,389927000000.0,,,34523160000.0,91000000.0,0.0,-585000000.0,590000000.0,-1000000.0,-251000000.0,-964000000.0,-410000000.0,1379000000.0,-73000000.0,1364000000.0,1364000000.0,1364000000.0,15000000.0,0.0,0.175,1955000000.0,1118000000.0,3210000000.0,0.0,1.459,9.196,10.741,0.0,0.0,67.56,1.114,1.114,3673000000.0,6007000000.0,7791000000.0,7791000000.0,0.0,,,,,0.0,1955000000.0,1.0,511000000.0,511000000.0,,15.247,413582000000.0,0.0,-261000000.0,2509000000.0,809.358,
64,PRU,MRQ,2005-06-30,2005-06-30,2005-06-30,2021-08-05,2274000000.0,409499000000.0,,,,,45.335,0.0,8285000000.0,8285000000.0,5091000000.0,883000000.0,,16.371,26108000000.0,,,26108000000.0,0.0,138000000.0,0.0,0.01,0.0,1272000000.0,1410000000.0,0.169,1410000000.0,1272000000.0,1272000000.0,1.5,1.48,1.5,23574000000.0,,23574000000.0,52911200000.0,12.0,10.653,2021000000.0,3.887,1.0,3244000000.0,0.389,0.0,0.0,427322000000.0,,0.0,220770000000.0,,,385925000000.0,,,34143200000.0,-212000000.0,0.0,-419000000.0,-1705000000.0,-6000000.0,-1849000000.0,-324000000.0,-7000000.0,2021000000.0,-60000000.0,883000000.0,883000000.0,883000000.0,44000000.0,0.0,0.106,1928000000.0,1316000000.0,3203000000.0,0.0,1.448,10.95,13.765,0.0,0.0,65.66,1.118,1.118,3648000000.0,4649000000.0,8335000000.0,8335000000.0,0.0,,,,,0.0,1928000000.0,1.0,520000000.0,520000000.0,,16.029,409499000000.0,0.0,389000000.0,3190000000.0,787.498,
65,PRU,MRQ,2005-03-31,2005-03-31,2005-03-31,2021-08-05,1610000000.0,403168000000.0,,,,,42.622,0.0,8497000000.0,8497000000.0,4599000000.0,929000000.0,,16.983,27265000000.0,,,27265000000.0,0.0,119000000.0,0.0,0.011,0.0,1317000000.0,1436000000.0,0.186,1436000000.0,1317000000.0,1317000000.0,1.51,1.49,1.51,22419000000.0,,22419000000.0,43176400000.0,11.0,9.873,539000000.0,1.025,1.0,3114000000.0,0.404,0.0,0.0,421936000000.0,,0.0,219454000000.0,,,380749000000.0,,,30192400000.0,425000000.0,0.0,-317000000.0,5404000000.0,-37000000.0,5487000000.0,-5654000000.0,-6375000000.0,539000000.0,53000000.0,929000000.0,929000000.0,929000000.0,1000000.0,0.0,0.12,1796000000.0,1318000000.0,3345000000.0,0.0,1.347,10.845,13.318,0.0,0.0,57.4,1.038,1.038,3767000000.0,3773000000.0,7713000000.0,7713000000.0,0.0,,,,,0.0,1796000000.0,1.0,526000000.0,526000000.0,,14.663,403168000000.0,0.0,388000000.0,2642000000.0,766.479,
66,PRU,MRQ,2004-12-31,2004-12-31,2004-12-31,2021-08-05,2191000000.0,400828000000.0,,,,,43.726,0.0,8072000000.0,8072000000.0,4390000000.0,578000000.0,,16.939,21056000000.0,,,21056000000.0,0.0,111000000.0,0.0,0.011,0.625,818000000.0,929000000.0,0.13,929000000.0,818000000.0,818000000.0,0.65,0.64,0.65,22344000000.0,,22344000000.0,46982560000.0,15.0,12.592,2101000000.0,4.112,1.0,2764000000.0,0.386,0.0,0.0,413812000000.0,,0.0,217756000000.0,,,378484000000.0,,,28084560000.0,1770000000.0,859000000.0,349000000.0,-2497000000.0,-296000000.0,-2439000000.0,2200000000.0,1417000000.0,2101000000.0,-92000000.0,578000000.0,578000000.0,578000000.0,55000000.0,0.0,0.081,1946000000.0,818000000.0,32386000000.0,0.962,1.257,12.449,16.26,0.0,0.0,54.96,1.0,1.0,32790000000.0,2851000000.0,7154000000.0,7154000000.0,0.0,,,,,0.0,1946000000.0,1.0,511000000.0,511000000.0,,14.0,400828000000.0,0.0,240000000.0,2451000000.0,784.399,
67,PRU,MRQ,2004-09-30,2004-09-30,2004-09-30,2021-08-05,2112000000.0,381940000000.0,,,,,41.707,0.0,6302000000.0,6302000000.0,4498000000.0,728000000.0,,16.645,25200000000.0,,,25200000000.0,0.0,135000000.0,0.0,0.011,0.0,1057000000.0,1192000000.0,0.163,1192000000.0,1057000000.0,1057000000.0,1.11,1.08,1.11,21646000000.0,,21646000000.0,41305760000.0,13.0,10.737,-2066000000.0,-3.981,1.0,2834000000.0,0.387,0.0,0.0,400838000000.0,,0.0,207742000000.0,,,360294000000.0,,,24413760000.0,404000000.0,-39000000.0,-350000000.0,3248000000.0,-1000000.0,3022000000.0,-576000000.0,-537000000.0,-2066000000.0,24000000.0,728000000.0,728000000.0,728000000.0,15000000.0,0.0,0.099,1763000000.0,1071000000.0,2408000000.0,0.0,1.128,10.836,12.888,0.0,0.0,47.04,0.877,0.877,1252000000.0,2628000000.0,7332000000.0,7332000000.0,0.0,,,,,0.0,1763000000.0,1.0,519000000.0,519000000.0,,14.127,381940000000.0,0.0,329000000.0,2602000000.0,735.915,
68,PRU,MRQ,2004-06-30,2004-06-30,2004-06-30,2021-08-05,1492000000.0,374703000000.0,,,,,39.215,0.0,5898000000.0,5898000000.0,4410000000.0,549000000.0,,17.166,22790000000.0,,,22790000000.0,0.0,118000000.0,0.0,0.011,0.0,698000000.0,816000000.0,0.119,816000000.0,698000000.0,698000000.0,1.04,1.02,1.04,20627000000.0,,20627000000.0,39432220000.0,15.0,11.618,1418000000.0,2.696,1.0,2472000000.0,0.359,0.0,0.0,391595000000.0,,0.0,203109000000.0,,,354076000000.0,,,24443220000.0,-2160000000.0,-1742000000.0,-370000000.0,3393000000.0,-6000000.0,2904000000.0,-6477000000.0,-4735000000.0,1418000000.0,-5000000.0,549000000.0,549000000.0,549000000.0,11000000.0,0.0,0.08,1783000000.0,689000000.0,2230000000.0,0.0,1.185,13.416,15.594,0.0,0.0,46.47,0.898,0.898,1146000000.0,1903000000.0,6882000000.0,6882000000.0,0.0,,,,,0.0,1783000000.0,1.0,526000000.0,526000000.0,,13.084,374703000000.0,0.0,149000000.0,2038000000.0,712.363,
69,PRU,MRQ,2004-03-31,2004-03-31,2004-03-31,2021-08-05,2927000000.0,334166000000.0,,,,,41.011,0.0,8058000000.0,8058000000.0,4393000000.0,401000000.0,,14.292,23047000000.0,,,23047000000.0,0.0,131000000.0,0.0,0.011,0.0,621000000.0,752000000.0,0.111,752000000.0,621000000.0,621000000.0,0.58,0.57,0.58,21853000000.0,,21853000000.0,37513103067.0,17.0,12.834,1468000000.0,2.755,1.0,2358000000.0,0.349,0.0,0.0,349155000000.0,,0.0,190063000000.0,,,312313000000.0,,,23861103067.0,109000000.0,-160000000.0,-325000000.0,486000000.0,-38000000.0,-106000000.0,-1261000000.0,-1101000000.0,1468000000.0,8000000.0,401000000.0,401000000.0,401000000.0,6000000.0,0.0,0.059,1652000000.0,706000000.0,2555000000.0,0.0,1.092,16.243,20.447,0.0,0.0,44.78,0.864,0.864,1072000000.0,1357000000.0,6751000000.0,6751000000.0,0.0,,,,,0.0,1652000000.0,1.0,532851788.0,532851788.0,,12.67,334166000000.0,0.0,220000000.0,2764000000.0,627.127,
70,PRU,MRQ,2003-12-31,2003-12-31,2003-12-31,2021-08-05,2446000000.0,321274000000.0,,,,,39.393,0.0,7949000000.0,7949000000.0,4388000000.0,575000000.0,,14.089,21601000000.0,,,21601000000.0,0.0,227000000.0,0.0,0.012,0.5,860000000.0,1087000000.0,0.158,1087000000.0,860000000.0,860000000.0,0.92,0.91,0.92,21292000000.0,,21292000000.0,36764687799.0,19.0,13.915,-1122000000.0,-2.076,1.0,2492000000.0,0.362,0.0,0.0,334926000000.0,,0.0,181041000000.0,,,299982000000.0,,,22576687799.0,-693000000.0,-205000000.0,-241000000.0,-809000000.0,-232000000.0,-1139000000.0,1385000000.0,1590000000.0,-1122000000.0,183000000.0,575000000.0,575000000.0,575000000.0,34000000.0,0.0,0.084,1598000000.0,894000000.0,180000000.0,0.543,1.06,17.861,20.99,0.0,0.0,41.77,0.816,0.816,633000000.0,960000000.0,6880000000.0,6880000000.0,0.0,,,,,0.0,1596000000.0,1.0,540500067.0,540500067.0,,12.729,321274000000.0,0.0,285000000.0,2282000000.0,594.401,
71,PRU,MRQ,2003-09-30,2003-09-30,2003-09-30,2021-08-05,2705000000.0,325771000000.0,,,,,39.237,0.0,8642000000.0,8642000000.0,4352000000.0,297000000.0,,14.158,22830000000.0,,,22830000000.0,0.0,205000000.0,0.0,0.011,0.0,534000000.0,739000000.0,0.11,739000000.0,534000000.0,534000000.0,0.44,0.44,0.44,21491000000.0,,21491000000.0,37583957768.0,48.0,26.561,1694000000.0,3.093,1.0,2341000000.0,0.35,0.0,0.0,339959000000.0,,0.0,185636000000.0,,,304280000000.0,,,20462957768.0,-1448000000.0,-363000000.0,-225000000.0,3188000000.0,-1000000.0,2695000000.0,-5837000000.0,-5474000000.0,1694000000.0,0.0,297000000.0,297000000.0,297000000.0,25000000.0,0.0,0.044,1782000000.0,559000000.0,1951000000.0,0.0,0.952,41.256,37.737,0.0,0.0,37.36,0.75,0.75,908000000.0,676000000.0,6693000000.0,6693000000.0,0.0,,,,,0.0,1748000000.0,1.0,547723709.0,547723709.0,,12.22,325771000000.0,0.0,237000000.0,2031000000.0,594.773,
72,PRU,MRQ,2003-06-30,2003-06-30,2003-06-30,2021-08-05,4011000000.0,336604000000.0,,,,,41.141,0.0,10090000000.0,10090000000.0,4475000000.0,196000000.0,,13.8,27211000000.0,,,27211000000.0,0.0,111000000.0,0.0,0.012,0.0,234000000.0,345000000.0,0.047,345000000.0,234000000.0,234000000.0,0.25,0.25,0.25,22697000000.0,,22697000000.0,34531521708.0,86.0,34.67,656000000.0,1.189,1.0,2829000000.0,0.387,0.0,0.0,353725000000.0,,0.0,191230000000.0,,,313217000000.0,,,18564521708.0,-601000000.0,-679000000.0,-224000000.0,1018000000.0,-4000000.0,1024000000.0,-2281000000.0,-1602000000.0,656000000.0,0.0,196000000.0,196000000.0,196000000.0,-18000000.0,0.0,0.027,2613000000.0,216000000.0,6099000000.0,0.0,0.818,37.055,26.92,0.0,0.0,33.65,0.682,0.682,6425000000.0,381000000.0,7304000000.0,7304000000.0,0.0,,,,,0.0,2158000000.0,1.0,551694553.0,551694553.0,,13.239,336604000000.0,0.0,38000000.0,2406000000.0,610.127,
73,PRU,MRQ,2003-03-31,2003-03-31,2003-03-31,2021-08-05,3157000000.0,299252000000.0,,,,,39.403,0.0,10691000000.0,10691000000.0,4531000000.0,196000000.0,,12.659,26658000000.0,,,26658000000.0,0.0,173000000.0,0.0,0.014,0.0,298000000.0,471000000.0,0.069,471000000.0,298000000.0,298000000.0,0.39,0.39,0.39,21858000000.0,,21858000000.0,32141827170.0,536.0,43.376,178000000.0,0.321,1.0,2254000000.0,0.332,0.0,0.0,315219000000.0,,0.0,185189000000.0,,,276704000000.0,,,16225827170.0,793000000.0,0.0,-264000000.0,309000000.0,-38000000.0,76000000.0,539000000.0,539000000.0,178000000.0,0.0,196000000.0,196000000.0,196000000.0,16000000.0,0.0,0.029,1940000000.0,314000000.0,4915000000.0,0.0,0.742,68.463,24.58,0.0,0.0,29.25,0.613,0.613,5126000000.0,186000000.0,6785000000.0,6785000000.0,0.0,,,,,0.0,1940000000.0,1.0,554729134.0,554729134.0,,12.231,299252000000.0,0.0,102000000.0,2304000000.0,539.456,
74,PRU,MRQ,2002-12-31,2002-12-31,2002-12-31,2021-08-05,2585000000.0,292616000000.0,,,,,37.544,0.0,9898000000.0,9898000000.0,4693000000.0,-193000000.0,,12.686,25814000000.0,,,25814000000.0,0.0,135000000.0,0.0,0.013,0.4,-275000000.0,-140000000.0,-0.021,-140000000.0,-275000000.0,-275000000.0,-0.09,-0.09,-0.09,21330000000.0,,21330000000.0,32209398209.0,5368.0,54.965,-4233000000.0,-7.451,1.0,1825000000.0,0.28,0.0,0.0,308532000000.0,,0.0,183208000000.0,,,270596000000.0,,,18032398209.0,-2681000000.0,0.0,-231000000.0,5493000000.0,-192000000.0,5579000000.0,-3679000000.0,-3679000000.0,-4233000000.0,-348000000.0,-193000000.0,-193000000.0,-193000000.0,84000000.0,0.0,-0.03,2016000000.0,-191000000.0,4838000000.0,-4.444,0.845,92.951,25.392,0.0,0.0,31.74,0.686,0.686,5631000000.0,-10000000.0,6518000000.0,6518000000.0,0.0,,,,,0.0,2016000000.0,1.0,568128488.0,568128488.0,,11.473,292616000000.0,0.0,-82000000.0,1933000000.0,515.053,
75,PRU,MRQ,2002-09-30,2002-09-30,2002-09-30,2021-08-05,2416000000.0,292535000000.0,,,,,37.515,0.0,12579000000.0,12579000000.0,4369000000.0,302000000.0,,12.362,26756000000.0,,,26756000000.0,0.0,177000000.0,0.0,0.0,0.0,143000000.0,320000000.0,0.049,320000000.0,143000000.0,143000000.0,0.7,0.7,0.7,21841000000.0,,21841000000.0,34089381415.0,-118.0,133.162,687000000.0,1.18,1.0,2228000000.0,0.338,0.0,0.0,306712000000.0,,0.0,179636000000.0,,,270004000000.0,,,16627381415.0,1242000000.0,0.0,-444000000.0,-294000000.0,0.0,-201000000.0,756000000.0,756000000.0,687000000.0,0.0,302000000.0,302000000.0,302000000.0,-14000000.0,0.0,0.046,2099000000.0,129000000.0,4498000000.0,0.0,0.761,-139.726,,0.0,0.0,28.56,0.635,0.635,5486000000.0,428000000.0,6597000000.0,6597000000.0,0.0,,,,,0.0,2099000000.0,1.0,582191226.0,582191226.0,,11.331,292535000000.0,0.0,-159000000.0,2010000000.0,502.472,
76,PRU,MRQ,2002-06-30,2002-06-30,2002-06-30,2021-08-05,1539000000.0,297704000000.0,,,,,35.976,0.0,11337000000.0,11337000000.0,4532000000.0,-68000000.0,,13.076,28799000000.0,,,28799000000.0,0.0,196000000.0,0.0,0.0,0.0,-106000000.0,90000000.0,0.014,90000000.0,-106000000.0,-106000000.0,0.19,0.19,0.19,21101000000.0,,21101000000.0,40260407480.0,-43.0,-87.333,3421000000.0,5.833,1.0,2032000000.0,0.31,0.0,0.0,315166000000.0,,0.0,177648000000.0,,,275913000000.0,,,19566407480.0,-2023000000.0,0.0,-106000000.0,-2711000000.0,0.0,-2474000000.0,-2970000000.0,-2970000000.0,3421000000.0,0.0,-68000000.0,-68000000.0,-68000000.0,3000000.0,0.0,-0.01,2135000000.0,-103000000.0,6076000000.0,0.0,0.927,-27.912,,0.0,0.0,33.36,0.754,0.754,7091000000.0,126000000.0,6564000000.0,6564000000.0,0.0,,,,,0.0,2135000000.0,1.0,586523006.0,586523006.0,,11.191,297704000000.0,0.0,-38000000.0,1630000000.0,507.574,
77,PRU,MRQ,2002-03-31,2002-03-31,2002-03-31,2021-08-05,333000000.0,297915000000.0,,,,,34.295,0.0,13360000000.0,13360000000.0,4274000000.0,153000000.0,,13.832,34054000000.0,,,34054000000.0,0.0,72000000.0,0.0,0.0,0.0,246000000.0,318000000.0,0.048,318000000.0,246000000.0,246000000.0,0.46,0.46,0.46,20039000000.0,,20039000000.0,26181841615.0,-39.0,-94.519,2643000000.0,4.523,1.0,2341000000.0,0.354,0.0,0.0,318609000000.0,,0.0,173126000000.0,,,277186000000.0,,,18142841615.0,-5176000000.0,0.0,0.0,891000000.0,0.0,-1435000000.0,-6384000000.0,-6384000000.0,2643000000.0,0.0,153000000.0,153000000.0,153000000.0,4000000.0,0.0,0.023,2091000000.0,250000000.0,5581000000.0,0.0,0.905,-41.422,,0.0,0.0,31.05,0.684,0.684,7017000000.0,194000000.0,6615000000.0,6615000000.0,0.0,,,,,0.0,2091000000.0,1.0,584310519.0,584310519.0,,11.321,297915000000.0,0.0,93000000.0,1102000000.0,509.857,
78,PRU,MRQ,2001-12-31,2001-12-31,2001-12-31,2021-08-05,944000000.0,293030000000.0,,,,,37.625,0.0,18536000000.0,18536000000.0,4238000000.0,-506000000.0,,13.293,26575000000.0,,,26575000000.0,0.0,101000000.0,0.0,0.0,0.0,-573000000.0,-472000000.0,-0.074,-472000000.0,-573000000.0,-573000000.0,,,,20453000000.0,,20453000000.0,43968084000.0,-236.0,178.008,-2657000000.0,-4.888,1.0,2165000000.0,0.338,0.0,0.0,301069000000.0,,0.0,165834000000.0,,,271887000000.0,,,18042084000.0,1135000000.0,0.0,4167000000.0,-2775000000.0,0.0,949000000.0,2843000000.0,2843000000.0,-2657000000.0,0.0,-506000000.0,-506000000.0,-506000000.0,55000000.0,0.0,-0.079,2683000000.0,-518000000.0,6445000000.0,,0.882,-117.156,474.143,0.0,0.0,33.19,0.676,0.676,7802000000.0,41000000.0,6403000000.0,6403000000.0,0.0,,,,,0.0,2294000000.0,1.0,543600000.0,543600000.0,,11.779,293030000000.0,0.0,-67000000.0,1332000000.0,539.054,
79,PRU,MRQ,2001-09-30,2001-09-30,2001-09-30,2021-08-05,,,,,,,,0.0,,,4546000000.0,-280000000.0,,,,,,,,99000000.0,,,0.0,-496000000.0,-397000000.0,-0.062,-397000000.0,-496000000.0,-496000000.0,,,,,,,,,,140000000.0,0.258,1.0,1810000000.0,0.285,,0.0,,,,,,,,,,,2627000000.0,0.0,0.0,-258000000.0,0.0,-1091000000.0,3578000000.0,3578000000.0,140000000.0,0.0,-280000000.0,-280000000.0,-280000000.0,3000000.0,0.0,-0.044,2303000000.0,-493000000.0,,,,,,,0.0,,,,,,6356000000.0,6356000000.0,0.0,,,,,0.0,2266000000.0,1.0,543600000.0,543600000.0,,11.692,,,-216000000.0,,,
80,PRU,MRQ,2001-06-30,2001-06-30,2001-06-30,2021-08-05,,,,,,,,0.0,,,4432000000.0,195000000.0,,,,,,,,118000000.0,,,0.0,156000000.0,274000000.0,0.038,274000000.0,156000000.0,156000000.0,,,,,,,,,,3444000000.0,6.336,1.0,2736000000.0,0.382,,0.0,,,,,,,,,,,5580000000.0,5912000000.0,0.0,-1820000000.0,0.0,-2582000000.0,4718000000.0,-1194000000.0,3444000000.0,0.0,195000000.0,195000000.0,195000000.0,0.0,0.0,0.027,2580000000.0,156000000.0,,,,,,,0.0,,,,,,7168000000.0,7168000000.0,0.0,,,,,0.0,2463000000.0,1.0,543600000.0,543600000.0,,13.186,,,-39000000.0,,,
81,PRU,MRQ,2001-03-31,2001-03-31,2001-03-31,2021-08-05,,,,,,,,0.0,,,3767000000.0,437000000.0,,,,,,,,115000000.0,,,0.0,723000000.0,838000000.0,0.124,838000000.0,723000000.0,723000000.0,,,,,,,,,,-824000000.0,-1.516,1.0,2980000000.0,0.442,,0.0,,,,,,,,,,,1518000000.0,0.0,0.0,1249000000.0,0.0,1044000000.0,1298000000.0,1298000000.0,-824000000.0,0.0,437000000.0,437000000.0,437000000.0,0.0,0.0,0.065,2257000000.0,723000000.0,,,,,,,0.0,,,,,,6747000000.0,6747000000.0,0.0,,,,,0.0,2212000000.0,1.0,543600000.0,543600000.0,,12.412,,,286000000.0,,,
82,PRU,MRQ,2000-12-31,2000-12-31,2000-12-31,2021-08-05,234000000.0,272753000000.0,,,,,37.91,,7676000000.0,7676000000.0,,,,12.235,33602000000.0,,,33602000000.0,0.0,,0.0,,0.0,,,,,,,,,,20608000000.0,,20608000000.0,,,,,,1.0,,,0.0,,298679000000.0,,0.0,148515000000.0,,,252145000000.0,,,,,,,,,,,,,,,,,,,,,,5965000000.0,,,,,0.0,,,,,11860000000.0,20374000000.0,,,,,,,,,,1.0,543600000.0,543600000.0,,,272753000000.0,0.0,,1610000000.0,501.753,
83,PRU,MRQ,1999-12-31,1999-12-31,1999-12-31,2021-08-05,-685000000.0,285094000000.0,,,,,,,6427000000.0,6427000000.0,,,,13.779,47937000000.0,,,47937000000.0,0.0,,0.0,,0.0,,,,,,,,,,19291000000.0,,19291000000.0,,,,,,1.0,,,0.0,,326604000000.0,,0.0,158928000000.0,,,265803000000.0,,,,,,,,,,,,,,,,,,,,,,5839000000.0,,,,,0.0,,,,,11346000000.0,19976000000.0,,,,,,,,,,1.0,,,,,285094000000.0,0.0,,804000000.0,,
0,PRU,MRT,2021-06-30,2021-06-30,2021-06-30,2021-08-05,23277000000.0,926461000000.0,921513000000.0,,,0.07,160.02,0.0,15145000000.0,15145000000.0,40092000000.0,7516000000.0,,13.684,30420000000.0,,,30420000000.0,0.0,119000000.0,0.0,0.044,4.5,8399000000.0,8518000000.0,0.132,8518000000.0,8399000000.0,8399000000.0,18.24,18.14,18.24,63048000000.0,63681500000.0,63048000000.0,54540180000.0,6.0,6.403,-4049000000.0,-10.277,1.0,24231000000.0,0.377,0.0,0.0,941736000000.0,936593750000.0,0.0,525544000000.0,,,862777000000.0,,,40373180000.0,-6102000000.0,1586000000.0,-1045000000.0,-806000000.0,-1806000000.0,-2471000000.0,301000000.0,-634000000.0,-4049000000.0,117000000.0,7292000000.0,7292000000.0,7292000000.0,0.0,224000000.0,0.113,15697000000.0,8534000000.0,0.0,0.247,0.64,5.537,5.618,0.0,0.0,102.47,0.628,0.628,0.0,34808000000.0,64323000000.0,64323000000.0,0.0,0.008,0.115,0.009,0.131,0.0,15697000000.0,1.0,394000000.0,394000000.0,,163.256,926461000000.0,0.0,1107000000.0,10196000000.0,2351.424,
1,PRU,MRT,2021-03-31,2021-03-31,2021-03-31,2021-08-05,19219000000.0,907280000000.0,918744500000.0,,,0.066,146.186,0.0,16099000000.0,16099000000.0,41383000000.0,2928000000.0,,14.62,30266000000.0,,,30266000000.0,0.0,158000000.0,0.0,0.049,4.45,3338000000.0,3496000000.0,0.058,3496000000.0,3338000000.0,3338000000.0,6.68,6.62,6.68,58036000000.0,64393750000.0,58036000000.0,54307700000.0,16.0,15.534,-9695000000.0,-24.421,1.0,19138000000.0,0.316,0.0,0.0,921447000000.0,932963500000.0,0.0,518829000000.0,,,848504000000.0,,,36166700000.0,-15646000000.0,1454000000.0,-207000000.0,-1822000000.0,-1789000000.0,-2146000000.0,-3954000000.0,-4023000000.0,-9695000000.0,149000000.0,2725000000.0,2725000000.0,2725000000.0,0.0,203000000.0,0.045,15709000000.0,3429000000.0,0.0,0.666,0.623,13.272,13.638,0.0,0.0,91.1,0.598,0.598,0.0,33110000000.0,60521000000.0,60521000000.0,0.0,0.003,0.042,0.004,0.055,0.0,15709000000.0,1.0,397000000.0,397000000.0,,152.446,907280000000.0,0.0,613000000.0,9336000000.0,2285.34,
2,PRU,MRT,2020-12-31,2020-12-31,2020-12-31,2021-08-05,30738000000.0,940722000000.0,910352500000.0,,,0.063,170.265,0.0,13701000000.0,13701000000.0,41222000000.0,-146000000.0,,12.94,31842000000.0,,,31842000000.0,0.0,457000000.0,0.0,0.056,4.4,-455000000.0,2000000.0,0.0,2000000.0,-455000000.0,-455000000.0,-1.0,-1.0,-1.0,67425000000.0,64996500000.0,67425000000.0,43655720000.0,-96.0,21827.86,8368000000.0,21.131,1.0,15811000000.0,0.277,0.0,0.0,958863000000.0,921742250000.0,0.0,553620000000.0,,,872512000000.0,,,30915720000.0,-2619000000.0,1454000000.0,-347000000.0,729000000.0,-1766000000.0,4883000000.0,-16210000000.0,-18672000000.0,8368000000.0,340000000.0,-374000000.0,-374000000.0,-374000000.0,0.0,228000000.0,-0.007,16134000000.0,-323000000.0,0.0,-4.4,0.459,-82.662,-78.07,0.0,0.0,78.07,0.542,0.542,0.0,30749000000.0,57033000000.0,57033000000.0,0.0,0.0,-0.006,0.0,-0.008,0.0,16134000000.0,1.0,396000000.0,396000000.0,,144.023,940722000000.0,0.0,-81000000.0,12022000000.0,2375.561,
3,PRU,MRT,2020-09-30,2020-09-30,2020-09-30,2021-08-05,30001000000.0,911589000000.0,899310000000.0,,,0.067,167.638,0.0,20658000000.0,20658000000.0,43678000000.0,-30000000.0,,12.757,33398000000.0,,,33398000000.0,0.0,556000000.0,0.0,0.068,4.3,163000000.0,719000000.0,0.012,719000000.0,163000000.0,163000000.0,-0.32,-0.36,-0.32,66217000000.0,63919000000.0,66217000000.0,36918400000.0,226.0,51.347,16866000000.0,42.699,1.0,16549000000.0,0.275,0.0,0.0,924329000000.0,909966250000.0,0.0,681290000000.0,,,844699000000.0,,,25090400000.0,2371000000.0,-301000000.0,-928000000.0,614000000.0,-1729000000.0,3074000000.0,-17651000000.0,-17338000000.0,16866000000.0,82000000.0,-65000000.0,-65000000.0,-65000000.0,0.0,35000000.0,-0.001,16428000000.0,121000000.0,0.0,-13.438,0.379,-386.006,-198.5,0.0,0.0,63.52,0.417,0.417,0.0,30372000000.0,60227000000.0,60227000000.0,0.0,0.0,-0.001,0.0,0.003,0.0,16428000000.0,1.0,395000000.0,395000000.0,,152.473,911589000000.0,0.0,228000000.0,12111000000.0,2307.82,
4,PRU,MRT,2020-06-30,2020-06-30,2020-06-30,2021-08-05,30837000000.0,915387000000.0,892819250000.0,,,0.067,166.828,0.0,21149000000.0,21149000000.0,43156000000.0,-112000000.0,,12.882,32977000000.0,,,32977000000.0,0.0,932000000.0,0.0,0.069,4.2,476000000.0,1408000000.0,0.024,1408000000.0,476000000.0,476000000.0,-0.57,-0.62,-0.57,65897000000.0,63814250000.0,65897000000.0,26905500000.0,57.0,19.109,24780000000.0,62.734,1.0,16751000000.0,0.28,0.0,0.0,927215000000.0,903497000000.0,0.0,687920000000.0,,,848879000000.0,,,24055500000.0,5727000000.0,-1755000000.0,-1886000000.0,1768000000.0,-1700000000.0,3292000000.0,-22340000000.0,-21513000000.0,24780000000.0,-5000000.0,-134000000.0,-134000000.0,-134000000.0,0.0,22000000.0,-0.002,16352000000.0,399000000.0,0.0,-7.368,0.365,-179.519,-106.842,0.0,0.0,60.9,0.402,0.402,0.0,29326000000.0,59907000000.0,59907000000.0,0.0,0.0,-0.002,0.001,0.008,0.0,16352000000.0,1.0,395000000.0,395000000.0,,151.663,915387000000.0,0.0,610000000.0,13261000000.0,2317.435,
5,PRU,MRT,2020-03-31,2020-03-31,2020-03-31,2021-08-05,22600000000.0,873712000000.0,882428750000.0,,,0.072,152.259,0.0,31646000000.0,31646000000.0,42935000000.0,3031000000.0,,13.444,34496000000.0,,,34496000000.0,0.0,769000000.0,0.0,0.079,4.1,3640000000.0,4409000000.0,0.07,4409000000.0,3640000000.0,3640000000.0,7.28,7.21,7.28,60447000000.0,62755000000.0,60447000000.0,35906580000.0,10.0,8.144,31306000000.0,78.856,1.0,20245000000.0,0.32,0.0,0.0,876562000000.0,894166000000.0,0.0,659638000000.0,,,812640000000.0,,,20699580000.0,16952000000.0,-1755000000.0,-2359000000.0,2444000000.0,-1669000000.0,3159000000.0,-17509000000.0,-17208000000.0,31306000000.0,-4000000.0,2983000000.0,2983000000.0,2983000000.0,0.0,48000000.0,0.047,16638000000.0,3607000000.0,0.0,0.563,0.342,6.939,7.162,0.0,0.0,52.14,0.328,0.328,0.0,32176000000.0,63180000000.0,63180000000.0,0.0,0.003,0.048,0.004,0.058,0.0,16638000000.0,1.0,397000000.0,397000000.0,,159.144,873712000000.0,0.0,657000000.0,11117000000.0,2200.786,
6,PRU,MRT,2019-12-31,2019-12-31,2019-12-31,2021-08-05,24039000000.0,896552000000.0,876331750000.0,,,0.074,157.002,0.0,16327000000.0,16327000000.0,43974000000.0,4238000000.0,,13.195,31534000000.0,,,31534000000.0,0.0,460000000.0,0.0,0.043,4.0,5133000000.0,5593000000.0,0.086,5593000000.0,5133000000.0,5133000000.0,10.23,10.11,10.23,63115000000.0,61395750000.0,63115000000.0,50509480000.0,10.0,9.031,19625000000.0,48.818,1.0,20833000000.0,0.321,0.0,0.0,911759000000.0,891670750000.0,0.0,522760000000.0,,,832833000000.0,,,37683480000.0,979000000.0,-1755000000.0,-2367000000.0,1732000000.0,-1641000000.0,-1634000000.0,-17028000000.0,-15883000000.0,19625000000.0,16000000.0,4186000000.0,4186000000.0,4186000000.0,0.0,52000000.0,0.065,15748000000.0,5085000000.0,0.0,0.391,0.597,9.002,9.163,0.0,0.0,93.74,0.581,0.581,0.0,32991000000.0,64807000000.0,64807000000.0,0.0,0.005,0.068,0.006,0.079,0.0,15748000000.0,1.0,402000000.0,402000000.0,,161.211,896552000000.0,0.0,947000000.0,11378000000.0,2230.229,
7,PRU,MRT,2019-09-30,2019-09-30,2019-09-30,2021-08-05,27558000000.0,885626000000.0,855963250000.0,,,0.075,163.677,0.0,18289000000.0,18289000000.0,44097000000.0,3949000000.0,,12.452,31115000000.0,,,31115000000.0,0.0,468000000.0,0.0,0.043,3.9,4844000000.0,5312000000.0,0.083,5312000000.0,4844000000.0,4844000000.0,9.47,9.36,9.47,65798000000.0,57771250000.0,65798000000.0,52225900000.0,11.0,9.832,27036000000.0,67.254,1.0,19919000000.0,0.311,0.0,0.0,898452000000.0,871345750000.0,0.0,523504000000.0,,,819312000000.0,,,36159900000.0,5829000000.0,0.0,-2196000000.0,2024000000.0,-1611000000.0,330000000.0,-21803000000.0,-22940000000.0,27036000000.0,266000000.0,3900000000.0,3900000000.0,3900000000.0,0.0,49000000.0,0.061,15125000000.0,4794000000.0,0.0,0.412,0.55,9.272,9.498,0.0,0.0,89.95,0.565,0.565,0.0,32269000000.0,64016000000.0,64016000000.0,0.0,0.005,0.068,0.006,0.076,0.0,15125000000.0,1.0,402000000.0,402000000.0,,159.244,885626000000.0,0.0,944000000.0,12664000000.0,2203.05,
8,PRU,MRT,2019-06-30,2019-06-30,2019-06-30,2021-08-05,23982000000.0,873825000000.0,840243750000.0,,,0.077,151.872,0.0,15421000000.0,15421000000.0,45389000000.0,4199000000.0,,13.164,31487000000.0,,,31487000000.0,0.0,24000000.0,0.0,0.038,3.8,4950000000.0,4974000000.0,0.076,4974000000.0,4950000000.0,4950000000.0,9.97,9.82,9.97,61660000000.0,53003000000.0,61660000000.0,58263000000.0,12.0,11.714,23313000000.0,57.421,1.0,19670000000.0,0.302,0.0,0.0,889891000000.0,856783250000.0,0.0,512012000000.0,,,811672000000.0,,,41006000000.0,510000000.0,0.0,-1611000000.0,2176000000.0,-1579000000.0,133000000.0,-23176000000.0,-23835000000.0,23313000000.0,240000000.0,4154000000.0,4154000000.0,4154000000.0,0.0,45000000.0,0.064,14763000000.0,4907000000.0,0.0,0.381,0.665,9.871,10.13,0.0,0.0,101.0,0.63,0.63,0.0,31263000000.0,65059000000.0,65059000000.0,0.0,0.005,0.078,0.006,0.076,0.0,14763000000.0,1.0,406000000.0,406000000.0,,160.244,873825000000.0,0.0,796000000.0,11485000000.0,2152.278,
9,PRU,MRT,2019-03-31,2019-03-31,2019-03-31,2021-08-05,17218000000.0,849324000000.0,826752500000.0,,,0.078,134.499,0.0,14699000000.0,14699000000.0,45743000000.0,3661000000.0,,14.431,31956000000.0,,,31956000000.0,0.0,203000000.0,0.0,0.04,3.7,4345000000.0,4548000000.0,0.071,4548000000.0,4345000000.0,4345000000.0,8.7,8.57,8.7,55010000000.0,49646000000.0,55010000000.0,52959920000.0,12.0,11.645,22448000000.0,54.885,1.0,18583000000.0,0.289,0.0,0.0,866581000000.0,842862250000.0,0.0,494403000000.0,,,793874000000.0,,,37578920000.0,-912000000.0,0.0,-1498000000.0,2805000000.0,-1553000000.0,1458000000.0,-24654000000.0,-25141000000.0,22448000000.0,-164000000.0,3643000000.0,3643000000.0,3643000000.0,0.0,18000000.0,0.057,14302000000.0,4281000000.0,0.0,0.425,0.683,10.315,10.561,0.0,0.0,91.88,0.584,0.584,0.0,30966000000.0,64326000000.0,64326000000.0,0.0,0.004,0.073,0.005,0.068,0.0,14302000000.0,1.0,409000000.0,409000000.0,,157.276,849324000000.0,0.0,702000000.0,10031000000.0,2076.587,
10,PRU,MRT,2018-12-31,2018-12-31,2018-12-31,2021-08-05,10906000000.0,815078000000.0,821840750000.0,,,0.077,117.717,0.0,15353000000.0,15353000000.0,43936000000.0,4088000000.0,,15.757,30734000000.0,,,30734000000.0,0.0,161000000.0,0.0,0.044,3.6,4896000000.0,5057000000.0,0.08,5057000000.0,4896000000.0,4896000000.0,9.64,9.5,9.64,48617000000.0,48851000000.0,48617000000.0,51134150000.0,10.0,10.112,21664000000.0,52.455,1.0,19056000000.0,0.303,0.0,0.0,830459000000.0,836995500000.0,0.0,479245000000.0,,,766047000000.0,,,33680150000.0,959000000.0,0.0,-1368000000.0,2448000000.0,-1521000000.0,781000000.0,-21628000000.0,-21466000000.0,21664000000.0,142000000.0,4074000000.0,4074000000.0,4074000000.0,0.0,14000000.0,0.065,14222000000.0,4834000000.0,0.0,0.373,0.693,8.267,8.46,0.0,0.0,81.55,0.535,0.535,0.0,30470000000.0,62992000000.0,62992000000.0,0.0,0.005,0.083,0.006,0.078,0.0,14222000000.0,1.0,413000000.0,413000000.0,,152.523,815078000000.0,0.0,822000000.0,7936000000.0,1973.554,
11,PRU,MRT,2018-09-30,2018-09-30,2018-09-30,2021-08-05,9150000000.0,822748000000.0,826105250000.0,,,0.074,112.05,0.0,12466000000.0,12466000000.0,41919000000.0,7104000000.0,,16.601,29920000000.0,,,29920000000.0,0.0,-4000000.0,0.0,0.034,3.45,4843000000.0,4839000000.0,0.08,4839000000.0,4843000000.0,4843000000.0,16.35,16.07,16.35,46725000000.0,50255750000.0,46725000000.0,56597440000.0,12.0,11.696,14942000000.0,35.832,1.0,18906000000.0,0.311,0.0,0.0,840202000000.0,840909750000.0,0.0,464972000000.0,,,775666000000.0,,,42250440000.0,-1983000000.0,0.0,-1290000000.0,1340000000.0,-1467000000.0,-146000000.0,-16676000000.0,-15807000000.0,14942000000.0,-103000000.0,6997000000.0,6997000000.0,6997000000.0,0.0,107000000.0,0.115,14009000000.0,4897000000.0,0.0,0.211,0.904,6.038,6.197,0.0,0.0,101.32,0.695,0.695,0.0,30005000000.0,60825000000.0,60825000000.0,0.0,0.008,0.139,0.006,0.08,0.0,14009000000.0,1.0,417000000.0,417000000.0,,145.863,822748000000.0,0.0,-2154000000.0,7014000000.0,1973.017,
12,PRU,MRT,2018-06-30,2018-06-30,2018-06-30,2021-08-05,11655000000.0,819860000000.0,825701000000.0,,,0.074,114.838,0.0,14918000000.0,14918000000.0,40860000000.0,7670000000.0,,15.991,29265000000.0,,,29265000000.0,0.0,163000000.0,0.0,0.035,3.3,6025000000.0,6188000000.0,0.101,6188000000.0,6025000000.0,6025000000.0,17.57,17.26,17.57,48232000000.0,51167750000.0,48232000000.0,52711200000.0,9.0,8.518,15424000000.0,36.724,1.0,20130000000.0,0.33,0.0,0.0,834207000000.0,839800000000.0,0.0,464519000000.0,,,771268000000.0,,,39274200000.0,-1747000000.0,0.0,-1218000000.0,523000000.0,-1412000000.0,-1301000000.0,-15799000000.0,-14333000000.0,15424000000.0,-71000000.0,7563000000.0,7563000000.0,7563000000.0,0.0,107000000.0,0.124,14050000000.0,6080000000.0,0.0,0.188,0.814,5.193,5.322,0.0,0.0,93.51,0.644,0.644,0.0,28713000000.0,60990000000.0,60990000000.0,0.0,0.009,0.148,0.007,0.099,0.0,14050000000.0,1.0,420000000.0,420000000.0,,145.214,819860000000.0,0.0,-1538000000.0,7888000000.0,1952.048,
13,PRU,MRT,2018-03-31,2018-03-31,2018-03-31,2021-08-05,14761000000.0,829677000000.0,823883500000.0,,,0.073,122.82,0.0,15676000000.0,15676000000.0,39680000000.0,7966000000.0,,15.001,29113000000.0,,,29113000000.0,0.0,250000000.0,0.0,0.03,3.15,6376000000.0,6626000000.0,0.111,6626000000.0,6376000000.0,6376000000.0,18.24,17.92,18.24,51830000000.0,51220750000.0,51830000000.0,57678100000.0,9.0,8.705,14113000000.0,33.443,1.0,20096000000.0,0.336,0.0,0.0,843114000000.0,837844000000.0,0.0,471491000000.0,,,777502000000.0,,,43698100000.0,2401000000.0,-64000000.0,-1147000000.0,457000000.0,-1355000000.0,-799000000.0,-11211000000.0,-9743000000.0,14113000000.0,298000000.0,7857000000.0,7857000000.0,7857000000.0,0.0,109000000.0,0.131,13658000000.0,6438000000.0,0.0,0.173,0.843,5.562,5.677,0.0,0.0,103.55,0.731,0.731,0.0,28898000000.0,59776000000.0,59776000000.0,0.0,0.01,0.153,0.008,0.107,0.0,13658000000.0,1.0,422000000.0,422000000.0,,141.649,829677000000.0,0.0,-1481000000.0,9296000000.0,1966.059,
14,PRU,MRT,2017-12-31,2017-12-31,2017-12-31,2021-08-05,17074000000.0,832136000000.0,815805500000.0,,,0.073,127.915,0.0,14490000000.0,14490000000.0,39707000000.0,7974000000.0,,14.338,28470000000.0,,,28470000000.0,0.0,222000000.0,0.0,0.026,3.0,6425000000.0,6647000000.0,0.111,6647000000.0,6425000000.0,6425000000.0,18.19,17.86,18.19,54236000000.0,49959250000.0,54236000000.0,63383520000.0,10.0,9.536,13460000000.0,31.745,1.0,19982000000.0,0.335,0.0,0.0,846116000000.0,830585250000.0,0.0,469871000000.0,,,777625000000.0,,,48751520000.0,355000000.0,-64000000.0,-1004000000.0,251000000.0,-1296000000.0,-1258000000.0,-11957000000.0,-10779000000.0,13460000000.0,110000000.0,7863000000.0,7863000000.0,7863000000.0,0.0,111000000.0,0.132,13495000000.0,6487000000.0,0.0,0.165,0.899,6.2,6.321,0.0,0.0,114.98,0.817,0.817,0.0,28671000000.0,59689000000.0,59689000000.0,0.0,0.01,0.157,0.008,0.108,0.0,13495000000.0,1.0,424000000.0,424000000.0,,140.776,832136000000.0,0.0,-1438000000.0,9648000000.0,1962.585,
15,PRU,MRT,2017-09-30,2017-09-30,2017-09-30,2021-08-05,16598000000.0,821131000000.0,803762000000.0,,,0.07,117.97,0.0,14541000000.0,14541000000.0,37716000000.0,4402000000.0,,15.297,29173000000.0,,,29173000000.0,0.0,187000000.0,0.0,0.028,2.95,5737000000.0,5924000000.0,0.105,5924000000.0,5737000000.0,5737000000.0,10.15,9.99,10.15,50373000000.0,47866000000.0,50373000000.0,59191640000.0,10.0,9.992,6588000000.0,15.429,1.0,18758000000.0,0.332,0.0,0.0,835763000000.0,818747500000.0,0.0,464891000000.0,,,770566000000.0,,,45398640000.0,-10277000000.0,-64000000.0,-1066000000.0,1104000000.0,-1337000000.0,132000000.0,-16832000000.0,-15067000000.0,6588000000.0,-165000000.0,4382000000.0,4382000000.0,4382000000.0,0.0,20000000.0,0.078,13070000000.0,5688000000.0,0.0,0.291,0.901,10.36,10.475,0.0,0.0,106.32,0.804,0.804,0.0,25060000000.0,56474000000.0,56474000000.0,0.0,0.005,0.092,0.007,0.102,0.0,13070000000.0,1.0,427000000.0,427000000.0,,132.258,821131000000.0,0.0,1355000000.0,12509000000.0,1923.023,
16,PRU,MRT,2017-06-30,2017-06-30,2017-06-30,2021-08-05,16362000000.0,812590000000.0,803445500000.0,,,0.071,112.923,0.0,16605000000.0,16605000000.0,39536000000.0,3993000000.0,,15.77,30398000000.0,,,30398000000.0,0.0,1000000.0,0.0,0.027,2.9,5027000000.0,5028000000.0,0.088,5028000000.0,5027000000.0,5027000000.0,9.1,8.97,9.1,48444000000.0,49380500000.0,48444000000.0,63106060000.0,13.0,12.551,6063000000.0,14.133,1.0,17586000000.0,0.308,0.0,0.0,826383000000.0,815895250000.0,0.0,458401000000.0,,,763950000000.0,,,46392060000.0,-7471000000.0,-64000000.0,-1346000000.0,2452000000.0,-1322000000.0,3069000000.0,-16552000000.0,-15947000000.0,6063000000.0,-51000000.0,3971000000.0,3971000000.0,3971000000.0,0.0,22000000.0,0.07,12604000000.0,4982000000.0,0.0,0.319,0.958,11.683,11.884,0.0,0.0,108.14,0.812,0.812,0.0,23146000000.0,57122000000.0,57122000000.0,0.0,0.005,0.08,0.006,0.088,0.0,12604000000.0,1.0,429000000.0,429000000.0,,133.152,812590000000.0,0.0,1056000000.0,11631000000.0,1894.149,
17,PRU,MRT,2017-03-31,2017-03-31,2017-03-31,2021-08-05,14643000000.0,797365000000.0,799420500000.0,,,0.073,108.8,0.0,13308000000.0,13308000000.0,39415000000.0,4422000000.0,,16.039,30022000000.0,,,30022000000.0,0.0,101000000.0,0.0,0.027,2.85,5763000000.0,5864000000.0,0.101,5864000000.0,5763000000.0,5763000000.0,10.03,9.89,10.03,46784000000.0,51056750000.0,46784000000.0,60675400000.0,11.0,10.347,10197000000.0,23.714,1.0,18705000000.0,0.322,0.0,0.0,814079000000.0,809659250000.0,0.0,450887000000.0,,,750391000000.0,,,45872400000.0,-9272000000.0,0.0,-1415000000.0,1023000000.0,-1311000000.0,2485000000.0,-21965000000.0,-21640000000.0,10197000000.0,11000000.0,4401000000.0,4401000000.0,4401000000.0,0.0,21000000.0,0.076,12990000000.0,5715000000.0,0.0,0.284,0.981,10.423,10.636,0.0,0.0,106.68,0.789,0.789,0.0,22983000000.0,58120000000.0,58120000000.0,0.0,0.006,0.086,0.007,0.099,0.0,12990000000.0,1.0,430000000.0,430000000.0,,135.163,797365000000.0,0.0,1362000000.0,10598000000.0,1854.337,
18,PRU,MRT,2016-12-31,2016-12-31,2016-12-31,2021-08-05,14621000000.0,783962000000.0,793328000000.0,,,0.074,106.658,0.0,14127000000.0,14127000000.0,39418000000.0,4419000000.0,,16.089,28930000000.0,,,28930000000.0,0.0,318000000.0,0.0,0.027,2.8,5703000000.0,6021000000.0,0.102,6021000000.0,5703000000.0,5703000000.0,9.85,9.71,9.85,45863000000.0,51671250000.0,45863000000.0,49234800000.0,9.0,8.177,14876000000.0,34.595,1.0,19361000000.0,0.329,0.0,0.0,798765000000.0,801735250000.0,0.0,444240000000.0,,,737874000000.0,,,44745800000.0,-3567000000.0,-532000000.0,-1693000000.0,842000000.0,-1300000000.0,3201000000.0,-21694000000.0,-21120000000.0,14876000000.0,50000000.0,4368000000.0,4368000000.0,4368000000.0,0.0,51000000.0,0.074,13656000000.0,5705000000.0,0.0,0.284,0.976,10.244,10.564,0.0,0.0,104.06,0.761,0.761,0.0,21946000000.0,58779000000.0,58779000000.0,0.0,0.006,0.085,0.007,0.097,0.0,13656000000.0,1.0,430000000.0,430000000.0,,136.695,783962000000.0,0.0,1335000000.0,10412000000.0,1823.167,
19,PRU,MRT,2016-09-30,2016-09-30,2016-09-30,2021-08-05,24925000000.0,819865000000.0,786651250000.0,,,0.076,129.133,0.0,24728000000.0,24728000000.0,40021000000.0,4866000000.0,,13.519,29217000000.0,,,29217000000.0,0.0,389000000.0,0.0,0.034,2.8,6229000000.0,6618000000.0,0.11,6618000000.0,6229000000.0,6229000000.0,10.8,10.65,10.8,56431000000.0,50678000000.0,56431000000.0,40630050000.0,7.0,6.139,19186000000.0,43.904,1.0,19964000000.0,0.333,0.0,0.0,824354000000.0,796277000000.0,0.0,465771000000.0,,,762891000000.0,,,35681050000.0,4521000000.0,-532000000.0,-1564000000.0,-581000000.0,-1255000000.0,629000000.0,-15667000000.0,-16595000000.0,19186000000.0,373000000.0,4819000000.0,4819000000.0,4819000000.0,0.0,47000000.0,0.08,13733000000.0,6231000000.0,0.0,0.259,0.632,7.404,7.56,0.0,0.0,81.65,0.595,0.595,0.0,21969000000.0,59985000000.0,59985000000.0,0.0,0.006,0.095,0.008,0.104,0.0,13733000000.0,1.0,437000000.0,437000000.0,,137.265,819865000000.0,0.0,1410000000.0,15326000000.0,1876.121,
20,PRU,MRT,2016-06-30,2016-06-30,2016-06-30,2021-08-05,24667000000.0,796490000000.0,770316750000.0,,,0.074,124.771,0.0,24142000000.0,24142000000.0,36328000000.0,4501000000.0,,13.442,29091000000.0,,,29091000000.0,0.0,585000000.0,0.0,0.038,2.68,5950000000.0,6535000000.0,0.115,6535000000.0,5950000000.0,5950000000.0,9.88,9.74,9.88,55149000000.0,47250250000.0,55149000000.0,40920280000.0,7.0,6.262,23991000000.0,54.278,1.0,20295000000.0,0.358,0.0,0.0,801439000000.0,783428250000.0,0.0,451880000000.0,,,741312000000.0,,,31532280000.0,7104000000.0,-532000000.0,-1225000000.0,-2235000000.0,-1211000000.0,-878000000.0,-16249000000.0,-16210000000.0,23991000000.0,240000000.0,4457000000.0,4457000000.0,4457000000.0,0.0,44000000.0,0.079,14330000000.0,5965000000.0,0.0,0.271,0.572,7.075,7.221,0.0,0.0,71.34,0.557,0.557,0.0,20451000000.0,56623000000.0,56623000000.0,0.0,0.006,0.094,0.008,0.105,0.0,14330000000.0,1.0,442000000.0,442000000.0,,128.106,796490000000.0,0.0,1493000000.0,15140000000.0,1802.014,
21,PRU,MRT,2016-03-31,2016-03-31,2016-03-31,2021-08-05,19066000000.0,772995000000.0,761877000000.0,,,0.073,108.942,0.0,22492000000.0,22492000000.0,35648000000.0,5035000000.0,,14.697,31880000000.0,,,31880000000.0,0.0,110000000.0,0.0,0.035,2.56,6683000000.0,6793000000.0,0.122,6793000000.0,6683000000.0,6683000000.0,10.89,10.73,10.89,49242000000.0,43893750000.0,49242000000.0,52453440000.0,8.0,7.722,14741000000.0,32.613,1.0,20248000000.0,0.362,0.0,0.0,782383000000.0,779292500000.0,0.0,432420000000.0,,,723730000000.0,,,32643440000.0,3373000000.0,-532000000.0,-1046000000.0,224000000.0,-1167000000.0,661000000.0,-12142000000.0,-12398000000.0,14741000000.0,113000000.0,4942000000.0,4942000000.0,4942000000.0,0.0,93000000.0,0.088,13495000000.0,6753000000.0,0.0,0.235,0.663,6.605,6.632,0.0,0.0,72.22,0.584,0.584,0.0,19843000000.0,55896000000.0,55896000000.0,0.0,0.006,0.113,0.009,0.12,0.0,13495000000.0,1.0,452000000.0,452000000.0,,123.664,772995000000.0,0.0,1741000000.0,12128000000.0,1710.166,
22,PRU,MRT,2015-12-31,2015-12-31,2015-12-31,2021-08-05,12285000000.0,757255000000.0,763281250000.0,,,0.075,93.296,0.0,17612000000.0,17612000000.0,36318000000.0,5712000000.0,,17.076,37289000000.0,,,37289000000.0,0.0,113000000.0,0.0,0.03,2.44,7714000000.0,7827000000.0,0.137,7827000000.0,7714000000.0,7714000000.0,12.37,12.17,12.37,41890000000.0,42844250000.0,41890000000.0,54985090000.0,7.0,7.025,13942000000.0,31.051,1.0,20801000000.0,0.364,0.0,0.0,776932000000.0,782898000000.0,0.0,417192000000.0,,,715332000000.0,,,36553090000.0,2694000000.0,0.0,-1455000000.0,-1993000000.0,-1117000000.0,-3571000000.0,-7746000000.0,-7905000000.0,13942000000.0,69000000.0,5642000000.0,5642000000.0,5642000000.0,0.0,70000000.0,0.099,13032000000.0,7769000000.0,0.0,0.197,0.873,6.479,6.581,0.0,0.0,81.41,0.64,0.64,0.0,18931000000.0,57119000000.0,57119000000.0,0.0,0.007,0.132,0.01,0.135,0.0,13032000000.0,1.0,449000000.0,449000000.0,,127.214,757255000000.0,0.0,2072000000.0,8714000000.0,1686.537,
23,PRU,MRT,2015-09-30,2015-09-30,2015-09-30,2021-08-05,13463000000.0,754527000000.0,765631250000.0,,,0.077,94.723,0.0,20207000000.0,20207000000.0,39322000000.0,3525000000.0,,16.661,38639000000.0,,,38639000000.0,0.0,303000000.0,0.0,0.03,2.32,5116000000.0,5419000000.0,0.092,5419000000.0,5116000000.0,5116000000.0,8.09,7.99,8.09,42720000000.0,42814250000.0,42720000000.0,56535710000.0,11.0,10.433,19804000000.0,43.911,1.0,19266000000.0,0.329,0.0,0.0,772959000000.0,786383000000.0,0.0,416950000000.0,,,711757000000.0,,,34370710000.0,2985000000.0,0.0,-1448000000.0,-2861000000.0,-1073000000.0,-3923000000.0,-12574000000.0,-11846000000.0,19804000000.0,-322000000.0,3448000000.0,3448000000.0,3448000000.0,-4000000.0,77000000.0,0.059,14090000000.0,5176000000.0,0.0,0.287,0.805,9.968,9.42,0.0,0.0,76.21,0.587,0.587,0.0,18515000000.0,58588000000.0,58588000000.0,0.0,0.005,0.081,0.007,0.087,0.0,14090000000.0,1.0,451000000.0,451000000.0,,129.907,754527000000.0,0.0,1668000000.0,9644000000.0,1673.009,
24,PRU,MRT,2015-06-30,2015-06-30,2015-06-30,2021-08-05,13404000000.0,762731000000.0,768036250000.0,,,0.075,92.104,0.0,17038000000.0,17038000000.0,40428000000.0,2581000000.0,,17.267,39203000000.0,,,39203000000.0,0.0,404000000.0,0.0,0.026,2.27,3345000000.0,3749000000.0,0.065,3749000000.0,3345000000.0,3345000000.0,5.87,5.82,5.87,41723000000.0,42576500000.0,41723000000.0,57839560000.0,17.0,15.428,17316000000.0,38.225,1.0,16941000000.0,0.295,0.0,0.0,784896000000.0,790240000000.0,0.0,411944000000.0,,,720439000000.0,,,39646560000.0,4878000000.0,0.0,-1397000000.0,-1955000000.0,-1059000000.0,-3097000000.0,-8849000000.0,-8520000000.0,17316000000.0,-492000000.0,2495000000.0,2495000000.0,2495000000.0,-4000000.0,86000000.0,0.043,13530000000.0,3411000000.0,0.0,0.387,0.95,15.89,14.91,0.0,0.0,87.52,0.691,0.691,0.0,17314000000.0,57369000000.0,57369000000.0,0.0,0.003,0.059,0.004,0.058,0.0,13530000000.0,1.0,453000000.0,453000000.0,,126.642,762731000000.0,0.0,850000000.0,9239000000.0,1683.733,
25,PRU,MRT,2015-03-31,2015-03-31,2015-03-31,2021-08-05,17752000000.0,778612000000.0,768737750000.0,,,0.074,98.349,0.0,19119000000.0,19119000000.0,39818000000.0,2235000000.0,,16.274,37312000000.0,,,37312000000.0,0.0,760000000.0,0.0,0.028,2.22,2754000000.0,3514000000.0,0.062,3514000000.0,2754000000.0,2754000000.0,5.06,5.01,5.06,45044000000.0,42444500000.0,45044000000.0,60998980000.0,22.0,17.359,22945000000.0,50.098,1.0,16985000000.0,0.299,0.0,0.0,796805000000.0,792523000000.0,0.0,420875000000.0,,,733038000000.0,,,36781980000.0,6647000000.0,0.0,-1420000000.0,-2281000000.0,-1043000000.0,-3454000000.0,-12471000000.0,-11605000000.0,22945000000.0,-373000000.0,2179000000.0,2179000000.0,2179000000.0,-8000000.0,56000000.0,0.038,14196000000.0,2789000000.0,0.0,0.439,0.817,16.88,15.872,0.0,0.0,80.31,0.648,0.648,0.0,16173000000.0,56803000000.0,56803000000.0,0.0,0.003,0.051,0.003,0.048,0.0,14196000000.0,1.0,458000000.0,458000000.0,,124.024,778612000000.0,0.0,575000000.0,11390000000.0,1700.026,
26,PRU,MRT,2014-12-31,2014-12-31,2014-12-31,2021-08-05,16050000000.0,766655000000.0,760768500000.0,,,0.071,91.601,0.0,14918000000.0,14918000000.0,38566000000.0,1438000000.0,,17.34,39135000000.0,,,39135000000.0,0.0,631000000.0,0.0,0.024,2.17,1730000000.0,2361000000.0,0.044,2361000000.0,1730000000.0,1730000000.0,3.25,3.23,3.25,41770000000.0,40739250000.0,41770000000.0,65489760000.0,38.0,27.738,19396000000.0,42.535,1.0,15539000000.0,0.287,0.0,0.0,790872000000.0,786645750000.0,0.0,419986000000.0,,,724306000000.0,,,41249760000.0,3479000000.0,-23000000.0,-731000000.0,1254000000.0,-1027000000.0,1629000000.0,-17088000000.0,-16737000000.0,19396000000.0,-458000000.0,1381000000.0,1381000000.0,1381000000.0,-12000000.0,57000000.0,0.026,13780000000.0,1759000000.0,0.0,0.668,0.988,29.869,27.834,0.0,0.0,90.46,0.762,0.762,0.0,14888000000.0,54105000000.0,54105000000.0,0.0,0.002,0.034,0.002,0.032,0.0,13780000000.0,1.0,456000000.0,456000000.0,,118.651,766655000000.0,0.0,349000000.0,9881000000.0,1681.261,
27,PRU,MRT,2014-09-30,2014-09-30,2014-09-30,2021-08-05,13501000000.0,764147000000.0,752050000000.0,,,0.064,91.199,0.0,17222000000.0,17222000000.0,32941000000.0,2457000000.0,,17.281,41462000000.0,,,41462000000.0,0.0,527000000.0,0.0,0.024,2.12,2570000000.0,3097000000.0,0.064,3097000000.0,2570000000.0,2570000000.0,4.95,4.86,4.95,41769000000.0,39116250000.0,41769000000.0,68767520000.0,27.0,22.205,14384000000.0,31.406,1.0,15378000000.0,0.318,0.0,0.0,788387000000.0,778368750000.0,0.0,416741000000.0,,,721795000000.0,,,40276520000.0,4572000000.0,-23000000.0,-649000000.0,3890000000.0,-1003000000.0,4208000000.0,-13735000000.0,-12745000000.0,14384000000.0,-285000000.0,2380000000.0,2380000000.0,2380000000.0,-4000000.0,77000000.0,0.049,12751000000.0,2627000000.0,0.0,0.428,0.964,16.923,17.766,0.0,0.0,87.94,0.834,0.834,0.0,16616000000.0,48319000000.0,48319000000.0,0.0,0.003,0.061,0.003,0.053,0.0,12751000000.0,1.0,458000000.0,458000000.0,,105.5,764147000000.0,0.0,190000000.0,8634000000.0,1668.443,
28,PRU,MRT,2014-06-30,2014-06-30,2014-06-30,2021-08-05,13077000000.0,765537000000.0,741794750000.0,,,0.064,89.554,0.0,12160000000.0,12160000000.0,31558000000.0,2974000000.0,,17.568,40651000000.0,,,40651000000.0,0.0,429000000.0,0.0,0.022,1.99,3816000000.0,4245000000.0,0.09,4245000000.0,3816000000.0,3816000000.0,6.02,5.91,6.02,41195000000.0,37263500000.0,41195000000.0,67395200000.0,18.0,15.876,11614000000.0,25.248,1.0,15691000000.0,0.332,0.0,0.0,794028000000.0,767976250000.0,0.0,419319000000.0,,,723730000000.0,,,40834200000.0,-885000000.0,-23000000.0,-631000000.0,4270000000.0,-945000000.0,3594000000.0,-16006000000.0,-15014000000.0,11614000000.0,-87000000.0,2895000000.0,2895000000.0,2895000000.0,-12000000.0,79000000.0,0.061,11822000000.0,3869000000.0,0.0,0.331,0.991,14.105,14.746,0.0,0.0,88.77,0.864,0.864,0.0,16357000000.0,47249000000.0,47249000000.0,0.0,0.004,0.078,0.005,0.081,0.0,11822000000.0,1.0,460000000.0,460000000.0,,102.715,765537000000.0,0.0,921000000.0,8504000000.0,1664.211,
29,PRU,MRT,2014-03-31,2014-03-31,2014-03-31,2021-08-05,10798000000.0,746735000000.0,726814250000.0,,,0.061,82.555,0.0,12472000000.0,12472000000.0,31066000000.0,1374000000.0,,18.52,39033000000.0,,,39033000000.0,0.0,343000000.0,0.0,0.022,1.86,1533000000.0,1876000000.0,0.042,1876000000.0,1533000000.0,1533000000.0,2.64,2.57,2.64,38223000000.0,35751750000.0,38223000000.0,65175950000.0,43.0,34.742,10237000000.0,22.11,1.0,13078000000.0,0.296,0.0,0.0,773296000000.0,751450750000.0,0.0,408468000000.0,,,707871000000.0,,,39192950000.0,-2005000000.0,-23000000.0,-609000000.0,4813000000.0,-888000000.0,3890000000.0,-15651000000.0,-14630000000.0,10237000000.0,-481000000.0,1291000000.0,1291000000.0,1291000000.0,-10000000.0,83000000.0,0.029,11485000000.0,1593000000.0,0.0,0.705,1.025,30.359,32.064,0.0,0.0,84.65,0.888,0.888,0.0,15517000000.0,44144000000.0,44144000000.0,0.0,0.002,0.036,0.002,0.035,0.0,11485000000.0,1.0,463000000.0,463000000.0,,95.343,746735000000.0,0.0,242000000.0,6860000000.0,1612.819,
30,PRU,MRT,2013-12-31,2013-12-31,2013-12-31,2021-08-05,8681000000.0,731781000000.0,721154750000.0,,,0.057,76.525,0.0,11439000000.0,11439000000.0,31894000000.0,-560000000.0,,19.726,37422000000.0,,,37422000000.0,0.0,411000000.0,0.0,0.019,1.73,-1725000000.0,-1314000000.0,-0.032,-1314000000.0,-1725000000.0,-1725000000.0,-1.55,-1.55,-1.55,35278000000.0,36186750000.0,35278000000.0,66204420000.0,-38.0,-50.384,8445000000.0,18.319,1.0,9567000000.0,0.231,0.0,0.0,757764000000.0,744610250000.0,0.0,398173000000.0,,,695900000000.0,,,42513420000.0,-6661000000.0,-488000000.0,-390000000.0,4017000000.0,-847000000.0,2242000000.0,-16334000000.0,-14543000000.0,8445000000.0,-1014000000.0,-667000000.0,-667000000.0,-667000000.0,-7000000.0,107000000.0,-0.016,11251000000.0,-1684000000.0,0.0,-1.116,1.205,-63.738,-59.497,0.0,0.0,92.22,1.025,1.025,0.0,14531000000.0,41461000000.0,41461000000.0,0.0,-0.001,-0.018,-0.002,-0.042,0.0,11251000000.0,1.0,461000000.0,461000000.0,,89.937,731781000000.0,0.0,-1058000000.0,5422000000.0,1587.377,
31,PRU,MRT,2013-09-30,2013-09-30,2013-09-30,2021-08-05,6899000000.0,723126000000.0,715518250000.0,,,0.108,74.207,0.0,12650000000.0,12650000000.0,67532000000.0,-314000000.0,,20.025,36341000000.0,,,36341000000.0,0.0,410000000.0,0.0,0.036,2.8,-1374000000.0,-964000000.0,-0.012,-964000000.0,-1374000000.0,-1374000000.0,-0.98,-1.01,-0.98,34358000000.0,36993000000.0,34358000000.0,58415740000.0,-43.0,-60.597,14643000000.0,31.626,1.0,9934000000.0,0.128,0.0,0.0,746817000000.0,736605000000.0,0.0,398639000000.0,,,688010000000.0,,,36104740000.0,-1256000000.0,-488000000.0,-228000000.0,4345000000.0,-1314000000.0,1516000000.0,-16284000000.0,-15481000000.0,14643000000.0,-1131000000.0,-388000000.0,-388000000.0,-388000000.0,-14000000.0,74000000.0,-0.005,11304000000.0,-1370000000.0,0.0,-2.857,1.051,-93.053,-79.571,0.0,0.0,77.98,0.466,0.466,0.0,15335000000.0,77466000000.0,77466000000.0,0.0,-0.001,-0.01,-0.002,-0.018,0.0,11304000000.0,1.0,463000000.0,463000000.0,,167.313,723126000000.0,0.0,-986000000.0,4943000000.0,1561.827,
32,PRU,MRT,2013-06-30,2013-06-30,2013-06-30,2021-08-05,8449000000.0,705615000000.0,702661250000.0,,,0.113,75.75,0.0,13045000000.0,13045000000.0,71104000000.0,-1913000000.0,,19.054,35356000000.0,,,35356000000.0,0.0,260000000.0,0.0,0.033,2.4,-3810000000.0,-3550000000.0,-0.045,-3550000000.0,-3810000000.0,-3810000000.0,-4.39,-4.39,-4.39,35148000000.0,38072250000.0,35148000000.0,55722920000.0,-15.0,-15.697,17259000000.0,37.196,1.0,8196000000.0,0.103,0.0,0.0,727926000000.0,723071500000.0,0.0,392997000000.0,,,669707000000.0,,,33885920000.0,-1197000000.0,-488000000.0,-215000000.0,2771000000.0,-1125000000.0,454000000.0,-17764000000.0,-17016000000.0,17259000000.0,-1146000000.0,-1999000000.0,-1999000000.0,-1999000000.0,-4000000.0,86000000.0,-0.025,12022000000.0,-3826000000.0,0.0,-0.547,0.964,-16.951,-16.636,0.0,0.0,73.03,0.427,0.427,0.0,14486000000.0,79300000000.0,79300000000.0,0.0,-0.003,-0.053,-0.005,-0.048,0.0,12022000000.0,1.0,464000000.0,464000000.0,,170.905,705615000000.0,0.0,-1811000000.0,5106000000.0,1520.722,
33,PRU,MRT,2013-03-31,2013-03-31,2013-03-31,2021-08-05,12418000000.0,724097000000.0,688123250000.0,,,0.124,85.942,0.0,14477000000.0,14477000000.0,72519000000.0,813000000.0,,17.102,36314000000.0,,,36314000000.0,0.0,306000000.0,0.0,0.034,2.0,-54000000.0,252000000.0,0.003,252000000.0,-54000000.0,-54000000.0,1.48,1.42,1.48,39963000000.0,38790500000.0,39963000000.0,43938350000.0,-814.0,174.359,20329000000.0,43.718,1.0,12876000000.0,0.151,0.0,0.0,745934000000.0,708311250000.0,0.0,407477000000.0,,,683431000000.0,,,27430350000.0,276000000.0,-488000000.0,-292000000.0,1908000000.0,-935000000.0,-2475000000.0,-16848000000.0,-16259000000.0,20329000000.0,-730000000.0,739000000.0,739000000.0,739000000.0,-9000000.0,74000000.0,0.009,12964000000.0,-88000000.0,0.0,1.351,0.686,37.118,39.858,0.0,0.0,58.99,0.321,0.321,0.0,15203000000.0,85395000000.0,85395000000.0,0.0,0.001,0.019,0.0,-0.001,0.0,12964000000.0,1.0,465000000.0,465000000.0,,183.645,724097000000.0,0.0,-793000000.0,8039000000.0,1557.198,
34,PRU,MRT,2012-12-31,2012-12-31,2012-12-31,2021-08-05,10214000000.0,709235000000.0,666533250000.0,,,0.127,83.34,0.0,18100000000.0,18100000000.0,71541000000.0,570000000.0,,17.404,34608000000.0,,,34608000000.0,0.0,302000000.0,0.0,0.03,1.6,733000000.0,1035000000.0,0.012,1035000000.0,733000000.0,733000000.0,1.06,1.05,1.06,38503000000.0,37535250000.0,38503000000.0,45623460000.0,62.0,44.081,20909000000.0,45.258,1.0,13306000000.0,0.157,0.0,0.0,725743000000.0,686520250000.0,0.0,405582000000.0,,,670123000000.0,,,24638460000.0,3849000000.0,0.0,-500000000.0,2674000000.0,-768000000.0,-1305000000.0,-15420000000.0,-15563000000.0,20909000000.0,-335000000.0,520000000.0,520000000.0,520000000.0,-15000000.0,50000000.0,0.006,12598000000.0,708000000.0,0.0,1.509,0.64,47.382,50.311,0.0,0.0,53.33,0.29,0.29,0.0,16066000000.0,84847000000.0,84847000000.0,0.0,0.001,0.014,0.001,0.009,0.0,12598000000.0,1.0,462000000.0,462000000.0,,183.652,709235000000.0,0.0,213000000.0,8512000000.0,1535.141,
35,PRU,MRT,2012-09-30,2012-09-30,2012-09-30,2021-08-05,9650000000.0,671698000000.0,644285500000.0,,,0.079,83.351,0.0,13906000000.0,13906000000.0,35986000000.0,1410000000.0,,16.35,34891000000.0,,,34891000000.0,0.0,318000000.0,0.0,0.027,1.45,2186000000.0,2504000000.0,0.049,2504000000.0,2186000000.0,2186000000.0,2.67,2.59,2.67,38675000000.0,36472750000.0,38675000000.0,46714640000.0,21.0,18.656,13305000000.0,28.675,1.0,14657000000.0,0.289,0.0,0.0,692683000000.0,665007750000.0,0.0,378072000000.0,,,632332000000.0,,,25292640000.0,-1620000000.0,0.0,-804000000.0,2016000000.0,-706000000.0,-1163000000.0,-13723000000.0,-13953000000.0,13305000000.0,-39000000.0,1389000000.0,1389000000.0,1389000000.0,-26000000.0,21000000.0,0.027,12535000000.0,2122000000.0,0.0,0.543,0.654,18.209,20.416,0.0,0.0,54.51,0.499,0.499,0.0,16896000000.0,50643000000.0,50643000000.0,0.0,0.002,0.038,0.003,0.043,0.0,12535000000.0,1.0,464000000.0,464000000.0,,109.144,671698000000.0,0.0,797000000.0,8896000000.0,1447.625,
36,PRU,MRT,2012-06-30,2012-06-30,2012-06-30,2021-08-05,8290000000.0,647463000000.0,629229250000.0,,,0.083,81.415,0.0,14242000000.0,14242000000.0,33186000000.0,3573000000.0,,16.013,35664000000.0,,,35664000000.0,0.0,326000000.0,0.0,0.03,1.45,5552000000.0,5878000000.0,0.112,5878000000.0,5552000000.0,5552000000.0,7.23,7.11,7.23,38021000000.0,36091250000.0,38021000000.0,43649810000.0,8.0,7.426,13239000000.0,28.349,1.0,19244000000.0,0.367,0.0,0.0,668885000000.0,649087000000.0,0.0,366565000000.0,,,608833000000.0,,,22616810000.0,333000000.0,0.0,-1352000000.0,2191000000.0,-705000000.0,-443000000.0,-12497000000.0,-13062000000.0,13239000000.0,34000000.0,3567000000.0,3567000000.0,3567000000.0,-19000000.0,6000000.0,0.068,13786000000.0,5458000000.0,0.0,0.201,0.595,6.341,6.698,0.0,0.0,48.43,0.431,0.431,0.0,17524000000.0,52430000000.0,52430000000.0,0.0,0.006,0.099,0.009,0.106,0.0,13786000000.0,1.0,467000000.0,467000000.0,,112.27,647463000000.0,0.0,1985000000.0,8566000000.0,1386.43,
37,PRU,MRT,2012-03-31,2012-03-31,2012-03-31,2021-08-05,7226000000.0,637737000000.0,620707750000.0,,,0.078,74.345,0.0,14201000000.0,14201000000.0,31868000000.0,2152000000.0,,17.234,35234000000.0,,,35234000000.0,0.0,414000000.0,0.0,0.023,1.45,3666000000.0,4080000000.0,0.084,4080000000.0,3666000000.0,3666000000.0,4.08,4.0,4.08,34942000000.0,35346750000.0,34942000000.0,48718300000.0,13.0,11.941,10913000000.0,23.219,1.0,16670000000.0,0.343,0.0,0.0,658770000000.0,640010000000.0,0.0,354700000000.0,,,602199000000.0,,,29793300000.0,3206000000.0,0.0,-1086000000.0,3470000000.0,-707000000.0,3789000000.0,-11587000000.0,-12067000000.0,10913000000.0,91000000.0,2132000000.0,2132000000.0,2132000000.0,-28000000.0,20000000.0,0.044,13097000000.0,3573000000.0,0.0,0.355,0.853,13.974,15.537,0.0,0.0,63.39,0.614,0.614,0.0,15339000000.0,48538000000.0,48538000000.0,0.0,0.003,0.06,0.006,0.076,0.0,13097000000.0,1.0,470000000.0,470000000.0,,103.272,637737000000.0,0.0,1534000000.0,7552000000.0,1356.887,
38,PRU,MRT,2011-12-31,2011-12-31,2011-12-31,2021-08-05,5245000000.0,620244000000.0,611025500000.0,,,0.08,72.879,0.0,14251000000.0,14251000000.0,30821000000.0,3666000000.0,,17.091,33700000000.0,,,33700000000.0,0.0,290000000.0,0.0,0.029,1.45,5147000000.0,5437000000.0,0.111,5437000000.0,5147000000.0,5147000000.0,7.21,7.12,7.21,34253000000.0,34785250000.0,34253000000.0,41083400000.0,8.0,7.556,12377000000.0,26.334,1.0,18264000000.0,0.372,0.0,0.0,639693000000.0,630374500000.0,0.0,356247000000.0,,,585403000000.0,,,23556400000.0,1336000000.0,-2321000000.0,-877000000.0,1757000000.0,-704000000.0,2099000000.0,-13295000000.0,-11156000000.0,12377000000.0,155000000.0,3632000000.0,3632000000.0,3632000000.0,-35000000.0,34000000.0,0.074,13300000000.0,4964000000.0,0.0,0.201,0.688,6.486,6.951,0.0,0.0,50.12,0.48,0.48,0.0,16629000000.0,49085000000.0,49085000000.0,0.0,0.006,0.104,0.008,0.105,0.0,13300000000.0,1.0,470000000.0,470000000.0,,104.436,620244000000.0,0.0,1515000000.0,6558000000.0,1319.668,
39,PRU,MRT,2011-09-30,2011-09-30,2011-09-30,2021-08-05,5292000000.0,611473000000.0,590928000000.0,,,0.077,76.754,0.0,15526000000.0,15526000000.0,28942000000.0,3003000000.0,,15.442,33053000000.0,,,33053000000.0,0.0,154000000.0,0.0,0.025,1.15,4181000000.0,4335000000.0,0.095,4335000000.0,4181000000.0,4181000000.0,5.94,5.87,5.94,37149000000.0,34325750000.0,37149000000.0,41880240000.0,10.0,9.661,12759000000.0,26.362,1.0,16469000000.0,0.363,0.0,0.0,629000000000.0,610066000000.0,0.0,352560000000.0,,,573669000000.0,,,22680240000.0,3553000000.0,-2321000000.0,384000000.0,2427000000.0,-584000000.0,3948000000.0,-13376000000.0,-11182000000.0,12759000000.0,222000000.0,2927000000.0,2927000000.0,2927000000.0,-34000000.0,76000000.0,0.064,12476000000.0,3993000000.0,0.0,0.194,0.611,7.749,7.889,0.0,0.0,46.86,0.499,0.499,0.0,19332000000.0,45411000000.0,45411000000.0,0.0,0.005,0.085,0.007,0.092,0.0,12476000000.0,1.0,484000000.0,484000000.0,,93.824,611473000000.0,0.0,1254000000.0,8319000000.0,1263.374,
40,PRU,MRT,2011-06-30,2011-06-30,2011-06-30,2021-08-05,4014000000.0,613377000000.0,569790750000.0,,,0.071,72.105,0.0,13909000000.0,13909000000.0,26816000000.0,2641000000.0,,16.487,33109000000.0,,,33109000000.0,0.0,102000000.0,0.0,0.018,1.15,3495000000.0,3597000000.0,0.089,3597000000.0,3495000000.0,3495000000.0,5.22,5.15,5.22,35043000000.0,33425000000.0,35043000000.0,52124740000.0,15.0,14.491,9165000000.0,18.858,1.0,13581000000.0,0.336,0.0,0.0,632577000000.0,589264500000.0,0.0,335509000000.0,,,577741000000.0,,,30904740000.0,2557000000.0,-2321000000.0,1077000000.0,2803000000.0,-584000000.0,3926000000.0,-10871000000.0,-8410000000.0,9165000000.0,337000000.0,2577000000.0,2577000000.0,2577000000.0,-45000000.0,64000000.0,0.064,10244000000.0,3337000000.0,0.0,0.22,0.882,11.993,12.182,0.0,0.0,63.59,0.765,0.765,0.0,17811000000.0,40397000000.0,40397000000.0,0.0,0.005,0.077,0.006,0.087,0.0,10244000000.0,1.0,486000000.0,486000000.0,,83.121,613377000000.0,0.0,918000000.0,6542000000.0,1262.093,
41,PRU,MRT,2011-03-31,2011-03-31,2011-03-31,2021-08-05,2564000000.0,599008000000.0,540443500000.0,,,0.072,67.276,0.0,10995000000.0,10995000000.0,25492000000.0,2927000000.0,,17.304,32215000000.0,,,32215000000.0,0.0,-92000000.0,0.0,0.019,1.15,3917000000.0,3825000000.0,0.098,3825000000.0,3917000000.0,3917000000.0,5.34,5.27,5.34,32696000000.0,32095250000.0,32696000000.0,48532880000.0,12.0,12.688,8824000000.0,18.156,1.0,13648000000.0,0.349,0.0,0.0,620228000000.0,559913750000.0,0.0,328310000000.0,,,565762000000.0,,,29927880000.0,1369000000.0,-2321000000.0,1085000000.0,345000000.0,-582000000.0,1157000000.0,-8784000000.0,-6466000000.0,8824000000.0,172000000.0,2865000000.0,2865000000.0,2865000000.0,-44000000.0,62000000.0,0.073,9889000000.0,3759000000.0,0.0,0.215,0.915,10.446,11.532,0.0,0.0,61.58,0.765,0.765,0.0,16978000000.0,39140000000.0,39140000000.0,0.0,0.005,0.089,0.007,0.1,0.0,9889000000.0,1.0,486000000.0,486000000.0,,80.535,599008000000.0,0.0,1052000000.0,5602000000.0,1232.527,
42,PRU,MRT,2010-12-31,2010-12-31,2010-12-31,2021-08-05,2978000000.0,539854000000.0,513656750000.0,,,0.074,69.71,0.0,12915000000.0,12915000000.0,24683000000.0,3012000000.0,,15.639,31520000000.0,,,31520000000.0,0.0,-104000000.0,0.0,0.02,1.15,4244000000.0,4140000000.0,0.108,4140000000.0,4244000000.0,4244000000.0,5.38,5.32,5.38,32415000000.0,30671250000.0,32415000000.0,46170150000.0,11.0,11.152,6542000000.0,14.069,1.0,13534000000.0,0.354,0.0,0.0,558459000000.0,533120000000.0,0.0,283912000000.0,,,506926000000.0,,,27300150000.0,-249000000.0,0.0,1068000000.0,644000000.0,-575000000.0,1613000000.0,-8522000000.0,-8944000000.0,6542000000.0,118000000.0,3001000000.0,3001000000.0,3001000000.0,-33000000.0,11000000.0,0.079,9394000000.0,4140000000.0,0.0,0.214,0.842,9.097,10.913,0.0,0.0,58.71,0.714,0.714,0.0,16381000000.0,38217000000.0,38217000000.0,0.0,0.006,0.098,0.008,0.111,0.0,9394000000.0,1.0,465000000.0,465000000.0,,82.187,539854000000.0,0.0,1243000000.0,6353000000.0,1160.976,
43,PRU,MRT,2010-09-30,2010-09-30,2010-09-30,2021-08-05,4729000000.0,526924000000.0,498744000000.0,,,0.077,72.142,0.0,11973000000.0,11973000000.0,24404000000.0,4892000000.0,,14.692,30843000000.0,,,30843000000.0,0.0,-39000000.0,0.0,0.013,0.7,6440000000.0,6401000000.0,0.166,6401000000.0,6440000000.0,6440000000.0,9.32,9.22,9.32,33546000000.0,28866250000.0,33546000000.0,44379700000.0,7.0,6.933,5741000000.0,12.346,1.0,14180000000.0,0.368,0.0,0.0,545794000000.0,517813000000.0,0.0,287395000000.0,,,492856000000.0,,,25193700000.0,2000000.0,4500000000.0,103000000.0,-2280000000.0,-350000000.0,-3716000000.0,-2305000000.0,-7235000000.0,5741000000.0,282000000.0,4883000000.0,4883000000.0,4883000000.0,25000000.0,9000000.0,0.127,9232000000.0,4948000000.0,0.0,0.075,0.751,5.159,5.813,0.0,0.0,54.18,0.653,0.653,0.0,16794000000.0,38584000000.0,38584000000.0,0.0,0.01,0.169,0.012,0.167,0.0,9232000000.0,1.0,465000000.0,465000000.0,,82.976,526924000000.0,0.0,1557000000.0,7058000000.0,1133.17,
44,PRU,MRT,2010-06-30,2010-06-30,2010-06-30,2021-08-05,2200000000.0,495988000000.0,485879750000.0,,,0.077,64.06,0.0,11352000000.0,11352000000.0,23988000000.0,4682000000.0,,15.668,30538000000.0,,,30538000000.0,0.0,-56000000.0,0.0,0.013,0.7,5601000000.0,5545000000.0,0.149,5545000000.0,5601000000.0,5601000000.0,9.18,9.11,9.18,29724000000.0,26554250000.0,29724000000.0,46090240000.0,8.0,8.312,4632000000.0,9.983,1.0,13222000000.0,0.355,0.0,0.0,515174000000.0,505273750000.0,0.0,273617000000.0,,,465719000000.0,,,24898240000.0,-2139000000.0,4500000000.0,102000000.0,-2110000000.0,-350000000.0,-5252000000.0,-1720000000.0,-6230000000.0,4632000000.0,201000000.0,4721000000.0,4721000000.0,4721000000.0,27000000.0,-39000000.0,0.127,9176000000.0,4046000000.0,0.0,0.076,0.838,5.274,5.845,0.0,0.0,53.66,0.669,0.669,0.0,15555000000.0,37210000000.0,37210000000.0,0.0,0.01,0.178,0.011,0.151,0.0,9176000000.0,1.0,464000000.0,464000000.0,,80.194,495988000000.0,0.0,880000000.0,5311000000.0,1068.94,
45,PRU,MRT,2010-03-31,2010-03-31,2010-03-31,2021-08-05,620000000.0,491861000000.0,473061750000.0,,,0.07,58.065,0.0,9626000000.0,9626000000.0,22614000000.0,3758000000.0,,17.198,30818000000.0,,,30818000000.0,0.0,2000000.0,0.0,0.012,0.7,4098000000.0,4100000000.0,0.124,4100000000.0,4098000000.0,4098000000.0,8.71,8.66,8.71,27000000000.0,23641500000.0,27000000000.0,45160500000.0,11.0,11.015,3253000000.0,6.996,1.0,10488000000.0,0.317,0.0,0.0,513053000000.0,492234500000.0,0.0,266475000000.0,,,464355000000.0,,,28132500000.0,-4710000000.0,4500000000.0,1476000000.0,-4810000000.0,-350000000.0,-7961000000.0,-210000000.0,-4720000000.0,3253000000.0,208000000.0,3807000000.0,3807000000.0,3807000000.0,20000000.0,-49000000.0,0.115,7958000000.0,2530000000.0,0.0,0.08,1.042,7.39,6.946,0.0,0.0,60.5,0.85,0.85,0.0,14478000000.0,33102000000.0,33102000000.0,0.0,0.008,0.161,0.008,0.124,0.0,7958000000.0,1.0,465000000.0,465000000.0,,71.187,491861000000.0,0.0,291000000.0,4059000000.0,1057.766,
46,PRU,MRT,2009-12-31,2009-12-31,2009-12-31,2021-08-05,-443000000.0,480203000000.0,456978750000.0,,,0.071,54.535,0.0,13164000000.0,13164000000.0,22128000000.0,3090000000.0,,18.038,30192000000.0,,,30192000000.0,0.0,175000000.0,0.0,0.014,0.7,3062000000.0,3237000000.0,0.1,3237000000.0,3062000000.0,3062000000.0,7.68,7.63,7.68,25195000000.0,20124000000.0,25195000000.0,43159120000.0,14.0,13.333,5840000000.0,12.641,1.0,10252000000.0,0.317,0.0,0.0,497231000000.0,476093500000.0,0.0,260552000000.0,,,454474000000.0,,,22989120000.0,-1864000000.0,4500000000.0,1455000000.0,-9059000000.0,-347000000.0,-10421000000.0,2429000000.0,-1878000000.0,5840000000.0,288000000.0,3124000000.0,3124000000.0,3124000000.0,19000000.0,-34000000.0,0.096,8728000000.0,1524000000.0,0.0,0.091,0.912,7.359,6.479,0.0,0.0,49.76,0.71,0.71,0.0,13787000000.0,32380000000.0,32380000000.0,0.0,0.007,0.155,0.006,0.095,0.0,8728000000.0,1.0,462000000.0,462000000.0,,70.087,480203000000.0,0.0,-62000000.0,4014000000.0,1039.4,
47,PRU,MRT,2009-09-30,2009-09-30,2009-09-30,2021-08-05,99000000.0,475467000000.0,448180750000.0,,,0.068,52.707,0.0,11971000000.0,11971000000.0,22289000000.0,-368000000.0,,18.546,32141000000.0,,,32141000000.0,0.0,502000000.0,0.0,0.012,0.58,-1092000000.0,-590000000.0,-0.019,-590000000.0,-1092000000.0,-1092000000.0,-0.18,-0.18,-0.18,24298000000.0,17184000000.0,24298000000.0,41309510000.0,-38.0,-70.016,9226000000.0,20.013,1.0,8357000000.0,0.273,0.0,0.0,495637000000.0,468962750000.0,0.0,258320000000.0,,,450620000000.0,,,23008510000.0,610000000.0,0.0,1391000000.0,-8790000000.0,-270000000.0,-7846000000.0,-963000000.0,-372000000.0,9226000000.0,193000000.0,-323000000.0,-323000000.0,-323000000.0,-97000000.0,-45000000.0,-0.011,9236000000.0,-879000000.0,0.0,-3.222,0.947,-71.234,-277.278,0.0,0.0,49.91,0.751,0.751,0.0,12287000000.0,30646000000.0,30646000000.0,0.0,-0.001,-0.019,-0.002,-0.036,0.0,9236000000.0,1.0,461000000.0,461000000.0,,66.477,475467000000.0,0.0,-769000000.0,3407000000.0,1031.382,
48,PRU,MRT,2009-06-30,2009-06-30,2009-06-30,2021-08-05,-5002000000.0,444716000000.0,444413500000.0,,,0.066,42.625,0.0,13491000000.0,13491000000.0,21710000000.0,-1571000000.0,,23.573,31792000000.0,,,31792000000.0,0.0,701000000.0,0.0,0.016,0.58,-2346000000.0,-1645000000.0,-0.056,-1645000000.0,-2346000000.0,-2346000000.0,-2.79,-2.78,-2.79,18073000000.0,15784250000.0,18073000000.0,36741280000.0,-16.0,-22.335,10992000000.0,25.925,1.0,7423000000.0,0.255,0.0,0.0,463017000000.0,467521500000.0,0.0,243649000000.0,,,426041000000.0,,,15781280000.0,3548000000.0,0.0,1018000000.0,-8099000000.0,-271000000.0,-1952000000.0,-5519000000.0,-5410000000.0,10992000000.0,27000000.0,-1581000000.0,-1581000000.0,-1581000000.0,-102000000.0,10000000.0,-0.054,9346000000.0,-1923000000.0,0.0,-0.208,0.873,-9.982,-13.341,0.0,0.0,37.22,0.542,0.542,0.0,11238000000.0,29133000000.0,29133000000.0,0.0,-0.004,-0.1,-0.005,-0.081,0.0,9346000000.0,1.0,424000000.0,424000000.0,,68.71,444716000000.0,0.0,-765000000.0,777000000.0,1048.858,
49,PRU,MRT,2009-03-31,2009-03-31,2009-03-31,2021-08-05,-8575000000.0,427529000000.0,451887250000.0,,,0.066,30.495,0.0,14336000000.0,14336000000.0,21362000000.0,-1162000000.0,,32.02,35296000000.0,,,35296000000.0,0.0,753000000.0,0.0,0.03,0.58,-1705000000.0,-952000000.0,-0.032,-952000000.0,-1705000000.0,-1705000000.0,-2.71,-2.71,-2.71,12930000000.0,16658250000.0,12930000000.0,31781480000.0,-19.0,-33.384,12023000000.0,28.356,1.0,8595000000.0,0.287,0.0,0.0,448489000000.0,477670750000.0,0.0,236427000000.0,,,414023000000.0,,,8064480000.0,4576000000.0,0.0,-1207000000.0,-6453000000.0,-273000000.0,47000000.0,-7190000000.0,-6667000000.0,12023000000.0,-304000000.0,-1163000000.0,-1163000000.0,-1163000000.0,-77000000.0,1000000.0,-0.039,9880000000.0,-1285000000.0,0.0,-0.214,0.624,-6.934,-7.018,0.0,0.0,19.02,0.269,0.269,0.0,11117000000.0,29957000000.0,29957000000.0,0.0,-0.003,-0.07,-0.004,-0.057,0.0,9880000000.0,1.0,424000000.0,424000000.0,,70.653,427529000000.0,1444000000.0,-542000000.0,773000000.0,1008.323,
50,PRU,MRT,2008-12-31,2008-12-31,2008-12-31,2021-08-05,-7343000000.0,445011000000.0,464585000000.0,,,0.062,31.836,0.0,15028000000.0,15028000000.0,21084000000.0,-1081000000.0,,32.097,38725000000.0,,,38725000000.0,0.0,717000000.0,0.0,0.019,0.58,-1634000000.0,-917000000.0,-0.032,-917000000.0,-1634000000.0,-1634000000.0,-2.53,-2.53,-2.53,13435000000.0,19100000000.0,13435000000.0,42243720000.0,-26.0,-46.067,10855000000.0,25.723,1.0,7906000000.0,0.273,0.0,0.0,468708000000.0,492707250000.0,0.0,242025000000.0,,,431225000000.0,,,12769720000.0,3968000000.0,0.0,-2056000000.0,-4851000000.0,-317000000.0,3721000000.0,-10705000000.0,-10354000000.0,10855000000.0,97000000.0,-1117000000.0,-1117000000.0,-1117000000.0,-75000000.0,36000000.0,-0.039,9132000000.0,-1226000000.0,0.0,-0.229,0.95,-11.432,-11.96,0.0,0.0,30.26,0.44,0.44,0.0,10426000000.0,28990000000.0,28990000000.0,0.0,-0.002,-0.058,-0.003,-0.056,0.0,9132000000.0,1.0,422000000.0,422000000.0,,68.697,445011000000.0,1106000000.0,-517000000.0,459000000.0,1054.528,
51,PRU,MRT,2008-09-30,2008-09-30,2008-09-30,2021-08-05,-3828000000.0,460398000000.0,474785750000.0,,,0.065,43.998,0.0,11361000000.0,11361000000.0,20818000000.0,1398000000.0,,23.622,40835000000.0,,,40835000000.0,0.0,553000000.0,0.0,0.016,1.15,1385000000.0,1938000000.0,0.062,1938000000.0,1385000000.0,1385000000.0,2.9,2.9,2.9,18699000000.0,21605500000.0,18699000000.0,59603000000.0,43.0,30.755,8223000000.0,19.348,1.0,10263000000.0,0.33,0.0,0.0,489872000000.0,504518500000.0,0.0,240907000000.0,,,441699000000.0,,,30600000000.0,1456000000.0,0.0,-2721000000.0,-1035000000.0,-536000000.0,5939000000.0,-12690000000.0,-12308000000.0,8223000000.0,-16000000.0,1294000000.0,1294000000.0,1294000000.0,-17000000.0,104000000.0,0.042,8775000000.0,1488000000.0,1228000000.0,0.397,1.636,23.648,24.828,0.0,0.0,72.0,0.985,0.985,1838000000.0,12316000000.0,31081000000.0,31081000000.0,0.0,0.003,0.06,0.003,0.045,0.0,8775000000.0,1.0,425000000.0,425000000.0,,73.132,460398000000.0,0.0,91000000.0,1350000000.0,1083.289,
52,PRU,MRT,2008-06-30,2008-06-30,2008-06-30,2021-08-05,-1445000000.0,474611000000.0,479789750000.0,,,0.068,49.698,0.0,9943000000.0,9943000000.0,20717000000.0,2436000000.0,,21.004,38946000000.0,,,38946000000.0,0.0,450000000.0,0.0,0.019,1.15,2893000000.0,3343000000.0,0.103,3343000000.0,2893000000.0,2893000000.0,5.06,5.03,5.06,21569000000.0,22675000000.0,21569000000.0,56242160000.0,19.0,16.824,6834000000.0,15.747,1.0,11727000000.0,0.361,0.0,0.0,503614000000.0,509105500000.0,0.0,243651000000.0,,,453042000000.0,,,25927160000.0,3472000000.0,0.0,-3126000000.0,2796000000.0,-536000000.0,5182000000.0,-8556000000.0,-8303000000.0,6834000000.0,12000000.0,2337000000.0,2337000000.0,2337000000.0,-8000000.0,99000000.0,0.072,8923000000.0,2804000000.0,1377000000.0,0.227,1.202,11.094,11.806,0.0,0.0,59.74,0.799,0.799,1961000000.0,12490000000.0,32444000000.0,32444000000.0,0.0,0.005,0.103,0.006,0.089,0.0,8923000000.0,1.0,434000000.0,434000000.0,,74.756,474611000000.0,0.0,556000000.0,2798000000.0,1093.574,
53,PRU,MRT,2008-03-31,2008-03-31,2008-03-31,2021-08-05,-539000000.0,478320000000.0,476590250000.0,,,0.07,50.89,0.0,9760000000.0,9760000000.0,20866000000.0,2693000000.0,,20.074,40075000000.0,,,40075000000.0,0.0,383000000.0,0.0,0.015,1.15,3422000000.0,3805000000.0,0.115,3805000000.0,3422000000.0,3422000000.0,5.56,5.51,5.56,22697000000.0,23018500000.0,22697000000.0,65038500000.0,19.0,17.093,6669000000.0,14.953,1.0,12300000000.0,0.371,0.0,0.0,508635000000.0,505574000000.0,0.0,247603000000.0,,,455623000000.0,,,34899500000.0,2952000000.0,0.0,-2990000000.0,3202000000.0,-536000000.0,5113000000.0,-9178000000.0,-8822000000.0,6669000000.0,348000000.0,2602000000.0,2602000000.0,2602000000.0,18000000.0,91000000.0,0.078,8981000000.0,3319000000.0,1396000000.0,0.207,1.538,13.413,14.074,0.0,0.0,78.25,1.052,1.052,1975000000.0,11904000000.0,33166000000.0,33166000000.0,0.0,0.005,0.113,0.007,0.103,0.0,8981000000.0,1.0,446000000.0,446000000.0,,74.363,478320000000.0,0.0,820000000.0,3575000000.0,1072.466,
54,PRU,MRT,2007-12-31,2007-12-31,2007-12-31,2021-08-05,447000000.0,485814000000.0,471737250000.0,,,0.073,51.896,0.0,11060000000.0,11060000000.0,20874000000.0,3729000000.0,,19.711,41199000000.0,,,41199000000.0,0.0,339000000.0,0.0,0.012,1.15,4882000000.0,5221000000.0,0.152,5221000000.0,4882000000.0,4882000000.0,7.61,7.51,7.61,23457000000.0,23228250000.0,23457000000.0,69860080000.0,14.0,13.381,5992000000.0,13.257,1.0,13503000000.0,0.393,0.0,0.0,515953000000.0,500407500000.0,0.0,243557000000.0,,,462357000000.0,,,42054080000.0,2471000000.0,0.0,-2779000000.0,4111000000.0,-533000000.0,1567000000.0,-5058000000.0,-4797000000.0,5992000000.0,-30000000.0,3662000000.0,3662000000.0,3662000000.0,-20000000.0,67000000.0,0.107,8820000000.0,4683000000.0,0.0,0.151,1.793,11.484,12.226,0.0,0.0,93.04,1.223,1.223,0.0,11841000000.0,34377000000.0,34377000000.0,0.0,0.008,0.158,0.01,0.142,0.0,8820000000.0,1.0,452000000.0,452000000.0,,76.055,485814000000.0,0.0,1220000000.0,3553000000.0,1074.81,
55,PRU,MRT,2007-09-30,2007-09-30,2007-09-30,2021-08-05,-324000000.0,480414000000.0,463850250000.0,,,0.074,50.059,0.0,9905000000.0,9905000000.0,20621000000.0,3870000000.0,,19.908,37711000000.0,,,37711000000.0,0.0,237000000.0,0.0,0.01,0.95,5352000000.0,5589000000.0,0.162,5589000000.0,5352000000.0,5352000000.0,7.87,7.74,7.87,22977000000.0,23087000000.0,22977000000.0,72464220000.0,14.0,12.966,6455000000.0,14.063,1.0,13779000000.0,0.401,0.0,0.0,508220000000.0,491698500000.0,0.0,241148000000.0,,,457437000000.0,,,44789220000.0,338000000.0,0.0,-2683000000.0,6785000000.0,-470000000.0,3566000000.0,-9689000000.0,-9529000000.0,6455000000.0,6000000.0,3870000000.0,3870000000.0,3870000000.0,-23000000.0,0.0,0.113,8712000000.0,5067000000.0,1593000000.0,0.121,1.949,11.573,12.399,0.0,0.0,97.58,1.302,1.302,2149000000.0,11511000000.0,34400000000.0,34400000000.0,0.0,0.008,0.168,0.011,0.156,0.0,8712000000.0,1.0,459000000.0,459000000.0,,74.946,480414000000.0,0.0,1482000000.0,2968000000.0,1046.654,
56,PRU,MRT,2007-06-30,2007-06-30,2007-06-30,2021-08-05,-148000000.0,461813000000.0,455472000000.0,,,0.075,49.553,0.0,6471000000.0,6471000000.0,20656000000.0,4208000000.0,,19.129,34146000000.0,,,34146000000.0,0.0,311000000.0,0.0,0.01,0.95,5758000000.0,6069000000.0,0.177,6069000000.0,5758000000.0,5758000000.0,8.39,8.24,8.39,22943000000.0,23142250000.0,22943000000.0,74078490000.0,13.0,12.206,7216000000.0,15.585,1.0,13712000000.0,0.399,0.0,0.0,489488000000.0,482061500000.0,0.0,235586000000.0,,,438870000000.0,,,45017490000.0,-1940000000.0,0.0,-2508000000.0,925000000.0,-469000000.0,-783000000.0,-8309000000.0,-8185000000.0,7216000000.0,-64000000.0,4208000000.0,4208000000.0,4208000000.0,-93000000.0,0.0,0.122,8292000000.0,5420000000.0,1556000000.0,0.113,1.962,10.698,11.589,0.0,0.0,97.23,1.31,1.31,2127000000.0,10644000000.0,34368000000.0,34368000000.0,0.0,0.009,0.182,0.012,0.168,0.0,8292000000.0,1.0,463000000.0,463000000.0,,74.229,461813000000.0,0.0,1550000000.0,2922000000.0,997.436,
57,PRU,MRT,2007-03-31,2007-03-31,2007-03-31,2021-08-05,692000000.0,458908000000.0,450187500000.0,,,0.074,49.97,0.0,6808000000.0,6808000000.0,20336000000.0,3815000000.0,,18.498,35869000000.0,,,35869000000.0,0.0,328000000.0,0.0,0.011,0.95,5206000000.0,5534000000.0,0.166,5534000000.0,5206000000.0,5206000000.0,7.46,7.33,7.46,23536000000.0,22780000000.0,23536000000.0,69640460000.0,13.0,12.584,4620000000.0,9.809,1.0,12920000000.0,0.389,0.0,0.0,487969000000.0,477240500000.0,0.0,237260000000.0,,,435372000000.0,,,42512460000.0,-1790000000.0,724000000.0,-2421000000.0,5246000000.0,-468000000.0,4237000000.0,-10691000000.0,-11167000000.0,4620000000.0,44000000.0,3815000000.0,3815000000.0,3815000000.0,-112000000.0,0.0,0.115,8060000000.0,4860000000.0,1472000000.0,0.127,1.806,11.144,12.099,0.0,0.0,90.26,1.278,1.278,2021000000.0,9894000000.0,33256000000.0,33256000000.0,0.0,0.008,0.167,0.011,0.157,0.0,8060000000.0,1.0,471000000.0,471000000.0,,70.607,458908000000.0,0.0,1391000000.0,3212000000.0,974.327,
58,PRU,MRT,2006-12-31,2006-12-31,2006-12-31,2021-08-05,519000000.0,454266000000.0,443864750000.0,,,0.073,47.992,0.0,8589000000.0,8589000000.0,19822000000.0,3428000000.0,,18.844,35440000000.0,,,35440000000.0,0.0,350000000.0,0.0,0.011,0.95,4673000000.0,5023000000.0,0.156,5023000000.0,4673000000.0,4673000000.0,6.63,6.5,6.63,22892000000.0,22479500000.0,22892000000.0,63726220000.0,14.0,12.687,4375000000.0,9.172,1.0,12446000000.0,0.386,0.0,0.0,481117000000.0,469833250000.0,0.0,235417000000.0,,,431374000000.0,,,40955220000.0,790000000.0,724000000.0,-2346000000.0,7448000000.0,-440000000.0,6522000000.0,-10147000000.0,-10670000000.0,4375000000.0,40000000.0,3428000000.0,3428000000.0,3428000000.0,-71000000.0,0.0,0.106,8052000000.0,4394000000.0,1458000000.0,0.143,1.789,11.947,12.95,0.0,0.0,85.86,1.269,1.269,1958000000.0,8844000000.0,32268000000.0,32268000000.0,0.0,0.008,0.152,0.01,0.145,0.0,8052000000.0,1.0,477000000.0,477000000.0,,67.648,454266000000.0,0.0,1245000000.0,3108000000.0,952.34,
59,PRU,MRT,2006-09-30,2006-09-30,2006-09-30,2021-08-05,894000000.0,446901000000.0,433641750000.0,,,0.072,47.831,0.0,9567000000.0,9567000000.0,19641000000.0,2755000000.0,,18.265,32338000000.0,,,32338000000.0,0.0,326000000.0,0.0,0.01,0.78,3866000000.0,4192000000.0,0.135,4192000000.0,3866000000.0,3866000000.0,5.55,5.45,5.55,23198000000.0,22447250000.0,23198000000.0,66510250000.0,17.0,15.866,2114000000.0,4.359,1.0,11385000000.0,0.367,0.0,0.0,469672000000.0,458978750000.0,0.0,228911000000.0,,,423703000000.0,,,36981250000.0,1191000000.0,724000000.0,-2343000000.0,8641000000.0,-403000000.0,7465000000.0,-8295000000.0,-9711000000.0,2114000000.0,-93000000.0,2755000000.0,2755000000.0,2755000000.0,-30000000.0,0.0,0.089,7837000000.0,3548000000.0,1405000000.0,0.141,1.594,13.423,13.739,0.0,0.0,76.25,1.192,1.192,1908000000.0,8303000000.0,31026000000.0,31026000000.0,0.0,0.006,0.123,0.008,0.125,0.0,7837000000.0,1.0,485000000.0,485000000.0,,63.971,446901000000.0,0.0,1111000000.0,2954000000.0,921.445,
60,PRU,MRT,2006-06-30,2006-06-30,2006-06-30,2021-08-05,-145000000.0,440675000000.0,425312000000.0,,,0.072,43.687,0.0,8411000000.0,8411000000.0,19196000000.0,2914000000.0,,19.502,37940000000.0,,,37940000000.0,0.0,380000000.0,0.0,0.01,0.78,3380000000.0,3760000000.0,0.123,3760000000.0,3380000000.0,3380000000.0,5.75,5.66,5.75,21494000000.0,22561500000.0,21494000000.0,62951400000.0,19.0,16.742,1411000000.0,2.868,1.0,11260000000.0,0.37,0.0,0.0,470204000000.0,449501750000.0,0.0,230858000000.0,,,419181000000.0,,,38228400000.0,126000000.0,724000000.0,-2342000000.0,10244000000.0,-402000000.0,7439000000.0,-8630000000.0,-9212000000.0,1411000000.0,-94000000.0,2914000000.0,2914000000.0,2914000000.0,51000000.0,0.0,0.096,8067000000.0,3193000000.0,1351000000.0,0.136,1.779,13.119,13.513,0.0,0.0,77.7,1.255,1.255,1869000000.0,7110000000.0,30456000000.0,30456000000.0,0.0,0.007,0.129,0.008,0.111,0.0,8067000000.0,1.0,492000000.0,492000000.0,,61.902,440675000000.0,0.0,466000000.0,2124000000.0,895.681,
61,PRU,MRT,2006-03-31,2006-03-31,2006-03-31,2021-08-05,595000000.0,433617000000.0,417518000000.0,,,0.075,44.938,0.0,8598000000.0,8598000000.0,19544000000.0,3344000000.0,,18.415,33321000000.0,,,33321000000.0,0.0,466000000.0,0.0,0.01,0.78,4034000000.0,4500000000.0,0.143,4500000000.0,4034000000.0,4034000000.0,6.35,6.25,6.35,22334000000.0,23081500000.0,22334000000.0,62002570000.0,15.0,13.778,3939000000.0,7.926,1.0,11934000000.0,0.379,0.0,0.0,458340000000.0,438781250000.0,0.0,222205000000.0,,,411283000000.0,,,37677570000.0,101000000.0,0.0,-2163000000.0,5543000000.0,-401000000.0,1899000000.0,-5501000000.0,-5459000000.0,3939000000.0,-236000000.0,3344000000.0,3344000000.0,3344000000.0,85000000.0,0.0,0.106,8008000000.0,3926000000.0,2994000000.0,0.123,1.687,11.267,11.939,0.0,0.0,75.81,1.197,1.197,3480000000.0,6652000000.0,31478000000.0,31478000000.0,0.0,0.008,0.145,0.009,0.128,0.0,8008000000.0,1.0,497000000.0,497000000.0,,63.336,433617000000.0,0.0,690000000.0,2597000000.0,872.469,
62,PRU,MRT,2005-12-31,2005-12-31,2005-12-31,2021-08-05,1234000000.0,413374000000.0,409905750000.0,,,0.076,45.075,0.0,7799000000.0,7799000000.0,19432000000.0,3540000000.0,,17.16,32124000000.0,,,32124000000.0,0.0,501000000.0,0.0,0.011,0.78,4343000000.0,4844000000.0,0.155,4844000000.0,4343000000.0,4343000000.0,6.45,6.34,6.45,22763000000.0,23102750000.0,22763000000.0,55142950000.0,13.0,11.384,4032000000.0,7.984,1.0,11915000000.0,0.38,0.0,0.0,437699000000.0,429680250000.0,0.0,221401000000.0,,,390611000000.0,,,36960950000.0,-273000000.0,0.0,-1926000000.0,9843000000.0,-394000000.0,7148000000.0,-11273000000.0,-11704000000.0,4032000000.0,-180000000.0,3540000000.0,3540000000.0,3540000000.0,73000000.0,0.0,0.113,7641000000.0,4274000000.0,3069000000.0,0.121,1.624,10.441,11.347,0.0,0.0,73.19,1.179,1.179,3548000000.0,5947000000.0,31347000000.0,31347000000.0,0.0,0.009,0.153,0.01,0.139,0.0,7641000000.0,1.0,505000000.0,505000000.0,,62.073,413374000000.0,0.0,803000000.0,2214000000.0,818.562,
63,PRU,MRT,2005-09-30,2005-09-30,2005-09-30,2021-08-05,1540000000.0,413582000000.0,406769250000.0,,,0.076,46.292,0.0,8376000000.0,8376000000.0,18798000000.0,3754000000.0,,16.484,26558000000.0,,,26558000000.0,0.0,558000000.0,0.0,0.009,0.625,4510000000.0,5068000000.0,0.164,5068000000.0,4510000000.0,4510000000.0,6.29,6.2,6.29,23655000000.0,22998000000.0,23655000000.0,52346160000.0,12.0,10.329,6040000000.0,11.82,1.0,12195000000.0,0.393,0.0,0.0,431764000000.0,423708500000.0,0.0,217742000000.0,,,389927000000.0,,,34523160000.0,2074000000.0,859000000.0,-972000000.0,1792000000.0,-340000000.0,948000000.0,-4742000000.0,-5375000000.0,6040000000.0,-172000000.0,3754000000.0,3754000000.0,3754000000.0,115000000.0,0.0,0.121,7625000000.0,4570000000.0,3210000000.0,0.099,1.459,9.196,10.741,0.0,0.0,67.56,1.114,1.114,3673000000.0,6007000000.0,30993000000.0,30993000000.0,0.0,0.009,0.163,0.011,0.146,0.0,7625000000.0,1.0,511000000.0,511000000.0,,60.652,413582000000.0,0.0,756000000.0,2509000000.0,809.358,
64,PRU,MRT,2005-06-30,2005-06-30,2005-06-30,2021-08-05,2274000000.0,409499000000.0,398858750000.0,,,0.077,45.335,0.0,8285000000.0,8285000000.0,18578000000.0,3118000000.0,,16.371,26108000000.0,,,26108000000.0,0.0,503000000.0,0.0,0.01,0.625,4464000000.0,4967000000.0,0.163,4967000000.0,4464000000.0,4464000000.0,4.77,4.69,4.77,23574000000.0,22495750000.0,23574000000.0,52911200000.0,12.0,10.653,2595000000.0,4.99,1.0,11956000000.0,0.392,0.0,0.0,427322000000.0,415977000000.0,0.0,220770000000.0,,,385925000000.0,,,34143200000.0,2387000000.0,820000000.0,-737000000.0,4450000000.0,-340000000.0,4221000000.0,-4354000000.0,-5502000000.0,2595000000.0,-75000000.0,3118000000.0,3118000000.0,3118000000.0,115000000.0,0.0,0.102,7433000000.0,4523000000.0,3203000000.0,0.131,1.448,10.95,13.765,0.0,0.0,65.66,1.118,1.118,3648000000.0,4649000000.0,30534000000.0,30534000000.0,0.0,0.008,0.139,0.011,0.146,0.0,7433000000.0,1.0,520000000.0,520000000.0,,58.719,409499000000.0,0.0,1346000000.0,3190000000.0,787.498,
65,PRU,MRT,2005-03-31,2005-03-31,2005-03-31,2021-08-05,1610000000.0,403168000000.0,390159750000.0,,,0.075,42.622,0.0,8497000000.0,8497000000.0,17897000000.0,2784000000.0,,16.983,27265000000.0,,,27265000000.0,0.0,483000000.0,0.0,0.011,0.625,3890000000.0,4373000000.0,0.15,4373000000.0,3890000000.0,3890000000.0,4.31,4.23,4.31,22419000000.0,21759000000.0,22419000000.0,43176400000.0,11.0,9.873,1992000000.0,3.787,1.0,11184000000.0,0.385,0.0,0.0,421936000000.0,407045250000.0,0.0,219454000000.0,,,380749000000.0,,,30192400000.0,439000000.0,-922000000.0,-688000000.0,9548000000.0,-340000000.0,8974000000.0,-10507000000.0,-10230000000.0,1992000000.0,-20000000.0,2784000000.0,2784000000.0,2784000000.0,82000000.0,0.0,0.096,7288000000.0,3896000000.0,3345000000.0,0.145,1.347,10.845,13.318,0.0,0.0,57.4,1.038,1.038,3767000000.0,3773000000.0,29081000000.0,29081000000.0,0.0,0.007,0.128,0.01,0.134,0.0,7288000000.0,1.0,526000000.0,526000000.0,,55.287,403168000000.0,0.0,1106000000.0,2642000000.0,766.479,
66,PRU,MRT,2004-12-31,2004-12-31,2004-12-31,2021-08-05,2191000000.0,400828000000.0,372909250000.0,,,0.075,43.726,0.0,8072000000.0,8072000000.0,17703000000.0,2256000000.0,,16.939,21056000000.0,,,21056000000.0,0.0,537000000.0,0.0,0.011,0.625,3194000000.0,3731000000.0,0.133,3731000000.0,3194000000.0,3194000000.0,3.38,3.31,3.38,22344000000.0,21617500000.0,22344000000.0,46982560000.0,15.0,12.592,4577000000.0,8.957,1.0,10393000000.0,0.37,0.0,0.0,413812000000.0,388850000000.0,0.0,217756000000.0,,,378484000000.0,,,28084560000.0,123000000.0,-1082000000.0,-696000000.0,3205000000.0,-341000000.0,1813000000.0,-6198000000.0,-5040000000.0,4577000000.0,-69000000.0,2256000000.0,2256000000.0,2256000000.0,88000000.0,0.0,0.08,7108000000.0,3285000000.0,32386000000.0,0.185,1.257,12.449,16.26,0.0,0.0,54.96,1.0,1.0,32790000000.0,2851000000.0,28096000000.0,28096000000.0,0.0,0.006,0.104,0.008,0.114,0.0,7108000000.0,1.0,511000000.0,511000000.0,,54.982,400828000000.0,0.0,938000000.0,2451000000.0,784.399,
67,PRU,MRT,2004-09-30,2004-09-30,2004-09-30,2021-08-05,2112000000.0,381940000000.0,353020750000.0,,,0.079,41.707,0.0,6302000000.0,6302000000.0,17689000000.0,2253000000.0,,16.645,25200000000.0,,,25200000000.0,0.0,611000000.0,0.0,0.011,0.5,3236000000.0,3847000000.0,0.138,3847000000.0,3236000000.0,3236000000.0,3.65,3.58,3.65,21646000000.0,21354500000.0,21646000000.0,41305760000.0,13.0,10.737,-302000000.0,-0.582,1.0,10156000000.0,0.365,0.0,0.0,400838000000.0,369128500000.0,0.0,207742000000.0,,,360294000000.0,,,24413760000.0,-2340000000.0,-2146000000.0,-1286000000.0,6318000000.0,-277000000.0,4681000000.0,-6929000000.0,-4783000000.0,-302000000.0,210000000.0,2253000000.0,2253000000.0,2253000000.0,66000000.0,0.0,0.081,6796000000.0,3360000000.0,2408000000.0,0.137,1.128,10.836,12.888,0.0,0.0,47.04,0.877,0.877,1252000000.0,2628000000.0,27845000000.0,27845000000.0,0.0,0.006,0.106,0.009,0.116,0.0,6794000000.0,1.0,519000000.0,519000000.0,,53.651,381940000000.0,0.0,983000000.0,2602000000.0,735.915,
68,PRU,MRT,2004-06-30,2004-06-30,2004-06-30,2021-08-05,1492000000.0,374703000000.0,338978500000.0,,,0.08,39.215,0.0,5898000000.0,5898000000.0,17543000000.0,1822000000.0,,17.166,22790000000.0,,,22790000000.0,0.0,681000000.0,0.0,0.011,0.5,2713000000.0,3394000000.0,0.125,3394000000.0,2713000000.0,2713000000.0,2.98,2.94,2.98,20627000000.0,21315750000.0,20627000000.0,39432220000.0,15.0,11.618,3458000000.0,6.574,1.0,9663000000.0,0.355,0.0,0.0,391595000000.0,353908750000.0,0.0,203109000000.0,,,354076000000.0,,,24443220000.0,-4192000000.0,-2470000000.0,-1161000000.0,6258000000.0,-277000000.0,4354000000.0,-12190000000.0,-9720000000.0,3458000000.0,186000000.0,1822000000.0,1822000000.0,1822000000.0,76000000.0,0.0,0.067,6815000000.0,2848000000.0,2230000000.0,0.168,1.185,13.416,15.594,0.0,0.0,46.47,0.898,0.898,1146000000.0,1903000000.0,27206000000.0,27206000000.0,0.0,0.005,0.085,0.008,0.1,0.0,6779000000.0,1.0,526000000.0,526000000.0,,51.722,374703000000.0,0.0,891000000.0,2038000000.0,712.363,
69,PRU,MRT,2004-03-31,2004-03-31,2004-03-31,2021-08-05,2927000000.0,334166000000.0,329453750000.0,,,0.084,41.011,0.0,8058000000.0,8058000000.0,17608000000.0,1469000000.0,,14.292,23047000000.0,,,23047000000.0,0.0,674000000.0,0.0,0.011,0.5,2249000000.0,2923000000.0,0.106,2923000000.0,2249000000.0,2249000000.0,2.19,2.17,2.19,21853000000.0,21833250000.0,21853000000.0,37513103067.0,17.0,12.834,2696000000.0,5.06,1.0,10020000000.0,0.363,0.0,0.0,349155000000.0,344441250000.0,0.0,190063000000.0,,,312313000000.0,,,23861103067.0,-2633000000.0,-1407000000.0,-1015000000.0,3883000000.0,-275000000.0,2474000000.0,-7994000000.0,-6587000000.0,2696000000.0,191000000.0,1469000000.0,1469000000.0,1469000000.0,47000000.0,0.0,0.053,7645000000.0,2375000000.0,2555000000.0,0.228,1.092,16.243,20.447,0.0,0.0,44.78,0.864,0.864,1072000000.0,1357000000.0,27628000000.0,27628000000.0,0.0,0.004,0.067,0.007,0.081,0.0,7154000000.0,1.0,532851788.0,532851788.0,,51.849,334166000000.0,0.0,780000000.0,2764000000.0,627.127,
70,PRU,MRT,2003-12-31,2003-12-31,2003-12-31,2021-08-05,2446000000.0,321274000000.0,320725250000.0,,,0.086,39.393,0.0,7949000000.0,7949000000.0,17746000000.0,1264000000.0,,14.089,21601000000.0,,,21601000000.0,0.0,716000000.0,0.0,0.012,0.5,1926000000.0,2642000000.0,0.096,2642000000.0,1926000000.0,1926000000.0,1.99,1.98,1.99,21292000000.0,21834500000.0,21292000000.0,36764687799.0,19.0,13.915,1406000000.0,2.601,1.0,9916000000.0,0.358,0.0,0.0,334926000000.0,335957250000.0,0.0,181041000000.0,,,299982000000.0,,,22576687799.0,-1949000000.0,-1247000000.0,-954000000.0,3706000000.0,-275000000.0,2656000000.0,-6194000000.0,-4947000000.0,1406000000.0,183000000.0,1264000000.0,1264000000.0,1264000000.0,57000000.0,0.0,0.046,7933000000.0,1983000000.0,180000000.0,0.251,1.06,17.861,20.99,0.0,0.0,41.77,0.816,0.816,633000000.0,960000000.0,27662000000.0,27662000000.0,0.0,0.004,0.058,0.006,0.07,0.0,7442000000.0,1.0,540500067.0,540500067.0,,51.179,321274000000.0,0.0,662000000.0,2282000000.0,594.401,
71,PRU,MRT,2003-09-30,2003-09-30,2003-09-30,2021-08-05,2705000000.0,325771000000.0,313560750000.0,,,0.087,39.237,0.0,8642000000.0,8642000000.0,18051000000.0,496000000.0,,14.158,22830000000.0,,,22830000000.0,0.0,624000000.0,0.0,0.011,0.4,791000000.0,1415000000.0,0.052,1415000000.0,791000000.0,791000000.0,0.99,0.99,0.99,21491000000.0,21844000000.0,21491000000.0,37583957768.0,48.0,26.561,-1705000000.0,-3.113,1.0,9249000000.0,0.339,0.0,0.0,339959000000.0,329358750000.0,0.0,185636000000.0,,,304280000000.0,,,20462957768.0,-3937000000.0,-1042000000.0,-944000000.0,10008000000.0,-235000000.0,9374000000.0,-11258000000.0,-10216000000.0,-1705000000.0,-348000000.0,496000000.0,496000000.0,496000000.0,107000000.0,0.0,0.018,8351000000.0,898000000.0,1951000000.0,0.404,0.952,41.256,37.737,0.0,0.0,37.36,0.75,0.75,908000000.0,676000000.0,27300000000.0,27300000000.0,0.0,0.002,0.023,0.002,0.029,0.0,7862000000.0,1.0,547723709.0,547723709.0,,49.843,325771000000.0,0.0,295000000.0,2031000000.0,594.773,
72,PRU,MRT,2003-06-30,2003-06-30,2003-06-30,2021-08-05,4011000000.0,336604000000.0,305251750000.0,,,0.089,41.141,0.0,10090000000.0,10090000000.0,18068000000.0,501000000.0,,13.8,27211000000.0,,,27211000000.0,0.0,596000000.0,0.0,0.012,0.4,400000000.0,996000000.0,0.037,996000000.0,400000000.0,400000000.0,1.25,1.25,1.25,22697000000.0,21931500000.0,22697000000.0,34531521708.0,86.0,34.67,-2712000000.0,-4.916,1.0,9136000000.0,0.336,0.0,0.0,353725000000.0,321047000000.0,0.0,191230000000.0,,,313217000000.0,,,18564521708.0,-1247000000.0,-679000000.0,-1163000000.0,6526000000.0,-234000000.0,6478000000.0,-4665000000.0,-3986000000.0,-2712000000.0,-348000000.0,501000000.0,501000000.0,501000000.0,68000000.0,0.0,0.018,8668000000.0,468000000.0,6099000000.0,0.32,0.818,37.055,26.92,0.0,0.0,33.65,0.682,0.682,6425000000.0,381000000.0,27204000000.0,27204000000.0,0.0,0.002,0.023,0.001,0.015,0.0,8213000000.0,1.0,551694553.0,551694553.0,,49.31,336604000000.0,0.0,-101000000.0,2406000000.0,610.127,
73,PRU,MRT,2003-03-31,2003-03-31,2003-03-31,2021-08-05,3157000000.0,299252000000.0,295526750000.0,,,0.09,39.403,0.0,10691000000.0,10691000000.0,18125000000.0,237000000.0,,12.659,26658000000.0,,,26658000000.0,0.0,681000000.0,0.0,0.014,0.4,60000000.0,741000000.0,0.028,741000000.0,60000000.0,60000000.0,1.19,1.19,1.19,21858000000.0,21532500000.0,21858000000.0,32141827170.0,536.0,43.376,53000000.0,0.096,1.0,8339000000.0,0.315,0.0,0.0,315219000000.0,311407250000.0,0.0,185189000000.0,,,276704000000.0,,,16225827170.0,-2669000000.0,0.0,-1045000000.0,2797000000.0,-230000000.0,2980000000.0,-5354000000.0,-5354000000.0,53000000.0,-348000000.0,237000000.0,237000000.0,237000000.0,89000000.0,0.0,0.009,8190000000.0,149000000.0,4915000000.0,0.336,0.742,68.463,24.58,0.0,0.0,29.25,0.613,0.613,5126000000.0,186000000.0,26464000000.0,26464000000.0,0.0,0.001,0.011,0.0,0.002,0.0,8190000000.0,1.0,554729134.0,554729134.0,,47.706,299252000000.0,0.0,-177000000.0,2304000000.0,539.456,
74,PRU,MRT,2002-12-31,2002-12-31,2002-12-31,2021-08-05,2585000000.0,292616000000.0,295192500000.0,,,0.089,37.544,0.0,9898000000.0,9898000000.0,17868000000.0,194000000.0,,12.686,25814000000.0,,,25814000000.0,0.0,580000000.0,0.0,0.013,0.4,6000000.0,586000000.0,0.022,586000000.0,6000000.0,6000000.0,1.25,1.25,1.25,21330000000.0,21077750000.0,21330000000.0,32209398209.0,5368.0,54.965,2518000000.0,4.432,1.0,8410000000.0,0.32,0.0,0.0,308532000000.0,312254750000.0,0.0,183208000000.0,,,270596000000.0,,,18032398209.0,-8638000000.0,0.0,-781000000.0,3379000000.0,-192000000.0,1469000000.0,-12277000000.0,-12277000000.0,2518000000.0,-348000000.0,194000000.0,194000000.0,194000000.0,76000000.0,0.0,0.007,8328000000.0,82000000.0,4838000000.0,0.32,0.845,92.951,25.392,0.0,0.0,31.74,0.686,0.686,5631000000.0,-10000000.0,26278000000.0,26278000000.0,0.0,0.001,0.009,0.0,0.0,0.0,8328000000.0,1.0,568128488.0,568128488.0,,46.254,292616000000.0,0.0,-188000000.0,1933000000.0,515.053,
75,PRU,MRT,2002-09-30,2002-09-30,2002-09-30,2021-08-05,2416000000.0,292535000000.0,295296000000.0,,,0.089,37.515,0.0,12579000000.0,12579000000.0,17413000000.0,-119000000.0,,12.362,26756000000.0,,,26756000000.0,0.0,546000000.0,0.0,0.0,0.0,-290000000.0,256000000.0,0.01,256000000.0,-290000000.0,-290000000.0,,,,21841000000.0,20858500000.0,21841000000.0,34089381415.0,-118.0,133.162,4094000000.0,7.032,1.0,8766000000.0,0.335,0.0,0.0,306712000000.0,310389000000.0,0.0,179636000000.0,,,270004000000.0,,,16627381415.0,-4822000000.0,0.0,3617000000.0,-4889000000.0,0.0,-3161000000.0,-5755000000.0,-5755000000.0,4094000000.0,0.0,-119000000.0,-119000000.0,-119000000.0,48000000.0,0.0,-0.005,9008000000.0,-242000000.0,4498000000.0,,0.761,-139.726,,0.0,0.0,28.56,0.635,0.635,5486000000.0,428000000.0,26179000000.0,26179000000.0,0.0,0.0,-0.006,-0.001,-0.011,0.0,8619000000.0,1.0,582191226.0,582191226.0,,44.966,292535000000.0,0.0,-171000000.0,2010000000.0,502.472,
76,PRU,MRT,2002-06-30,2002-06-30,2002-06-30,2021-08-05,1539000000.0,297704000000.0,,,,,35.976,0.0,11337000000.0,11337000000.0,17590000000.0,-701000000.0,,13.076,28799000000.0,,,28799000000.0,0.0,468000000.0,0.0,0.0,0.0,-929000000.0,-461000000.0,-0.018,-461000000.0,-929000000.0,-929000000.0,,,,21101000000.0,,21101000000.0,40260407480.0,-43.0,-87.333,3547000000.0,6.048,1.0,8348000000.0,0.322,0.0,0.0,315166000000.0,,0.0,177648000000.0,,,275913000000.0,,,19566407480.0,-3437000000.0,0.0,4061000000.0,-4853000000.0,0.0,-4051000000.0,-2933000000.0,-2933000000.0,3547000000.0,0.0,-701000000.0,-701000000.0,-701000000.0,65000000.0,0.0,-0.027,9212000000.0,-864000000.0,6076000000.0,,0.927,-27.912,,0.0,0.0,33.36,0.754,0.754,7091000000.0,126000000.0,25938000000.0,25938000000.0,0.0,,,,-0.036,0.0,8786000000.0,1.0,586523006.0,586523006.0,,44.223,297704000000.0,0.0,-228000000.0,1630000000.0,507.574,
77,PRU,MRT,2002-03-31,2002-03-31,2002-03-31,2021-08-05,333000000.0,297915000000.0,,,,,34.295,0.0,13360000000.0,13360000000.0,17490000000.0,-438000000.0,,13.832,34054000000.0,,,34054000000.0,0.0,390000000.0,0.0,0.0,0.0,-667000000.0,-277000000.0,-0.01,-277000000.0,-667000000.0,-667000000.0,,,,20039000000.0,,20039000000.0,26181841615.0,-39.0,-94.519,3570000000.0,6.11,1.0,9052000000.0,0.341,0.0,0.0,318609000000.0,,0.0,173126000000.0,,,277186000000.0,,,18142841615.0,4166000000.0,5912000000.0,4167000000.0,-3962000000.0,0.0,-4159000000.0,4755000000.0,-1157000000.0,3570000000.0,0.0,-438000000.0,-438000000.0,-438000000.0,62000000.0,0.0,-0.017,9657000000.0,-605000000.0,5581000000.0,,0.905,-41.422,,0.0,0.0,31.05,0.684,0.684,7017000000.0,194000000.0,26542000000.0,26542000000.0,0.0,,,,-0.025,0.0,9114000000.0,1.0,584310519.0,584310519.0,,45.424,297915000000.0,0.0,-229000000.0,1102000000.0,509.857,
78,PRU,MRT,2001-12-31,2001-12-31,2001-12-31,2021-08-05,944000000.0,293030000000.0,282891500000.0,,,0.094,37.625,0.0,18536000000.0,18536000000.0,16983000000.0,-154000000.0,,13.293,26575000000.0,,,26575000000.0,0.0,433000000.0,0.0,0.0,0.0,-186000000.0,247000000.0,0.009,247000000.0,-186000000.0,-186000000.0,0.07,0.07,0.07,20453000000.0,20530500000.0,20453000000.0,43968084000.0,-236.0,178.008,103000000.0,0.189,1.0,9695000000.0,0.363,0.0,0.0,301069000000.0,299874000000.0,0.0,165834000000.0,,,271887000000.0,,,18042084000.0,10860000000.0,5912000000.0,4167000000.0,-3604000000.0,0.0,-1680000000.0,12437000000.0,6525000000.0,103000000.0,0.0,-154000000.0,-154000000.0,-154000000.0,65000000.0,0.0,-0.006,9816000000.0,-121000000.0,6445000000.0,0.0,0.882,-117.156,474.143,0.0,0.0,33.19,0.676,0.676,7802000000.0,41000000.0,26678000000.0,26678000000.0,0.0,-0.001,-0.008,-0.001,-0.007,0.0,9228000000.0,1.0,543600000.0,543600000.0,,49.077,293030000000.0,0.0,-32000000.0,1332000000.0,539.054,
79,PRU,MRT,2001-09-30,2001-09-30,2001-09-30,2021-08-05,,,,,,,,,,,,,,,,,,,,,,,0.0,,,,,,,,,,,,,,,,,,1.0,,,,,,,,,,,,,,,,,,,,,,,,,,,,,,,,,,,,,,,,,,,,,,,,,,,,,,1.0,543600000.0,543600000.0,,,,,,,,
80,PRU,MRT,2001-06-30,2001-06-30,2001-06-30,2021-08-05,,,,,,,,,,,,,,,,,,,,,,,0.0,,,,,,,,,,,,,,,,,,1.0,,,,,,,,,,,,,,,,,,,,,,,,,,,,,,,,,,,,,,,,,,,,,,,,,,,,,,1.0,543600000.0,543600000.0,,,,,,,,
81,PRU,MRT,2001-03-31,2001-03-31,2001-03-31,2021-08-05,,,,,,,,,,,,,,,,,,,,,,,0.0,,,,,,,,,,,,,,,,,,1.0,,,,,,,,,,,,,,,,,,,,,,,,,,,,,,,,,,,,,,,,,,,,,,,,,,,,,,1.0,543600000.0,543600000.0,,,,,,,,
82,PRU,MRT,2000-12-31,2000-12-31,2000-12-31,2021-08-05,234000000.0,272753000000.0,278923500000.0,,,0.094,37.91,0.0,7676000000.0,7676000000.0,15115000000.0,398000000.0,,12.235,33602000000.0,,,33602000000.0,0.0,740000000.0,0.0,,0.0,796000000.0,1536000000.0,0.058,1536000000.0,796000000.0,796000000.0,0.07,0.07,0.07,20608000000.0,19949500000.0,20608000000.0,,,,7865000000.0,14.468,1.0,11217000000.0,0.426,0.0,0.0,298679000000.0,312641500000.0,0.0,148515000000.0,,,252145000000.0,,,,1249000000.0,0.0,0.0,-3270000000.0,0.0,-4643000000.0,-1973000000.0,-1973000000.0,7865000000.0,0.0,398000000.0,398000000.0,398000000.0,-73000000.0,0.0,0.015,10494000000.0,723000000.0,5965000000.0,0.0,,,,0.0,0.0,,,,11860000000.0,20374000000.0,26332000000.0,26332000000.0,0.0,0.001,0.02,0.003,0.03,0.0,9875000000.0,1.0,543600000.0,543600000.0,,48.44,272753000000.0,0.0,398000000.0,1610000000.0,501.753,
83,PRU,MRT,1999-12-31,1999-12-31,1999-12-31,2021-08-05,-685000000.0,285094000000.0,,,,,,0.0,6427000000.0,6427000000.0,14608000000.0,813000000.0,,13.779,47937000000.0,,,47937000000.0,0.0,689000000.0,0.0,,0.0,1855000000.0,2544000000.0,0.096,2544000000.0,1855000000.0,1855000000.0,,,,19291000000.0,,19291000000.0,,,,562000000.0,,1.0,11960000000.0,0.45,0.0,0.0,326604000000.0,,0.0,158928000000.0,,,265803000000.0,,,,-1152000000.0,0.0,0.0,1369000000.0,0.0,-1495000000.0,-219000000.0,-219000000.0,562000000.0,0.0,813000000.0,813000000.0,813000000.0,0.0,0.0,0.031,9705000000.0,2255000000.0,5839000000.0,,,,,0.0,0.0,,,,11346000000.0,19976000000.0,26568000000.0,26568000000.0,0.0,,,,0.07,0.0,9605000000.0,1.0,,,,,285094000000.0,0.0,1042000000.0,804000000.0,,
84,PRU,MRT,1998-12-31,1998-12-31,1998-12-31,2021-08-05,,,,,,,,0.0,,,14216000000.0,1106000000.0,,,,,,,,337000000.0,,,0.0,2076000000.0,2413000000.0,0.089,2413000000.0,2076000000.0,2076000000.0,,,,,,,,,,-2586000000.0,,1.0,12808000000.0,0.474,,0.0,,,,,,,,,,,3031000000.0,0.0,0.0,3944000000.0,0.0,-186000000.0,5803000000.0,5803000000.0,-2586000000.0,0.0,1106000000.0,1106000000.0,1106000000.0,521000000.0,0.0,0.041,10211000000.0,2597000000.0,,,,,,,0.0,,,,,,27024000000.0,27024000000.0,0.0,,,,0.077,0.0,9037000000.0,1.0,,,,,,,970000000.0,,,
