None,ticker,dimension,calendardate,datekey,reportperiod,lastupdated,accoci,assets,assetsavg,assetsc,assetsnc,assetturnover,bvps,capex,cashneq,cashnequsd,cor,consolinc,currentratio,de,debt,debtc,debtnc,debtusd,deferredrev,depamor,deposits,divyield,dps,ebit,ebitda,ebitdamargin,ebitdausd,ebitusd,ebt,eps,epsdil,epsusd,equity,equityavg,equityusd,ev,evebit,evebitda,fcf,fcfps,fxusd,gp,grossmargin,intangibles,intexp,invcap,invcapavg,inventory,investments,investmentsc,investmentsnc,liabilities,liabilitiesc,liabilitiesnc,marketcap,ncf,ncfbus,ncfcommon,ncfdebt,ncfdiv,ncff,ncfi,ncfinv,ncfo,ncfx,netinc,netinccmn,netinccmnusd,netincdis,netincnci,netmargin,opex,opinc,payables,payoutratio,pb,pe,pe1,ppnenet,prefdivis,price,ps,ps1,receivables,retearn,revenue,revenueusd,rnd,roa,roe,roic,ros,sbcomp,sgna,sharefactor,sharesbas,shareswa,shareswadil,sps,tangibles,taxassets,taxexp,taxliabilities,tbvps,workingcapital
0,CAR,MRY,2020-12-31,2020-12-31,2020-12-31,2021-08-25,-187000000.0,17538000000.0,20594000000.0,1795000000.0,15743000000.0,0.262,-2.224,3258000000.0,692000000.0,692000000.0,5008000000.0,-684000000.0,0.874,-114.148,13145000000.0,19000000.0,13126000000.0,13145000000.0,0.0,2561000000.0,0.0,0.0,0.0,-725000000.0,1836000000.0,0.34,1836000000.0,-725000000.0,-956000000.0,-9.71,-9.71,-9.71,-155000000.0,-23000000.0,-155000000.0,15704189365.0,-22.0,8.553,3949000000.0,56.671,1.0,394000000.0,0.073,1911000000.0,231000000.0,26027000000.0,31064500000.0,0.0,739000000.0,0.0,739000000.0,17693000000.0,2053000000.0,15640000000.0,2599189365.0,-135000000.0,-87000000.0,-104000000.0,-3897000000.0,0.0,-4045000000.0,3177000000.0,0.0,691000000.0,42000000.0,-684000000.0,-684000000.0,-684000000.0,0.0,0.0,-0.127,1110000000.0,-716000000.0,2034000000.0,0.0,-16.769,-3.8,-3.841,11370000000.0,0.0,37.3,0.481,0.481,928000000.0,-1470000000.0,5402000000.0,5402000000.0,0.0,-0.033,29.739,-0.023,-0.134,9000000.0,703000000.0,1.0,69683361.0,69683361.0,,77.522,15627000000.0,1198000000.0,-272000000.0,1383000000.0,224.257,-258000000.0
1,CAR,MRY,2019-12-31,2019-12-31,2019-12-31,2021-08-25,-157000000.0,23126000000.0,23397750000.0,2145000000.0,20981000000.0,0.392,8.886,-2677000000.0,686000000.0,686000000.0,7105000000.0,302000000.0,0.964,34.253,16643000000.0,19000000.0,16624000000.0,16643000000.0,0.0,3142000000.0,0.0,0.0,0.0,465000000.0,3607000000.0,0.393,3607000000.0,465000000.0,287000000.0,4.01,3.98,4.01,656000000.0,462750000.0,656000000.0,18806130122.0,40.0,5.214,-91000000.0,-1.233,1.0,2067000000.0,0.225,1899000000.0,178000000.0,34959000000.0,35659250000.0,0.0,860000000.0,0.0,860000000.0,22470000000.0,2225000000.0,20245000000.0,2380130122.0,165000000.0,-167000000.0,-67000000.0,415000000.0,0.0,318000000.0,-2752000000.0,0.0,2586000000.0,13000000.0,302000000.0,302000000.0,302000000.0,0.0,0.0,0.033,1590000000.0,477000000.0,2206000000.0,0.0,3.628,7.881,8.04,15565000000.0,0.0,32.24,0.259,0.259,1689000000.0,-785000000.0,9172000000.0,9172000000.0,0.0,0.013,0.653,0.013,0.051,22000000.0,1237000000.0,1.0,73825376.0,73825376.0,,124.239,21227000000.0,1662000000.0,-15000000.0,2189000000.0,287.53,-80000000.0
2,CAR,MRY,2018-12-31,2018-12-31,2018-12-31,2021-08-25,-133000000.0,19149000000.0,19757750000.0,2174000000.0,16975000000.0,0.462,5.353,-3172000000.0,615000000.0,615000000.0,7132000000.0,165000000.0,1.267,45.254,13783000000.0,23000000.0,13760000000.0,13783000000.0,0.0,2230000000.0,0.0,0.0,0.0,455000000.0,2685000000.0,0.294,2685000000.0,455000000.0,267000000.0,2.08,2.06,2.08,414000000.0,440500000.0,414000000.0,15616741182.0,34.0,5.816,-563000000.0,-7.279,1.0,1992000000.0,0.218,1917000000.0,188000000.0,28684000000.0,29860750000.0,0.0,674000000.0,0.0,674000000.0,18735000000.0,1716000000.0,17019000000.0,1738741182.0,-166000000.0,-227000000.0,-216000000.0,920000000.0,0.0,667000000.0,-3426000000.0,0.0,2609000000.0,-16000000.0,165000000.0,165000000.0,165000000.0,0.0,0.0,0.018,1518000000.0,474000000.0,1693000000.0,0.0,4.2,10.538,10.808,12210000000.0,0.0,22.48,0.191,0.191,1586000000.0,-1091000000.0,9124000000.0,9124000000.0,0.0,0.008,0.375,0.015,0.05,24000000.0,1220000000.0,1.0,77346138.0,77346138.0,,117.963,17232000000.0,1301000000.0,102000000.0,1961000000.0,222.791,458000000.0
3,CAR,MRY,2017-12-31,2017-12-31,2017-12-31,2021-08-25,-24000000.0,17699000000.0,19345500000.0,2066000000.0,15633000000.0,0.457,7.037,-2135000000.0,611000000.0,611000000.0,6979000000.0,361000000.0,1.256,29.888,12820000000.0,26000000.0,12794000000.0,12820000000.0,0.0,2206000000.0,0.0,0.0,0.0,399000000.0,2605000000.0,0.294,2605000000.0,399000000.0,211000000.0,4.32,4.25,4.32,573000000.0,315750000.0,573000000.0,16915777965.0,42.0,6.494,513000000.0,6.301,1.0,1869000000.0,0.211,1923000000.0,188000000.0,26340000000.0,28635500000.0,0.0,706000000.0,0.0,706000000.0,17126000000.0,1645000000.0,15481000000.0,3572777965.0,181000000.0,-82000000.0,-210000000.0,-74000000.0,0.0,-308000000.0,-2204000000.0,0.0,2648000000.0,45000000.0,361000000.0,361000000.0,361000000.0,0.0,0.0,0.041,1467000000.0,402000000.0,1619000000.0,0.0,6.235,9.897,10.157,11330000000.0,0.0,43.88,0.404,0.404,1469000000.0,-1222000000.0,8848000000.0,8848000000.0,0.0,0.019,1.143,0.014,0.045,13000000.0,1120000000.0,1.0,81421558.0,81421558.0,,108.669,15776000000.0,931000000.0,-150000000.0,1594000000.0,193.757,421000000.0
4,CAR,MRY,2016-12-31,2016-12-31,2016-12-31,2021-08-25,-154000000.0,17643000000.0,19227250000.0,1817000000.0,15826000000.0,0.45,2.515,-2147000000.0,490000000.0,490000000.0,6713000000.0,163000000.0,1.028,78.833,12401000000.0,279000000.0,12122000000.0,12401000000.0,0.0,2130000000.0,0.0,0.0,0.0,482000000.0,2612000000.0,0.302,2612000000.0,482000000.0,279000000.0,1.78,1.75,1.78,221000000.0,351250000.0,221000000.0,16204791298.0,34.0,6.204,493000000.0,5.609,1.0,1946000000.0,0.225,1877000000.0,203000000.0,25910000000.0,28425750000.0,0.0,587000000.0,0.0,587000000.0,17422000000.0,1767000000.0,15655000000.0,3223791298.0,3000000.0,-55000000.0,-398000000.0,-6000000.0,0.0,-449000000.0,-2182000000.0,0.0,2640000000.0,-6000000.0,163000000.0,163000000.0,163000000.0,0.0,0.0,0.019,1437000000.0,509000000.0,1488000000.0,0.0,14.587,19.778,20.607,11149000000.0,0.0,36.68,0.372,0.372,1335000000.0,-1639000000.0,8659000000.0,8659000000.0,0.0,0.008,0.464,0.017,0.056,27000000.0,1134000000.0,1.0,87889621.0,87889621.0,,98.521,15766000000.0,1493000000.0,116000000.0,2429000000.0,179.384,50000000.0
5,CAR,MRY,2015-12-31,2015-12-31,2015-12-31,2021-08-25,-147000000.0,17634000000.0,18606750000.0,1627000000.0,16007000000.0,0.457,4.377,-2447000000.0,452000000.0,452000000.0,6506000000.0,313000000.0,1.077,39.169,12321000000.0,26000000.0,12295000000.0,12321000000.0,0.0,2055000000.0,0.0,0.0,0.0,576000000.0,2631000000.0,0.309,2631000000.0,576000000.0,382000000.0,3.02,2.98,3.02,439000000.0,539000000.0,439000000.0,16583109204.0,29.0,6.303,180000000.0,1.795,1.0,1996000000.0,0.235,1890000000.0,194000000.0,26102000000.0,27608500000.0,0.0,620000000.0,0.0,620000000.0,17195000000.0,1511000000.0,15684000000.0,3640109204.0,-36000000.0,-256000000.0,-436000000.0,544000000.0,0.0,72000000.0,-2685000000.0,0.0,2627000000.0,-50000000.0,313000000.0,313000000.0,313000000.0,0.0,0.0,0.037,1397000000.0,599000000.0,1485000000.0,0.0,8.292,11.63,12.017,11339000000.0,0.0,36.29,0.428,0.428,1106000000.0,-1802000000.0,8502000000.0,8502000000.0,0.0,0.017,0.581,0.021,0.068,28000000.0,1093000000.0,1.0,100306123.0,100306123.0,,84.761,15744000000.0,1488000000.0,69000000.0,2367000000.0,156.96,116000000.0
6,CAR,MRY,2014-12-31,2014-12-31,2014-12-31,2021-08-25,-22000000.0,16842000000.0,18124000000.0,1679000000.0,15163000000.0,0.468,6.259,-2391000000.0,624000000.0,624000000.0,6529000000.0,245000000.0,1.105,24.326,11409000000.0,28000000.0,11381000000.0,11409000000.0,0.0,2020000000.0,0.0,0.0,0.0,601000000.0,2621000000.0,0.309,2621000000.0,601000000.0,392000000.0,2.32,2.22,2.32,665000000.0,691750000.0,665000000.0,19169230518.0,32.0,7.314,188000000.0,1.769,1.0,1956000000.0,0.231,1728000000.0,209000000.0,24380000000.0,26621500000.0,0.0,481000000.0,0.0,481000000.0,16177000000.0,1519000000.0,14658000000.0,7047230518.0,-69000000.0,-416000000.0,-297000000.0,524000000.0,0.0,182000000.0,-2807000000.0,0.0,2579000000.0,-23000000.0,245000000.0,245000000.0,245000000.0,0.0,0.0,0.029,1299000000.0,657000000.0,1491000000.0,0.0,10.597,28.764,28.591,10853000000.0,0.0,66.33,0.831,0.831,961000000.0,-2115000000.0,8485000000.0,8485000000.0,0.0,0.014,0.354,0.023,0.071,25000000.0,1080000000.0,1.0,106244995.0,106244995.0,,79.863,15114000000.0,1511000000.0,147000000.0,2267000000.0,142.256,160000000.0
7,CAR,MRY,2013-12-31,2013-12-31,2013-12-31,2021-08-25,117000000.0,16284000000.0,17285250000.0,1944000000.0,14340000000.0,0.459,7.191,-1642000000.0,693000000.0,693000000.0,6149000000.0,16000000.0,1.24,20.121,10731000000.0,89000000.0,10642000000.0,10731000000.0,0.0,1830000000.0,0.0,0.0,0.0,325000000.0,2155000000.0,0.272,2155000000.0,325000000.0,97000000.0,0.15,0.15,0.15,771000000.0,728750000.0,771000000.0,15764487254.0,49.0,7.315,611000000.0,5.699,1.0,1788000000.0,0.225,1614000000.0,228000000.0,23140000000.0,24988250000.0,0.0,479000000.0,0.0,479000000.0,15513000000.0,1568000000.0,13945000000.0,4333487254.0,87000000.0,-537000000.0,-48000000.0,166000000.0,0.0,76000000.0,-2234000000.0,0.0,2253000000.0,-8000000.0,16000000.0,16000000.0,16000000.0,0.0,0.0,0.002,1316000000.0,472000000.0,1479000000.0,0.0,5.621,270.843,269.467,10196000000.0,0.0,40.42,0.546,0.546,1010000000.0,-2360000000.0,7937000000.0,7937000000.0,0.0,0.001,0.022,0.013,0.041,20000000.0,1019000000.0,1.0,107211461.0,107211461.0,,74.031,14670000000.0,1476000000.0,81000000.0,2177000000.0,136.832,376000000.0
8,CAR,MRY,2012-12-31,2012-12-31,2012-12-31,2021-08-25,110000000.0,15218000000.0,15441000000.0,1710000000.0,13508000000.0,0.476,7.113,-2003000000.0,606000000.0,606000000.0,5592000000.0,290000000.0,1.157,19.103,9711000000.0,57000000.0,9654000000.0,9711000000.0,0.0,1563000000.0,0.0,0.0,0.0,568000000.0,2131000000.0,0.29,2131000000.0,568000000.0,300000000.0,2.72,2.42,2.72,757000000.0,615250000.0,757000000.0,12397481804.0,22.0,5.818,-114000000.0,-1.071,1.0,1765000000.0,0.24,1106000000.0,268000000.0,21739000000.0,22614750000.0,0.0,386000000.0,0.0,386000000.0,14461000000.0,1478000000.0,12983000000.0,2109481804.0,72000000.0,-69000000.0,0.0,279000000.0,0.0,250000000.0,-2073000000.0,0.0,1889000000.0,6000000.0,290000000.0,290000000.0,290000000.0,0.0,0.0,0.039,1122000000.0,643000000.0,1421000000.0,0.0,2.787,7.274,7.287,9803000000.0,0.0,19.82,0.287,0.287,992000000.0,-2376000000.0,7357000000.0,7357000000.0,0.0,0.019,0.471,0.025,0.077,0.0,925000000.0,1.0,106431978.0,106431978.0,,69.124,14112000000.0,1600000000.0,10000000.0,2163000000.0,132.592,232000000.0
9,CAR,MRY,2011-12-31,2011-12-31,2011-12-31,2021-08-25,78000000.0,12938000000.0,12182500000.0,1541000000.0,11397000000.0,0.484,3.922,-1528000000.0,534000000.0,534000000.0,4534000000.0,-29000000.0,1.048,30.403,8769000000.0,37000000.0,8732000000.0,8769000000.0,0.0,1490000000.0,0.0,0.0,0.0,255000000.0,1745000000.0,0.296,1745000000.0,255000000.0,36000000.0,-0.28,-0.28,-0.28,412000000.0,483500000.0,412000000.0,8360062279.0,33.0,4.791,50000000.0,0.476,1.0,1366000000.0,0.232,1066000000.0,219000000.0,18637000000.0,17860500000.0,0.0,354000000.0,0.0,354000000.0,12526000000.0,1470000000.0,11056000000.0,1126062279.0,-377000000.0,-841000000.0,0.0,534000000.0,0.0,424000000.0,-2373000000.0,0.0,1578000000.0,-6000000.0,-29000000.0,-29000000.0,-29000000.0,0.0,0.0,-0.005,1111000000.0,255000000.0,1433000000.0,0.0,2.733,-38.83,-38.286,8849000000.0,0.0,10.72,0.191,0.191,887000000.0,-2666000000.0,5900000000.0,5900000000.0,0.0,-0.002,-0.06,0.014,0.043,0.0,756000000.0,1.0,105043123.0,105043123.0,,56.167,11872000000.0,564000000.0,65000000.0,982000000.0,113.02,71000000.0
10,CAR,MRY,2010-12-31,2010-12-31,2010-12-31,2021-08-25,92000000.0,10327000000.0,10745750000.0,1638000000.0,8689000000.0,0.483,3.986,-1773000000.0,911000000.0,911000000.0,4207000000.0,54000000.0,1.756,24.188,7017000000.0,8000000.0,7009000000.0,7017000000.0,0.0,1367000000.0,0.0,0.0,0.0,242000000.0,1609000000.0,0.31,1609000000.0,242000000.0,72000000.0,0.53,0.49,0.53,410000000.0,308500000.0,410000000.0,8382511792.0,35.0,5.21,-133000000.0,-1.293,1.0,978000000.0,0.189,557000000.0,170000000.0,14943000000.0,15751500000.0,0.0,294000000.0,0.0,294000000.0,9917000000.0,933000000.0,8984000000.0,1600511792.0,429000000.0,-2000000.0,0.0,451000000.0,0.0,380000000.0,-1603000000.0,0.0,1640000000.0,12000000.0,54000000.0,54000000.0,54000000.0,0.0,0.0,0.01,684000000.0,294000000.0,925000000.0,0.0,3.904,29.639,29.358,6847000000.0,0.0,15.56,0.309,0.309,464000000.0,-2637000000.0,5185000000.0,5185000000.0,0.0,0.005,0.175,0.015,0.047,0.0,569000000.0,1.0,102860655.0,102860655.0,,50.408,9770000000.0,717000000.0,18000000.0,1333000000.0,94.983,705000000.0
11,CAR,MRY,2009-12-31,2009-12-31,2009-12-31,2021-08-25,-37000000.0,10093000000.0,10279750000.0,1730000000.0,8363000000.0,0.499,2.177,330000000.0,482000000.0,482000000.0,4355000000.0,-47000000.0,1.347,44.464,6505000000.0,12000000.0,6493000000.0,6505000000.0,0.0,1487000000.0,0.0,0.0,0.0,76000000.0,1563000000.0,0.305,1563000000.0,76000000.0,-77000000.0,-0.46,-0.46,-0.46,222000000.0,154500000.0,222000000.0,7269092098.0,96.0,4.651,1821000000.0,17.855,1.0,776000000.0,0.151,554000000.0,153000000.0,14278000000.0,15058250000.0,0.0,385000000.0,0.0,385000000.0,9871000000.0,1284000000.0,8587000000.0,1338092098.0,224000000.0,0.0,0.0,-1393000000.0,0.0,-1465000000.0,166000000.0,0.0,1491000000.0,32000000.0,-47000000.0,-47000000.0,-47000000.0,0.0,0.0,-0.009,700000000.0,76000000.0,1272000000.0,0.0,6.027,-28.47,-28.522,6409000000.0,0.0,13.12,0.261,0.261,460000000.0,-2691000000.0,5131000000.0,5131000000.0,0.0,-0.005,-0.304,0.005,0.015,0.0,551000000.0,1.0,101988727.0,101988727.0,,50.309,9539000000.0,704000000.0,-30000000.0,1267000000.0,93.53,446000000.0
12,CAR,MRY,2008-12-31,2008-12-31,2008-12-31,2021-08-25,-194000000.0,11318000000.0,13044250000.0,1073000000.0,10245000000.0,0.459,0.917,-1969000000.0,258000000.0,258000000.0,5165000000.0,-1124000000.0,1.178,120.699,7823000000.0,10000000.0,7813000000.0,7823000000.0,0.0,1727000000.0,0.0,0.0,0.0,-1214000000.0,513000000.0,0.086,513000000.0,-1214000000.0,-1343000000.0,-11.04,-11.04,-11.04,93000000.0,821750000.0,93000000.0,8335986999.0,-7.0,16.249,-265000000.0,-2.613,1.0,819000000.0,0.137,542000000.0,129000000.0,17430000000.0,19281000000.0,0.0,129000000.0,0.0,129000000.0,11225000000.0,911000000.0,10314000000.0,70986999.0,44000000.0,-88000000.0,-33000000.0,558000000.0,0.0,463000000.0,-2096000000.0,0.0,1704000000.0,-27000000.0,-1124000000.0,-1124000000.0,-1124000000.0,0.0,0.0,-0.188,2033000000.0,-1214000000.0,901000000.0,0.0,0.763,-0.063,-0.063,7649000000.0,0.0,0.7,0.012,0.012,893000000.0,-2644000000.0,5984000000.0,5984000000.0,0.0,-0.086,-1.368,-0.063,-0.203,0.0,655000000.0,1.0,101409998.0,101409998.0,,59.008,10776000000.0,578000000.0,-219000000.0,1188000000.0,106.262,162000000.0
13,CAR,MRY,2007-12-31,2007-12-31,2007-12-31,2021-08-25,32000000.0,12474000000.0,14209000000.0,1218000000.0,11256000000.0,0.421,14.11,-1863000000.0,214000000.0,214000000.0,4919000000.0,-916000000.0,1.103,7.515,7393000000.0,10000000.0,7383000000.0,7393000000.0,0.0,1649000000.0,0.0,0.0,0.0,-834000000.0,815000000.0,0.136,815000000.0,-834000000.0,-961000000.0,-8.88,-8.88,-8.88,1465000000.0,2256500000.0,1465000000.0,9783780835.0,-12.0,12.005,-149000000.0,-1.435,1.0,1067000000.0,0.178,1760000000.0,127000000.0,16789000000.0,18556500000.0,0.0,231000000.0,0.0,231000000.0,11009000000.0,1104000000.0,9905000000.0,1349780835.0,42000000.0,-119000000.0,50000000.0,198000000.0,0.0,239000000.0,-1917000000.0,46000000.0,1714000000.0,6000000.0,-916000000.0,-916000000.0,-916000000.0,-31000000.0,0.0,-0.153,1932000000.0,-865000000.0,1094000000.0,0.0,0.921,-1.474,-1.464,7974000000.0,0.0,13.0,0.225,0.225,668000000.0,-1520000000.0,5986000000.0,5986000000.0,0.0,-0.064,-0.406,-0.045,-0.139,0.0,658000000.0,1.0,103829295.0,103829295.0,,57.652,10714000000.0,276000000.0,-45000000.0,1246000000.0,103.189,114000000.0
14,CAR,MRY,2006-12-31,2006-12-31,2006-12-31,2021-08-25,68000000.0,13271000000.0,24377250000.0,1806000000.0,11465000000.0,0.233,24.219,-653000000.0,172000000.0,172000000.0,4623000000.0,-1994000000.0,0.959,4.432,7112000000.0,29000000.0,7083000000.0,7112000000.0,0.0,1467000000.0,0.0,0.051,1.1,-1984000000.0,-517000000.0,-0.091,-517000000.0,-1984000000.0,-2220000000.0,-19.82,-19.82,-19.82,2443000000.0,6643250000.0,2443000000.0,9722857611.0,-5.0,-18.806,-401000000.0,-3.975,1.0,1066000000.0,0.187,2932000000.0,236000000.0,15395000000.0,22751250000.0,0.0,375000000.0,0.0,375000000.0,10828000000.0,1884000000.0,8944000000.0,2187857611.0,-374000000.0,-118000000.0,-197000000.0,-4341000000.0,-113000000.0,-4704000000.0,-753000000.0,0.0,252000000.0,14000000.0,-1994000000.0,-1994000000.0,-1994000000.0,1479000000.0,0.0,-0.351,1194000000.0,-128000000.0,1855000000.0,-0.055,0.896,-1.097,-1.094,7535000000.0,0.0,21.69,0.385,0.385,639000000.0,-586000000.0,5689000000.0,5689000000.0,0.0,-0.082,-0.3,-0.087,-0.349,0.0,818000000.0,1.0,100869415.0,100869415.0,,56.4,10339000000.0,233000000.0,-226000000.0,1206000000.0,102.499,-78000000.0
15,CAR,MRY,2005-12-31,2005-12-31,2005-12-31,2021-08-25,40000000.0,34493000000.0,35193500000.0,22015000000.0,12478000000.0,0.153,110.721,-2491000000.0,546000000.0,546000000.0,4276000000.0,1618000000.0,2.092,2.041,11417000000.0,975000000.0,10442000000.0,11417000000.0,0.0,1307000000.0,0.0,0.087,14.95,1739000000.0,3046000000.0,0.564,3046000000.0,1739000000.0,1567000000.0,15.56,15.56,15.56,11342000000.0,11246500000.0,11342000000.0,32790521776.0,19.0,10.765,-1491000000.0,-14.555,1.0,1124000000.0,0.208,2919000000.0,172000000.0,31920000000.0,29188750000.0,0.0,389000000.0,0.0,389000000.0,23151000000.0,10525000000.0,12626000000.0,17670521776.0,383000000.0,-211000000.0,-1060000000.0,490000000.0,-423000000.0,-1001000000.0,-2609000000.0,18000000.0,1000000000.0,-51000000.0,1618000000.0,1618000000.0,1618000000.0,-1637000000.0,0.0,0.3,1014000000.0,110000000.0,2287000000.0,0.961,1.558,10.921,11.086,8025000000.0,0.0,172.5,3.272,3.272,950000000.0,5997000000.0,5400000000.0,5400000000.0,0.0,0.046,0.144,0.06,0.322,0.0,857000000.0,1.0,102437807.0,102437807.0,,52.715,31574000000.0,635000000.0,-51000000.0,1139000000.0,308.226,11490000000.0
16,CAR,MRY,2004-12-31,2004-12-31,2004-12-31,2021-08-25,274000000.0,42570000000.0,41584750000.0,9709000000.0,32861000000.0,0.116,120.579,-1612000000.0,837000000.0,837000000.0,3645000000.0,2091000000.0,0.952,2.353,16484000000.0,739000000.0,15745000000.0,16484000000.0,620000000.0,1056000000.0,0.0,0.014,3.2,2278000000.0,3334000000.0,0.692,3334000000.0,2278000000.0,2027000000.0,20.29,19.66,20.29,12695000000.0,11714250000.0,12695000000.0,42653373014.0,19.0,12.793,-825000000.0,-7.836,1.0,1175000000.0,0.244,13695000000.0,251000000.0,34323000000.0,39097000000.0,0.0,6504000000.0,0.0,6504000000.0,29875000000.0,10199000000.0,19676000000.0,24615373014.0,-410000000.0,692000000.0,107000000.0,-765000000.0,-333000000.0,-1030000000.0,-810000000.0,40000000.0,787000000.0,18000000.0,2091000000.0,2091000000.0,2091000000.0,-2020000000.0,0.0,0.434,899000000.0,276000000.0,3851000000.0,0.158,1.939,11.772,11.523,1685000000.0,0.0,233.8,5.107,5.107,1237000000.0,6179000000.0,4820000000.0,4820000000.0,0.0,0.05,0.179,0.058,0.473,0.0,784000000.0,1.0,105283888.0,105283888.0,,45.781,28875000000.0,2577000000.0,-64000000.0,2200000000.0,274.258,-490000000.0
17,CAR,MRY,2003-12-31,2003-12-31,2003-12-31,2021-08-25,209000000.0,39456000000.0,38409250000.0,5022000000.0,34434000000.0,0.401,100.532,-1185000000.0,1287000000.0,1287000000.0,8989000000.0,1172000000.0,0.696,2.874,20787000000.0,1629000000.0,19158000000.0,20787000000.0,1165000000.0,1381000000.0,0.0,0.0,0.0,2033000000.0,3414000000.0,0.221,3414000000.0,2033000000.0,1735000000.0,11.5,11.1,11.5,10186000000.0,9861500000.0,10186000000.0,43609207723.0,21.0,12.774,4342000000.0,42.854,1.0,6429000000.0,0.417,13027000000.0,298000000.0,38717000000.0,38208250000.0,0.0,6494000000.0,0.0,6494000000.0,29270000000.0,7212000000.0,22058000000.0,22564207723.0,661000000.0,-6021000000.0,-644000000.0,3258000000.0,0.0,-3135000000.0,-2239000000.0,296000000.0,5527000000.0,-6000000.0,1172000000.0,1172000000.0,1172000000.0,-301000000.0,0.0,0.076,4325000000.0,2104000000.0,4668000000.0,0.0,2.215,19.253,19.365,1763000000.0,0.0,222.7,1.463,1.463,1665000000.0,4430000000.0,15418000000.0,15418000000.0,0.0,0.031,0.119,0.053,0.132,0.0,2521000000.0,1.0,101321094.0,101321094.0,,152.17,26429000000.0,1494000000.0,563000000.0,1429000000.0,260.844,-2190000000.0
18,CAR,MRY,2002-12-31,2002-12-31,2002-12-31,2021-08-25,-14000000.0,35897000000.0,32875500000.0,3332000000.0,32565000000.0,0.427,89.871,-3045000000.0,433000000.0,433000000.0,6751000000.0,846000000.0,0.667,2.854,18348000000.0,30000000.0,18318000000.0,18348000000.0,1000000000.0,2197000000.0,0.0,0.0,0.0,1624000000.0,3821000000.0,0.272,3821000000.0,1624000000.0,1362000000.0,8.3,8.0,8.3,9315000000.0,8743500000.0,9315000000.0,25535402048.0,16.0,6.683,-2092000000.0,-20.184,1.0,7274000000.0,0.519,13163000000.0,262000000.0,35652000000.0,31246750000.0,0.0,4332000000.0,0.0,4332000000.0,26582000000.0,4997000000.0,21585000000.0,10862402048.0,-1817000000.0,-6189000000.0,-166000000.0,4997000000.0,0.0,-1261000000.0,-1650000000.0,384000000.0,953000000.0,41000000.0,846000000.0,846000000.0,846000000.0,163000000.0,0.0,0.06,5423000000.0,1851000000.0,4287000000.0,0.0,1.166,12.84,12.627,1780000000.0,0.0,104.8,0.775,0.775,1457000000.0,3258000000.0,14025000000.0,14025000000.0,0.0,0.026,0.097,0.052,0.116,0.0,2486000000.0,1.0,103648874.0,103648874.0,,135.313,22734000000.0,1449000000.0,516000000.0,1017000000.0,219.337,-1665000000.0
19,CAR,MRY,2001-12-31,2001-12-31,2001-12-31,2021-08-25,-264000000.0,33544000000.0,30330000000.0,7717000000.0,25827000000.0,0.287,72.013,-1331000000.0,3014000000.0,3014000000.0,2738000000.0,385000000.0,0.991,3.746,15976000000.0,401000000.0,15575000000.0,15976000000.0,1197000000.0,1880000000.0,0.0,0.0,0.0,857000000.0,2737000000.0,0.315,2737000000.0,857000000.0,605000000.0,4.2,4.1,4.2,7068000000.0,6011250000.0,7068000000.0,31529046844.0,37.0,11.52,1413000000.0,14.396,1.0,5955000000.0,0.685,10100000000.0,252000000.0,28615000000.0,28873000000.0,0.0,3396000000.0,0.0,3396000000.0,26476000000.0,7791000000.0,18685000000.0,19247046844.0,1086000000.0,-8954000000.0,623000000.0,10513000000.0,0.0,4642000000.0,-6413000000.0,617000000.0,2744000000.0,-8000000.0,385000000.0,385000000.0,385000000.0,-81000000.0,0.0,0.044,5457000000.0,498000000.0,3468000000.0,0.0,2.723,49.992,46.69,1394000000.0,0.0,196.1,2.214,2.214,1313000000.0,2412000000.0,8693000000.0,8693000000.0,0.0,0.013,0.064,0.03,0.099,0.0,2079000000.0,1.0,98149142.0,98149142.0,,88.569,23444000000.0,1594000000.0,220000000.0,1050000000.0,238.861,-74000000.0
20,CAR,MRY,2000-12-31,2000-12-31,2000-12-31,2021-08-25,-234000000.0,15153000000.0,14976500000.0,3933000000.0,11220000000.0,0.288,38.054,-192000000.0,856000000.0,856000000.0,1176000000.0,602000000.0,1.553,4.463,3988000000.0,0.0,3988000000.0,3988000000.0,1418000000.0,474000000.0,0.0,0.0,0.0,1095000000.0,1569000000.0,0.363,1569000000.0,1095000000.0,943000000.0,8.4,8.1,8.4,2774000000.0,2633250000.0,2774000000.0,10014580664.0,9.0,6.383,1144000000.0,15.694,1.0,3144000000.0,0.728,4633000000.0,152000000.0,11119000000.0,8878000000.0,0.0,2532000000.0,0.0,2532000000.0,12379000000.0,2533000000.0,9846000000.0,7012580664.0,-206000000.0,-7739000000.0,222000000.0,6838000000.0,0.0,-483000000.0,-1142000000.0,-918000000.0,1336000000.0,-6000000.0,602000000.0,602000000.0,602000000.0,-91000000.0,0.0,0.139,1991000000.0,1153000000.0,1350000000.0,0.0,2.528,11.649,11.452,735000000.0,0.0,96.2,1.623,1.623,746000000.0,2027000000.0,4320000000.0,4320000000.0,0.0,0.04,0.229,0.123,0.253,0.0,1559000000.0,1.0,72895849.0,72895849.0,,59.263,10520000000.0,1365000000.0,341000000.0,476000000.0,144.315,1400000000.0
21,CAR,MRY,1999-12-31,1999-12-31,1999-12-31,2021-08-25,-42000000.0,15149000000.0,16602625000.0,4592000000.0,10557000000.0,0.347,31.026,-1013000000.0,1164000000.0,1164000000.0,1572000000.0,-55000000.0,0.819,5.867,5159000000.0,400000000.0,4759000000.0,5159000000.0,1452000000.0,1036000000.0,0.0,0.0,0.0,-276000000.0,760000000.0,0.132,760000000.0,-276000000.0,-477000000.0,-0.7,-0.7,-0.7,2206000000.0,3743225000.0,2206000000.0,24399228967.0,-88.0,32.104,1930000000.0,27.144,1.0,4183000000.0,0.727,5343000000.0,201000000.0,8191000000.0,13354350000.0,0.0,2196000000.0,0.0,2196000000.0,12943000000.0,5610000000.0,7333000000.0,18884828967.0,129000000.0,-4304000000.0,-2736000000.0,5636000000.0,0.0,-4788000000.0,1859000000.0,51000000.0,2943000000.0,36000000.0,-55000000.0,-55000000.0,-55000000.0,-252000000.0,0.0,-0.01,5759000000.0,-1576000000.0,1319000000.0,0.0,8.561,-343.361,-379.429,1347000000.0,0.0,265.6,3.281,3.281,1026000000.0,1425000000.0,5755000000.0,5755000000.0,0.0,-0.003,-0.015,-0.021,-0.048,0.0,1715000000.0,1.0,71102519.0,71102519.0,,80.939,9806000000.0,1427000000.0,-422000000.0,616000000.0,137.914,-1018000000.0
22,CAR,MRY,1998-12-31,1998-12-31,1998-12-31,2021-08-25,-49000000.0,20217000000.0,19138200000.0,4547000000.0,15670000000.0,0.344,56.689,-1632000000.0,1009000000.0,1009000000.0,1870000000.0,540000000.0,1.583,3.181,10260000000.0,0.0,10260000000.0,10260000000.0,1588000000.0,1583000000.0,0.0,0.0,0.0,758000000.0,2341000000.0,0.356,2341000000.0,758000000.0,644000000.0,6.4,6.1,6.4,4836000000.0,4588325000.0,4836000000.0,25068743653.0,33.0,10.709,-824000000.0,-9.659,1.0,4715000000.0,0.716,6043000000.0,114000000.0,20553000000.0,17963850000.0,0.0,3052000000.0,0.0,3052000000.0,15381000000.0,2872000000.0,12509000000.0,16472943653.0,942000000.0,-9022000000.0,-87000000.0,9954000000.0,0.0,4690000000.0,-4352000000.0,-24000000.0,808000000.0,-16000000.0,540000000.0,540000000.0,540000000.0,-380000000.0,0.0,0.082,4286000000.0,429000000.0,1518000000.0,0.0,3.406,30.505,30.172,5234000000.0,0.0,193.1,2.502,2.502,1535000000.0,1480000000.0,6585000000.0,6585000000.0,0.0,0.028,0.118,0.042,0.115,0.0,1824000000.0,1.0,85307839.0,85307839.0,,77.191,14174000000.0,467000000.0,104000000.0,341000000.0,166.151,1675000000.0
23,CAR,MRY,1997-12-31,1997-12-31,1997-12-31,2021-08-25,-38200000.0,14073400000.0,13417950000.0,2633600000.0,11439800000.0,0.316,48.341,-1449000000.0,67000000.0,67000000.0,1322000000.0,-217000000.0,1.039,2.589,6848600000.0,0.0,6848600000.0,6848600000.0,1334100000.0,1360000000.0,0.0,0.0,0.0,25000000.0,1385000000.0,0.327,1385000000.0,25000000.0,-26000000.0,-2.7,-2.7,-2.7,3921400000.0,3938550000.0,3921400000.0,,,,-236000000.0,-2.909,1.0,2918000000.0,0.688,3852100000.0,51000000.0,14468500000.0,13383500000.0,0.0,2009300000.0,0.0,2009300000.0,10152000000.0,2534400000.0,7617600000.0,29005067002.0,-381000000.0,-7188000000.0,-39000000.0,7810000000.0,0.0,901000000.0,-2329000000.0,-225000000.0,1213000000.0,15000000.0,-217000000.0,-217000000.0,-217000000.0,26000000.0,0.0,-0.051,2610000000.0,308000000.0,1492400000.0,0.0,7.397,-133.664,-127.333,4203800000.0,0.0,343.8,6.841,6.578,1170700000.0,940600000.0,4240000000.0,4240000000.0,0.0,-0.016,-0.055,0.002,0.006,0.0,1668000000.0,1.0,84366105.0,81120000.0,85170000.0,52.268,10221300000.0,311900000.0,191000000.0,366600000.0,126.002,99200000.0
24,CAR,MRY,1996-12-31,1996-12-31,1996-12-31,2021-08-25,-6400000.0,12762500000.0,,2494100000.0,10268400000.0,,52.435,-1243700000.0,448100000.0,448100000.0,1183200000.0,330000000.0,1.146,2.226,5870700000.0,0.0,5870700000.0,5870700000.0,900900000.0,1167300000.0,0.0,0.0,0.0,564500000.0,1731800000.0,0.535,1731800000.0,564500000.0,550200000.0,4.4,4.1,4.4,3955700000.0,,3955700000.0,,,,249700000.0,3.31,1.0,2054500000.0,0.635,3710700000.0,14300000.0,12298500000.0,,0.0,1537200000.0,0.0,1537200000.0,8806800000.0,2175900000.0,6630900000.0,,223000000.0,-5916600000.0,1204600000.0,5046400000.0,0.0,1780800000.0,-3090800000.0,-65900000.0,1493400000.0,-46200000.0,330000000.0,330000000.0,330000000.0,-16700000.0,0.0,0.102,1506700000.0,547800000.0,1602900000.0,0.0,,,55.114,3418700000.0,0.0,242.5,,5.65,994100000.0,1186700000.0,3237700000.0,3237700000.0,0.0,,,,0.174,0.0,1251800000.0,1.0,,75440000.0,81860000.0,42.918,9051800000.0,136900000.0,220200000.0,344300000.0,119.987,318200000.0
25,CAR,MRY,1995-12-31,1995-12-31,1995-12-31,2021-08-25,,,,,,,,-1422500000.0,,,1024900000.0,229800000.0,,,,,,,,1061300000.0,,0.0,0.0,389600000.0,1450900000.0,0.555,1450900000.0,389600000.0,373000000.0,3.3,3.1,3.3,,,,,,,-278200000.0,-4.149,1.0,1591200000.0,0.608,,16600000.0,,,,,,,,,,,21200000.0,-313800000.0,90100000.0,595200000.0,-39100000.0,661200000.0,-1789000000.0,79100000.0,1144300000.0,6500000.0,229800000.0,229800000.0,229800000.0,-22700000.0,0.0,0.088,1224300000.0,366900000.0,,0.0,,,68.949,,0.0,227.533,,5.832,,,2616100000.0,2616100000.0,0.0,,,,0.149,0.0,1026900000.0,1.0,,67050000.0,74180000.0,39.017,,,143200000.0,,,
0,CAR,MRQ,2021-06-30,2021-06-30,2021-06-30,2021-08-25,-161000000.0,22013000000.0,,2736000000.0,19277000000.0,,1.317,-2560000000.0,1324000000.0,1324000000.0,1447000000.0,398000000.0,1.109,238.272,16653000000.0,21000000.0,16632000000.0,16653000000.0,0.0,654000000.0,0.0,0.0,0.0,545000000.0,1199000000.0,0.506,1199000000.0,545000000.0,486000000.0,5.69,5.63,5.69,92000000.0,,92000000.0,18974302867.0,47.0,6.607,-1641000000.0,-23.49,1.0,924000000.0,0.39,1866000000.0,59000000.0,33009000000.0,,0.0,853000000.0,0.0,853000000.0,21921000000.0,2467000000.0,19454000000.0,5441302867.0,772000000.0,-104000000.0,-3000000.0,2534000000.0,0.0,2516000000.0,-2669000000.0,0.0,919000000.0,6000000.0,398000000.0,398000000.0,398000000.0,0.0,0.0,0.168,379000000.0,545000000.0,2446000000.0,0.0,59.145,29.734,30.073,14713000000.0,0.0,77.89,0.82,0.82,1012000000.0,-1242000000.0,2371000000.0,2371000000.0,0.0,,,,,10000000.0,294000000.0,1.0,69858812.0,69858812.0,,33.94,20147000000.0,1349000000.0,88000000.0,1537000000.0,288.396,269000000.0
1,CAR,MRQ,2021-03-31,2021-03-31,2021-03-31,2021-08-25,-163000000.0,18609000000.0,,1868000000.0,16741000000.0,,-4.524,-1365000000.0,576000000.0,576000000.0,1161000000.0,-170000000.0,0.853,-59.889,14109000000.0,19000000.0,14090000000.0,14109000000.0,0.0,563000000.0,0.0,0.0,0.0,-189000000.0,374000000.0,0.273,374000000.0,-189000000.0,-250000000.0,-2.43,-2.43,-2.43,-316000000.0,,-316000000.0,17519351665.0,-25.0,10.227,-1029000000.0,-14.733,1.0,211000000.0,0.154,1871000000.0,61000000.0,28081000000.0,,0.0,727000000.0,0.0,727000000.0,18925000000.0,2190000000.0,16735000000.0,5066351665.0,-126000000.0,-3000000.0,-19000000.0,945000000.0,0.0,914000000.0,-1366000000.0,0.0,336000000.0,-10000000.0,-170000000.0,-170000000.0,-170000000.0,0.0,0.0,-0.124,271000000.0,-60000000.0,2171000000.0,0.0,-16.033,-7.279,-7.247,12222000000.0,0.0,72.54,1.009,1.009,1093000000.0,-1640000000.0,1372000000.0,1372000000.0,0.0,,,,,4000000.0,182000000.0,1.0,69842179.0,69842179.0,,19.644,16738000000.0,1348000000.0,-80000000.0,1470000000.0,239.655,-322000000.0
2,CAR,MRQ,2020-12-31,2020-12-31,2020-12-31,2021-08-25,-187000000.0,17538000000.0,,1795000000.0,15743000000.0,,-2.224,696000000.0,692000000.0,692000000.0,1167000000.0,-90000000.0,0.874,-114.148,13145000000.0,19000000.0,13126000000.0,13145000000.0,0.0,574000000.0,0.0,0.0,0.0,-67000000.0,507000000.0,0.374,507000000.0,-67000000.0,-135000000.0,-1.31,-1.31,-1.31,-155000000.0,,-155000000.0,15704189365.0,-22.0,8.553,755000000.0,10.835,1.0,188000000.0,0.139,1911000000.0,68000000.0,26027000000.0,,0.0,739000000.0,0.0,739000000.0,17693000000.0,2053000000.0,15640000000.0,2599189365.0,-895000000.0,-3000000.0,0.0,-1654000000.0,0.0,-1662000000.0,694000000.0,0.0,59000000.0,14000000.0,-90000000.0,-90000000.0,-90000000.0,0.0,0.0,-0.066,255000000.0,-67000000.0,2034000000.0,0.0,-16.769,-3.8,-3.841,11370000000.0,0.0,37.3,0.481,0.481,928000000.0,-1470000000.0,1355000000.0,1355000000.0,0.0,,,,,3000000.0,154000000.0,1.0,69683361.0,69683361.0,,19.445,15627000000.0,1198000000.0,-45000000.0,1383000000.0,224.257,-258000000.0
3,CAR,MRQ,2020-09-30,2020-09-30,2020-09-30,2021-08-25,-194000000.0,19596000000.0,,2635000000.0,16961000000.0,,-1.091,2113000000.0,1564000000.0,1564000000.0,1158000000.0,45000000.0,1.217,-258.842,14669000000.0,19000000.0,14650000000.0,14669000000.0,0.0,675000000.0,0.0,0.0,0.0,117000000.0,792000000.0,0.516,792000000.0,117000000.0,53000000.0,0.64,0.63,0.64,-76000000.0,,-76000000.0,17244671314.0,-29.0,8.134,2395000000.0,34.377,1.0,376000000.0,0.245,1892000000.0,64000000.0,28643000000.0,,0.0,764000000.0,0.0,764000000.0,19672000000.0,2166000000.0,17506000000.0,1833671314.0,321000000.0,52000000.0,-1000000.0,-2146000000.0,0.0,-2159000000.0,2166000000.0,0.0,282000000.0,32000000.0,45000000.0,45000000.0,45000000.0,0.0,0.0,0.029,257000000.0,119000000.0,2147000000.0,0.0,-24.127,-4.057,-4.024,12114000000.0,0.0,26.32,0.295,0.295,1100000000.0,-1380000000.0,1534000000.0,1534000000.0,0.0,,,,,4000000.0,166000000.0,1.0,69668363.0,69668363.0,,22.019,17704000000.0,1443000000.0,8000000.0,1685000000.0,254.118,469000000.0
4,CAR,MRQ,2020-06-30,2020-06-30,2020-06-30,2021-08-25,-223000000.0,21690000000.0,,2240000000.0,19450000000.0,,-2.2,1746000000.0,1258000000.0,1258000000.0,1083000000.0,-481000000.0,1.065,-142.765,16669000000.0,19000000.0,16650000000.0,16669000000.0,0.0,598000000.0,0.0,0.0,0.0,-558000000.0,40000000.0,0.053,40000000.0,-558000000.0,-609000000.0,-6.91,-6.91,-6.91,-153000000.0,,-153000000.0,18623132766.0,-54.0,7.306,1726000000.0,24.815,1.0,-323000000.0,-0.425,1867000000.0,51000000.0,33131000000.0,,0.0,804000000.0,0.0,804000000.0,21843000000.0,2103000000.0,19740000000.0,1592132766.0,618000000.0,51000000.0,0.0,-1171000000.0,0.0,-1186000000.0,1799000000.0,0.0,-20000000.0,25000000.0,-481000000.0,-481000000.0,-481000000.0,0.0,0.0,-0.633,232000000.0,-555000000.0,2084000000.0,0.0,-10.406,-5.169,-4.912,14253000000.0,0.0,22.89,0.214,0.214,1099000000.0,-1425000000.0,760000000.0,760000000.0,0.0,,,,,4000000.0,132000000.0,1.0,69555822.0,69555822.0,,10.926,19823000000.0,1737000000.0,-128000000.0,2013000000.0,284.994,137000000.0
5,CAR,MRQ,2020-03-31,2020-03-31,2020-03-31,2021-08-25,-256000000.0,23552000000.0,,1927000000.0,21625000000.0,,3.927,-1297000000.0,679000000.0,679000000.0,1600000000.0,-158000000.0,0.852,79.658,17710000000.0,118000000.0,17592000000.0,17710000000.0,0.0,714000000.0,0.0,0.0,0.0,-217000000.0,497000000.0,0.284,497000000.0,-217000000.0,-265000000.0,-2.16,-2.16,-2.16,292000000.0,,292000000.0,16990555531.0,50.0,4.882,-927000000.0,-12.467,1.0,153000000.0,0.087,1863000000.0,48000000.0,36457000000.0,,0.0,824000000.0,0.0,824000000.0,23260000000.0,2263000000.0,20997000000.0,1033555531.0,-179000000.0,-187000000.0,-103000000.0,1074000000.0,0.0,962000000.0,-1482000000.0,0.0,370000000.0,-29000000.0,-158000000.0,-158000000.0,-158000000.0,0.0,0.0,-0.09,366000000.0,-213000000.0,2145000000.0,0.0,3.54,4.398,4.542,16268000000.0,0.0,13.9,0.115,0.115,1373000000.0,-944000000.0,1753000000.0,1753000000.0,0.0,,,,,-2000000.0,251000000.0,1.0,74356513.0,74356513.0,,23.576,21689000000.0,1797000000.0,-107000000.0,2204000000.0,291.689,-336000000.0
6,CAR,MRQ,2019-12-31,2019-12-31,2019-12-31,2021-08-25,-157000000.0,23126000000.0,,2145000000.0,20981000000.0,,8.886,296000000.0,686000000.0,686000000.0,1731000000.0,142000000.0,0.964,34.253,16643000000.0,19000000.0,16624000000.0,16643000000.0,0.0,738000000.0,0.0,0.0,0.0,53000000.0,791000000.0,0.366,791000000.0,53000000.0,14000000.0,1.89,1.88,1.89,656000000.0,,656000000.0,18806130122.0,40.0,5.214,951000000.0,12.882,1.0,431000000.0,0.199,1899000000.0,39000000.0,34959000000.0,,0.0,860000000.0,0.0,860000000.0,22470000000.0,2225000000.0,20245000000.0,2380130122.0,192000000.0,-15000000.0,-2000000.0,-764000000.0,0.0,-772000000.0,286000000.0,0.0,655000000.0,23000000.0,142000000.0,142000000.0,142000000.0,0.0,0.0,0.066,376000000.0,55000000.0,2206000000.0,0.0,3.628,7.881,8.04,15565000000.0,0.0,32.24,0.259,0.259,1689000000.0,-785000000.0,2162000000.0,2162000000.0,0.0,,,,,4000000.0,290000000.0,1.0,73825376.0,73825376.0,,29.285,21227000000.0,1662000000.0,-128000000.0,2189000000.0,287.53,-80000000.0
7,CAR,MRQ,2019-09-30,2019-09-30,2019-09-30,2021-08-25,-173000000.0,23108000000.0,,2147000000.0,20961000000.0,,6.515,86000000.0,615000000.0,615000000.0,1932000000.0,189000000.0,0.938,45.683,17041000000.0,95000000.0,16946000000.0,17041000000.0,0.0,844000000.0,0.0,0.0,0.0,377000000.0,1221000000.0,0.444,1221000000.0,377000000.0,328000000.0,2.52,2.5,2.52,495000000.0,,495000000.0,19599234929.0,42.0,5.812,1052000000.0,13.845,1.0,821000000.0,0.298,1875000000.0,49000000.0,35369000000.0,,0.0,731000000.0,0.0,731000000.0,22613000000.0,2290000000.0,20323000000.0,2147234929.0,123000000.0,22000000.0,-61000000.0,-881000000.0,0.0,-937000000.0,108000000.0,0.0,966000000.0,-14000000.0,189000000.0,189000000.0,189000000.0,0.0,0.0,0.069,434000000.0,387000000.0,2195000000.0,0.0,4.338,12.412,12.234,15869000000.0,0.0,28.26,0.237,0.237,1777000000.0,-927000000.0,2753000000.0,2753000000.0,0.0,,,,,6000000.0,350000000.0,1.0,75981420.0,75981420.0,,36.233,21233000000.0,1360000000.0,139000000.0,2058000000.0,279.45,-143000000.0
8,CAR,MRQ,2019-06-30,2019-06-30,2019-06-30,2021-08-25,-139000000.0,24455000000.0,,2286000000.0,22169000000.0,,4.953,-1709000000.0,534000000.0,534000000.0,1805000000.0,62000000.0,0.857,64.04,17986000000.0,420000000.0,17566000000.0,17986000000.0,0.0,842000000.0,0.0,0.0,0.0,129000000.0,971000000.0,0.415,971000000.0,129000000.0,81000000.0,0.81,0.81,0.81,376000000.0,,376000000.0,18904067256.0,39.0,5.997,-1184000000.0,-15.597,1.0,532000000.0,0.228,1913000000.0,48000000.0,37325000000.0,,0.0,727000000.0,0.0,727000000.0,24079000000.0,2669000000.0,21410000000.0,2669067256.0,-91000000.0,-91000000.0,0.0,1114000000.0,0.0,1090000000.0,-1712000000.0,0.0,525000000.0,6000000.0,62000000.0,62000000.0,62000000.0,0.0,0.0,0.027,403000000.0,129000000.0,2249000000.0,0.0,7.099,13.549,14.064,17436000000.0,0.0,35.16,0.294,0.294,1352000000.0,-1116000000.0,2337000000.0,2337000000.0,0.0,,,,,7000000.0,313000000.0,1.0,75912038.0,75912038.0,,30.786,22542000000.0,1438000000.0,19000000.0,2029000000.0,296.949,-383000000.0
9,CAR,MRQ,2019-03-31,2019-03-31,2019-03-31,2021-08-25,-137000000.0,22902000000.0,,2137000000.0,20765000000.0,,4.276,-1350000000.0,540000000.0,540000000.0,1637000000.0,-91000000.0,0.946,69.685,16775000000.0,23000000.0,16752000000.0,16775000000.0,0.0,718000000.0,0.0,0.0,0.0,-94000000.0,624000000.0,0.325,624000000.0,-94000000.0,-136000000.0,-1.2,-1.2,-1.2,324000000.0,,324000000.0,15809309954.0,36.0,5.507,-910000000.0,-12.01,1.0,283000000.0,0.147,1895000000.0,42000000.0,34984000000.0,,0.0,768000000.0,0.0,768000000.0,22578000000.0,2258000000.0,20320000000.0,2641309954.0,-59000000.0,-83000000.0,-4000000.0,946000000.0,0.0,937000000.0,-1434000000.0,0.0,440000000.0,-2000000.0,-91000000.0,-91000000.0,-91000000.0,0.0,0.0,-0.047,377000000.0,-94000000.0,2235000000.0,0.0,8.152,16.406,17.257,15828000000.0,0.0,34.86,0.291,0.291,1542000000.0,-1178000000.0,1920000000.0,1920000000.0,0.0,,,,,5000000.0,284000000.0,1.0,75769075.0,75769075.0,,25.34,21007000000.0,1389000000.0,-45000000.0,1995000000.0,277.25,-121000000.0
10,CAR,MRQ,2018-12-31,2018-12-31,2018-12-31,2021-08-25,-133000000.0,19149000000.0,,2174000000.0,16975000000.0,,5.353,312000000.0,615000000.0,615000000.0,1641000000.0,13000000.0,1.267,45.254,13783000000.0,23000000.0,13760000000.0,13783000000.0,0.0,504000000.0,0.0,0.0,0.0,52000000.0,556000000.0,0.271,556000000.0,52000000.0,3000000.0,0.18,0.18,0.18,414000000.0,,414000000.0,15616741182.0,34.0,5.816,826000000.0,10.679,1.0,409000000.0,0.2,1917000000.0,49000000.0,28684000000.0,,0.0,674000000.0,0.0,674000000.0,18735000000.0,1716000000.0,17019000000.0,1738741182.0,-33000000.0,-69000000.0,-73000000.0,-702000000.0,0.0,-787000000.0,251000000.0,0.0,514000000.0,-11000000.0,13000000.0,13000000.0,13000000.0,0.0,0.0,0.006,343000000.0,66000000.0,1693000000.0,0.0,4.2,10.538,10.808,12210000000.0,0.0,22.48,0.191,0.191,1586000000.0,-1091000000.0,2050000000.0,2050000000.0,0.0,,,,,6000000.0,267000000.0,1.0,77346138.0,77346138.0,,26.504,17232000000.0,1301000000.0,-10000000.0,1961000000.0,222.791,458000000.0
11,CAR,MRQ,2018-09-30,2018-09-30,2018-09-30,2021-08-25,-78000000.0,19741000000.0,,2180000000.0,17561000000.0,,6.579,183000000.0,605000000.0,605000000.0,1966000000.0,213000000.0,1.143,36.891,14483000000.0,23000000.0,14460000000.0,14483000000.0,0.0,602000000.0,0.0,0.0,0.0,399000000.0,1001000000.0,0.36,1001000000.0,399000000.0,355000000.0,2.71,2.68,2.71,521000000.0,,521000000.0,17400301909.0,39.0,6.473,1157000000.0,14.61,1.0,812000000.0,0.292,1908000000.0,44000000.0,29803000000.0,,0.0,667000000.0,0.0,667000000.0,19220000000.0,1908000000.0,17312000000.0,2545301909.0,107000000.0,-108000000.0,-65000000.0,-865000000.0,0.0,-935000000.0,71000000.0,0.0,974000000.0,-3000000.0,213000000.0,213000000.0,213000000.0,0.0,0.0,0.077,413000000.0,399000000.0,1885000000.0,0.0,4.885,6.842,6.987,12882000000.0,0.0,32.14,0.28,0.28,1690000000.0,-1103000000.0,2778000000.0,2778000000.0,0.0,,,,,6000000.0,336000000.0,1.0,79194210.0,79194210.0,,35.078,17833000000.0,1065000000.0,142000000.0,1775000000.0,225.181,272000000.0
12,CAR,MRQ,2018-06-30,2018-06-30,2018-06-30,2021-08-25,-72000000.0,20919000000.0,,2223000000.0,18696000000.0,,4.578,-1956000000.0,489000000.0,489000000.0,1846000000.0,26000000.0,1.198,55.234,15344000000.0,24000000.0,15320000000.0,15344000000.0,0.0,603000000.0,0.0,0.0,0.0,87000000.0,690000000.0,0.296,690000000.0,87000000.0,38000000.0,0.33,0.32,0.33,372000000.0,,372000000.0,16085918898.0,35.0,5.938,-1338000000.0,-16.466,1.0,482000000.0,0.207,1892000000.0,49000000.0,32026000000.0,,0.0,606000000.0,0.0,606000000.0,20547000000.0,1856000000.0,18691000000.0,2640918898.0,-40000000.0,-40000000.0,-64000000.0,1441000000.0,0.0,1365000000.0,-2012000000.0,0.0,618000000.0,-11000000.0,26000000.0,26000000.0,26000000.0,0.0,0.0,0.011,395000000.0,87000000.0,1832000000.0,0.0,7.099,6.537,6.701,14582000000.0,0.0,32.5,0.291,0.291,1155000000.0,-1316000000.0,2328000000.0,2328000000.0,0.0,,,,,7000000.0,321000000.0,1.0,81259043.0,81259043.0,,28.649,19027000000.0,1120000000.0,12000000.0,1727000000.0,234.152,367000000.0
13,CAR,MRQ,2018-03-31,2018-03-31,2018-03-31,2021-08-25,-22000000.0,19222000000.0,,2123000000.0,17099000000.0,,5.621,-1711000000.0,544000000.0,544000000.0,1679000000.0,-87000000.0,1.177,41.246,13989000000.0,26000000.0,13963000000.0,13989000000.0,0.0,521000000.0,0.0,0.0,0.0,-83000000.0,438000000.0,0.223,438000000.0,-83000000.0,-129000000.0,-1.08,-1.08,-1.08,455000000.0,,455000000.0,16000803109.0,37.0,6.018,-1208000000.0,-14.922,1.0,289000000.0,0.147,1934000000.0,46000000.0,28930000000.0,,0.0,570000000.0,0.0,570000000.0,18767000000.0,1803000000.0,16964000000.0,3791803109.0,-200000000.0,-10000000.0,-14000000.0,1046000000.0,0.0,1024000000.0,-1736000000.0,0.0,503000000.0,9000000.0,-87000000.0,-87000000.0,-87000000.0,0.0,0.0,-0.044,367000000.0,-78000000.0,1777000000.0,0.0,8.334,9.952,10.272,13070000000.0,0.0,46.84,0.422,0.422,1212000000.0,-1344000000.0,1968000000.0,1968000000.0,0.0,,,,,5000000.0,296000000.0,1.0,80952244.0,80952244.0,,24.311,17288000000.0,967000000.0,-42000000.0,1567000000.0,213.558,320000000.0
14,CAR,MRQ,2017-12-31,2017-12-31,2017-12-31,2021-08-25,-24000000.0,17699000000.0,,2066000000.0,15633000000.0,,7.037,803000000.0,611000000.0,611000000.0,1634000000.0,220000000.0,1.256,29.888,12820000000.0,26000000.0,12794000000.0,12820000000.0,0.0,512000000.0,0.0,0.0,0.0,47000000.0,559000000.0,0.277,559000000.0,47000000.0,1000000.0,2.64,2.6,2.64,573000000.0,,573000000.0,16915777965.0,42.0,6.494,1410000000.0,17.317,1.0,385000000.0,0.191,1923000000.0,46000000.0,26340000000.0,,0.0,706000000.0,0.0,706000000.0,17126000000.0,1645000000.0,15481000000.0,3572777965.0,-100000000.0,-32000000.0,-66000000.0,-1410000000.0,0.0,-1483000000.0,772000000.0,0.0,607000000.0,4000000.0,220000000.0,220000000.0,220000000.0,0.0,0.0,0.109,338000000.0,47000000.0,1619000000.0,0.0,6.235,9.897,10.157,11330000000.0,0.0,43.88,0.404,0.404,1469000000.0,-1222000000.0,2019000000.0,2019000000.0,0.0,,,,,5000000.0,245000000.0,1.0,81421558.0,81421558.0,,24.797,15776000000.0,931000000.0,-219000000.0,1594000000.0,193.757,421000000.0
15,CAR,MRQ,2017-09-30,2017-09-30,2017-09-30,2021-08-25,-44000000.0,19873000000.0,,2419000000.0,17454000000.0,,4.852,205000000.0,814000000.0,814000000.0,1950000000.0,245000000.0,1.279,48.559,14157000000.0,26000000.0,14131000000.0,14157000000.0,0.0,613000000.0,0.0,0.0,0.0,409000000.0,1022000000.0,0.371,1022000000.0,409000000.0,364000000.0,2.96,2.91,2.96,401000000.0,,401000000.0,17303745967.0,49.0,6.821,1107000000.0,13.393,1.0,802000000.0,0.291,1928000000.0,45000000.0,29396000000.0,,0.0,575000000.0,0.0,575000000.0,19472000000.0,1892000000.0,17580000000.0,3145745967.0,153000000.0,-3000000.0,-35000000.0,-928000000.0,0.0,-964000000.0,210000000.0,0.0,902000000.0,5000000.0,245000000.0,245000000.0,245000000.0,0.0,0.0,0.089,393000000.0,409000000.0,1866000000.0,0.0,7.845,28.598,26.068,12494000000.0,0.0,38.06,0.361,0.361,1564000000.0,-1442000000.0,2752000000.0,2752000000.0,0.0,,,,,1000000.0,320000000.0,1.0,82652285.0,82652285.0,,33.296,17945000000.0,1566000000.0,119000000.0,2424000000.0,217.114,527000000.0
16,CAR,MRQ,2017-06-30,2017-06-30,2017-06-30,2021-08-25,-78000000.0,20832000000.0,,2375000000.0,18457000000.0,,1.757,-2115000000.0,776000000.0,776000000.0,1778000000.0,3000000.0,1.267,139.757,14934000000.0,26000000.0,14908000000.0,14934000000.0,0.0,581000000.0,0.0,0.0,0.0,59000000.0,640000000.0,0.286,640000000.0,59000000.0,11000000.0,0.04,0.04,0.04,148000000.0,,148000000.0,14855080296.0,43.0,5.952,-1423000000.0,-16.893,1.0,460000000.0,0.206,1910000000.0,48000000.0,31205000000.0,,0.0,460000000.0,0.0,460000000.0,20684000000.0,1875000000.0,18809000000.0,2297080296.0,-222000000.0,-14000000.0,-48000000.0,1241000000.0,0.0,1189000000.0,-2127000000.0,0.0,692000000.0,24000000.0,3000000.0,3000000.0,3000000.0,0.0,0.0,0.001,401000000.0,59000000.0,1849000000.0,0.0,15.521,31.042,33.256,14006000000.0,0.0,27.27,0.267,0.267,999000000.0,-1687000000.0,2238000000.0,2238000000.0,0.0,,,,,6000000.0,293000000.0,1.0,84234701.0,84234701.0,,26.569,18922000000.0,1642000000.0,8000000.0,2437000000.0,224.634,500000000.0
17,CAR,MRQ,2017-03-31,2017-03-31,2017-03-31,2021-08-25,-126000000.0,18978000000.0,,2292000000.0,16686000000.0,,1.64,-1028000000.0,923000000.0,923000000.0,1617000000.0,-107000000.0,1.111,133.596,13481000000.0,474000000.0,13007000000.0,13481000000.0,0.0,500000000.0,0.0,0.0,0.0,-116000000.0,384000000.0,0.209,384000000.0,-116000000.0,-165000000.0,-1.25,-1.25,-1.25,141000000.0,,141000000.0,14454629635.0,36.0,5.693,-581000000.0,-6.756,1.0,222000000.0,0.121,1872000000.0,49000000.0,27601000000.0,,0.0,537000000.0,0.0,537000000.0,18837000000.0,2063000000.0,16774000000.0,2543629635.0,350000000.0,-33000000.0,-61000000.0,1023000000.0,0.0,950000000.0,-1059000000.0,0.0,447000000.0,12000000.0,-107000000.0,-107000000.0,-107000000.0,0.0,0.0,-0.058,335000000.0,-113000000.0,1589000000.0,0.0,18.04,23.772,25.282,12170000000.0,0.0,29.58,0.295,0.295,999000000.0,-1690000000.0,1839000000.0,1839000000.0,0.0,,,,,1000000.0,262000000.0,1.0,85991536.0,85991536.0,,21.386,17106000000.0,1631000000.0,-58000000.0,2453000000.0,198.927,229000000.0
18,CAR,MRQ,2016-12-31,2016-12-31,2016-12-31,2021-08-25,-154000000.0,17643000000.0,,1817000000.0,15826000000.0,,2.515,756000000.0,490000000.0,490000000.0,1546000000.0,-31000000.0,1.028,78.833,12401000000.0,279000000.0,12122000000.0,12401000000.0,0.0,488000000.0,0.0,0.0,0.0,3000000.0,491000000.0,0.261,491000000.0,3000000.0,-43000000.0,-0.29,-0.3,-0.29,221000000.0,,221000000.0,16204791298.0,34.0,6.204,1285000000.0,14.621,1.0,333000000.0,0.177,1877000000.0,46000000.0,25910000000.0,,0.0,587000000.0,0.0,587000000.0,17422000000.0,1767000000.0,15655000000.0,3223791298.0,-530000000.0,-51000000.0,-99000000.0,-1503000000.0,0.0,-1612000000.0,573000000.0,0.0,529000000.0,-20000000.0,-31000000.0,-31000000.0,-31000000.0,0.0,0.0,-0.016,313000000.0,20000000.0,1488000000.0,0.0,14.587,19.778,20.607,11149000000.0,0.0,36.68,0.372,0.372,1335000000.0,-1639000000.0,1879000000.0,1879000000.0,0.0,,,,,6000000.0,238000000.0,1.0,87889621.0,87889621.0,,21.379,15766000000.0,1493000000.0,-12000000.0,2429000000.0,179.384,50000000.0
19,CAR,MRQ,2016-09-30,2016-09-30,2016-09-30,2021-08-25,-47000000.0,19475000000.0,,2442000000.0,17033000000.0,,5.221,268000000.0,985000000.0,985000000.0,1872000000.0,209000000.0,1.191,40.086,13966000000.0,338000000.0,13628000000.0,13966000000.0,0.0,585000000.0,0.0,0.0,0.0,396000000.0,981000000.0,0.369,981000000.0,396000000.0,345000000.0,2.32,2.28,2.32,474000000.0,,474000000.0,17273876261.0,33.0,6.533,1300000000.0,14.319,1.0,784000000.0,0.295,1898000000.0,51000000.0,28507000000.0,,0.0,487000000.0,0.0,487000000.0,19001000000.0,2051000000.0,16950000000.0,3105876261.0,458000000.0,-1000000.0,-116000000.0,-777000000.0,0.0,-901000000.0,326000000.0,0.0,1032000000.0,1000000.0,209000000.0,209000000.0,209000000.0,0.0,0.0,0.079,388000000.0,396000000.0,1713000000.0,0.0,6.552,16.433,15.838,12395000000.0,0.0,34.21,0.358,0.358,1408000000.0,-1608000000.0,2656000000.0,2656000000.0,0.0,,,,,7000000.0,315000000.0,1.0,90788549.0,90788549.0,,29.255,17577000000.0,1443000000.0,136000000.0,2370000000.0,193.604,391000000.0
20,CAR,MRQ,2016-06-30,2016-06-30,2016-06-30,2021-08-25,-73000000.0,20483000000.0,,2143000000.0,18340000000.0,,3.584,-1767000000.0,527000000.0,527000000.0,1727000000.0,36000000.0,1.21,59.422,14695000000.0,28000000.0,14667000000.0,14695000000.0,0.0,564000000.0,0.0,0.0,0.0,119000000.0,683000000.0,0.305,683000000.0,119000000.0,63000000.0,0.39,0.38,0.39,339000000.0,,339000000.0,15871422176.0,32.0,6.128,-1160000000.0,-12.264,1.0,516000000.0,0.23,1900000000.0,56000000.0,30980000000.0,,0.0,543000000.0,0.0,543000000.0,20144000000.0,1771000000.0,18373000000.0,3048422176.0,-349000000.0,-2000000.0,-88000000.0,1030000000.0,0.0,926000000.0,-1877000000.0,0.0,607000000.0,-5000000.0,36000000.0,36000000.0,36000000.0,0.0,0.0,0.016,387000000.0,129000000.0,1743000000.0,0.0,8.992,18.588,19.652,13910000000.0,0.0,32.23,0.354,0.354,1013000000.0,-1817000000.0,2243000000.0,2243000000.0,0.0,,,,,7000000.0,312000000.0,1.0,94583375.0,94583375.0,,23.715,18583000000.0,1490000000.0,27000000.0,2350000000.0,196.472,372000000.0
21,CAR,MRQ,2016-03-31,2016-03-31,2016-03-31,2021-08-25,-77000000.0,19308000000.0,,2182000000.0,17126000000.0,,3.823,-1404000000.0,876000000.0,876000000.0,1568000000.0,-51000000.0,1.148,51.043,13699000000.0,327000000.0,13372000000.0,13699000000.0,0.0,493000000.0,0.0,0.0,0.0,-36000000.0,457000000.0,0.243,457000000.0,-36000000.0,-86000000.0,-0.53,-0.53,-0.53,371000000.0,,371000000.0,14524003292.0,29.0,5.629,-932000000.0,-9.604,1.0,313000000.0,0.166,1924000000.0,50000000.0,28306000000.0,,0.0,429000000.0,0.0,429000000.0,18937000000.0,1901000000.0,17036000000.0,2655003292.0,424000000.0,-1000000.0,-95000000.0,1244000000.0,0.0,1138000000.0,-1204000000.0,0.0,472000000.0,18000000.0,-51000000.0,-51000000.0,-51000000.0,0.0,0.0,-0.027,349000000.0,-36000000.0,1574000000.0,0.0,7.156,9.797,10.483,12640000000.0,0.0,27.36,0.311,0.311,996000000.0,-1853000000.0,1881000000.0,1881000000.0,0.0,,,,,7000000.0,269000000.0,1.0,97039594.0,97039594.0,,19.384,17384000000.0,1556000000.0,-35000000.0,2410000000.0,179.143,281000000.0
22,CAR,MRQ,2015-12-31,2015-12-31,2015-12-31,2021-08-25,-147000000.0,17634000000.0,,1627000000.0,16007000000.0,,4.377,685000000.0,452000000.0,452000000.0,1524000000.0,-5000000.0,1.077,39.169,12321000000.0,26000000.0,12295000000.0,12321000000.0,0.0,471000000.0,0.0,0.0,0.0,52000000.0,523000000.0,0.275,523000000.0,52000000.0,4000000.0,-0.02,-0.02,-0.02,439000000.0,,439000000.0,16583109204.0,29.0,6.303,1274000000.0,12.701,1.0,378000000.0,0.199,1890000000.0,48000000.0,26102000000.0,,0.0,620000000.0,0.0,620000000.0,17195000000.0,1511000000.0,15684000000.0,3640109204.0,3000000.0,-31000000.0,-166000000.0,-1119000000.0,0.0,-1297000000.0,732000000.0,0.0,589000000.0,-21000000.0,-5000000.0,-5000000.0,-5000000.0,0.0,0.0,-0.003,326000000.0,52000000.0,1485000000.0,0.0,8.292,11.63,12.017,11339000000.0,0.0,36.29,0.428,0.428,1106000000.0,-1802000000.0,1902000000.0,1902000000.0,0.0,,,,,6000000.0,250000000.0,1.0,100306123.0,100306123.0,,18.962,15744000000.0,1488000000.0,9000000.0,2367000000.0,156.96,116000000.0
23,CAR,MRQ,2015-09-30,2015-09-30,2015-09-30,2021-08-25,-142000000.0,18902000000.0,,2118000000.0,16784000000.0,,5.799,338000000.0,585000000.0,585000000.0,1832000000.0,184000000.0,1.183,30.503,13528000000.0,27000000.0,13501000000.0,13528000000.0,0.0,566000000.0,0.0,0.0,0.0,361000000.0,927000000.0,0.36,927000000.0,361000000.0,312000000.0,1.8,1.77,1.8,600000000.0,,600000000.0,18628359281.0,31.0,7.003,1349000000.0,13.038,1.0,745000000.0,0.289,1886000000.0,49000000.0,28168000000.0,,0.0,545000000.0,0.0,545000000.0,18302000000.0,1791000000.0,16511000000.0,4519359281.0,56000000.0,-3000000.0,-156000000.0,-1090000000.0,0.0,-1246000000.0,300000000.0,0.0,1011000000.0,-9000000.0,184000000.0,184000000.0,184000000.0,0.0,0.0,0.071,384000000.0,361000000.0,1764000000.0,0.0,7.532,13.253,13.317,12246000000.0,0.0,43.68,0.533,0.533,1342000000.0,-1797000000.0,2577000000.0,2577000000.0,0.0,,,,,9000000.0,314000000.0,1.0,103465185.0,103465185.0,,24.907,17016000000.0,1280000000.0,128000000.0,2066000000.0,164.461,327000000.0
24,CAR,MRQ,2015-06-30,2015-06-30,2015-06-30,2021-08-25,-108000000.0,20399000000.0,,2121000000.0,18278000000.0,,5.632,-2678000000.0,529000000.0,529000000.0,1665000000.0,143000000.0,1.227,33.227,14638000000.0,32000000.0,14606000000.0,14638000000.0,0.0,546000000.0,0.0,0.0,0.0,127000000.0,673000000.0,0.31,673000000.0,127000000.0,82000000.0,1.36,1.34,1.36,596000000.0,,596000000.0,15876571210.0,26.0,5.982,-2154000000.0,-20.355,1.0,508000000.0,0.234,1917000000.0,45000000.0,30862000000.0,,0.0,505000000.0,0.0,505000000.0,19803000000.0,1729000000.0,18074000000.0,4664571210.0,-325000000.0,-186000000.0,-81000000.0,2181000000.0,0.0,2088000000.0,-2943000000.0,0.0,524000000.0,6000000.0,143000000.0,143000000.0,143000000.0,0.0,0.0,0.066,358000000.0,150000000.0,1697000000.0,0.0,7.826,13.366,13.277,14032000000.0,0.0,44.08,0.552,0.552,905000000.0,-1981000000.0,2173000000.0,2173000000.0,0.0,,,,,7000000.0,281000000.0,1.0,105820581.0,105820581.0,,20.535,18482000000.0,1405000000.0,-61000000.0,2141000000.0,174.654,392000000.0
25,CAR,MRQ,2015-03-31,2015-03-31,2015-03-31,2021-08-25,-116000000.0,17492000000.0,,2077000000.0,15415000000.0,,4.899,-792000000.0,854000000.0,854000000.0,1485000000.0,-9000000.0,1.198,32.574,12066000000.0,244000000.0,11822000000.0,12066000000.0,0.0,472000000.0,0.0,0.0,0.0,36000000.0,508000000.0,0.275,508000000.0,36000000.0,-16000000.0,-0.09,-0.09,-0.09,521000000.0,,521000000.0,17188506686.0,30.0,6.56,-289000000.0,-2.717,1.0,365000000.0,0.197,1669000000.0,52000000.0,25302000000.0,,0.0,423000000.0,0.0,423000000.0,16971000000.0,1733000000.0,15238000000.0,6276506686.0,230000000.0,-36000000.0,-33000000.0,572000000.0,0.0,527000000.0,-774000000.0,0.0,503000000.0,-26000000.0,-9000000.0,-9000000.0,-9000000.0,0.0,0.0,-0.005,329000000.0,36000000.0,1489000000.0,0.0,12.047,27.054,26.704,11406000000.0,0.0,59.015,0.741,0.741,815000000.0,-2124000000.0,1850000000.0,1850000000.0,0.0,,,,,6000000.0,248000000.0,1.0,106354430.0,106354430.0,,17.395,15823000000.0,1466000000.0,-7000000.0,2236000000.0,148.776,344000000.0
26,CAR,MRQ,2014-12-31,2014-12-31,2014-12-31,2021-08-25,-22000000.0,16842000000.0,,1679000000.0,15163000000.0,,6.259,1036000000.0,624000000.0,624000000.0,1511000000.0,23000000.0,1.105,24.326,11409000000.0,28000000.0,11381000000.0,11409000000.0,0.0,471000000.0,0.0,0.0,0.0,81000000.0,552000000.0,0.293,552000000.0,81000000.0,33000000.0,0.21,0.22,0.21,665000000.0,,665000000.0,19169230518.0,32.0,7.314,1548000000.0,14.57,1.0,376000000.0,0.199,1728000000.0,48000000.0,24380000000.0,,0.0,481000000.0,0.0,481000000.0,16177000000.0,1519000000.0,14658000000.0,7047230518.0,-89000000.0,-267000000.0,-93000000.0,-1230000000.0,0.0,-1338000000.0,746000000.0,0.0,512000000.0,-9000000.0,23000000.0,23000000.0,23000000.0,0.0,0.0,0.012,295000000.0,81000000.0,1491000000.0,0.0,10.597,28.764,28.591,10853000000.0,0.0,66.33,0.831,0.831,961000000.0,-2115000000.0,1887000000.0,1887000000.0,0.0,,,,,25000000.0,247000000.0,1.0,106244995.0,106244995.0,,17.761,15114000000.0,1511000000.0,10000000.0,2267000000.0,142.256,160000000.0
27,CAR,MRQ,2014-09-30,2014-09-30,2014-09-30,2021-08-25,49000000.0,18296000000.0,,2135000000.0,16161000000.0,,7.036,485000000.0,713000000.0,713000000.0,1827000000.0,192000000.0,1.208,23.995,12835000000.0,88000000.0,12747000000.0,12835000000.0,0.0,565000000.0,0.0,0.0,0.0,356000000.0,921000000.0,0.362,921000000.0,356000000.0,306000000.0,1.84,1.74,1.84,732000000.0,,732000000.0,19409479888.0,36.0,7.717,1541000000.0,14.812,1.0,715000000.0,0.281,1580000000.0,50000000.0,27071000000.0,,0.0,451000000.0,0.0,451000000.0,17564000000.0,1767000000.0,15797000000.0,5710479888.0,176000000.0,-24000000.0,-58000000.0,-1313000000.0,0.0,-1379000000.0,515000000.0,0.0,1056000000.0,-16000000.0,192000000.0,192000000.0,192000000.0,0.0,0.0,0.076,359000000.0,356000000.0,1679000000.0,0.0,7.801,29.435,29.511,12107000000.0,0.0,54.89,0.676,0.676,1289000000.0,-2138000000.0,2542000000.0,2542000000.0,0.0,,,,,0.0,298000000.0,1.0,104034977.0,104034977.0,,24.434,16716000000.0,1215000000.0,114000000.0,2000000000.0,160.677,368000000.0
28,CAR,MRQ,2014-06-30,2014-06-30,2014-06-30,2021-08-25,125000000.0,19989000000.0,,2132000000.0,17857000000.0,,6.328,-3071000000.0,537000000.0,537000000.0,1694000000.0,26000000.0,1.236,28.969,14236000000.0,89000000.0,14147000000.0,14236000000.0,0.0,536000000.0,0.0,0.0,0.0,103000000.0,639000000.0,0.291,639000000.0,103000000.0,48000000.0,0.25,0.24,0.25,667000000.0,,667000000.0,17145117383.0,36.0,7.126,-2450000000.0,-23.246,1.0,500000000.0,0.228,1639000000.0,55000000.0,30324000000.0,,0.0,507000000.0,0.0,507000000.0,19322000000.0,1725000000.0,17597000000.0,6291117383.0,-304000000.0,-1000000.0,-79000000.0,2271000000.0,0.0,2183000000.0,-3111000000.0,0.0,621000000.0,3000000.0,26000000.0,26000000.0,26000000.0,0.0,0.0,0.012,341000000.0,159000000.0,1636000000.0,0.0,9.432,52.426,53.775,13994000000.0,0.0,59.69,0.758,0.758,927000000.0,-2330000000.0,2194000000.0,2194000000.0,0.0,,,,,0.0,287000000.0,1.0,105396505.0,105396505.0,,20.817,18350000000.0,1366000000.0,22000000.0,2070000000.0,174.104,407000000.0
29,CAR,MRQ,2014-03-31,2014-03-31,2014-03-31,2021-08-25,120000000.0,17369000000.0,,2162000000.0,15207000000.0,,6.574,-841000000.0,841000000.0,841000000.0,1497000000.0,4000000.0,1.158,23.707,11695000000.0,393000000.0,11302000000.0,11695000000.0,0.0,448000000.0,0.0,0.0,0.0,61000000.0,509000000.0,0.273,509000000.0,61000000.0,5000000.0,0.03,0.03,0.03,703000000.0,,703000000.0,15246108808.0,40.0,6.699,-451000000.0,-4.217,1.0,365000000.0,0.196,1645000000.0,56000000.0,24711000000.0,,0.0,466000000.0,0.0,466000000.0,16666000000.0,1867000000.0,14799000000.0,5208108808.0,148000000.0,-124000000.0,-67000000.0,796000000.0,0.0,716000000.0,-957000000.0,0.0,390000000.0,-1000000.0,4000000.0,4000000.0,4000000.0,0.0,0.0,0.002,304000000.0,61000000.0,1474000000.0,0.0,7.408,78.911,81.167,11230000000.0,0.0,48.7,0.642,0.642,886000000.0,-2356000000.0,1862000000.0,1862000000.0,0.0,,,,,0.0,248000000.0,1.0,106942686.0,106942686.0,,17.411,15724000000.0,1438000000.0,1000000.0,2141000000.0,147.032,295000000.0
30,CAR,MRQ,2013-12-31,2013-12-31,2013-12-31,2021-08-25,117000000.0,16284000000.0,,1944000000.0,14340000000.0,,7.191,922000000.0,693000000.0,693000000.0,1487000000.0,-28000000.0,1.24,20.121,10731000000.0,89000000.0,10642000000.0,10731000000.0,0.0,426000000.0,0.0,0.0,0.0,20000000.0,446000000.0,0.241,446000000.0,20000000.0,-38000000.0,-0.26,-0.24,-0.26,771000000.0,,771000000.0,15764487254.0,49.0,7.315,1432000000.0,13.357,1.0,363000000.0,0.196,1614000000.0,58000000.0,23140000000.0,,0.0,479000000.0,0.0,479000000.0,15513000000.0,1568000000.0,13945000000.0,4333487254.0,104000000.0,-6000000.0,-27000000.0,-1370000000.0,0.0,-1390000000.0,984000000.0,0.0,510000000.0,0.0,-28000000.0,-28000000.0,-28000000.0,0.0,0.0,-0.015,327000000.0,36000000.0,1479000000.0,0.0,5.621,270.843,269.467,10196000000.0,0.0,40.42,0.546,0.546,1010000000.0,-2360000000.0,1850000000.0,1850000000.0,0.0,,,,,20000000.0,248000000.0,1.0,107211461.0,107211461.0,,17.256,14670000000.0,1476000000.0,-10000000.0,2177000000.0,136.832,376000000.0
31,CAR,MRQ,2013-09-30,2013-09-30,2013-09-30,2021-08-25,110000000.0,17804000000.0,,2008000000.0,15796000000.0,,7.44,364000000.0,589000000.0,589000000.0,1738000000.0,118000000.0,1.079,21.144,12020000000.0,181000000.0,11839000000.0,12020000000.0,0.0,525000000.0,0.0,0.0,0.0,287000000.0,812000000.0,0.339,812000000.0,287000000.0,230000000.0,1.09,1.02,1.09,804000000.0,,804000000.0,15385411546.0,51.0,7.408,1233000000.0,11.41,1.0,657000000.0,0.274,1617000000.0,57000000.0,25757000000.0,,0.0,572000000.0,0.0,572000000.0,17000000000.0,1861000000.0,15139000000.0,3115411546.0,86000000.0,-55000000.0,-21000000.0,-997000000.0,0.0,-1032000000.0,240000000.0,0.0,869000000.0,9000000.0,118000000.0,118000000.0,118000000.0,0.0,0.0,0.049,370000000.0,287000000.0,1680000000.0,0.0,3.875,-1557.706,-720.75,11375000000.0,0.0,28.83,0.4,0.4,1187000000.0,-2332000000.0,2395000000.0,2395000000.0,0.0,,,,,0.0,274000000.0,1.0,108061448.0,108061448.0,,22.163,16187000000.0,1514000000.0,112000000.0,2190000000.0,149.794,147000000.0
32,CAR,MRQ,2013-06-30,2013-06-30,2013-06-30,2021-08-25,50000000.0,18496000000.0,,1946000000.0,16550000000.0,,5.996,-2190000000.0,503000000.0,503000000.0,1549000000.0,-28000000.0,1.068,27.632,12773000000.0,221000000.0,12552000000.0,12773000000.0,0.0,492000000.0,0.0,0.0,0.0,17000000.0,509000000.0,0.254,509000000.0,17000000.0,-38000000.0,-0.26,-0.26,-0.26,646000000.0,,646000000.0,13337576405.0,39.0,6.577,-1616000000.0,-14.999,1.0,453000000.0,0.226,1554000000.0,55000000.0,27390000000.0,,0.0,501000000.0,0.0,501000000.0,17850000000.0,1822000000.0,16028000000.0,3097576405.0,-66000000.0,0.0,0.0,1644000000.0,0.0,1625000000.0,-2250000000.0,0.0,574000000.0,-15000000.0,-28000000.0,-28000000.0,-28000000.0,0.0,0.0,-0.014,345000000.0,108000000.0,1601000000.0,0.0,4.795,19.36,19.295,12659000000.0,0.0,28.75,0.41,0.41,853000000.0,-2450000000.0,2002000000.0,2002000000.0,0.0,,,,,0.0,274000000.0,1.0,107741788.0,107741788.0,,18.581,16942000000.0,1482000000.0,-10000000.0,2074000000.0,157.246,124000000.0
33,CAR,MRQ,2013-03-31,2013-03-31,2013-03-31,2021-08-25,87000000.0,16557000000.0,,1871000000.0,14686000000.0,,6.47,-738000000.0,569000000.0,569000000.0,1374000000.0,-46000000.0,1.188,22.857,10809000000.0,29000000.0,10780000000.0,10809000000.0,0.0,387000000.0,0.0,0.0,0.0,1000000.0,388000000.0,0.229,388000000.0,1000000.0,-57000000.0,-0.43,-0.43,-0.43,694000000.0,,694000000.0,12090258338.0,23.0,5.73,-438000000.0,-4.083,1.0,317000000.0,0.187,1556000000.0,58000000.0,23666000000.0,,0.0,415000000.0,0.0,415000000.0,15863000000.0,1575000000.0,14288000000.0,2985258338.0,-37000000.0,-476000000.0,0.0,889000000.0,0.0,873000000.0,-1208000000.0,0.0,300000000.0,-2000000.0,-46000000.0,-46000000.0,-46000000.0,0.0,0.0,-0.027,276000000.0,41000000.0,1546000000.0,0.0,4.302,11.181,11.177,10721000000.0,0.0,27.83,0.402,0.402,878000000.0,-2422000000.0,1691000000.0,1691000000.0,0.0,,,,,0.0,224000000.0,1.0,107267637.0,107267637.0,,15.764,15001000000.0,1499000000.0,-11000000.0,2126000000.0,139.846,296000000.0
34,CAR,MRQ,2012-12-31,2012-12-31,2012-12-31,2021-08-25,110000000.0,15218000000.0,,1710000000.0,13508000000.0,,7.113,905000000.0,606000000.0,606000000.0,1391000000.0,-46000000.0,1.157,19.103,9711000000.0,57000000.0,9654000000.0,9711000000.0,0.0,371000000.0,0.0,0.0,0.0,-3000000.0,368000000.0,0.217,368000000.0,-3000000.0,-63000000.0,-0.44,-0.35,-0.44,757000000.0,,757000000.0,12397481804.0,22.0,5.818,1270000000.0,11.933,1.0,307000000.0,0.181,1106000000.0,60000000.0,21739000000.0,,0.0,386000000.0,0.0,386000000.0,14461000000.0,1478000000.0,12983000000.0,2109481804.0,52000000.0,-64000000.0,0.0,-1240000000.0,0.0,-1253000000.0,939000000.0,0.0,365000000.0,1000000.0,-46000000.0,-46000000.0,-46000000.0,0.0,0.0,-0.027,287000000.0,20000000.0,1421000000.0,0.0,2.787,7.274,7.287,9803000000.0,0.0,19.82,0.287,0.287,992000000.0,-2376000000.0,1698000000.0,1698000000.0,0.0,,,,,0.0,229000000.0,1.0,106431978.0,106431978.0,,15.954,14112000000.0,1600000000.0,-17000000.0,2163000000.0,132.592,232000000.0
35,CAR,MRQ,2012-09-30,2012-09-30,2012-09-30,2021-08-25,103000000.0,16376000000.0,,1926000000.0,14450000000.0,,7.438,2000000.0,554000000.0,554000000.0,1549000000.0,280000000.0,1.162,19.703,10842000000.0,81000000.0,10761000000.0,10842000000.0,0.0,436000000.0,0.0,0.0,0.0,327000000.0,763000000.0,0.352,763000000.0,327000000.0,260000000.0,2.62,2.38,2.62,791000000.0,,791000000.0,12487516536.0,28.0,6.148,804000000.0,7.561,1.0,621000000.0,0.286,1056000000.0,67000000.0,23951000000.0,,0.0,463000000.0,0.0,463000000.0,15585000000.0,1657000000.0,13928000000.0,1635516536.0,100000000.0,0.0,0.0,-651000000.0,0.0,-659000000.0,-47000000.0,0.0,802000000.0,4000000.0,280000000.0,280000000.0,280000000.0,0.0,0.0,0.129,292000000.0,329000000.0,1576000000.0,0.0,2.068,9.853,10.118,10842000000.0,0.0,15.38,0.224,0.224,1215000000.0,-2330000000.0,2170000000.0,2170000000.0,0.0,,,,,0.0,244000000.0,1.0,106340477.0,106340477.0,,20.406,15320000000.0,1470000000.0,-20000000.0,2017000000.0,144.066,269000000.0
36,CAR,MRQ,2012-06-30,2012-06-30,2012-06-30,2021-08-25,75000000.0,15983000000.0,,1766000000.0,14217000000.0,,4.503,-1980000000.0,454000000.0,454000000.0,1367000000.0,79000000.0,1.107,32.437,11306000000.0,39000000.0,11267000000.0,11306000000.0,0.0,393000000.0,0.0,0.0,0.0,198000000.0,591000000.0,0.317,591000000.0,198000000.0,129000000.0,0.74,0.66,0.74,478000000.0,,478000000.0,10759353551.0,35.0,5.835,-1511000000.0,-14.236,1.0,499000000.0,0.267,1051000000.0,69000000.0,24189000000.0,,0.0,433000000.0,0.0,433000000.0,15505000000.0,1595000000.0,13910000000.0,1613353551.0,-152000000.0,-5000000.0,0.0,1378000000.0,0.0,1379000000.0,-1998000000.0,0.0,469000000.0,-2000000.0,79000000.0,79000000.0,79000000.0,0.0,0.0,0.042,278000000.0,221000000.0,1556000000.0,0.0,3.375,-50.417,-47.5,11759000000.0,0.0,15.2,0.239,0.239,845000000.0,-2610000000.0,1866000000.0,1866000000.0,0.0,,,,,0.0,233000000.0,1.0,106141681.0,106141681.0,,17.58,14932000000.0,592000000.0,50000000.0,1068000000.0,140.68,171000000.0
37,CAR,MRQ,2012-03-31,2012-03-31,2012-03-31,2021-08-25,122000000.0,14187000000.0,,1721000000.0,12466000000.0,,4.123,-930000000.0,606000000.0,606000000.0,1285000000.0,-23000000.0,1.031,31.614,9752000000.0,227000000.0,9525000000.0,9752000000.0,0.0,363000000.0,0.0,0.0,0.0,47000000.0,410000000.0,0.253,410000000.0,47000000.0,-26000000.0,-0.22,-0.22,-0.22,435000000.0,,435000000.0,9727783470.0,40.0,5.502,-677000000.0,-6.417,1.0,338000000.0,0.208,1083000000.0,73000000.0,20580000000.0,,0.0,404000000.0,0.0,404000000.0,13752000000.0,1670000000.0,12082000000.0,1492783470.0,72000000.0,0.0,0.0,792000000.0,0.0,783000000.0,-967000000.0,0.0,253000000.0,3000000.0,-23000000.0,-23000000.0,-23000000.0,0.0,0.0,-0.014,264000000.0,74000000.0,1443000000.0,0.0,3.432,-25.301,-24.825,9902000000.0,0.0,14.15,0.237,0.237,820000000.0,-2689000000.0,1623000000.0,1623000000.0,0.0,,,,,0.0,219000000.0,1.0,105497065.0,105497065.0,,15.384,13104000000.0,627000000.0,-3000000.0,1065000000.0,124.212,51000000.0
38,CAR,MRQ,2011-12-31,2011-12-31,2011-12-31,2021-08-25,78000000.0,12938000000.0,,1541000000.0,11397000000.0,,3.922,824000000.0,534000000.0,534000000.0,1323000000.0,-170000000.0,1.048,30.403,8769000000.0,37000000.0,8732000000.0,8769000000.0,0.0,391000000.0,0.0,0.0,0.0,-124000000.0,267000000.0,0.164,267000000.0,-124000000.0,-200000000.0,-1.62,-1.42,-1.62,412000000.0,,412000000.0,8360062279.0,33.0,4.791,1130000000.0,10.757,1.0,308000000.0,0.189,1066000000.0,76000000.0,18637000000.0,,0.0,354000000.0,0.0,354000000.0,12526000000.0,1470000000.0,11056000000.0,1126062279.0,-468000000.0,-440000000.0,0.0,-1127000000.0,0.0,-1185000000.0,401000000.0,0.0,306000000.0,10000000.0,-170000000.0,-170000000.0,-170000000.0,0.0,0.0,-0.104,432000000.0,-124000000.0,1433000000.0,0.0,2.733,-38.83,-38.286,8849000000.0,0.0,10.72,0.191,0.191,887000000.0,-2666000000.0,1631000000.0,1631000000.0,0.0,,,,,0.0,245000000.0,1.0,105043123.0,105043123.0,,15.527,11872000000.0,564000000.0,-30000000.0,982000000.0,113.02,71000000.0
39,CAR,MRQ,2011-09-30,2011-09-30,2011-09-30,2021-08-25,81000000.0,12311000000.0,,2156000000.0,10155000000.0,,5.256,-132000000.0,1397000000.0,1397000000.0,1161000000.0,82000000.0,2.036,21.303,8631000000.0,6000000.0,8625000000.0,8631000000.0,0.0,392000000.0,0.0,0.0,0.0,184000000.0,576000000.0,0.355,576000000.0,184000000.0,136000000.0,0.78,0.65,0.78,552000000.0,,552000000.0,8749567121.0,22.0,4.842,438000000.0,4.171,1.0,462000000.0,0.285,551000000.0,48000000.0,17935000000.0,,0.0,350000000.0,0.0,350000000.0,11759000000.0,1059000000.0,10700000000.0,1015567121.0,357000000.0,0.0,0.0,-95000000.0,0.0,-107000000.0,-85000000.0,0.0,570000000.0,-21000000.0,82000000.0,82000000.0,82000000.0,0.0,0.0,0.051,278000000.0,184000000.0,1053000000.0,0.0,1.84,8.68,8.712,8186000000.0,0.0,9.67,0.185,0.185,537000000.0,-2496000000.0,1623000000.0,1623000000.0,0.0,,,,,0.0,190000000.0,1.0,105022453.0,105022453.0,,15.454,11760000000.0,767000000.0,54000000.0,1461000000.0,111.976,1097000000.0
40,CAR,MRQ,2011-06-30,2011-06-30,2011-06-30,2021-08-25,148000000.0,12441000000.0,,1906000000.0,10535000000.0,,5.067,-1360000000.0,1051000000.0,1051000000.0,1052000000.0,52000000.0,1.883,22.385,8785000000.0,6000000.0,8779000000.0,8785000000.0,0.0,379000000.0,0.0,0.0,0.0,136000000.0,515000000.0,0.365,515000000.0,136000000.0,89000000.0,0.49,0.42,0.49,532000000.0,,532000000.0,8491192420.0,22.0,4.733,-935000000.0,-8.906,1.0,360000000.0,0.255,560000000.0,47000000.0,18603000000.0,,0.0,392000000.0,0.0,392000000.0,11909000000.0,1012000000.0,10897000000.0,1794192420.0,-268000000.0,-401000000.0,0.0,1167000000.0,0.0,1130000000.0,-1829000000.0,0.0,425000000.0,6000000.0,52000000.0,52000000.0,52000000.0,0.0,0.0,0.037,224000000.0,136000000.0,1006000000.0,0.0,3.373,14.354,14.124,8590000000.0,0.0,17.09,0.333,0.333,496000000.0,-2578000000.0,1412000000.0,1412000000.0,0.0,,,,,0.0,169000000.0,1.0,104984928.0,104984928.0,,13.45,11881000000.0,771000000.0,37000000.0,1430000000.0,113.169,894000000.0
41,CAR,MRQ,2011-03-31,2011-03-31,2011-03-31,2021-08-25,112000000.0,11040000000.0,,1681000000.0,9359000000.0,,4.226,-860000000.0,913000000.0,913000000.0,998000000.0,7000000.0,1.845,24.205,7610000000.0,7000000.0,7603000000.0,7610000000.0,0.0,328000000.0,0.0,0.0,0.0,58000000.0,386000000.0,0.313,386000000.0,58000000.0,11000000.0,0.07,0.06,0.07,438000000.0,,438000000.0,7962460244.0,24.0,4.662,-583000000.0,-5.624,1.0,237000000.0,0.192,559000000.0,47000000.0,16267000000.0,,0.0,312000000.0,0.0,312000000.0,10602000000.0,911000000.0,9691000000.0,1856460244.0,2000000.0,0.0,0.0,589000000.0,0.0,586000000.0,-860000000.0,0.0,277000000.0,-1000000.0,7000000.0,7000000.0,7000000.0,0.0,0.0,0.006,179000000.0,58000000.0,904000000.0,0.0,4.238,18.752,18.464,7501000000.0,0.0,17.91,0.352,0.352,460000000.0,-2630000000.0,1235000000.0,1235000000.0,0.0,,,,,0.0,154000000.0,1.0,103654955.0,103654955.0,,11.915,10481000000.0,762000000.0,4000000.0,1384000000.0,101.114,770000000.0
42,CAR,MRQ,2010-12-31,2010-12-31,2010-12-31,2021-08-25,92000000.0,10327000000.0,,1638000000.0,8689000000.0,,3.986,370000000.0,911000000.0,911000000.0,1033000000.0,-24000000.0,1.756,24.188,7017000000.0,8000000.0,7009000000.0,7017000000.0,0.0,316000000.0,0.0,0.0,0.0,14000000.0,330000000.0,0.269,330000000.0,14000000.0,-34000000.0,-0.23,-0.17,-0.23,410000000.0,,410000000.0,8382511792.0,35.0,5.21,672000000.0,6.533,1.0,193000000.0,0.157,557000000.0,48000000.0,14943000000.0,,0.0,294000000.0,0.0,294000000.0,9917000000.0,933000000.0,8984000000.0,1600511792.0,288000000.0,-2000000.0,0.0,-407000000.0,0.0,-433000000.0,413000000.0,0.0,302000000.0,6000000.0,-24000000.0,-24000000.0,-24000000.0,0.0,0.0,-0.02,167000000.0,26000000.0,925000000.0,0.0,3.904,29.639,29.358,6847000000.0,0.0,15.56,0.309,0.309,464000000.0,-2637000000.0,1226000000.0,1226000000.0,0.0,,,,,0.0,139000000.0,1.0,102860655.0,102860655.0,,11.919,9770000000.0,717000000.0,-10000000.0,1333000000.0,94.983,705000000.0
43,CAR,MRQ,2010-09-30,2010-09-30,2010-09-30,2021-08-25,42000000.0,10701000000.0,,1347000000.0,9354000000.0,,3.626,201000000.0,623000000.0,623000000.0,1137000000.0,90000000.0,1.438,27.689,7405000000.0,9000000.0,7396000000.0,7405000000.0,0.0,379000000.0,0.0,0.0,0.0,184000000.0,563000000.0,0.372,563000000.0,184000000.0,144000000.0,0.88,0.73,0.88,373000000.0,,373000000.0,8831273099.0,49.0,5.694,879000000.0,8.546,1.0,375000000.0,0.248,555000000.0,40000000.0,15991000000.0,,0.0,313000000.0,0.0,313000000.0,10328000000.0,937000000.0,9391000000.0,1198273099.0,165000000.0,0.0,0.0,-728000000.0,0.0,-735000000.0,211000000.0,0.0,678000000.0,11000000.0,90000000.0,90000000.0,90000000.0,0.0,0.0,0.06,191000000.0,184000000.0,928000000.0,0.0,3.213,41.32,41.607,7487000000.0,0.0,11.65,0.234,0.234,528000000.0,-2613000000.0,1512000000.0,1512000000.0,0.0,,,,,0.0,156000000.0,1.0,102856060.0,102856060.0,,14.7,10146000000.0,651000000.0,54000000.0,1287000000.0,98.643,410000000.0
44,CAR,MRQ,2010-06-30,2010-06-30,2010-06-30,2021-08-25,-28000000.0,11698000000.0,,1774000000.0,9924000000.0,,2.192,-1682000000.0,458000000.0,458000000.0,1054000000.0,26000000.0,1.293,50.991,8091000000.0,8000000.0,8083000000.0,8091000000.0,0.0,359000000.0,0.0,0.0,0.0,70000000.0,429000000.0,0.332,429000000.0,70000000.0,29000000.0,0.25,0.22,0.25,225000000.0,,225000000.0,7299166667.0,63.0,4.876,-1302000000.0,-12.682,1.0,240000000.0,0.185,551000000.0,41000000.0,17408000000.0,,0.0,307000000.0,0.0,307000000.0,11473000000.0,1372000000.0,10101000000.0,1008166667.0,-12000000.0,0.0,0.0,1348000000.0,0.0,1348000000.0,-1732000000.0,0.0,380000000.0,-8000000.0,26000000.0,26000000.0,26000000.0,0.0,0.0,0.02,170000000.0,70000000.0,1364000000.0,0.0,4.481,-252.042,-196.4,8079000000.0,0.0,9.82,0.199,0.199,432000000.0,-2703000000.0,1294000000.0,1294000000.0,0.0,,,,,0.0,143000000.0,1.0,102664630.0,102664630.0,,12.604,11147000000.0,707000000.0,3000000.0,1269000000.0,108.577,402000000.0
45,CAR,MRQ,2010-03-31,2010-03-31,2010-03-31,2021-08-25,3000000.0,10257000000.0,,1693000000.0,8564000000.0,,2.216,-662000000.0,470000000.0,470000000.0,983000000.0,-38000000.0,1.275,44.385,6761000000.0,9000000.0,6752000000.0,6761000000.0,0.0,313000000.0,0.0,0.0,0.0,-25000000.0,288000000.0,0.25,288000000.0,-25000000.0,-66000000.0,-0.37,-0.37,-0.37,226000000.0,,226000000.0,7195987246.0,89.0,4.756,-382000000.0,-3.745,1.0,170000000.0,0.147,556000000.0,41000000.0,14664000000.0,,0.0,244000000.0,0.0,244000000.0,10031000000.0,1328000000.0,8703000000.0,1172987246.0,-12000000.0,0.0,0.0,238000000.0,0.0,200000000.0,-495000000.0,0.0,280000000.0,3000000.0,-38000000.0,-38000000.0,-38000000.0,0.0,0.0,-0.033,155000000.0,15000000.0,1319000000.0,0.0,5.19,-32.583,-31.944,6771000000.0,0.0,11.5,0.23,0.23,368000000.0,-2729000000.0,1153000000.0,1153000000.0,0.0,,,,,0.0,131000000.0,1.0,101998891.0,101998891.0,,11.304,9701000000.0,715000000.0,-28000000.0,1269000000.0,95.109,365000000.0
46,CAR,MRQ,2009-12-31,2009-12-31,2009-12-31,2021-08-25,-37000000.0,10093000000.0,,1730000000.0,8363000000.0,,2.177,-56000000.0,482000000.0,482000000.0,1016000000.0,-49000000.0,1.347,44.464,6505000000.0,12000000.0,6493000000.0,6505000000.0,0.0,320000000.0,0.0,0.0,0.0,-49000000.0,271000000.0,0.234,271000000.0,-49000000.0,-88000000.0,-0.48,-0.48,-0.48,222000000.0,,222000000.0,7269092098.0,96.0,4.651,185000000.0,1.814,1.0,144000000.0,0.124,554000000.0,39000000.0,14278000000.0,,0.0,385000000.0,0.0,385000000.0,9871000000.0,1284000000.0,8587000000.0,1338092098.0,12000000.0,-19000000.0,0.0,86000000.0,0.0,22000000.0,-254000000.0,0.0,241000000.0,3000000.0,-49000000.0,-49000000.0,-49000000.0,0.0,0.0,-0.042,193000000.0,-49000000.0,1272000000.0,0.0,6.027,-28.47,-28.522,6409000000.0,0.0,13.12,0.261,0.261,460000000.0,-2691000000.0,1160000000.0,1160000000.0,0.0,,,,,0.0,130000000.0,1.0,101988727.0,101988727.0,,11.374,9539000000.0,704000000.0,-39000000.0,1267000000.0,93.53,446000000.0
47,CAR,MRQ,2009-09-30,2009-09-30,2009-09-30,2021-08-25,-71000000.0,9962000000.0,,1129000000.0,8833000000.0,,2.246,383000000.0,470000000.0,470000000.0,1163000000.0,57000000.0,1.316,42.502,6401000000.0,12000000.0,6389000000.0,6401000000.0,0.0,389000000.0,0.0,0.0,0.0,120000000.0,509000000.0,0.347,509000000.0,120000000.0,83000000.0,0.55,0.54,0.55,229000000.0,,229000000.0,8167428445.0,-2042.0,5.232,945000000.0,9.267,1.0,302000000.0,0.206,553000000.0,37000000.0,14482000000.0,,0.0,158000000.0,0.0,158000000.0,9733000000.0,858000000.0,8875000000.0,1362428445.0,36000000.0,-30000000.0,0.0,-881000000.0,0.0,-887000000.0,351000000.0,0.0,562000000.0,10000000.0,57000000.0,57000000.0,57000000.0,0.0,0.0,0.039,182000000.0,120000000.0,846000000.0,0.0,5.949,-11.449,-11.227,6574000000.0,0.0,13.36,0.26,0.26,470000000.0,-2642000000.0,1465000000.0,1465000000.0,0.0,,,,,0.0,155000000.0,1.0,101978177.0,101978177.0,,14.366,9409000000.0,635000000.0,26000000.0,1266000000.0,92.265,271000000.0
48,CAR,MRQ,2009-06-30,2009-06-30,2009-06-30,2021-08-25,-117000000.0,10809000000.0,,1205000000.0,9604000000.0,,1.208,-659000000.0,434000000.0,434000000.0,1112000000.0,-6000000.0,1.372,86.878,7239000000.0,11000000.0,7228000000.0,7239000000.0,0.0,410000000.0,0.0,0.0,0.0,35000000.0,445000000.0,0.339,445000000.0,35000000.0,-2000000.0,-0.06,-0.06,-0.06,123000000.0,,123000000.0,7031052876.0,-5.0,19.158,-299000000.0,-2.938,1.0,200000000.0,0.152,546000000.0,37000000.0,16190000000.0,,0.0,118000000.0,0.0,118000000.0,10686000000.0,878000000.0,9808000000.0,575052876.0,89000000.0,-51000000.0,0.0,418000000.0,0.0,416000000.0,-706000000.0,0.0,360000000.0,19000000.0,-6000000.0,-6000000.0,-6000000.0,0.0,0.0,-0.005,165000000.0,35000000.0,867000000.0,0.0,4.675,-0.487,-0.485,7424000000.0,0.0,5.65,0.105,0.105,413000000.0,-2699000000.0,1312000000.0,1312000000.0,0.0,,,,,0.0,133000000.0,1.0,101779270.0,101779270.0,,12.891,10263000000.0,643000000.0,4000000.0,1246000000.0,100.836,327000000.0
49,CAR,MRQ,2009-03-31,2009-03-31,2009-03-31,2021-08-25,-196000000.0,10255000000.0,,1086000000.0,9169000000.0,,0.433,662000000.0,345000000.0,345000000.0,1064000000.0,-49000000.0,1.222,232.068,6801000000.0,12000000.0,6789000000.0,6801000000.0,0.0,368000000.0,0.0,0.0,0.0,-32000000.0,336000000.0,0.281,336000000.0,-32000000.0,-70000000.0,-0.48,-0.48,-0.48,44000000.0,,44000000.0,7657429212.0,-6.0,17.364,990000000.0,9.747,1.0,130000000.0,0.109,539000000.0,38000000.0,15283000000.0,,0.0,31000000.0,0.0,31000000.0,10211000000.0,889000000.0,9322000000.0,92429212.0,87000000.0,100000000.0,0.0,-1016000000.0,0.0,-1016000000.0,775000000.0,0.0,328000000.0,0.0,-49000000.0,-49000000.0,-49000000.0,0.0,0.0,-0.041,162000000.0,-32000000.0,877000000.0,0.0,2.101,-0.08,-0.08,6856000000.0,0.0,0.91,0.016,0.016,638000000.0,-2693000000.0,1194000000.0,1194000000.0,0.0,,,,,0.0,133000000.0,1.0,101570563.0,101570563.0,,11.755,9716000000.0,631000000.0,-21000000.0,1215000000.0,95.658,197000000.0
50,CAR,MRQ,2008-12-31,2008-12-31,2008-12-31,2021-08-25,-194000000.0,11318000000.0,,1073000000.0,10245000000.0,,0.917,98000000.0,258000000.0,258000000.0,1200000000.0,-121000000.0,1.178,120.699,7823000000.0,10000000.0,7813000000.0,7823000000.0,0.0,398000000.0,0.0,0.0,0.0,-127000000.0,271000000.0,0.215,271000000.0,-127000000.0,-164000000.0,-1.2,-1.2,-1.2,93000000.0,,93000000.0,8335986999.0,-7.0,16.249,384000000.0,3.787,1.0,61000000.0,0.048,542000000.0,37000000.0,17430000000.0,,0.0,129000000.0,0.0,129000000.0,11225000000.0,911000000.0,10314000000.0,70986999.0,-116000000.0,340000000.0,0.0,-732000000.0,0.0,-786000000.0,399000000.0,0.0,286000000.0,-15000000.0,-121000000.0,-121000000.0,-121000000.0,0.0,0.0,-0.096,188000000.0,-127000000.0,901000000.0,0.0,0.763,-0.063,-0.063,7649000000.0,0.0,0.7,0.012,0.012,893000000.0,-2644000000.0,1261000000.0,1261000000.0,0.0,,,,,0.0,142000000.0,1.0,101409998.0,101409998.0,,12.435,10776000000.0,578000000.0,-43000000.0,1188000000.0,106.262,162000000.0
51,CAR,MRQ,2008-09-30,2008-09-30,2008-09-30,2021-08-25,-21000000.0,12404000000.0,,1173000000.0,11231000000.0,,3.75,155000000.0,374000000.0,374000000.0,1394000000.0,-1006000000.0,1.196,31.642,8639000000.0,9000000.0,8630000000.0,8639000000.0,0.0,470000000.0,0.0,0.0,0.0,-1155000000.0,-685000000.0,-0.403,-685000000.0,-1155000000.0,-1186000000.0,-9.91,-9.91,-9.91,380000000.0,,380000000.0,9612696881.0,-4.0,-18.775,733000000.0,7.233,1.0,307000000.0,0.18,555000000.0,31000000.0,19133000000.0,,0.0,562000000.0,0.0,562000000.0,12024000000.0,981000000.0,11043000000.0,581696881.0,112000000.0,-15000000.0,0.0,-594000000.0,0.0,-594000000.0,139000000.0,0.0,578000000.0,-11000000.0,-1006000000.0,-1006000000.0,-1006000000.0,0.0,0.0,-0.591,1462000000.0,-1155000000.0,972000000.0,0.0,1.531,-0.283,-0.285,8527000000.0,0.0,5.74,0.095,0.095,642000000.0,-2523000000.0,1701000000.0,1701000000.0,0.0,,,,,0.0,171000000.0,1.0,101340920.0,101340920.0,,16.785,11849000000.0,461000000.0,-180000000.0,1220000000.0,116.922,192000000.0
52,CAR,MRQ,2008-06-30,2008-06-30,2008-06-30,2021-08-25,55000000.0,14392000000.0,,1232000000.0,13160000000.0,,14.412,-621000000.0,262000000.0,262000000.0,1326000000.0,15000000.0,1.168,8.878,9293000000.0,9000000.0,9284000000.0,9293000000.0,0.0,462000000.0,0.0,0.0,0.0,57000000.0,519000000.0,0.329,519000000.0,57000000.0,25000000.0,0.15,0.15,0.15,1457000000.0,,1457000000.0,9658147272.0,-11.0,11.679,-176000000.0,-1.741,1.0,251000000.0,0.159,1802000000.0,32000000.0,20566000000.0,,0.0,567000000.0,0.0,567000000.0,12935000000.0,1055000000.0,11880000000.0,846147272.0,43000000.0,-29000000.0,0.0,258000000.0,0.0,254000000.0,-655000000.0,0.0,445000000.0,-1000000.0,15000000.0,15000000.0,15000000.0,0.0,0.0,0.01,194000000.0,57000000.0,1046000000.0,0.0,0.581,-0.891,-0.91,9644000000.0,0.0,8.37,0.138,0.138,553000000.0,-1516000000.0,1577000000.0,1577000000.0,0.0,,,,,0.0,173000000.0,1.0,101092864.0,101092864.0,,15.6,12590000000.0,299000000.0,10000000.0,1254000000.0,124.539,177000000.0
53,CAR,MRQ,2008-03-31,2008-03-31,2008-03-31,2021-08-25,-26000000.0,14063000000.0,,1207000000.0,12856000000.0,,13.1,-1601000000.0,219000000.0,219000000.0,1247000000.0,-12000000.0,1.102,9.363,9031000000.0,10000000.0,9021000000.0,9031000000.0,0.0,397000000.0,0.0,0.0,0.0,12000000.0,409000000.0,0.283,409000000.0,12000000.0,-18000000.0,-0.11,-0.11,-0.11,1357000000.0,,1357000000.0,8279088375.0,-10.0,10.323,-1206000000.0,-11.642,1.0,198000000.0,0.137,1785000000.0,30000000.0,19995000000.0,,0.0,479000000.0,0.0,479000000.0,12706000000.0,1095000000.0,11611000000.0,1100088375.0,5000000.0,-384000000.0,-33000000.0,1626000000.0,0.0,1589000000.0,-1979000000.0,0.0,395000000.0,0.0,-12000000.0,-12000000.0,-12000000.0,0.0,0.0,-0.008,186000000.0,12000000.0,1085000000.0,0.0,0.811,-1.169,-1.164,9427000000.0,0.0,10.62,0.181,0.181,509000000.0,-1532000000.0,1445000000.0,1445000000.0,0.0,,,,,0.0,167000000.0,1.0,103586476.0,103586476.0,,13.95,12278000000.0,343000000.0,-6000000.0,1249000000.0,118.529,112000000.0
54,CAR,MRQ,2007-12-31,2007-12-31,2007-12-31,2021-08-25,32000000.0,12474000000.0,,1218000000.0,11256000000.0,,14.11,947000000.0,214000000.0,214000000.0,1146000000.0,-1056000000.0,1.103,7.515,7393000000.0,10000000.0,7383000000.0,7393000000.0,0.0,380000000.0,0.0,0.0,0.0,-1135000000.0,-755000000.0,-0.545,-755000000.0,-1135000000.0,-1165000000.0,-10.24,-10.22,-10.24,1465000000.0,,1465000000.0,9783780835.0,-12.0,12.005,1289000000.0,12.415,1.0,240000000.0,0.173,1760000000.0,30000000.0,16789000000.0,,0.0,231000000.0,0.0,231000000.0,11009000000.0,1104000000.0,9905000000.0,1349780835.0,-88000000.0,-19000000.0,1000000.0,-1345000000.0,0.0,-1348000000.0,918000000.0,-60000000.0,342000000.0,0.0,-1056000000.0,-1056000000.0,-1056000000.0,11000000.0,0.0,-0.762,1364000000.0,-1124000000.0,1094000000.0,0.0,0.921,-1.474,-1.464,7974000000.0,0.0,13.0,0.225,0.225,668000000.0,-1520000000.0,1386000000.0,1386000000.0,0.0,,,,,0.0,154000000.0,1.0,103829295.0,103829295.0,,13.349,10714000000.0,276000000.0,-109000000.0,1246000000.0,103.189,114000000.0
55,CAR,MRQ,2007-09-30,2007-09-30,2007-09-30,2021-08-25,84000000.0,14911000000.0,,1420000000.0,13491000000.0,,24.911,-31000000.0,302000000.0,302000000.0,1372000000.0,103000000.0,1.117,4.768,8736000000.0,11000000.0,8725000000.0,8736000000.0,0.0,467000000.0,0.0,0.0,0.0,187000000.0,654000000.0,0.38,654000000.0,187000000.0,156000000.0,1.0,0.99,1.0,2585000000.0,,2585000000.0,11315279575.0,35.0,5.806,570000000.0,5.493,1.0,347000000.0,0.202,2953000000.0,31000000.0,19121000000.0,,0.0,324000000.0,0.0,324000000.0,12326000000.0,1271000000.0,11055000000.0,2375279575.0,75000000.0,-10000000.0,10000000.0,-472000000.0,0.0,-461000000.0,-68000000.0,0.0,601000000.0,3000000.0,103000000.0,103000000.0,103000000.0,-40000000.0,0.0,0.06,200000000.0,147000000.0,1260000000.0,0.0,0.919,16.61,16.12,8986000000.0,0.0,22.89,0.4,0.4,822000000.0,-464000000.0,1719000000.0,1719000000.0,0.0,,,,,0.0,176000000.0,1.0,103769313.0,103769313.0,,16.566,11958000000.0,145000000.0,53000000.0,1247000000.0,115.236,149000000.0
56,CAR,MRQ,2007-06-30,2007-06-30,2007-06-30,2021-08-25,117000000.0,15376000000.0,,1209000000.0,14167000000.0,,24.824,-1350000000.0,227000000.0,227000000.0,1258000000.0,24000000.0,1.079,5.077,9167000000.0,11000000.0,9156000000.0,9167000000.0,0.0,426000000.0,0.0,0.0,0.0,68000000.0,494000000.0,0.326,494000000.0,68000000.0,36000000.0,0.23,0.23,0.23,2530000000.0,,2530000000.0,10864527290.0,-11.0,18.54,-934000000.0,-9.164,1.0,258000000.0,0.17,2939000000.0,32000000.0,20256000000.0,,0.0,393000000.0,0.0,393000000.0,12846000000.0,1121000000.0,11725000000.0,2897527290.0,-27000000.0,-29000000.0,26000000.0,909000000.0,0.0,930000000.0,-1376000000.0,0.0,416000000.0,3000000.0,24000000.0,24000000.0,24000000.0,-1000000.0,0.0,0.016,191000000.0,67000000.0,1110000000.0,0.0,1.145,-2.978,-2.946,9796000000.0,0.0,28.43,0.501,0.501,578000000.0,-568000000.0,1516000000.0,1516000000.0,0.0,,,,,0.0,168000000.0,1.0,101917949.0,101917949.0,,14.875,12437000000.0,175000000.0,12000000.0,1311000000.0,122.03,88000000.0
57,CAR,MRQ,2007-03-31,2007-03-31,2007-03-31,2021-08-25,64000000.0,14075000000.0,,1112000000.0,12963000000.0,,24.153,-1429000000.0,254000000.0,254000000.0,1144000000.0,13000000.0,1.059,4.754,8221000000.0,29000000.0,8192000000.0,8221000000.0,0.0,376000000.0,0.0,0.0,0.0,45000000.0,421000000.0,0.308,421000000.0,45000000.0,12000000.0,0.13,0.12,0.13,2446000000.0,,2446000000.0,9706768197.0,-5.0,-18.076,-1074000000.0,-10.605,1.0,221000000.0,0.162,2932000000.0,33000000.0,18060000000.0,,0.0,366000000.0,0.0,366000000.0,11629000000.0,1050000000.0,10579000000.0,2766768197.0,82000000.0,-61000000.0,13000000.0,1106000000.0,0.0,1118000000.0,-1391000000.0,106000000.0,355000000.0,0.0,13000000.0,13000000.0,13000000.0,-1000000.0,0.0,0.01,177000000.0,44000000.0,1021000000.0,0.0,1.131,-1.349,-1.339,8629000000.0,0.0,27.32,0.484,0.484,598000000.0,-591000000.0,1365000000.0,1365000000.0,0.0,,,,,0.0,159000000.0,1.0,101272628.0,101272628.0,,13.478,11143000000.0,144000000.0,-1000000.0,1255000000.0,110.03,62000000.0
58,CAR,MRQ,2006-12-31,2006-12-31,2006-12-31,2021-08-25,68000000.0,13271000000.0,,1806000000.0,11465000000.0,,24.219,436000000.0,172000000.0,172000000.0,1089000000.0,3000000.0,0.959,4.432,7112000000.0,29000000.0,7083000000.0,7112000000.0,0.0,359000000.0,0.0,0.051,0.0,21000000.0,380000000.0,0.285,380000000.0,21000000.0,-9000000.0,0.06,0.06,0.06,2443000000.0,,2443000000.0,9722857611.0,-5.0,-18.806,206000000.0,2.042,1.0,242000000.0,0.182,2932000000.0,30000000.0,15395000000.0,,0.0,375000000.0,0.0,375000000.0,10828000000.0,1884000000.0,8944000000.0,2187857611.0,-207000000.0,-4037000000.0,3000000.0,-803000000.0,0.0,-801000000.0,-3601000000.0,0.0,-230000000.0,3000000.0,3000000.0,3000000.0,3000000.0,1000000.0,0.0,0.002,220000000.0,22000000.0,1855000000.0,0.0,0.896,-1.097,-1.094,7535000000.0,0.0,21.69,0.385,0.385,639000000.0,-586000000.0,1331000000.0,1331000000.0,0.0,,,,,0.0,148000000.0,1.0,100869415.0,100869415.0,,13.195,10339000000.0,233000000.0,-12000000.0,1206000000.0,102.499,-78000000.0
59,CAR,MRQ,2006-09-30,2006-09-30,2006-09-30,2021-08-25,58000000.0,14245000000.0,,2105000000.0,12140000000.0,,25.248,489000000.0,394000000.0,394000000.0,1248000000.0,-1013000000.0,1.049,4.628,7929000000.0,32000000.0,7897000000.0,7929000000.0,0.0,390000000.0,0.0,0.12,0.0,-1099000000.0,-709000000.0,-0.453,-709000000.0,-1099000000.0,-1149000000.0,-10.07,-10.07,-10.07,2531000000.0,,2531000000.0,16930503609.0,-12.0,3386.101,-238000000.0,-2.374,1.0,318000000.0,0.203,2936000000.0,50000000.0,16838000000.0,,0.0,371000000.0,0.0,371000000.0,11714000000.0,2006000000.0,9708000000.0,1833503609.0,258000000.0,4060000000.0,7000000.0,-4828000000.0,0.0,-4826000000.0,4606000000.0,0.0,-727000000.0,2000000.0,-1013000000.0,-1013000000.0,-1013000000.0,688000000.0,0.0,-0.647,416000000.0,-98000000.0,1974000000.0,0.0,0.724,-1.255,-1.248,8009000000.0,0.0,18.29,0.323,0.323,884000000.0,-890000000.0,1566000000.0,1566000000.0,0.0,,,,,0.0,224000000.0,1.0,100246233.0,100246233.0,,15.622,11309000000.0,237000000.0,-136000000.0,1171000000.0,112.812,99000000.0
60,CAR,MRQ,2006-06-30,2006-06-30,2006-06-30,2021-08-25,189000000.0,35170000000.0,,9231000000.0,25939000000.0,,104.985,-720000000.0,524000000.0,524000000.0,1168000000.0,-1054000000.0,0.994,2.349,15621000000.0,3593000000.0,12028000000.0,15621000000.0,849000000.0,374000000.0,0.0,0.02,0.0,-1003000000.0,-629000000.0,-0.433,-629000000.0,-1003000000.0,-1100000000.0,-10.52,-10.52,-10.52,10501000000.0,,10501000000.0,31181878111.0,153.0,20.461,365000000.0,3.649,1.0,286000000.0,0.197,10309000000.0,97000000.0,30668000000.0,,0.0,3014000000.0,0.0,3014000000.0,24669000000.0,9290000000.0,15379000000.0,16293878111.0,75000000.0,-107000000.0,14000000.0,487000000.0,0.0,459000000.0,-851000000.0,0.0,1085000000.0,10000000.0,-1054000000.0,-1054000000.0,-1054000000.0,990000000.0,0.0,-0.725,299000000.0,-13000000.0,3277000000.0,0.0,1.552,319.488,740.455,1245000000.0,0.0,162.9,2.877,2.877,917000000.0,5155000000.0,1454000000.0,1454000000.0,0.0,,,,,0.0,240000000.0,1.0,100023807.0,100023807.0,,14.537,24861000000.0,725000000.0,-46000000.0,1818000000.0,248.551,-59000000.0
61,CAR,MRQ,2006-03-31,2006-03-31,2006-03-31,2021-08-25,66000000.0,34823000000.0,,3560000000.0,31263000000.0,,110.079,-858000000.0,515000000.0,515000000.0,1117000000.0,70000000.0,0.578,2.138,15403000000.0,1281000000.0,14122000000.0,15403000000.0,924000000.0,344000000.0,0.0,0.024,1.1,98000000.0,442000000.0,0.331,442000000.0,98000000.0,38000000.0,0.7,0.7,0.7,11098000000.0,,11098000000.0,31194987299.0,17.0,10.024,-734000000.0,-7.28,1.0,220000000.0,0.165,15450000000.0,60000000.0,28104000000.0,,0.0,2836000000.0,0.0,2836000000.0,23725000000.0,6157000000.0,17568000000.0,17491987299.0,-500000000.0,-34000000.0,-221000000.0,803000000.0,-113000000.0,464000000.0,-907000000.0,0.0,124000000.0,-1000000.0,70000000.0,70000000.0,70000000.0,-200000000.0,0.0,0.052,258000000.0,-38000000.0,4232000000.0,1.571,1.576,11.724,12.015,1774000000.0,0.0,173.5,2.088,2.088,1417000000.0,5903000000.0,1337000000.0,1337000000.0,0.0,,,,,0.0,206000000.0,1.0,100818371.0,100818371.0,,13.261,19373000000.0,1283000000.0,-32000000.0,1768000000.0,192.157,-2597000000.0
62,CAR,MRQ,2005-12-31,2005-12-31,2005-12-31,2021-08-25,40000000.0,34493000000.0,,22015000000.0,12478000000.0,,110.721,-156000000.0,546000000.0,546000000.0,1163000000.0,536000000.0,2.092,2.041,11417000000.0,975000000.0,10442000000.0,11417000000.0,0.0,357000000.0,0.0,0.087,1.1,544000000.0,901000000.0,0.68,901000000.0,544000000.0,478000000.0,5.23,5.23,5.23,11342000000.0,,11342000000.0,32790521776.0,19.0,10.765,131000000.0,1.279,1.0,162000000.0,0.122,2919000000.0,66000000.0,31920000000.0,,0.0,389000000.0,0.0,389000000.0,23151000000.0,10525000000.0,12626000000.0,17670521776.0,508000000.0,-1075000000.0,-270000000.0,-1319000000.0,-114000000.0,-1891000000.0,-1234000000.0,0.0,287000000.0,-6000000.0,536000000.0,536000000.0,536000000.0,-553000000.0,0.0,0.405,163000000.0,-1000000.0,2287000000.0,0.21,1.558,10.921,11.086,8025000000.0,0.0,172.5,3.272,3.272,950000000.0,5997000000.0,1325000000.0,1325000000.0,0.0,,,,,0.0,119000000.0,1.0,102437807.0,102437807.0,,12.935,31574000000.0,635000000.0,-58000000.0,1139000000.0,308.226,11490000000.0
63,CAR,MRQ,2005-09-30,2005-09-30,2005-09-30,2021-08-25,120000000.0,35427000000.0,,4567000000.0,30860000000.0,,107.185,370000000.0,432000000.0,432000000.0,1172000000.0,499000000.0,0.614,2.159,15552000000.0,2232000000.0,13320000000.0,15552000000.0,650000000.0,245000000.0,0.0,0.071,1.1,565000000.0,810000000.0,0.524,810000000.0,565000000.0,504000000.0,4.81,4.72,4.81,11215000000.0,,11215000000.0,36888127133.0,35.0,18.307,-181000000.0,-1.73,1.0,375000000.0,0.242,15420000000.0,61000000.0,27683000000.0,,0.0,2765000000.0,0.0,2765000000.0,24212000000.0,7444000000.0,16768000000.0,21596127133.0,-64000000.0,145000000.0,-521000000.0,-1027000000.0,-117000000.0,-1047000000.0,641000000.0,-44000000.0,-551000000.0,-13000000.0,499000000.0,499000000.0,499000000.0,-496000000.0,0.0,0.323,306000000.0,69000000.0,4223000000.0,0.229,1.926,18.458,18.595,1670000000.0,0.0,206.4,10.576,10.576,1287000000.0,5524000000.0,1547000000.0,1547000000.0,0.0,,,,,0.0,275000000.0,1.0,104632399.0,104632399.0,,14.785,20007000000.0,1934000000.0,5000000.0,1897000000.0,191.212,-2877000000.0
64,CAR,MRQ,2005-06-30,2005-06-30,2005-06-30,2021-08-25,81000000.0,36131000000.0,,5037000000.0,31094000000.0,,106.831,-1134000000.0,770000000.0,770000000.0,2539000000.0,387000000.0,0.732,2.216,16062000000.0,1313000000.0,14749000000.0,16062000000.0,663000000.0,318000000.0,0.0,0.065,0.9,641000000.0,959000000.0,0.23,959000000.0,641000000.0,575000000.0,3.7,3.6,3.7,11234000000.0,,11234000000.0,37233515448.0,28.0,15.272,-428000000.0,-4.07,1.0,1631000000.0,0.391,15313000000.0,66000000.0,29230000000.0,,0.0,2649000000.0,0.0,2649000000.0,24897000000.0,6880000000.0,18017000000.0,23523515448.0,-935000000.0,219000000.0,-158000000.0,883000000.0,-96000000.0,408000000.0,-846000000.0,18000000.0,706000000.0,-3000000.0,387000000.0,387000000.0,387000000.0,-71000000.0,0.0,0.093,1060000000.0,571000000.0,4421000000.0,0.243,2.094,18.61,18.657,1667000000.0,0.0,223.7,4.705,4.705,1352000000.0,5142000000.0,4170000000.0,4170000000.0,0.0,,,,,0.0,597000000.0,1.0,105156529.0,105156529.0,,39.655,20818000000.0,1996000000.0,188000000.0,1769000000.0,197.972,-1843000000.0
65,CAR,MRQ,2005-03-31,2005-03-31,2005-03-31,2021-08-25,150000000.0,34723000000.0,,5785000000.0,28938000000.0,,106.433,-1571000000.0,1468000000.0,1468000000.0,2329000000.0,-82000000.0,0.903,2.102,15178000000.0,1360000000.0,13818000000.0,15178000000.0,624000000.0,387000000.0,0.0,0.07,11.85,15000000.0,402000000.0,0.102,402000000.0,15000000.0,33000000.0,-0.8,-0.8,-0.8,11195000000.0,,11195000000.0,40772775751.0,24.0,14.624,-1013000000.0,-9.631,1.0,1625000000.0,0.411,14103000000.0,-18000000.0,27922000000.0,,0.0,2635000000.0,0.0,2635000000.0,23528000000.0,6408000000.0,17120000000.0,21604775751.0,874000000.0,500000000.0,-111000000.0,1953000000.0,-96000000.0,1529000000.0,-1170000000.0,44000000.0,558000000.0,-29000000.0,-82000000.0,-82000000.0,-82000000.0,8000000.0,0.0,-0.021,1464000000.0,161000000.0,3957000000.0,-14.812,1.93,13.779,13.612,1627000000.0,0.0,205.4,4.128,4.128,1311000000.0,4850000000.0,3954000000.0,3954000000.0,0.0,,,,,0.0,760000000.0,1.0,105183913.0,105183913.0,,37.591,20620000000.0,2165000000.0,115000000.0,1818000000.0,196.038,-623000000.0
66,CAR,MRQ,2004-12-31,2004-12-31,2004-12-31,2021-08-25,274000000.0,42570000000.0,,9709000000.0,32861000000.0,,120.579,69000000.0,837000000.0,837000000.0,-3588000000.0,366000000.0,0.952,2.353,16484000000.0,739000000.0,15745000000.0,16484000000.0,620000000.0,12000000.0,0.0,0.014,0.9,-168000000.0,-156000000.0,0.02,-156000000.0,-168000000.0,-239000000.0,3.39,3.36,3.39,12695000000.0,,12695000000.0,42653373014.0,19.0,12.793,-1915000000.0,-18.189,1.0,-4041000000.0,0.53,13695000000.0,71000000.0,34323000000.0,,0.0,6504000000.0,0.0,6504000000.0,29875000000.0,10199000000.0,19676000000.0,24615373014.0,-1219000000.0,335000000.0,-87000000.0,93000000.0,-96000000.0,-87000000.0,574000000.0,-92000000.0,-1984000000.0,14000000.0,366000000.0,366000000.0,366000000.0,-1609000000.0,0.0,-0.048,-2455000000.0,-1586000000.0,3851000000.0,0.265,1.939,11.772,11.523,1685000000.0,0.0,233.8,5.107,5.107,1237000000.0,6179000000.0,-7629000000.0,-7629000000.0,0.0,,,,,0.0,-1285000000.0,1.0,105283888.0,105283888.0,,-72.461,28875000000.0,2577000000.0,-605000000.0,2200000000.0,274.258,-490000000.0
67,CAR,MRQ,2004-09-30,2004-09-30,2004-09-30,2021-08-25,201000000.0,41609000000.0,,4855000000.0,36754000000.0,,121.952,1102000000.0,1997000000.0,1997000000.0,2604000000.0,593000000.0,0.796,2.353,20035000000.0,864000000.0,19171000000.0,20035000000.0,1125000000.0,370000000.0,0.0,0.011,0.9,863000000.0,1233000000.0,0.274,1233000000.0,863000000.0,831000000.0,5.7,5.6,5.7,12411000000.0,,12411000000.0,42823199515.0,15.0,12.891,2947000000.0,28.958,1.0,1901000000.0,0.422,13475000000.0,32000000.0,40070000000.0,,0.0,6566000000.0,0.0,6566000000.0,29198000000.0,6102000000.0,23096000000.0,21982199515.0,1104000000.0,-117000000.0,760000000.0,-2641000000.0,-93000000.0,-1977000000.0,1055000000.0,241000000.0,1845000000.0,-34000000.0,593000000.0,593000000.0,593000000.0,-96000000.0,0.0,0.132,1133000000.0,768000000.0,4429000000.0,0.158,1.771,10.92,11.02,1749000000.0,0.0,216.0,1.548,1.548,1544000000.0,5918000000.0,4505000000.0,4505000000.0,0.0,,,,,0.0,677000000.0,1.0,101769442.0,101769442.0,,44.267,28134000000.0,2350000000.0,238000000.0,2712000000.0,276.448,-1247000000.0
68,CAR,MRQ,2004-06-30,2004-06-30,2004-06-30,2021-08-25,191000000.0,42403000000.0,,3922000000.0,38481000000.0,,108.964,-1252000000.0,929000000.0,929000000.0,2576000000.0,691000000.0,0.589,2.815,21770000000.0,1082000000.0,20688000000.0,21770000000.0,1136000000.0,336000000.0,0.0,0.006,0.7,973000000.0,1309000000.0,0.297,1309000000.0,973000000.0,903000000.0,6.8,6.6,6.8,11114000000.0,,11114000000.0,44463969395.0,18.0,13.623,-672000000.0,-6.588,1.0,1828000000.0,0.415,13459000000.0,70000000.0,43124000000.0,,0.0,7520000000.0,0.0,7520000000.0,31289000000.0,6661000000.0,24628000000.0,24968969395.0,-81000000.0,536000000.0,-161000000.0,645000000.0,-72000000.0,378000000.0,-1194000000.0,-313000000.0,580000000.0,52000000.0,691000000.0,691000000.0,691000000.0,-73000000.0,0.0,0.157,1107000000.0,721000000.0,4758000000.0,0.103,2.247,15.48,15.494,1760000000.0,0.0,244.8,1.69,1.69,1608000000.0,5418000000.0,4404000000.0,4404000000.0,0.0,,,,,0.0,704000000.0,1.0,101997424.0,101997424.0,,43.178,28944000000.0,2461000000.0,212000000.0,2628000000.0,283.772,-2739000000.0
69,CAR,MRQ,2004-03-31,2004-03-31,2004-03-31,2021-08-25,165000000.0,39757000000.0,,4296000000.0,35461000000.0,,105.561,-1531000000.0,1037000000.0,1037000000.0,2050000000.0,441000000.0,0.639,2.738,20532000000.0,1209000000.0,19323000000.0,20532000000.0,1175000000.0,338000000.0,0.0,0.003,0.7,610000000.0,948000000.0,0.268,948000000.0,610000000.0,533000000.0,4.3,4.2,4.3,10637000000.0,,10637000000.0,43212818034.0,20.0,13.346,-1185000000.0,-11.76,1.0,1490000000.0,0.421,13663000000.0,77000000.0,38871000000.0,,0.0,6121000000.0,0.0,6121000000.0,29120000000.0,6718000000.0,22402000000.0,24576818034.0,-214000000.0,-62000000.0,-405000000.0,1138000000.0,-72000000.0,656000000.0,-1245000000.0,204000000.0,346000000.0,-14000000.0,441000000.0,441000000.0,441000000.0,-241000000.0,0.0,0.125,1117000000.0,373000000.0,4659000000.0,0.163,2.311,18.847,19.055,1754000000.0,0.0,243.9,1.643,1.643,1685000000.0,4799000000.0,3540000000.0,3540000000.0,0.0,,,,,0.0,688000000.0,1.0,100765962.0,100765962.0,,35.131,26094000000.0,1122000000.0,92000000.0,1068000000.0,258.956,-2422000000.0
70,CAR,MRQ,2003-12-31,2003-12-31,2003-12-31,2021-08-25,209000000.0,39456000000.0,,5022000000.0,34434000000.0,,100.532,1026000000.0,1287000000.0,1287000000.0,1926000000.0,288000000.0,0.696,2.874,20787000000.0,1629000000.0,19158000000.0,20787000000.0,1165000000.0,-516000000.0,0.0,0.0,0.0,348000000.0,-168000000.0,-0.096,-168000000.0,348000000.0,285000000.0,2.8,2.6,2.8,10186000000.0,,10186000000.0,43609207723.0,21.0,12.774,3048000000.0,30.083,1.0,-179000000.0,-0.102,13027000000.0,63000000.0,38717000000.0,,0.0,6494000000.0,0.0,6494000000.0,29270000000.0,7212000000.0,22058000000.0,22564207723.0,-218000000.0,-5731000000.0,-181000000.0,2632000000.0,0.0,-3202000000.0,500000000.0,23000000.0,2022000000.0,4000000.0,288000000.0,288000000.0,288000000.0,-255000000.0,0.0,0.165,-276000000.0,97000000.0,4668000000.0,0.0,2.215,19.253,19.365,1763000000.0,0.0,222.7,1.463,1.463,1665000000.0,4430000000.0,1747000000.0,1747000000.0,0.0,,,,,0.0,205000000.0,1.0,101321094.0,101321094.0,,17.242,26429000000.0,1494000000.0,-3000000.0,1429000000.0,260.844,-2190000000.0
71,CAR,MRQ,2003-09-30,2003-09-30,2003-09-30,2021-08-25,130000000.0,41072000000.0,,4229000000.0,36843000000.0,,98.198,-396000000.0,1417000000.0,1417000000.0,2621000000.0,193000000.0,0.704,3.126,22462000000.0,705000000.0,21757000000.0,22462000000.0,1147000000.0,656000000.0,0.0,0.0,0.0,519000000.0,1175000000.0,0.231,1175000000.0,519000000.0,445000000.0,1.9,1.9,1.9,9955000000.0,,9955000000.0,36591420211.0,17.0,7.984,822000000.0,8.108,1.0,2464000000.0,0.485,13270000000.0,74000000.0,42837000000.0,,0.0,8804000000.0,0.0,8804000000.0,31117000000.0,6010000000.0,25107000000.0,18947420211.0,377000000.0,-63000000.0,-128000000.0,247000000.0,0.0,118000000.0,-976000000.0,-253000000.0,1218000000.0,10000000.0,193000000.0,193000000.0,193000000.0,4000000.0,0.0,0.038,1640000000.0,824000000.0,4473000000.0,0.0,1.903,16.753,16.838,1742000000.0,0.0,186.9,1.077,1.077,1480000000.0,4142000000.0,5085000000.0,5085000000.0,0.0,,,,,0.0,843000000.0,1.0,101377315.0,101377315.0,,50.159,27802000000.0,1189000000.0,252000000.0,1018000000.0,274.243,-1781000000.0
72,CAR,MRQ,2003-06-30,2003-06-30,2003-06-30,2021-08-25,60000000.0,36942000000.0,,3714000000.0,33228000000.0,,95.983,-1025000000.0,1248000000.0,1248000000.0,2422000000.0,382000000.0,0.661,2.779,18892000000.0,711000000.0,18181000000.0,18892000000.0,927000000.0,626000000.0,0.0,0.0,0.0,657000000.0,1283000000.0,0.279,1283000000.0,657000000.0,576000000.0,3.8,3.7,3.8,9776000000.0,,9776000000.0,36024267824.0,18.0,8.169,96000000.0,0.943,1.0,2169000000.0,0.472,13231000000.0,81000000.0,35736000000.0,,0.0,4570000000.0,0.0,4570000000.0,27166000000.0,5619000000.0,21547000000.0,18659267824.0,48000000.0,933000000.0,-215000000.0,99000000.0,0.0,-134000000.0,-991000000.0,-753000000.0,1121000000.0,3000000.0,382000000.0,382000000.0,382000000.0,2000000.0,0.0,0.083,1497000000.0,672000000.0,4298000000.0,0.0,1.909,15.706,15.793,1749000000.0,0.0,183.2,1.142,1.142,1510000000.0,3949000000.0,4591000000.0,4591000000.0,0.0,,,,,0.0,741000000.0,1.0,101851899.0,101851899.0,,45.075,23711000000.0,1280000000.0,194000000.0,1022000000.0,232.799,-1905000000.0
73,CAR,MRQ,2003-03-31,2003-03-31,2003-03-31,2021-08-25,4000000.0,36167000000.0,,3710000000.0,32457000000.0,,92.504,-790000000.0,1275000000.0,1275000000.0,2046000000.0,309000000.0,0.777,2.795,18640000000.0,52000000.0,18588000000.0,18640000000.0,961000000.0,615000000.0,0.0,0.0,0.0,543000000.0,1158000000.0,0.281,1158000000.0,543000000.0,464000000.0,3.0,3.0,3.0,9529000000.0,,9529000000.0,30643454683.0,19.0,7.908,376000000.0,3.65,1.0,2082000000.0,0.504,13213000000.0,79000000.0,35543000000.0,,0.0,4193000000.0,0.0,4193000000.0,26638000000.0,4776000000.0,21862000000.0,13082454683.0,454000000.0,-1160000000.0,-120000000.0,280000000.0,0.0,83000000.0,-772000000.0,1279000000.0,1166000000.0,-23000000.0,309000000.0,309000000.0,309000000.0,0.0,0.0,0.075,1485000000.0,597000000.0,4077000000.0,0.0,1.373,16.092,16.076,1751000000.0,0.0,127.0,0.842,0.842,1558000000.0,3567000000.0,4128000000.0,4128000000.0,0.0,,,,,0.0,749000000.0,1.0,103011454.0,103011454.0,,40.073,22954000000.0,1409000000.0,155000000.0,1018000000.0,222.83,-1066000000.0
74,CAR,MRQ,2002-12-31,2002-12-31,2002-12-31,2021-08-25,-14000000.0,35897000000.0,,3332000000.0,32565000000.0,,89.871,-956000000.0,433000000.0,433000000.0,2050000000.0,247000000.0,0.667,2.854,18348000000.0,30000000.0,18318000000.0,18348000000.0,1000000000.0,550000000.0,0.0,0.0,0.0,417000000.0,967000000.0,0.255,967000000.0,417000000.0,349000000.0,2.4,2.2,2.4,9315000000.0,,9315000000.0,25535402048.0,16.0,6.683,-366000000.0,-3.531,1.0,1737000000.0,0.459,13163000000.0,68000000.0,35652000000.0,,0.0,4332000000.0,0.0,4332000000.0,26582000000.0,4997000000.0,21585000000.0,10862402048.0,-80000000.0,-1704000000.0,-71000000.0,6049000000.0,0.0,-76000000.0,-649000000.0,-5054000000.0,590000000.0,29000000.0,247000000.0,247000000.0,247000000.0,214000000.0,0.0,0.065,1356000000.0,381000000.0,4287000000.0,0.0,1.166,12.84,12.627,1780000000.0,0.0,104.8,0.775,0.775,1457000000.0,3258000000.0,3787000000.0,3787000000.0,0.0,,,,,0.0,551000000.0,1.0,103648874.0,103648874.0,,36.537,22734000000.0,1449000000.0,102000000.0,1017000000.0,219.337,-1665000000.0
75,CAR,MRQ,2002-09-30,2002-09-30,2002-09-30,2021-08-25,-3000000.0,32130000000.0,,3070000000.0,29060000000.0,,87.84,-770000000.0,1093000000.0,1093000000.0,2008000000.0,250000000.0,0.711,2.516,15766000000.0,329000000.0,15437000000.0,15766000000.0,1006000000.0,563000000.0,0.0,0.0,0.0,439000000.0,1002000000.0,0.261,1002000000.0,439000000.0,371000000.0,2.4,2.4,2.4,9137000000.0,,9137000000.0,25762416090.0,34.0,8.736,277000000.0,2.663,1.0,1831000000.0,0.477,12414000000.0,68000000.0,30073000000.0,,0.0,3863000000.0,0.0,3863000000.0,22993000000.0,4316000000.0,18677000000.0,11192416090.0,-281000000.0,-2153000000.0,-64000000.0,-61000000.0,0.0,-139000000.0,-1217000000.0,2559000000.0,1047000000.0,28000000.0,250000000.0,250000000.0,250000000.0,0.0,0.0,0.065,1380000000.0,451000000.0,3288000000.0,0.0,1.225,38.33,51.238,1586000000.0,0.0,107.6,0.874,0.874,1377000000.0,3011000000.0,3839000000.0,3839000000.0,0.0,,,,,0.0,680000000.0,1.0,104018737.0,104018737.0,,36.907,19716000000.0,1360000000.0,121000000.0,1014000000.0,189.543,-1246000000.0
76,CAR,MRQ,2002-06-30,2002-06-30,2002-06-30,2021-08-25,-4000000.0,32129000000.0,,3607000000.0,28522000000.0,,86.365,-916000000.0,1005000000.0,1005000000.0,1831000000.0,7000000.0,0.827,2.585,15575000000.0,21000000.0,15554000000.0,15575000000.0,1054000000.0,551000000.0,0.0,0.0,0.0,197000000.0,748000000.0,0.198,748000000.0,197000000.0,137000000.0,0.1,0.1,0.1,8962000000.0,,8962000000.0,30726551882.0,44.0,11.133,-1028000000.0,-9.907,1.0,1953000000.0,0.516,12368000000.0,60000000.0,29971000000.0,,0.0,3692000000.0,0.0,3692000000.0,23167000000.0,4360000000.0,18807000000.0,16478551882.0,-556000000.0,-798000000.0,-37000000.0,-161000000.0,0.0,-214000000.0,-313000000.0,1542000000.0,-112000000.0,-10000000.0,7000000.0,7000000.0,7000000.0,-24000000.0,0.0,0.002,1480000000.0,473000000.0,3589000000.0,0.0,1.839,65.391,72.182,1589000000.0,0.0,158.8,1.45,1.45,1438000000.0,2761000000.0,3784000000.0,3784000000.0,0.0,,,,,0.0,652000000.0,1.0,103769218.0,103769218.0,,36.466,19761000000.0,1218000000.0,130000000.0,1017000000.0,190.432,-753000000.0
77,CAR,MRQ,2002-03-31,2002-03-31,2002-03-31,2021-08-25,-283000000.0,31346000000.0,,4287000000.0,27059000000.0,,77.026,-403000000.0,1138000000.0,1138000000.0,862000000.0,342000000.0,0.834,3.146,15386000000.0,10000000.0,15376000000.0,15386000000.0,1134000000.0,533000000.0,0.0,0.0,0.0,571000000.0,1104000000.0,0.422,1104000000.0,571000000.0,506000000.0,3.5,3.4,3.5,7560000000.0,,7560000000.0,31126635360.0,34.0,10.189,-975000000.0,-9.934,1.0,1754000000.0,0.67,11161000000.0,65000000.0,29291000000.0,,0.0,3612000000.0,0.0,3612000000.0,23786000000.0,5142000000.0,18644000000.0,18844635360.0,-900000000.0,-1534000000.0,6000000.0,-830000000.0,0.0,-832000000.0,529000000.0,1337000000.0,-572000000.0,-6000000.0,342000000.0,342000000.0,342000000.0,-27000000.0,0.0,0.131,1197000000.0,557000000.0,3104000000.0,0.0,2.493,38.695,38.4,1930000000.0,0.0,192.0,1.904,1.904,1430000000.0,2754000000.0,2616000000.0,2616000000.0,0.0,,,,,0.0,592000000.0,1.0,98149142.0,98149142.0,,26.653,20185000000.0,1375000000.0,164000000.0,1028000000.0,205.656,-855000000.0
78,CAR,MRQ,2001-12-31,2001-12-31,2001-12-31,2021-08-25,-264000000.0,33544000000.0,,7717000000.0,25827000000.0,,72.013,178000000.0,3014000000.0,3014000000.0,919000000.0,-307000000.0,0.991,3.746,15976000000.0,401000000.0,15575000000.0,15976000000.0,1197000000.0,537000000.0,0.0,0.0,0.0,-442000000.0,95000000.0,0.037,95000000.0,-442000000.0,-514000000.0,-3.9,-3.6,-3.9,7068000000.0,,7068000000.0,31529046844.0,37.0,11.52,770000000.0,7.845,1.0,1655000000.0,0.643,10100000000.0,72000000.0,28615000000.0,,0.0,3396000000.0,0.0,3396000000.0,26476000000.0,7791000000.0,18685000000.0,19247046844.0,-1194000000.0,-2098000000.0,-76000000.0,6250000000.0,0.0,-228000000.0,-1587000000.0,-4349000000.0,592000000.0,-12000000.0,-307000000.0,-307000000.0,-307000000.0,-18000000.0,0.0,-0.119,2074000000.0,-419000000.0,3468000000.0,0.0,2.723,49.992,46.69,1394000000.0,0.0,196.1,2.214,2.214,1313000000.0,2412000000.0,2574000000.0,2574000000.0,0.0,,,,,0.0,602000000.0,1.0,98149142.0,98149142.0,,26.225,23444000000.0,1594000000.0,-207000000.0,1050000000.0,238.861,-74000000.0
79,CAR,MRQ,2001-09-30,2001-09-30,2001-09-30,2021-08-25,-230000000.0,30895000000.0,,7411000000.0,23484000000.0,,68.818,-298000000.0,3201000000.0,3201000000.0,751000000.0,210000000.0,1.097,4.232,15483000000.0,221000000.0,15262000000.0,15483000000.0,984000000.0,448000000.0,0.0,0.0,0.0,365000000.0,813000000.0,0.34,813000000.0,365000000.0,307000000.0,2.5,2.3,2.5,5905000000.0,,5905000000.0,23932205171.0,15.0,7.922,672000000.0,7.832,1.0,1638000000.0,0.686,7931000000.0,58000000.0,28488000000.0,,0.0,3055000000.0,0.0,3055000000.0,24990000000.0,6758000000.0,18232000000.0,10983205171.0,1254000000.0,-2103000000.0,-23000000.0,1376000000.0,0.0,1316000000.0,-1042000000.0,1942000000.0,970000000.0,7000000.0,210000000.0,210000000.0,210000000.0,-24000000.0,0.0,0.088,1273000000.0,365000000.0,2703000000.0,0.0,1.86,13.138,12.549,1654000000.0,0.0,128.0,1.564,1.564,1196000000.0,2719000000.0,2389000000.0,2389000000.0,0.0,,,,,0.0,511000000.0,1.0,85806290.0,85806290.0,,27.842,22964000000.0,1174000000.0,97000000.0,1030000000.0,267.626,653000000.0
80,CAR,MRQ,2001-06-30,2001-06-30,2001-06-30,2021-08-25,-233000000.0,29287000000.0,,4363000000.0,24924000000.0,,67.256,-992000000.0,1913000000.0,1913000000.0,685000000.0,242000000.0,1.023,4.112,14862000000.0,504000000.0,14358000000.0,14862000000.0,1011000000.0,613000000.0,0.0,0.0,0.0,430000000.0,1043000000.0,0.45,1043000000.0,430000000.0,369000000.0,2.9,2.7,2.9,5729000000.0,,5729000000.0,28268427795.0,18.0,10.493,85000000.0,0.998,1.0,1634000000.0,0.705,7818000000.0,61000000.0,30154000000.0,,0.0,2988000000.0,0.0,2988000000.0,23558000000.0,4264000000.0,19294000000.0,16610427795.0,-122000000.0,-2507000000.0,75000000.0,946000000.0,0.0,1000000000.0,-2278000000.0,1763000000.0,1077000000.0,2000000.0,242000000.0,242000000.0,242000000.0,-22000000.0,0.0,0.104,1203000000.0,431000000.0,2749000000.0,0.0,2.899,19.774,18.224,1617000000.0,0.0,195.0,2.835,2.835,1392000000.0,2508000000.0,2319000000.0,2319000000.0,0.0,,,,,0.0,536000000.0,1.0,85181681.0,85181681.0,,27.224,21469000000.0,1268000000.0,127000000.0,1030000000.0,252.038,99000000.0
81,CAR,MRQ,2001-03-31,2001-03-31,2001-03-31,2021-08-25,-234000000.0,27594000000.0,,4502000000.0,23092000000.0,,63.246,-219000000.0,2092000000.0,2092000000.0,427000000.0,239000000.0,1.185,4.165,13759000000.0,267000000.0,13492000000.0,13759000000.0,1046000000.0,282000000.0,0.0,0.0,0.0,504000000.0,786000000.0,0.529,786000000.0,504000000.0,444000000.0,2.8,2.6,2.8,5343000000.0,,5343000000.0,15346579666.0,11.0,7.407,-114000000.0,-1.349,1.0,1059000000.0,0.713,7228000000.0,60000000.0,28235000000.0,,0.0,2584000000.0,0.0,2584000000.0,22251000000.0,3798000000.0,18453000000.0,12325579666.0,1148000000.0,-2246000000.0,647000000.0,1941000000.0,0.0,2554000000.0,-1506000000.0,1261000000.0,105000000.0,-5000000.0,239000000.0,239000000.0,239000000.0,0.0,0.0,0.161,921000000.0,138000000.0,2258000000.0,0.0,2.307,15.945,14.165,1508000000.0,0.0,145.9,2.635,2.635,1380000000.0,2266000000.0,1486000000.0,1486000000.0,0.0,,,,,0.0,436000000.0,1.0,84479641.0,84479641.0,,17.59,20366000000.0,1358000000.0,205000000.0,1257000000.0,241.076,704000000.0
82,CAR,MRQ,2000-12-31,2000-12-31,2000-12-31,2021-08-25,-234000000.0,15153000000.0,,3933000000.0,11220000000.0,,38.054,-24000000.0,856000000.0,856000000.0,97000000.0,145000000.0,1.553,4.463,3988000000.0,0.0,3988000000.0,3988000000.0,1418000000.0,103000000.0,0.0,0.0,0.0,276000000.0,379000000.0,0.457,379000000.0,276000000.0,210000000.0,2.0,1.9,2.0,2774000000.0,,2774000000.0,10014580664.0,9.0,6.383,731000000.0,10.028,1.0,733000000.0,0.883,4633000000.0,66000000.0,11119000000.0,,0.0,2532000000.0,0.0,2532000000.0,12379000000.0,2533000000.0,9846000000.0,7012580664.0,-252000000.0,-1671000000.0,-23000000.0,7779000000.0,0.0,-252000000.0,-813000000.0,-7419000000.0,755000000.0,-31000000.0,145000000.0,145000000.0,145000000.0,-91000000.0,0.0,0.175,525000000.0,208000000.0,1350000000.0,0.0,2.528,11.649,11.452,735000000.0,0.0,96.2,1.623,1.623,746000000.0,2027000000.0,830000000.0,830000000.0,0.0,,,,,0.0,454000000.0,1.0,72895849.0,72895849.0,,11.386,10520000000.0,1365000000.0,65000000.0,476000000.0,144.315,1400000000.0
83,CAR,MRQ,2000-09-30,2000-09-30,2000-09-30,2021-08-25,-204000000.0,14586000000.0,,3905000000.0,10681000000.0,,37.042,-53000000.0,1215000000.0,1215000000.0,351000000.0,214000000.0,0.884,4.422,4217000000.0,0.0,4217000000.0,4217000000.0,710000000.0,133000000.0,0.0,0.0,0.0,353000000.0,486000000.0,0.397,486000000.0,353000000.0,315000000.0,3.0,2.9,3.0,2690000000.0,,2690000000.0,11100753868.0,-8.0,-11.797,357000000.0,4.916,1.0,874000000.0,0.713,5050000000.0,38000000.0,8120000000.0,,0.0,2824000000.0,0.0,2824000000.0,11896000000.0,4418000000.0,7478000000.0,7893753868.0,-24000000.0,-2289000000.0,9000000.0,-220000000.0,0.0,-209000000.0,-227000000.0,2328000000.0,410000000.0,2000000.0,214000000.0,214000000.0,214000000.0,0.0,0.0,0.175,501000000.0,373000000.0,1076000000.0,0.0,2.934,-7.716,-8.492,1242000000.0,0.0,108.7,1.357,1.357,751000000.0,1883000000.0,1225000000.0,1225000000.0,0.0,,,,,0.0,384000000.0,1.0,72619631.0,72619631.0,,16.869,9536000000.0,1293000000.0,101000000.0,321000000.0,131.314,-513000000.0
84,CAR,MRQ,2000-06-30,2000-06-30,2000-06-30,2021-08-25,-173000000.0,15125000000.0,,4317000000.0,10808000000.0,,34.478,-66000000.0,1234000000.0,1234000000.0,361000000.0,175000000.0,0.87,5.084,4441000000.0,0.0,4441000000.0,4441000000.0,1505000000.0,126000000.0,0.0,0.0,0.0,295000000.0,421000000.0,0.37,421000000.0,295000000.0,273000000.0,2.5,2.4,2.5,2486000000.0,,2486000000.0,13558630812.0,-10.0,-14.9,96000000.0,1.331,1.0,776000000.0,0.682,5242000000.0,22000000.0,8126000000.0,,0.0,2762000000.0,0.0,2762000000.0,12639000000.0,4964000000.0,7675000000.0,10094630812.0,286000000.0,-2152000000.0,-65000000.0,27000000.0,0.0,54000000.0,48000000.0,2510000000.0,162000000.0,22000000.0,175000000.0,175000000.0,175000000.0,0.0,0.0,0.154,463000000.0,313000000.0,1043000000.0,0.0,4.061,-9.753,-10.769,1314000000.0,0.0,140.0,1.757,1.757,882000000.0,1669000000.0,1137000000.0,1137000000.0,0.0,,,,,0.0,372000000.0,1.0,72104506.0,72104506.0,,15.769,9883000000.0,1413000000.0,98000000.0,317000000.0,137.065,-647000000.0
85,CAR,MRQ,2000-03-31,2000-03-31,2000-03-31,2021-08-25,-75000000.0,15042000000.0,,4294000000.0,10748000000.0,,35.594,-49000000.0,948000000.0,948000000.0,368000000.0,69000000.0,0.851,4.823,4412000000.0,0.0,4412000000.0,4412000000.0,1528000000.0,112000000.0,0.0,0.0,0.0,172000000.0,284000000.0,0.252,284000000.0,172000000.0,146000000.0,1.0,0.9,1.0,2583000000.0,,2583000000.0,17558184545.0,-29.0,119.443,-40000000.0,-0.551,1.0,760000000.0,0.674,5311000000.0,26000000.0,8147000000.0,,0.0,2422000000.0,0.0,2422000000.0,12459000000.0,5048000000.0,7411000000.0,13563184545.0,-216000000.0,-1627000000.0,301000000.0,-748000000.0,0.0,-76000000.0,-150000000.0,1663000000.0,9000000.0,1000000.0,69000000.0,69000000.0,69000000.0,0.0,0.0,0.061,501000000.0,259000000.0,1106000000.0,0.0,5.251,-38.975,-43.465,1332000000.0,0.0,186.9,2.26,2.26,1054000000.0,1494000000.0,1128000000.0,1128000000.0,0.0,,,,,0.0,348000000.0,1.0,72569206.0,72569206.0,,15.544,9731000000.0,1405000000.0,77000000.0,312000000.0,134.093,-754000000.0
86,CAR,MRQ,1999-12-31,1999-12-31,1999-12-31,2021-08-25,-42000000.0,15149000000.0,,4592000000.0,10557000000.0,,31.026,-38000000.0,1164000000.0,1164000000.0,383000000.0,-1481000000.0,0.819,5.867,5159000000.0,400000000.0,4759000000.0,5159000000.0,1452000000.0,109000000.0,0.0,0.0,0.0,-2241000000.0,-2132000000.0,-0.916,-2132000000.0,-2241000000.0,-2289000000.0,-19.3,-18.2,-19.3,2206000000.0,,2206000000.0,24399228967.0,-88.0,32.104,869000000.0,12.222,1.0,1945000000.0,0.835,5343000000.0,48000000.0,8191000000.0,,0.0,2196000000.0,0.0,2196000000.0,12943000000.0,5610000000.0,7333000000.0,18884828967.0,512000000.0,-904000000.0,-101000000.0,6714000000.0,0.0,-1151000000.0,593000000.0,-5982000000.0,907000000.0,4000000.0,-1481000000.0,-1481000000.0,-1481000000.0,-72000000.0,0.0,-0.636,4553000000.0,-2608000000.0,1319000000.0,0.0,8.561,-343.361,-379.429,1347000000.0,0.0,265.6,3.281,3.281,1026000000.0,1425000000.0,2328000000.0,2328000000.0,0.0,,,,,0.0,815000000.0,1.0,71102519.0,71102519.0,,32.741,9806000000.0,1427000000.0,-808000000.0,616000000.0,137.914,-1018000000.0
87,CAR,MRQ,1999-09-30,1999-09-30,1999-09-30,2021-08-25,-15100000.0,14912800000.0,,3488800000.0,11424000000.0,,53.438,-71000000.0,623500000.0,623500000.0,383000000.0,202000000.0,1.392,2.874,6137900000.0,0.0,6137900000.0,6137900000.0,1658800000.0,98000000.0,0.0,0.0,0.0,419000000.0,517000000.0,0.448,517000000.0,419000000.0,368000000.0,2.8,2.6,2.8,3849300000.0,,3849300000.0,17608283592.0,9.0,5.365,731000000.0,10.148,1.0,771000000.0,0.668,5677900000.0,51000000.0,12243200000.0,,0.0,2754700000.0,0.0,2754700000.0,11063500000.0,2506100000.0,8557400000.0,12785883592.0,-2437000000.0,-2398000000.0,-1293000000.0,-1744000000.0,0.0,-3007000000.0,-117000000.0,2527000000.0,802000000.0,-35000000.0,202000000.0,202000000.0,202000000.0,31000000.0,0.0,0.175,388000000.0,383000000.0,1276100000.0,0.0,3.322,8.362,9.01,1352000000.0,0.0,177.5,1.943,1.943,1301600000.0,2906200000.0,1154000000.0,1154000000.0,0.0,,,,,0.0,296000000.0,1.0,72033147.0,72033147.0,,16.02,9234900000.0,0.0,166000000.0,439100000.0,128.203,982700000.0
88,CAR,MRQ,1999-06-30,1999-06-30,1999-06-30,2021-08-25,-95100000.0,17471900000.0,,4130600000.0,13341300000.0,,62.81,-457000000.0,3062700000.0,3062700000.0,455000000.0,862000000.0,1.537,2.622,7885700000.0,0.0,7885700000.0,7885700000.0,1707100000.0,424000000.0,0.0,0.0,0.0,1054000000.0,1478000000.0,1.063,1478000000.0,1054000000.0,1000000000.0,11.2,10.5,11.2,4824200000.0,,4824200000.0,24909650356.0,14.0,7.319,-159000000.0,-2.07,1.0,936000000.0,0.673,5740500000.0,54000000.0,13866700000.0,,0.0,2995900000.0,0.0,2995900000.0,12647700000.0,2687700000.0,9960000000.0,15745350355.0,2542000000.0,-276000000.0,-200000000.0,1245000000.0,0.0,1061000000.0,1139000000.0,2005000000.0,298000000.0,44000000.0,862000000.0,862000000.0,862000000.0,12000000.0,0.0,0.62,604000000.0,332000000.0,1245100000.0,0.0,3.264,10.949,11.264,1314000000.0,0.0,205.0,2.287,2.287,1196100000.0,2704500000.0,1391000000.0,1391000000.0,0.0,,,,,0.0,478000000.0,1.0,76806587.0,76806587.0,,18.11,11731400000.0,222700000.0,138000000.0,252800000.0,152.74,1442900000.0
89,CAR,MRQ,1999-03-31,1999-03-31,1999-03-31,2021-08-25,-120200000.0,18876800000.0,,3585700000.0,15291100000.0,,51.536,-447000000.0,520500000.0,520500000.0,457000000.0,362000000.0,1.221,3.612,9685000000.0,0.0,9685000000.0,9685000000.0,1576800000.0,405000000.0,0.0,0.0,0.0,510000000.0,915000000.0,0.695,915000000.0,510000000.0,462000000.0,4.5,4.3,4.5,4093400000.0,,4093400000.0,21911844225.0,23.0,8.388,489000000.0,6.157,1.0,860000000.0,0.653,5987000000.0,48000000.0,19116500000.0,,0.0,2699100000.0,0.0,2699100000.0,14783400000.0,2937800000.0,11845600000.0,12660844225.0,-488000000.0,-726000000.0,-1142000000.0,-579000000.0,0.0,-1691000000.0,244000000.0,1501000000.0,936000000.0,23000000.0,362000000.0,362000000.0,362000000.0,-193000000.0,0.0,0.275,528000000.0,332000000.0,1595700000.0,0.0,3.093,17.365,18.114,5284600000.0,0.0,159.4,1.869,1.869,1613500000.0,1842200000.0,1317000000.0,1317000000.0,0.0,,,,,0.0,427000000.0,1.0,79428132.0,79428132.0,,16.581,12889800000.0,308700000.0,100000000.0,366600000.0,162.283,647900000.0
90,CAR,MRQ,1998-12-31,1998-12-31,1998-12-31,2021-08-25,-49000000.0,20217000000.0,,4547000000.0,15670000000.0,,56.689,-417100000.0,1009000000.0,1009000000.0,513100000.0,103100000.0,1.583,3.181,10260000000.0,0.0,10260000000.0,10260000000.0,1588000000.0,396800000.0,0.0,0.0,0.0,-24800000.0,372000000.0,0.137,372000000.0,-24800000.0,-65900000.0,1.2,1.1,1.2,4836000000.0,,4836000000.0,25068743653.0,33.0,10.709,-393200000.0,-4.609,1.0,2206800000.0,0.811,6043000000.0,41100000.0,20553000000.0,,0.0,3052000000.0,0.0,3052000000.0,15381000000.0,2872000000.0,12509000000.0,16472943653.0,-602200000.0,-1177300000.0,-247400000.0,6508500000.0,0.0,-362600000.0,-324600000.0,-5283100000.0,23900000.0,-6300000.0,103100000.0,103100000.0,103100000.0,-405000000.0,0.0,0.038,2619900000.0,-413100000.0,1518000000.0,0.0,3.406,30.505,30.172,5234000000.0,0.0,193.1,2.502,2.502,1535000000.0,1480000000.0,2719900000.0,2719900000.0,0.0,,,,,0.0,483400000.0,1.0,85307839.0,85307839.0,,31.883,14174000000.0,467000000.0,-169000000.0,341000000.0,166.151,1675000000.0
91,CAR,MRQ,1998-09-30,1998-09-30,1998-09-30,2021-08-25,-6700000.0,20074400000.0,,4763800000.0,15310600000.0,,54.867,-212900000.0,1611200000.0,1611200000.0,565900000.0,111000000.0,0.853,3.264,10207000000.0,2702700000.0,7504300000.0,10207000000.0,1620000000.0,423100000.0,0.0,0.0,0.0,215200000.0,638300000.0,0.438,638300000.0,215200000.0,184200000.0,1.3,1.3,1.3,4707500000.0,,4707500000.0,19294051547.0,33.0,9.018,826000000.0,9.627,1.0,891900000.0,0.612,6020700000.0,31000000.0,17065300000.0,,0.0,2934200000.0,0.0,2934200000.0,15366900000.0,5584200000.0,9782700000.0,9978351547.0,82900000.0,-1881400000.0,8100000.0,-679800000.0,0.0,-671700000.0,-308700000.0,1894400000.0,1038900000.0,5800000.0,111000000.0,111000000.0,111000000.0,12100000.0,0.0,0.076,650100000.0,241800000.0,1489300000.0,0.0,2.12,37.26,37.516,5036200000.0,0.0,116.3,2.01,2.01,1327800000.0,1377500000.0,1457800000.0,1457800000.0,0.0,,,,,0.0,484800000.0,1.0,85798380.0,85798380.0,,16.991,14053700000.0,330900000.0,73200000.0,257900000.0,163.799,-820400000.0
92,CAR,MRQ,1998-06-30,1998-06-30,1998-06-30,2021-08-25,-48100000.0,20482900000.0,,4646100000.0,15836800000.0,,53.409,-566300000.0,1528300000.0,1528300000.0,456500000.0,153000000.0,0.997,3.505,10826900000.0,1850000000.0,8976900000.0,10826900000.0,1576400000.0,418800000.0,0.0,0.0,0.0,268200000.0,687000000.0,0.538,687000000.0,268200000.0,245300000.0,1.8,1.8,1.8,4546400000.0,,4546400000.0,24094233880.0,33.0,10.979,-1004300000.0,-11.798,1.0,821400000.0,0.643,6090800000.0,22900000.0,19028900000.0,,0.0,3234500000.0,0.0,3234500000.0,15936500000.0,4661800000.0,11274700000.0,17450333880.0,1376000000.0,-3583300000.0,8100000.0,4136100000.0,0.0,4144200000.0,-2297500000.0,1939400000.0,-438000000.0,8800000.0,153000000.0,153000000.0,153000000.0,1900000.0,0.0,0.12,536400000.0,285000000.0,1443200000.0,0.0,3.838,48.554,47.674,5157700000.0,0.0,205.0,3.718,3.718,1341600000.0,1266500000.0,1277900000.0,1277900000.0,0.0,,,,,0.0,445100000.0,1.0,85123580.0,85123580.0,,15.012,14392100000.0,331400000.0,92300000.0,259000000.0,169.073,-15700000.0
93,CAR,MRQ,1998-03-31,1998-03-31,1998-03-31,2021-08-25,-48800000.0,15778500000.0,,2992800000.0,12785700000.0,,50.831,-435700000.0,152300000.0,152300000.0,334500000.0,172900000.0,1.239,2.701,6853800000.0,0.0,6853800000.0,6853800000.0,1360000000.0,344300000.0,0.0,0.0,0.0,299300000.0,643600000.0,0.57,643600000.0,299300000.0,280400000.0,2.1,2.0,2.1,4263400000.0,,4263400000.0,40336926857.0,100.0,22.797,-252500000.0,-3.01,1.0,794900000.0,0.704,4855500000.0,18900000.0,15208200000.0,,0.0,2204700000.0,0.0,2204700000.0,11515100000.0,2416300000.0,9098800000.0,33535526857.0,85300000.0,-2380000000.0,144200000.0,-10800000.0,0.0,1580100000.0,-1421200000.0,1425300000.0,183200000.0,-24300000.0,172900000.0,172900000.0,172900000.0,11000000.0,0.0,0.153,479700000.0,315200000.0,1296500000.0,0.0,7.866,273.983,283.929,3812600000.0,0.0,397.5,7.595,7.302,1248100000.0,1113500000.0,1129400000.0,1129400000.0,0.0,,,,,0.0,410800000.0,1.0,84366105.0,83873300.0,90854300.0,13.466,10923000000.0,317700000.0,107500000.0,298500000.0,130.232,576500000.0
94,CAR,MRQ,1997-12-31,1997-12-31,1997-12-31,2021-08-25,-38200000.0,14073400000.0,,2633600000.0,11439800000.0,,48.341,-400900000.0,67000000.0,67000000.0,363900000.0,-169100000.0,1.039,2.589,6848600000.0,0.0,6848600000.0,6848600000.0,1334100000.0,372300000.0,0.0,0.0,0.0,-201800000.0,170500000.0,0.155,170500000.0,-201800000.0,-216500000.0,-2.1,-2.3,-2.1,3921400000.0,,3921400000.0,,,,-324900000.0,-4.005,1.0,736300000.0,0.669,3852100000.0,14700000.0,14468500000.0,,0.0,2009300000.0,0.0,2009300000.0,10152000000.0,2534400000.0,7617600000.0,29005067002.0,-70400000.0,-6803900000.0,12400000.0,6664400000.0,0.0,-186600000.0,160800000.0,602700000.0,76000000.0,15400000.0,-169100000.0,-169100000.0,-169100000.0,13800000.0,0.0,-0.154,950400000.0,-214100000.0,1492400000.0,0.0,7.397,-133.664,-127.333,4203800000.0,0.0,343.8,6.841,6.578,1170700000.0,940600000.0,1100200000.0,1100200000.0,0.0,,,,,0.0,462700000.0,1.0,84366105.0,81120000.0,,13.563,10221300000.0,311900000.0,-47400000.0,366600000.0,126.002,99200000.0
95,CAR,MRQ,1997-09-30,1997-09-30,1997-09-30,2021-08-25,,,,,,,,-255300000.0,,,344300000.0,202600000.0,,,,,,,,339700000.0,,0.0,0.0,353700000.0,693400000.0,0.584,693400000.0,353700000.0,340200000.0,2.5,2.3,2.5,,,,,,,-42200000.0,,1.0,842200000.0,0.71,,13500000.0,,,,,,,,,,,50800000.0,-119500000.0,53100000.0,485200000.0,0.0,516500000.0,-639000000.0,-98300000.0,213100000.0,-20100000.0,202600000.0,202600000.0,202600000.0,400000.0,0.0,0.171,488100000.0,354100000.0,,0.0,,,,,0.0,310.0,,,,,1186500000.0,1186500000.0,0.0,,,,,0.0,429100000.0,1.0,,,,,,,137600000.0,,,
96,CAR,MRQ,1997-06-30,1997-06-30,1997-06-30,2021-08-25,,,,,,,,-424800000.0,,,301800000.0,-84000000.0,,,,,,,,309400000.0,,0.0,0.0,-47500000.0,261900000.0,0.262,261900000.0,-47500000.0,-60300000.0,-1.1,-1.1,-1.1,,,,,,,95600000.0,,1.0,697800000.0,0.698,,12800000.0,,,,,,,,,,,-25500000.0,-240700000.0,31100000.0,41800000.0,0.0,89300000.0,-588100000.0,106700000.0,520400000.0,-25800000.0,-84000000.0,-84000000.0,-84000000.0,14600000.0,0.0,-0.084,730700000.0,-32900000.0,,0.0,,,,,0.0,258.1,,,,,999600000.0,999600000.0,0.0,,,,,0.0,392600000.0,1.0,,,,,,,23700000.0,,,
97,CAR,MRQ,1997-03-31,1997-03-31,1997-03-31,2021-08-25,,,,,,,,-368000000.0,,,312000000.0,-166500000.0,,,,,,,,338600000.0,,0.0,0.0,-79300000.0,259300000.0,0.272,259300000.0,-79300000.0,-89400000.0,-2.1,-1.9,-2.1,,,,,,,35500000.0,0.444,1.0,641700000.0,0.673,,10100000.0,,,,,,,,,,,-335900000.0,-23900000.0,-135600000.0,618600000.0,0.0,481800000.0,-1262700000.0,-836100000.0,403500000.0,45500000.0,-166500000.0,-166500000.0,-166500000.0,-2800000.0,0.0,-0.175,440700000.0,201000000.0,,0.0,,,,,0.0,225.0,,,,,953700000.0,953700000.0,0.0,,,,,0.0,383500000.0,1.0,,79940400.0,87710700.0,11.93,,,77100000.0,,,
98,CAR,MRQ,1996-12-31,1996-12-31,1996-12-31,2021-08-25,-6400000.0,12762500000.0,,2494100000.0,10268400000.0,,52.435,,448100000.0,448100000.0,,,1.146,2.226,5870700000.0,0.0,5870700000.0,5870700000.0,900900000.0,,0.0,0.0,0.0,,,,,,,,,,3955700000.0,,3955700000.0,,,,,,1.0,,,3710700000.0,,12298500000.0,,0.0,1537200000.0,0.0,1537200000.0,8806800000.0,2175900000.0,6630900000.0,,,,,,,,,,,,,,,,,,,,1602900000.0,,,,55.114,3418700000.0,,242.5,,5.65,994100000.0,1186700000.0,,,,,,,,,,1.0,,75440000.0,,,9051800000.0,136900000.0,,344300000.0,119.987,318200000.0
0,CAR,MRT,2021-06-30,2021-06-30,2021-06-30,2021-08-25,-161000000.0,22013000000.0,19439000000.0,2736000000.0,19277000000.0,0.341,1.317,-1116000000.0,1324000000.0,1324000000.0,4933000000.0,183000000.0,1.109,238.272,16653000000.0,21000000.0,16632000000.0,16653000000.0,0.0,2466000000.0,0.0,0.0,0.0,406000000.0,2872000000.0,0.433,2872000000.0,406000000.0,154000000.0,2.59,2.52,2.59,92000000.0,-113750000.0,92000000.0,18974302867.0,47.0,6.607,480000000.0,6.871,1.0,1699000000.0,0.256,1866000000.0,252000000.0,33009000000.0,28940000000.0,0.0,853000000.0,0.0,853000000.0,21921000000.0,2467000000.0,19454000000.0,5441302867.0,72000000.0,-58000000.0,-23000000.0,-321000000.0,0.0,-391000000.0,-1175000000.0,0.0,1596000000.0,42000000.0,183000000.0,183000000.0,183000000.0,0.0,0.0,0.028,1162000000.0,537000000.0,2446000000.0,0.0,59.145,29.734,30.073,14713000000.0,0.0,77.89,0.82,0.82,1012000000.0,-1242000000.0,6632000000.0,6632000000.0,0.0,0.009,-1.609,0.014,0.061,21000000.0,796000000.0,1.0,69858812.0,69858812.0,,94.934,20147000000.0,1349000000.0,-29000000.0,1537000000.0,288.396,269000000.0
1,CAR,MRT,2021-03-31,2021-03-31,2021-03-31,2021-08-25,-163000000.0,18609000000.0,19358250000.0,1868000000.0,16741000000.0,0.259,-4.524,3190000000.0,576000000.0,576000000.0,4569000000.0,-696000000.0,0.853,-59.889,14109000000.0,19000000.0,14090000000.0,14109000000.0,0.0,2410000000.0,0.0,0.0,0.0,-697000000.0,1713000000.0,0.341,1713000000.0,-697000000.0,-941000000.0,-10.01,-10.02,-10.01,-316000000.0,-175000000.0,-316000000.0,17519351665.0,-25.0,10.227,3847000000.0,55.081,1.0,452000000.0,0.09,1871000000.0,244000000.0,28081000000.0,28970500000.0,0.0,727000000.0,0.0,727000000.0,18925000000.0,2190000000.0,16735000000.0,5066351665.0,-82000000.0,97000000.0,-20000000.0,-4026000000.0,0.0,-4093000000.0,3293000000.0,0.0,657000000.0,61000000.0,-696000000.0,-696000000.0,-696000000.0,0.0,0.0,-0.139,1015000000.0,-563000000.0,2171000000.0,0.0,-16.033,-7.279,-7.247,12222000000.0,0.0,72.54,1.009,1.009,1093000000.0,-1640000000.0,5021000000.0,5021000000.0,0.0,-0.036,3.977,-0.024,-0.139,15000000.0,634000000.0,1.0,69842179.0,69842179.0,,71.891,16738000000.0,1348000000.0,-245000000.0,1470000000.0,239.655,-322000000.0
2,CAR,MRT,2020-12-31,2020-12-31,2020-12-31,2021-08-25,-187000000.0,17538000000.0,20594000000.0,1795000000.0,15743000000.0,0.262,-2.224,3258000000.0,692000000.0,692000000.0,5008000000.0,-684000000.0,0.874,-114.148,13145000000.0,19000000.0,13126000000.0,13145000000.0,0.0,2561000000.0,0.0,0.0,0.0,-725000000.0,1836000000.0,0.34,1836000000.0,-725000000.0,-956000000.0,-9.71,-9.71,-9.71,-155000000.0,-23000000.0,-155000000.0,15704189365.0,-22.0,8.553,3949000000.0,56.671,1.0,394000000.0,0.073,1911000000.0,231000000.0,26027000000.0,31064500000.0,0.0,739000000.0,0.0,739000000.0,17693000000.0,2053000000.0,15640000000.0,2599189365.0,-135000000.0,-87000000.0,-104000000.0,-3897000000.0,0.0,-4045000000.0,3177000000.0,0.0,691000000.0,42000000.0,-684000000.0,-684000000.0,-684000000.0,0.0,0.0,-0.127,1110000000.0,-716000000.0,2034000000.0,0.0,-16.769,-3.8,-3.841,11370000000.0,0.0,37.3,0.481,0.481,928000000.0,-1470000000.0,5402000000.0,5402000000.0,0.0,-0.033,29.739,-0.023,-0.134,9000000.0,703000000.0,1.0,69683361.0,69683361.0,,77.522,15627000000.0,1198000000.0,-272000000.0,1383000000.0,224.257,-258000000.0
3,CAR,MRT,2020-09-30,2020-09-30,2020-09-30,2021-08-25,-194000000.0,19596000000.0,21991000000.0,2635000000.0,16961000000.0,0.282,-1.091,2858000000.0,1564000000.0,1564000000.0,5572000000.0,-452000000.0,1.217,-258.842,14669000000.0,19000000.0,14650000000.0,14669000000.0,0.0,2725000000.0,0.0,0.0,0.0,-605000000.0,2120000000.0,0.341,2120000000.0,-605000000.0,-807000000.0,-6.54,-6.56,-6.54,-76000000.0,179750000.0,-76000000.0,17244671314.0,-29.0,8.134,4145000000.0,59.496,1.0,637000000.0,0.103,1892000000.0,202000000.0,28643000000.0,33297500000.0,0.0,764000000.0,0.0,764000000.0,19672000000.0,2166000000.0,17506000000.0,1833671314.0,952000000.0,-99000000.0,-106000000.0,-3007000000.0,0.0,-3155000000.0,2769000000.0,0.0,1287000000.0,51000000.0,-452000000.0,-452000000.0,-452000000.0,0.0,0.0,-0.073,1231000000.0,-594000000.0,2147000000.0,0.0,-24.127,-4.057,-4.024,12114000000.0,0.0,26.32,0.295,0.295,1100000000.0,-1380000000.0,6209000000.0,6209000000.0,0.0,-0.021,-2.515,-0.018,-0.097,10000000.0,839000000.0,1.0,69668363.0,69668363.0,,89.122,17704000000.0,1443000000.0,-355000000.0,1685000000.0,254.118,469000000.0
4,CAR,MRT,2020-06-30,2020-06-30,2020-06-30,2021-08-25,-223000000.0,21690000000.0,22869000000.0,2240000000.0,19450000000.0,0.325,-2.2,831000000.0,1258000000.0,1258000000.0,6346000000.0,-308000000.0,1.065,-142.765,16669000000.0,19000000.0,16650000000.0,16669000000.0,0.0,2894000000.0,0.0,0.0,0.0,-345000000.0,2549000000.0,0.343,2549000000.0,-345000000.0,-532000000.0,-4.66,-4.69,-4.66,-153000000.0,322500000.0,-153000000.0,18623132766.0,-54.0,7.306,2802000000.0,40.284,1.0,1082000000.0,0.146,1867000000.0,187000000.0,33131000000.0,34979000000.0,0.0,804000000.0,0.0,804000000.0,21843000000.0,2103000000.0,19740000000.0,1592132766.0,754000000.0,-129000000.0,-166000000.0,-1742000000.0,0.0,-1933000000.0,711000000.0,0.0,1971000000.0,5000000.0,-308000000.0,-308000000.0,-308000000.0,0.0,0.0,-0.041,1408000000.0,-326000000.0,2084000000.0,0.0,-10.406,-5.169,-4.912,14253000000.0,0.0,22.89,0.214,0.214,1099000000.0,-1425000000.0,7428000000.0,7428000000.0,0.0,-0.013,-0.955,-0.01,-0.046,12000000.0,1023000000.0,1.0,69555822.0,69555822.0,,106.792,19823000000.0,1737000000.0,-224000000.0,2013000000.0,284.994,137000000.0
5,CAR,MRT,2020-03-31,2020-03-31,2020-03-31,2021-08-25,-256000000.0,23552000000.0,23560250000.0,1927000000.0,21625000000.0,0.382,3.927,-2624000000.0,679000000.0,679000000.0,7068000000.0,235000000.0,0.852,79.658,17710000000.0,118000000.0,17592000000.0,17710000000.0,0.0,3138000000.0,0.0,0.0,0.0,342000000.0,3480000000.0,0.386,3480000000.0,342000000.0,158000000.0,3.06,3.03,3.06,292000000.0,454750000.0,292000000.0,16990555531.0,50.0,4.882,-108000000.0,-1.452,1.0,1937000000.0,0.215,1863000000.0,184000000.0,36457000000.0,36027500000.0,0.0,824000000.0,0.0,824000000.0,23260000000.0,2263000000.0,20997000000.0,1033555531.0,45000000.0,-271000000.0,-166000000.0,543000000.0,0.0,343000000.0,-2800000000.0,0.0,2516000000.0,-14000000.0,235000000.0,235000000.0,235000000.0,0.0,0.0,0.026,1579000000.0,358000000.0,2145000000.0,0.0,3.54,4.398,4.542,16268000000.0,0.0,13.9,0.115,0.115,1373000000.0,-944000000.0,9005000000.0,9005000000.0,0.0,0.01,0.517,0.009,0.038,15000000.0,1204000000.0,1.0,74356513.0,74356513.0,,121.106,21689000000.0,1797000000.0,-77000000.0,2204000000.0,291.689,-336000000.0
6,CAR,MRT,2019-12-31,2019-12-31,2019-12-31,2021-08-25,-157000000.0,23126000000.0,23397750000.0,2145000000.0,20981000000.0,0.392,8.886,-2677000000.0,686000000.0,686000000.0,7105000000.0,302000000.0,0.964,34.253,16643000000.0,19000000.0,16624000000.0,16643000000.0,0.0,3142000000.0,0.0,0.0,0.0,465000000.0,3607000000.0,0.393,3607000000.0,465000000.0,287000000.0,4.01,3.98,4.01,656000000.0,462750000.0,656000000.0,18806130122.0,40.0,5.214,-91000000.0,-1.233,1.0,2067000000.0,0.225,1899000000.0,178000000.0,34959000000.0,35659250000.0,0.0,860000000.0,0.0,860000000.0,22470000000.0,2225000000.0,20245000000.0,2380130122.0,165000000.0,-167000000.0,-67000000.0,415000000.0,0.0,318000000.0,-2752000000.0,0.0,2586000000.0,13000000.0,302000000.0,302000000.0,302000000.0,0.0,0.0,0.033,1590000000.0,477000000.0,2206000000.0,0.0,3.628,7.881,8.04,15565000000.0,0.0,32.24,0.259,0.259,1689000000.0,-785000000.0,9172000000.0,9172000000.0,0.0,0.013,0.653,0.013,0.051,22000000.0,1237000000.0,1.0,73825376.0,73825376.0,,124.239,21227000000.0,1662000000.0,-15000000.0,2189000000.0,287.53,-80000000.0
7,CAR,MRT,2019-09-30,2019-09-30,2019-09-30,2021-08-25,-173000000.0,23108000000.0,22403500000.0,2147000000.0,20961000000.0,0.404,6.515,-2661000000.0,615000000.0,615000000.0,7015000000.0,173000000.0,0.938,45.683,17041000000.0,95000000.0,16946000000.0,17041000000.0,0.0,2908000000.0,0.0,0.0,0.0,464000000.0,3372000000.0,0.372,3372000000.0,464000000.0,276000000.0,2.31,2.29,2.31,495000000.0,402250000.0,495000000.0,19599234929.0,42.0,5.812,-216000000.0,-2.843,1.0,2045000000.0,0.226,1875000000.0,188000000.0,35369000000.0,34090500000.0,0.0,731000000.0,0.0,731000000.0,22613000000.0,2290000000.0,20323000000.0,2147234929.0,-60000000.0,-221000000.0,-138000000.0,477000000.0,0.0,303000000.0,-2787000000.0,0.0,2445000000.0,-21000000.0,173000000.0,173000000.0,173000000.0,0.0,0.0,0.019,1557000000.0,488000000.0,2195000000.0,0.0,4.338,12.412,12.234,15869000000.0,0.0,28.26,0.237,0.237,1777000000.0,-927000000.0,9060000000.0,9060000000.0,0.0,0.008,0.43,0.014,0.051,24000000.0,1214000000.0,1.0,75981420.0,75981420.0,,119.24,21233000000.0,1360000000.0,103000000.0,2058000000.0,279.45,-143000000.0
8,CAR,MRT,2019-06-30,2019-06-30,2019-06-30,2021-08-25,-139000000.0,24455000000.0,21561750000.0,2286000000.0,22169000000.0,0.421,4.953,-2564000000.0,534000000.0,534000000.0,7049000000.0,197000000.0,0.857,64.04,17986000000.0,420000000.0,17566000000.0,17986000000.0,0.0,2666000000.0,0.0,0.0,0.0,486000000.0,3152000000.0,0.347,3152000000.0,486000000.0,303000000.0,2.5,2.47,2.5,376000000.0,408750000.0,376000000.0,18904067256.0,39.0,5.997,-111000000.0,-1.462,1.0,2036000000.0,0.224,1913000000.0,183000000.0,37325000000.0,32699000000.0,0.0,727000000.0,0.0,727000000.0,24079000000.0,2669000000.0,21410000000.0,2669067256.0,-76000000.0,-351000000.0,-142000000.0,493000000.0,0.0,305000000.0,-2824000000.0,0.0,2453000000.0,-10000000.0,197000000.0,197000000.0,197000000.0,0.0,0.0,0.022,1536000000.0,500000000.0,2249000000.0,0.0,7.099,13.549,14.064,17436000000.0,0.0,35.16,0.294,0.294,1352000000.0,-1116000000.0,9085000000.0,9085000000.0,0.0,0.009,0.482,0.015,0.053,24000000.0,1200000000.0,1.0,75912038.0,75912038.0,,119.678,22542000000.0,1438000000.0,106000000.0,2029000000.0,296.949,-383000000.0
9,CAR,MRT,2019-03-31,2019-03-31,2019-03-31,2021-08-25,-137000000.0,22902000000.0,20677750000.0,2137000000.0,20765000000.0,0.439,4.276,-2811000000.0,540000000.0,540000000.0,7090000000.0,161000000.0,0.946,69.685,16775000000.0,23000000.0,16752000000.0,16775000000.0,0.0,2427000000.0,0.0,0.0,0.0,444000000.0,2871000000.0,0.316,2871000000.0,444000000.0,260000000.0,2.02,1.98,2.02,324000000.0,407750000.0,324000000.0,15809309954.0,36.0,5.507,-265000000.0,-3.497,1.0,1986000000.0,0.219,1895000000.0,184000000.0,34984000000.0,31374250000.0,0.0,768000000.0,0.0,768000000.0,22578000000.0,2258000000.0,20320000000.0,2641309954.0,-25000000.0,-300000000.0,-206000000.0,820000000.0,0.0,580000000.0,-3124000000.0,0.0,2546000000.0,-27000000.0,161000000.0,161000000.0,161000000.0,0.0,0.0,0.018,1528000000.0,458000000.0,2235000000.0,0.0,8.152,16.406,17.257,15828000000.0,0.0,34.86,0.291,0.291,1542000000.0,-1178000000.0,9076000000.0,9076000000.0,0.0,0.008,0.395,0.014,0.049,24000000.0,1208000000.0,1.0,75769075.0,75769075.0,,119.785,21007000000.0,1389000000.0,99000000.0,1995000000.0,277.25,-121000000.0
10,CAR,MRT,2018-12-31,2018-12-31,2018-12-31,2021-08-25,-133000000.0,19149000000.0,19757750000.0,2174000000.0,16975000000.0,0.462,5.353,-3172000000.0,615000000.0,615000000.0,7132000000.0,165000000.0,1.267,45.254,13783000000.0,23000000.0,13760000000.0,13783000000.0,0.0,2230000000.0,0.0,0.0,0.0,455000000.0,2685000000.0,0.294,2685000000.0,455000000.0,267000000.0,2.08,2.06,2.08,414000000.0,440500000.0,414000000.0,15616741182.0,34.0,5.816,-563000000.0,-7.279,1.0,1992000000.0,0.218,1917000000.0,188000000.0,28684000000.0,29860750000.0,0.0,674000000.0,0.0,674000000.0,18735000000.0,1716000000.0,17019000000.0,1738741182.0,-166000000.0,-227000000.0,-216000000.0,920000000.0,0.0,667000000.0,-3426000000.0,0.0,2609000000.0,-16000000.0,165000000.0,165000000.0,165000000.0,0.0,0.0,0.018,1518000000.0,474000000.0,1693000000.0,0.0,4.2,10.538,10.808,12210000000.0,0.0,22.48,0.191,0.191,1586000000.0,-1091000000.0,9124000000.0,9124000000.0,0.0,0.008,0.375,0.015,0.05,24000000.0,1220000000.0,1.0,77346138.0,77346138.0,,117.963,17232000000.0,1301000000.0,102000000.0,1961000000.0,222.791,458000000.0
11,CAR,MRT,2018-09-30,2018-09-30,2018-09-30,2021-08-25,-78000000.0,19741000000.0,19395250000.0,2180000000.0,17561000000.0,0.469,6.579,-2681000000.0,605000000.0,605000000.0,7125000000.0,372000000.0,1.143,36.891,14483000000.0,23000000.0,14460000000.0,14483000000.0,0.0,2238000000.0,0.0,0.0,0.0,450000000.0,2688000000.0,0.296,2688000000.0,450000000.0,265000000.0,4.6,4.52,4.6,521000000.0,480250000.0,521000000.0,17400301909.0,39.0,6.473,21000000.0,0.265,1.0,1968000000.0,0.216,1908000000.0,185000000.0,29803000000.0,29274750000.0,0.0,667000000.0,0.0,667000000.0,19220000000.0,1908000000.0,17312000000.0,2545301909.0,-233000000.0,-190000000.0,-209000000.0,212000000.0,0.0,-29000000.0,-2905000000.0,0.0,2702000000.0,-1000000.0,372000000.0,372000000.0,372000000.0,0.0,0.0,0.041,1513000000.0,455000000.0,1885000000.0,0.0,4.885,6.842,6.987,12882000000.0,0.0,32.14,0.28,0.28,1690000000.0,-1103000000.0,9093000000.0,9093000000.0,0.0,0.019,0.775,0.015,0.049,23000000.0,1198000000.0,1.0,79194210.0,79194210.0,,114.819,17833000000.0,1065000000.0,-107000000.0,1775000000.0,225.181,272000000.0
12,CAR,MRT,2018-06-30,2018-06-30,2018-06-30,2021-08-25,-72000000.0,20919000000.0,19428250000.0,2223000000.0,18696000000.0,0.467,4.578,-2659000000.0,489000000.0,489000000.0,7109000000.0,404000000.0,1.198,55.234,15344000000.0,24000000.0,15320000000.0,15344000000.0,0.0,2249000000.0,0.0,0.0,0.0,460000000.0,2709000000.0,0.299,2709000000.0,460000000.0,274000000.0,4.85,4.75,4.85,372000000.0,450250000.0,372000000.0,16085918898.0,35.0,5.938,-29000000.0,-0.357,1.0,1958000000.0,0.216,1892000000.0,186000000.0,32026000000.0,29173000000.0,0.0,606000000.0,0.0,606000000.0,20547000000.0,1856000000.0,18691000000.0,2640918898.0,-187000000.0,-85000000.0,-179000000.0,149000000.0,0.0,-58000000.0,-2766000000.0,0.0,2630000000.0,7000000.0,404000000.0,404000000.0,404000000.0,0.0,0.0,0.045,1493000000.0,465000000.0,1832000000.0,0.0,7.099,6.537,6.701,14582000000.0,0.0,32.5,0.291,0.291,1155000000.0,-1316000000.0,9067000000.0,9067000000.0,0.0,0.021,0.897,0.016,0.051,18000000.0,1182000000.0,1.0,81259043.0,81259043.0,,111.581,19027000000.0,1120000000.0,-130000000.0,1727000000.0,234.152,367000000.0
13,CAR,MRT,2018-03-31,2018-03-31,2018-03-31,2021-08-25,-22000000.0,19222000000.0,19406500000.0,2123000000.0,17099000000.0,0.463,5.621,-2818000000.0,544000000.0,544000000.0,7041000000.0,381000000.0,1.177,41.246,13989000000.0,26000000.0,13963000000.0,13989000000.0,0.0,2227000000.0,0.0,0.0,0.0,432000000.0,2659000000.0,0.296,2659000000.0,432000000.0,247000000.0,4.56,4.47,4.56,455000000.0,394250000.0,455000000.0,16000803109.0,37.0,6.018,-114000000.0,-1.408,1.0,1936000000.0,0.216,1934000000.0,185000000.0,28930000000.0,28967750000.0,0.0,570000000.0,0.0,570000000.0,18767000000.0,1803000000.0,16964000000.0,3791803109.0,-369000000.0,-59000000.0,-163000000.0,-51000000.0,0.0,-234000000.0,-2881000000.0,0.0,2704000000.0,42000000.0,381000000.0,381000000.0,381000000.0,0.0,0.0,0.042,1499000000.0,437000000.0,1777000000.0,0.0,8.334,9.952,10.272,13070000000.0,0.0,46.84,0.422,0.422,1212000000.0,-1344000000.0,8977000000.0,8977000000.0,0.0,0.02,0.966,0.015,0.048,17000000.0,1154000000.0,1.0,80952244.0,80952244.0,,110.893,17288000000.0,967000000.0,-134000000.0,1567000000.0,213.558,320000000.0
14,CAR,MRT,2017-12-31,2017-12-31,2017-12-31,2021-08-25,-24000000.0,17699000000.0,19345500000.0,2066000000.0,15633000000.0,0.457,7.037,-2135000000.0,611000000.0,611000000.0,6979000000.0,361000000.0,1.256,29.888,12820000000.0,26000000.0,12794000000.0,12820000000.0,0.0,2206000000.0,0.0,0.0,0.0,399000000.0,2605000000.0,0.294,2605000000.0,399000000.0,211000000.0,4.32,4.25,4.32,573000000.0,315750000.0,573000000.0,16915777965.0,42.0,6.494,513000000.0,6.301,1.0,1869000000.0,0.211,1923000000.0,188000000.0,26340000000.0,28635500000.0,0.0,706000000.0,0.0,706000000.0,17126000000.0,1645000000.0,15481000000.0,3572777965.0,181000000.0,-82000000.0,-210000000.0,-74000000.0,0.0,-308000000.0,-2204000000.0,0.0,2648000000.0,45000000.0,361000000.0,361000000.0,361000000.0,0.0,0.0,0.041,1467000000.0,402000000.0,1619000000.0,0.0,6.235,9.897,10.157,11330000000.0,0.0,43.88,0.404,0.404,1469000000.0,-1222000000.0,8848000000.0,8848000000.0,0.0,0.019,1.143,0.014,0.045,13000000.0,1120000000.0,1.0,81421558.0,81421558.0,,108.669,15776000000.0,931000000.0,-150000000.0,1594000000.0,193.757,421000000.0
15,CAR,MRT,2017-09-30,2017-09-30,2017-09-30,2021-08-25,-44000000.0,19873000000.0,19331500000.0,2419000000.0,17454000000.0,0.45,4.852,-2182000000.0,814000000.0,814000000.0,6891000000.0,110000000.0,1.279,48.559,14157000000.0,26000000.0,14131000000.0,14157000000.0,0.0,2182000000.0,0.0,0.0,0.0,355000000.0,2537000000.0,0.291,2537000000.0,355000000.0,167000000.0,1.46,1.4,1.46,401000000.0,227750000.0,401000000.0,17303745967.0,49.0,6.821,388000000.0,4.694,1.0,1817000000.0,0.209,1928000000.0,188000000.0,29396000000.0,28528000000.0,0.0,575000000.0,0.0,575000000.0,19472000000.0,1892000000.0,17580000000.0,3145745967.0,-249000000.0,-101000000.0,-243000000.0,-167000000.0,0.0,-437000000.0,-2403000000.0,0.0,2570000000.0,21000000.0,110000000.0,110000000.0,110000000.0,0.0,0.0,0.013,1442000000.0,375000000.0,1866000000.0,0.0,7.845,28.598,26.068,12494000000.0,0.0,38.06,0.361,0.361,1564000000.0,-1442000000.0,8708000000.0,8708000000.0,0.0,0.006,0.483,0.012,0.041,14000000.0,1113000000.0,1.0,82652285.0,82652285.0,,105.357,17945000000.0,1566000000.0,57000000.0,2424000000.0,217.114,527000000.0
16,CAR,MRT,2017-06-30,2017-06-30,2017-06-30,2021-08-25,-78000000.0,20832000000.0,19232000000.0,2375000000.0,18457000000.0,0.448,1.757,-2119000000.0,776000000.0,776000000.0,6813000000.0,74000000.0,1.267,139.757,14934000000.0,26000000.0,14908000000.0,14934000000.0,0.0,2154000000.0,0.0,0.0,0.0,342000000.0,2496000000.0,0.29,2496000000.0,342000000.0,148000000.0,0.82,0.77,0.82,148000000.0,246000000.0,148000000.0,14855080296.0,43.0,5.952,581000000.0,6.897,1.0,1799000000.0,0.209,1910000000.0,194000000.0,31205000000.0,28305750000.0,0.0,460000000.0,0.0,460000000.0,20684000000.0,1875000000.0,18809000000.0,2297080296.0,56000000.0,-99000000.0,-324000000.0,-16000000.0,0.0,-374000000.0,-2287000000.0,0.0,2700000000.0,17000000.0,74000000.0,74000000.0,74000000.0,0.0,0.0,0.009,1437000000.0,362000000.0,1849000000.0,0.0,15.521,31.042,33.256,14006000000.0,0.0,27.27,0.267,0.267,999000000.0,-1687000000.0,8612000000.0,8612000000.0,0.0,0.004,0.301,0.012,0.04,20000000.0,1108000000.0,1.0,84234701.0,84234701.0,,102.238,18922000000.0,1642000000.0,74000000.0,2437000000.0,224.634,500000000.0
17,CAR,MRT,2017-03-31,2017-03-31,2017-03-31,2021-08-25,-126000000.0,18978000000.0,19144750000.0,2292000000.0,16686000000.0,0.45,1.64,-1771000000.0,923000000.0,923000000.0,6762000000.0,107000000.0,1.111,133.596,13481000000.0,474000000.0,13007000000.0,13481000000.0,0.0,2137000000.0,0.0,0.0,0.0,402000000.0,2539000000.0,0.295,2539000000.0,402000000.0,200000000.0,1.17,1.11,1.17,141000000.0,293750000.0,141000000.0,14454629635.0,36.0,5.693,844000000.0,9.815,1.0,1855000000.0,0.215,1872000000.0,202000000.0,27601000000.0,28249500000.0,0.0,537000000.0,0.0,537000000.0,18837000000.0,2063000000.0,16774000000.0,2543629635.0,-71000000.0,-87000000.0,-364000000.0,-227000000.0,0.0,-637000000.0,-2037000000.0,0.0,2615000000.0,-12000000.0,107000000.0,107000000.0,107000000.0,0.0,0.0,0.012,1423000000.0,432000000.0,1589000000.0,0.0,18.04,23.772,25.282,12170000000.0,0.0,29.58,0.295,0.295,999000000.0,-1690000000.0,8617000000.0,8617000000.0,0.0,0.006,0.364,0.014,0.047,21000000.0,1127000000.0,1.0,85991536.0,85991536.0,,100.208,17106000000.0,1631000000.0,93000000.0,2453000000.0,198.927,229000000.0
18,CAR,MRT,2016-12-31,2016-12-31,2016-12-31,2021-08-25,-154000000.0,17643000000.0,19227250000.0,1817000000.0,15826000000.0,0.45,2.515,-2147000000.0,490000000.0,490000000.0,6713000000.0,163000000.0,1.028,78.833,12401000000.0,279000000.0,12122000000.0,12401000000.0,0.0,2130000000.0,0.0,0.0,0.0,482000000.0,2612000000.0,0.302,2612000000.0,482000000.0,279000000.0,1.78,1.75,1.78,221000000.0,351250000.0,221000000.0,16204791298.0,34.0,6.204,493000000.0,5.609,1.0,1946000000.0,0.225,1877000000.0,203000000.0,25910000000.0,28425750000.0,0.0,587000000.0,0.0,587000000.0,17422000000.0,1767000000.0,15655000000.0,3223791298.0,3000000.0,-55000000.0,-398000000.0,-6000000.0,0.0,-449000000.0,-2182000000.0,0.0,2640000000.0,-6000000.0,163000000.0,163000000.0,163000000.0,0.0,0.0,0.019,1437000000.0,509000000.0,1488000000.0,0.0,14.587,19.778,20.607,11149000000.0,0.0,36.68,0.372,0.372,1335000000.0,-1639000000.0,8659000000.0,8659000000.0,0.0,0.008,0.464,0.017,0.056,27000000.0,1134000000.0,1.0,87889621.0,87889621.0,,98.521,15766000000.0,1493000000.0,116000000.0,2429000000.0,179.384,50000000.0
19,CAR,MRT,2016-09-30,2016-09-30,2016-09-30,2021-08-25,-47000000.0,19475000000.0,19225000000.0,2442000000.0,17033000000.0,0.452,5.221,-2218000000.0,985000000.0,985000000.0,6691000000.0,189000000.0,1.191,40.086,13966000000.0,338000000.0,13628000000.0,13966000000.0,0.0,2113000000.0,0.0,0.0,0.0,531000000.0,2644000000.0,0.305,2644000000.0,531000000.0,326000000.0,2.16,2.11,2.16,474000000.0,405750000.0,474000000.0,17273876261.0,33.0,6.533,482000000.0,5.309,1.0,1991000000.0,0.229,1898000000.0,205000000.0,28507000000.0,28473750000.0,0.0,487000000.0,0.0,487000000.0,19001000000.0,2051000000.0,16950000000.0,3105876261.0,536000000.0,-35000000.0,-465000000.0,378000000.0,0.0,-134000000.0,-2023000000.0,0.0,2700000000.0,-7000000.0,189000000.0,189000000.0,189000000.0,0.0,0.0,0.022,1450000000.0,541000000.0,1713000000.0,0.0,6.552,16.433,15.838,12395000000.0,0.0,34.21,0.358,0.358,1408000000.0,-1608000000.0,8682000000.0,8682000000.0,0.0,0.01,0.466,0.019,0.061,27000000.0,1146000000.0,1.0,90788549.0,90788549.0,,95.629,17577000000.0,1443000000.0,137000000.0,2370000000.0,193.604,391000000.0
20,CAR,MRT,2016-06-30,2016-06-30,2016-06-30,2021-08-25,-73000000.0,20483000000.0,19081750000.0,2143000000.0,18340000000.0,0.451,3.584,-2148000000.0,527000000.0,527000000.0,6651000000.0,164000000.0,1.21,59.422,14695000000.0,28000000.0,14667000000.0,14695000000.0,0.0,2094000000.0,0.0,0.0,0.0,496000000.0,2590000000.0,0.301,2590000000.0,496000000.0,293000000.0,1.64,1.6,1.64,339000000.0,437250000.0,339000000.0,15871422176.0,32.0,6.128,531000000.0,5.614,1.0,1952000000.0,0.227,1900000000.0,203000000.0,30980000000.0,28389000000.0,0.0,543000000.0,0.0,543000000.0,20144000000.0,1771000000.0,18373000000.0,3048422176.0,134000000.0,-37000000.0,-505000000.0,65000000.0,0.0,-479000000.0,-2049000000.0,0.0,2679000000.0,-17000000.0,164000000.0,164000000.0,164000000.0,0.0,0.0,0.019,1446000000.0,506000000.0,1743000000.0,0.0,8.992,18.588,19.652,13910000000.0,0.0,32.23,0.354,0.354,1013000000.0,-1817000000.0,8603000000.0,8603000000.0,0.0,0.009,0.375,0.017,0.058,29000000.0,1145000000.0,1.0,94583375.0,94583375.0,,90.957,18583000000.0,1490000000.0,129000000.0,2350000000.0,196.472,372000000.0
21,CAR,MRT,2016-03-31,2016-03-31,2016-03-31,2021-08-25,-77000000.0,19308000000.0,19060750000.0,2182000000.0,17126000000.0,0.448,3.823,-3059000000.0,876000000.0,876000000.0,6589000000.0,271000000.0,1.148,51.043,13699000000.0,327000000.0,13372000000.0,13699000000.0,0.0,2076000000.0,0.0,0.0,0.0,504000000.0,2580000000.0,0.302,2580000000.0,504000000.0,312000000.0,2.61,2.56,2.61,371000000.0,501500000.0,371000000.0,14524003292.0,29.0,5.629,-463000000.0,-4.771,1.0,1944000000.0,0.228,1924000000.0,192000000.0,28306000000.0,28359500000.0,0.0,429000000.0,0.0,429000000.0,18937000000.0,1901000000.0,17036000000.0,2655003292.0,158000000.0,-221000000.0,-498000000.0,1216000000.0,0.0,683000000.0,-3115000000.0,0.0,2596000000.0,-6000000.0,271000000.0,271000000.0,271000000.0,0.0,0.0,0.032,1417000000.0,527000000.0,1574000000.0,0.0,7.156,9.797,10.483,12640000000.0,0.0,27.36,0.311,0.311,996000000.0,-1853000000.0,8533000000.0,8533000000.0,0.0,0.014,0.54,0.018,0.059,29000000.0,1114000000.0,1.0,97039594.0,97039594.0,,87.933,17384000000.0,1556000000.0,41000000.0,2410000000.0,179.143,281000000.0
22,CAR,MRT,2015-12-31,2015-12-31,2015-12-31,2021-08-25,-147000000.0,17634000000.0,18606750000.0,1627000000.0,16007000000.0,0.457,4.377,-2447000000.0,452000000.0,452000000.0,6506000000.0,313000000.0,1.077,39.169,12321000000.0,26000000.0,12295000000.0,12321000000.0,0.0,2055000000.0,0.0,0.0,0.0,576000000.0,2631000000.0,0.309,2631000000.0,576000000.0,382000000.0,3.02,2.98,3.02,439000000.0,539000000.0,439000000.0,16583109204.0,29.0,6.303,180000000.0,1.795,1.0,1996000000.0,0.235,1890000000.0,194000000.0,26102000000.0,27608500000.0,0.0,620000000.0,0.0,620000000.0,17195000000.0,1511000000.0,15684000000.0,3640109204.0,-36000000.0,-256000000.0,-436000000.0,544000000.0,0.0,72000000.0,-2685000000.0,0.0,2627000000.0,-50000000.0,313000000.0,313000000.0,313000000.0,0.0,0.0,0.037,1397000000.0,599000000.0,1485000000.0,0.0,8.292,11.63,12.017,11339000000.0,0.0,36.29,0.428,0.428,1106000000.0,-1802000000.0,8502000000.0,8502000000.0,0.0,0.017,0.581,0.021,0.068,28000000.0,1093000000.0,1.0,100306123.0,100306123.0,,84.761,15744000000.0,1488000000.0,69000000.0,2367000000.0,156.96,116000000.0
23,CAR,MRT,2015-09-30,2015-09-30,2015-09-30,2021-08-25,-142000000.0,18902000000.0,18408750000.0,2118000000.0,16784000000.0,0.461,5.799,-2096000000.0,585000000.0,585000000.0,6493000000.0,341000000.0,1.183,30.503,13528000000.0,27000000.0,13501000000.0,13528000000.0,0.0,2055000000.0,0.0,0.0,0.0,605000000.0,2660000000.0,0.313,2660000000.0,605000000.0,411000000.0,3.28,3.24,3.28,600000000.0,595500000.0,600000000.0,18628359281.0,31.0,7.003,454000000.0,4.388,1.0,1994000000.0,0.235,1886000000.0,194000000.0,28168000000.0,27178000000.0,0.0,545000000.0,0.0,545000000.0,18302000000.0,1791000000.0,16511000000.0,4519359281.0,-128000000.0,-492000000.0,-363000000.0,433000000.0,0.0,31000000.0,-2671000000.0,0.0,2550000000.0,-38000000.0,341000000.0,341000000.0,341000000.0,0.0,0.0,0.04,1366000000.0,628000000.0,1764000000.0,0.0,7.532,13.253,13.317,12246000000.0,0.0,43.68,0.533,0.533,1342000000.0,-1797000000.0,8487000000.0,8487000000.0,0.0,0.019,0.573,0.022,0.071,47000000.0,1090000000.0,1.0,103465185.0,103465185.0,,82.028,17016000000.0,1280000000.0,70000000.0,2066000000.0,164.461,327000000.0
24,CAR,MRT,2015-06-30,2015-06-30,2015-06-30,2021-08-25,-108000000.0,20399000000.0,18257250000.0,2121000000.0,18278000000.0,0.463,5.632,-1949000000.0,529000000.0,529000000.0,6488000000.0,349000000.0,1.227,33.227,14638000000.0,32000000.0,14606000000.0,14638000000.0,0.0,2054000000.0,0.0,0.0,0.0,600000000.0,2654000000.0,0.314,2654000000.0,600000000.0,405000000.0,3.32,3.21,3.32,596000000.0,628500000.0,596000000.0,15876571210.0,26.0,5.982,646000000.0,6.105,1.0,1964000000.0,0.232,1917000000.0,195000000.0,30862000000.0,26903750000.0,0.0,505000000.0,0.0,505000000.0,19803000000.0,1729000000.0,18074000000.0,4664571210.0,-8000000.0,-513000000.0,-265000000.0,210000000.0,0.0,-102000000.0,-2456000000.0,0.0,2595000000.0,-45000000.0,349000000.0,349000000.0,349000000.0,0.0,0.0,0.041,1341000000.0,623000000.0,1697000000.0,0.0,7.826,13.366,13.277,14032000000.0,0.0,44.08,0.552,0.552,905000000.0,-1981000000.0,8452000000.0,8452000000.0,0.0,0.019,0.555,0.022,0.071,38000000.0,1074000000.0,1.0,105820581.0,105820581.0,,79.871,18482000000.0,1405000000.0,56000000.0,2141000000.0,174.654,392000000.0
25,CAR,MRT,2015-03-31,2015-03-31,2015-03-31,2021-08-25,-116000000.0,17492000000.0,18154750000.0,2077000000.0,15415000000.0,0.467,4.899,-2342000000.0,854000000.0,854000000.0,6517000000.0,232000000.0,1.198,32.574,12066000000.0,244000000.0,11822000000.0,12066000000.0,0.0,2044000000.0,0.0,0.0,0.0,576000000.0,2620000000.0,0.309,2620000000.0,576000000.0,371000000.0,2.21,2.11,2.21,521000000.0,646250000.0,521000000.0,17188506686.0,30.0,6.56,350000000.0,3.291,1.0,1956000000.0,0.231,1669000000.0,205000000.0,25302000000.0,26769250000.0,0.0,423000000.0,0.0,423000000.0,16971000000.0,1733000000.0,15238000000.0,6276506686.0,13000000.0,-328000000.0,-263000000.0,300000000.0,0.0,-7000000.0,-2624000000.0,0.0,2692000000.0,-48000000.0,232000000.0,232000000.0,232000000.0,0.0,0.0,0.027,1324000000.0,632000000.0,1489000000.0,0.0,12.047,27.054,26.704,11406000000.0,0.0,59.015,0.741,0.741,815000000.0,-2124000000.0,8473000000.0,8473000000.0,0.0,0.013,0.359,0.022,0.068,31000000.0,1080000000.0,1.0,106354430.0,106354430.0,,79.668,15823000000.0,1466000000.0,139000000.0,2236000000.0,148.776,344000000.0
26,CAR,MRT,2014-12-31,2014-12-31,2014-12-31,2021-08-25,-22000000.0,16842000000.0,18124000000.0,1679000000.0,15163000000.0,0.468,6.259,-2391000000.0,624000000.0,624000000.0,6529000000.0,245000000.0,1.105,24.326,11409000000.0,28000000.0,11381000000.0,11409000000.0,0.0,2020000000.0,0.0,0.0,0.0,601000000.0,2621000000.0,0.309,2621000000.0,601000000.0,392000000.0,2.32,2.22,2.32,665000000.0,691750000.0,665000000.0,19169230518.0,32.0,7.314,188000000.0,1.769,1.0,1956000000.0,0.231,1728000000.0,209000000.0,24380000000.0,26621500000.0,0.0,481000000.0,0.0,481000000.0,16177000000.0,1519000000.0,14658000000.0,7047230518.0,-69000000.0,-416000000.0,-297000000.0,524000000.0,0.0,182000000.0,-2807000000.0,0.0,2579000000.0,-23000000.0,245000000.0,245000000.0,245000000.0,0.0,0.0,0.029,1299000000.0,657000000.0,1491000000.0,0.0,10.597,28.764,28.591,10853000000.0,0.0,66.33,0.831,0.831,961000000.0,-2115000000.0,8485000000.0,8485000000.0,0.0,0.014,0.354,0.023,0.071,25000000.0,1080000000.0,1.0,106244995.0,106244995.0,,79.863,15114000000.0,1511000000.0,147000000.0,2267000000.0,142.256,160000000.0
27,CAR,MRT,2014-09-30,2014-09-30,2014-09-30,2021-08-25,49000000.0,18296000000.0,17984500000.0,2135000000.0,16161000000.0,0.47,7.036,-2505000000.0,713000000.0,713000000.0,6505000000.0,194000000.0,1.208,23.995,12835000000.0,88000000.0,12747000000.0,12835000000.0,0.0,1975000000.0,0.0,0.0,0.0,540000000.0,2515000000.0,0.298,2515000000.0,540000000.0,321000000.0,1.86,1.77,1.86,732000000.0,718250000.0,732000000.0,19409479888.0,36.0,7.717,72000000.0,0.692,1.0,1943000000.0,0.23,1580000000.0,219000000.0,27071000000.0,26311500000.0,0.0,451000000.0,0.0,451000000.0,17564000000.0,1767000000.0,15797000000.0,5710479888.0,124000000.0,-155000000.0,-231000000.0,384000000.0,0.0,130000000.0,-2569000000.0,0.0,2577000000.0,-14000000.0,194000000.0,194000000.0,194000000.0,0.0,0.0,0.023,1331000000.0,612000000.0,1679000000.0,0.0,7.801,29.435,29.511,12107000000.0,0.0,54.89,0.676,0.676,1289000000.0,-2138000000.0,8448000000.0,8448000000.0,0.0,0.011,0.27,0.021,0.064,20000000.0,1081000000.0,1.0,104034977.0,104034977.0,,81.203,16716000000.0,1215000000.0,127000000.0,2000000000.0,160.677,368000000.0
28,CAR,MRT,2014-06-30,2014-06-30,2014-06-30,2021-08-25,125000000.0,19989000000.0,17861500000.0,2132000000.0,17857000000.0,0.465,6.328,-2626000000.0,537000000.0,537000000.0,6416000000.0,120000000.0,1.236,28.969,14236000000.0,89000000.0,14147000000.0,14236000000.0,0.0,1935000000.0,0.0,0.0,0.0,471000000.0,2406000000.0,0.29,2406000000.0,471000000.0,245000000.0,1.11,1.05,1.11,667000000.0,736250000.0,667000000.0,17145117383.0,36.0,7.126,-236000000.0,-2.239,1.0,1885000000.0,0.227,1639000000.0,226000000.0,30324000000.0,25983000000.0,0.0,507000000.0,0.0,507000000.0,19322000000.0,1725000000.0,17597000000.0,6291117383.0,34000000.0,-186000000.0,-194000000.0,700000000.0,0.0,477000000.0,-2844000000.0,0.0,2390000000.0,11000000.0,120000000.0,120000000.0,120000000.0,0.0,0.0,0.014,1342000000.0,543000000.0,1636000000.0,0.0,9.432,52.426,53.775,13994000000.0,0.0,59.69,0.758,0.758,927000000.0,-2330000000.0,8301000000.0,8301000000.0,0.0,0.007,0.163,0.018,0.057,20000000.0,1057000000.0,1.0,105396505.0,105396505.0,,78.76,18350000000.0,1366000000.0,125000000.0,2070000000.0,174.104,407000000.0
29,CAR,MRT,2014-03-31,2014-03-31,2014-03-31,2021-08-25,120000000.0,17369000000.0,17488250000.0,2162000000.0,15207000000.0,0.464,6.574,-1745000000.0,841000000.0,841000000.0,6271000000.0,66000000.0,1.158,23.707,11695000000.0,393000000.0,11302000000.0,11695000000.0,0.0,1891000000.0,0.0,0.0,0.0,385000000.0,2276000000.0,0.281,2276000000.0,385000000.0,159000000.0,0.6,0.55,0.6,703000000.0,731000000.0,703000000.0,15246108808.0,40.0,6.699,598000000.0,5.592,1.0,1838000000.0,0.227,1645000000.0,226000000.0,24711000000.0,25249500000.0,0.0,466000000.0,0.0,466000000.0,16666000000.0,1867000000.0,14799000000.0,5208108808.0,272000000.0,-185000000.0,-115000000.0,73000000.0,0.0,-81000000.0,-1983000000.0,0.0,2343000000.0,-7000000.0,66000000.0,66000000.0,66000000.0,0.0,0.0,0.008,1346000000.0,492000000.0,1474000000.0,0.0,7.408,78.911,81.167,11230000000.0,0.0,48.7,0.642,0.642,886000000.0,-2356000000.0,8109000000.0,8109000000.0,0.0,0.004,0.09,0.015,0.047,20000000.0,1044000000.0,1.0,106942686.0,106942686.0,,75.826,15724000000.0,1438000000.0,93000000.0,2141000000.0,147.032,295000000.0
30,CAR,MRT,2013-12-31,2013-12-31,2013-12-31,2021-08-25,117000000.0,16284000000.0,17285250000.0,1944000000.0,14340000000.0,0.459,7.191,-1642000000.0,693000000.0,693000000.0,6149000000.0,16000000.0,1.24,20.121,10731000000.0,89000000.0,10642000000.0,10731000000.0,0.0,1830000000.0,0.0,0.0,0.0,325000000.0,2155000000.0,0.272,2155000000.0,325000000.0,97000000.0,0.15,0.15,0.15,771000000.0,728750000.0,771000000.0,15764487254.0,49.0,7.315,611000000.0,5.699,1.0,1788000000.0,0.225,1614000000.0,228000000.0,23140000000.0,24988250000.0,0.0,479000000.0,0.0,479000000.0,15513000000.0,1568000000.0,13945000000.0,4333487254.0,87000000.0,-537000000.0,-48000000.0,166000000.0,0.0,76000000.0,-2234000000.0,0.0,2253000000.0,-8000000.0,16000000.0,16000000.0,16000000.0,0.0,0.0,0.002,1316000000.0,472000000.0,1479000000.0,0.0,5.621,270.843,269.467,10196000000.0,0.0,40.42,0.546,0.546,1010000000.0,-2360000000.0,7937000000.0,7937000000.0,0.0,0.001,0.022,0.013,0.041,20000000.0,1019000000.0,1.0,107211461.0,107211461.0,,74.031,14670000000.0,1476000000.0,81000000.0,2177000000.0,136.832,376000000.0
31,CAR,MRT,2013-09-30,2013-09-30,2013-09-30,2021-08-25,110000000.0,17804000000.0,17018750000.0,2008000000.0,15796000000.0,0.457,7.44,-1659000000.0,589000000.0,589000000.0,6052000000.0,-2000000.0,1.079,21.144,12020000000.0,181000000.0,11839000000.0,12020000000.0,0.0,1775000000.0,0.0,0.0,0.0,302000000.0,2077000000.0,0.267,2077000000.0,302000000.0,72000000.0,-0.04,-0.02,-0.04,804000000.0,725250000.0,804000000.0,15385411546.0,51.0,7.408,449000000.0,4.155,1.0,1734000000.0,0.223,1617000000.0,230000000.0,25757000000.0,24638000000.0,0.0,572000000.0,0.0,572000000.0,17000000000.0,1861000000.0,15139000000.0,3115411546.0,35000000.0,-595000000.0,-21000000.0,296000000.0,0.0,213000000.0,-2279000000.0,0.0,2108000000.0,-7000000.0,-2000000.0,-2000000.0,-2000000.0,0.0,0.0,0.0,1278000000.0,456000000.0,1680000000.0,0.0,3.875,-1557.706,-720.75,11375000000.0,0.0,28.83,0.4,0.4,1187000000.0,-2332000000.0,7786000000.0,7786000000.0,0.0,0.0,-0.003,0.012,0.039,0.0,1001000000.0,1.0,108061448.0,108061448.0,,72.052,16187000000.0,1514000000.0,74000000.0,2190000000.0,149.794,147000000.0
32,CAR,MRT,2013-06-30,2013-06-30,2013-06-30,2021-08-25,50000000.0,18496000000.0,16661750000.0,1946000000.0,16550000000.0,0.454,5.996,-2021000000.0,503000000.0,503000000.0,5863000000.0,160000000.0,1.068,27.632,12773000000.0,221000000.0,12552000000.0,12773000000.0,0.0,1686000000.0,0.0,0.0,0.0,342000000.0,2028000000.0,0.268,2028000000.0,342000000.0,102000000.0,1.49,1.34,1.49,646000000.0,722000000.0,646000000.0,13337576405.0,39.0,6.577,20000000.0,0.186,1.0,1698000000.0,0.225,1554000000.0,240000000.0,27390000000.0,24186500000.0,0.0,501000000.0,0.0,501000000.0,17850000000.0,1822000000.0,16028000000.0,3097576405.0,49000000.0,-540000000.0,0.0,642000000.0,0.0,586000000.0,-2566000000.0,0.0,2041000000.0,-12000000.0,160000000.0,160000000.0,160000000.0,0.0,0.0,0.021,1200000000.0,498000000.0,1601000000.0,0.0,4.795,19.36,19.295,12659000000.0,0.0,28.75,0.41,0.41,853000000.0,-2450000000.0,7561000000.0,7561000000.0,0.0,0.01,0.222,0.014,0.045,0.0,971000000.0,1.0,107741788.0,107741788.0,,70.177,16942000000.0,1482000000.0,-58000000.0,2074000000.0,157.246,124000000.0
33,CAR,MRT,2013-03-31,2013-03-31,2013-03-31,2021-08-25,87000000.0,16557000000.0,16033500000.0,1871000000.0,14686000000.0,0.463,6.47,-1811000000.0,569000000.0,569000000.0,5681000000.0,267000000.0,1.188,22.857,10809000000.0,29000000.0,10780000000.0,10809000000.0,0.0,1587000000.0,0.0,0.0,0.0,523000000.0,2110000000.0,0.284,2110000000.0,523000000.0,269000000.0,2.49,2.26,2.49,694000000.0,680000000.0,694000000.0,12090258338.0,23.0,5.73,125000000.0,1.165,1.0,1744000000.0,0.235,1556000000.0,254000000.0,23666000000.0,23386250000.0,0.0,415000000.0,0.0,415000000.0,15863000000.0,1575000000.0,14288000000.0,2985258338.0,-37000000.0,-545000000.0,0.0,376000000.0,0.0,340000000.0,-2314000000.0,0.0,1936000000.0,1000000.0,267000000.0,267000000.0,267000000.0,0.0,0.0,0.036,1133000000.0,611000000.0,1546000000.0,0.0,4.302,11.181,11.177,10721000000.0,0.0,27.83,0.402,0.402,878000000.0,-2422000000.0,7425000000.0,7425000000.0,0.0,0.017,0.393,0.022,0.07,0.0,930000000.0,1.0,107267637.0,107267637.0,,69.219,15001000000.0,1499000000.0,2000000.0,2126000000.0,139.846,296000000.0
34,CAR,MRT,2012-12-31,2012-12-31,2012-12-31,2021-08-25,110000000.0,15218000000.0,15441000000.0,1710000000.0,13508000000.0,0.476,7.113,-2003000000.0,606000000.0,606000000.0,5592000000.0,290000000.0,1.157,19.103,9711000000.0,57000000.0,9654000000.0,9711000000.0,0.0,1563000000.0,0.0,0.0,0.0,568000000.0,2131000000.0,0.29,2131000000.0,568000000.0,300000000.0,2.72,2.42,2.72,757000000.0,615250000.0,757000000.0,12397481804.0,22.0,5.818,-114000000.0,-1.071,1.0,1765000000.0,0.24,1106000000.0,268000000.0,21739000000.0,22614750000.0,0.0,386000000.0,0.0,386000000.0,14461000000.0,1478000000.0,12983000000.0,2109481804.0,72000000.0,-69000000.0,0.0,279000000.0,0.0,250000000.0,-2073000000.0,0.0,1889000000.0,6000000.0,290000000.0,290000000.0,290000000.0,0.0,0.0,0.039,1122000000.0,643000000.0,1421000000.0,0.0,2.787,7.274,7.287,9803000000.0,0.0,19.82,0.287,0.287,992000000.0,-2376000000.0,7357000000.0,7357000000.0,0.0,0.019,0.471,0.025,0.077,0.0,925000000.0,1.0,106431978.0,106431978.0,,69.124,14112000000.0,1600000000.0,10000000.0,2163000000.0,132.592,232000000.0
35,CAR,MRT,2012-09-30,2012-09-30,2012-09-30,2021-08-25,103000000.0,16376000000.0,14871000000.0,1926000000.0,14450000000.0,0.49,7.438,-2084000000.0,554000000.0,554000000.0,5524000000.0,166000000.0,1.162,19.703,10842000000.0,81000000.0,10761000000.0,10842000000.0,0.0,1583000000.0,0.0,0.0,0.0,448000000.0,2031000000.0,0.279,2031000000.0,448000000.0,163000000.0,1.52,1.4,1.52,791000000.0,529000000.0,791000000.0,12487516536.0,28.0,6.148,-254000000.0,-2.389,1.0,1766000000.0,0.242,1056000000.0,285000000.0,23951000000.0,21839250000.0,0.0,463000000.0,0.0,463000000.0,15585000000.0,1657000000.0,13928000000.0,1635516536.0,-448000000.0,-445000000.0,0.0,392000000.0,0.0,318000000.0,-2611000000.0,0.0,1830000000.0,15000000.0,166000000.0,166000000.0,166000000.0,0.0,0.0,0.023,1266000000.0,500000000.0,1576000000.0,0.0,2.068,9.853,10.118,10842000000.0,0.0,15.38,0.224,0.224,1215000000.0,-2330000000.0,7290000000.0,7290000000.0,0.0,0.011,0.314,0.021,0.061,0.0,941000000.0,1.0,106340477.0,106340477.0,,68.553,15320000000.0,1470000000.0,-3000000.0,2017000000.0,144.066,269000000.0
36,CAR,MRT,2012-06-30,2012-06-30,2012-06-30,2021-08-25,75000000.0,15983000000.0,13854750000.0,1766000000.0,14217000000.0,0.487,4.503,-2218000000.0,454000000.0,454000000.0,5136000000.0,-32000000.0,1.107,32.437,11306000000.0,39000000.0,11267000000.0,11306000000.0,0.0,1539000000.0,0.0,0.0,0.0,305000000.0,1844000000.0,0.273,1844000000.0,305000000.0,39000000.0,-0.32,-0.33,-0.32,478000000.0,469250000.0,478000000.0,10759353551.0,35.0,5.835,-620000000.0,-5.841,1.0,1607000000.0,0.238,1051000000.0,266000000.0,24189000000.0,20335250000.0,0.0,433000000.0,0.0,433000000.0,15505000000.0,1595000000.0,13910000000.0,1613353551.0,-191000000.0,-445000000.0,0.0,948000000.0,0.0,870000000.0,-2649000000.0,0.0,1598000000.0,-10000000.0,-32000000.0,-32000000.0,-32000000.0,0.0,0.0,-0.005,1252000000.0,355000000.0,1556000000.0,0.0,3.375,-50.417,-47.5,11759000000.0,0.0,15.2,0.239,0.239,845000000.0,-2610000000.0,6743000000.0,6743000000.0,0.0,-0.002,-0.068,0.015,0.045,0.0,887000000.0,1.0,106141681.0,106141681.0,,63.528,14932000000.0,592000000.0,71000000.0,1068000000.0,140.68,171000000.0
37,CAR,MRT,2012-03-31,2012-03-31,2012-03-31,2021-08-25,122000000.0,14187000000.0,12969250000.0,1721000000.0,12466000000.0,0.485,4.123,-1598000000.0,606000000.0,606000000.0,4821000000.0,-59000000.0,1.031,31.614,9752000000.0,227000000.0,9525000000.0,9752000000.0,0.0,1525000000.0,0.0,0.0,0.0,243000000.0,1768000000.0,0.281,1768000000.0,243000000.0,-1000000.0,-0.57,-0.57,-0.57,435000000.0,482750000.0,435000000.0,9727783470.0,40.0,5.502,-44000000.0,-0.417,1.0,1468000000.0,0.233,1083000000.0,244000000.0,20580000000.0,18938750000.0,0.0,404000000.0,0.0,404000000.0,13752000000.0,1670000000.0,12082000000.0,1492783470.0,-307000000.0,-841000000.0,0.0,737000000.0,0.0,621000000.0,-2480000000.0,0.0,1554000000.0,-2000000.0,-59000000.0,-59000000.0,-59000000.0,0.0,0.0,-0.009,1198000000.0,270000000.0,1443000000.0,0.0,3.432,-25.301,-24.825,9902000000.0,0.0,14.15,0.237,0.237,820000000.0,-2689000000.0,6289000000.0,6289000000.0,0.0,-0.005,-0.122,0.013,0.039,0.0,823000000.0,1.0,105497065.0,105497065.0,,59.613,13104000000.0,627000000.0,58000000.0,1065000000.0,124.212,51000000.0
38,CAR,MRT,2011-12-31,2011-12-31,2011-12-31,2021-08-25,78000000.0,12938000000.0,12182500000.0,1541000000.0,11397000000.0,0.484,3.922,-1528000000.0,534000000.0,534000000.0,4534000000.0,-29000000.0,1.048,30.403,8769000000.0,37000000.0,8732000000.0,8769000000.0,0.0,1490000000.0,0.0,0.0,0.0,255000000.0,1745000000.0,0.296,1745000000.0,255000000.0,36000000.0,-0.28,-0.28,-0.28,412000000.0,483500000.0,412000000.0,8360062279.0,33.0,4.791,50000000.0,0.476,1.0,1366000000.0,0.232,1066000000.0,219000000.0,18637000000.0,17860500000.0,0.0,354000000.0,0.0,354000000.0,12526000000.0,1470000000.0,11056000000.0,1126062279.0,-377000000.0,-841000000.0,0.0,534000000.0,0.0,424000000.0,-2373000000.0,0.0,1578000000.0,-6000000.0,-29000000.0,-29000000.0,-29000000.0,0.0,0.0,-0.005,1111000000.0,255000000.0,1433000000.0,0.0,2.733,-38.83,-38.286,8849000000.0,0.0,10.72,0.191,0.191,887000000.0,-2666000000.0,5900000000.0,5900000000.0,0.0,-0.002,-0.06,0.014,0.043,0.0,756000000.0,1.0,105043123.0,105043123.0,,56.167,11872000000.0,564000000.0,65000000.0,982000000.0,113.02,71000000.0
39,CAR,MRT,2011-09-30,2011-09-30,2011-09-30,2021-08-25,81000000.0,12311000000.0,11529750000.0,2156000000.0,10155000000.0,0.477,5.256,-1982000000.0,1397000000.0,1397000000.0,4244000000.0,117000000.0,2.036,21.303,8631000000.0,6000000.0,8625000000.0,8631000000.0,0.0,1415000000.0,0.0,0.0,0.0,392000000.0,1807000000.0,0.329,1807000000.0,392000000.0,202000000.0,1.11,0.96,1.11,552000000.0,483000000.0,552000000.0,8749567121.0,22.0,4.842,-408000000.0,-3.885,1.0,1252000000.0,0.228,551000000.0,190000000.0,17935000000.0,16937000000.0,0.0,350000000.0,0.0,350000000.0,11759000000.0,1059000000.0,10700000000.0,1015567121.0,379000000.0,-403000000.0,0.0,1254000000.0,0.0,1176000000.0,-2361000000.0,0.0,1574000000.0,-10000000.0,117000000.0,117000000.0,117000000.0,0.0,0.0,0.021,848000000.0,404000000.0,1053000000.0,0.0,1.84,8.68,8.712,8186000000.0,0.0,9.67,0.185,0.185,537000000.0,-2496000000.0,5496000000.0,5496000000.0,0.0,0.01,0.242,0.023,0.071,0.0,652000000.0,1.0,105022453.0,105022453.0,,52.332,11760000000.0,767000000.0,85000000.0,1461000000.0,111.976,1097000000.0
40,CAR,MRT,2011-06-30,2011-06-30,2011-06-30,2021-08-25,148000000.0,12441000000.0,11127250000.0,1906000000.0,10535000000.0,0.484,5.067,-1649000000.0,1051000000.0,1051000000.0,4220000000.0,125000000.0,1.883,22.385,8785000000.0,6000000.0,8779000000.0,8785000000.0,0.0,1402000000.0,0.0,0.0,0.0,392000000.0,1794000000.0,0.333,1794000000.0,392000000.0,210000000.0,1.21,1.04,1.21,532000000.0,438250000.0,532000000.0,8491192420.0,22.0,4.733,33000000.0,0.314,1.0,1165000000.0,0.216,560000000.0,182000000.0,18603000000.0,16451000000.0,0.0,392000000.0,0.0,392000000.0,11909000000.0,1012000000.0,10897000000.0,1794192420.0,187000000.0,-403000000.0,0.0,621000000.0,0.0,548000000.0,-2065000000.0,0.0,1682000000.0,22000000.0,125000000.0,125000000.0,125000000.0,0.0,0.0,0.023,761000000.0,404000000.0,1006000000.0,0.0,3.373,14.354,14.124,8590000000.0,0.0,17.09,0.333,0.333,496000000.0,-2578000000.0,5385000000.0,5385000000.0,0.0,0.011,0.285,0.024,0.073,0.0,618000000.0,1.0,104984928.0,104984928.0,,51.293,11881000000.0,771000000.0,85000000.0,1430000000.0,113.169,894000000.0
41,CAR,MRT,2011-03-31,2011-03-31,2011-03-31,2021-08-25,112000000.0,11040000000.0,10941500000.0,1681000000.0,9359000000.0,0.481,4.226,-1971000000.0,913000000.0,913000000.0,4222000000.0,99000000.0,1.845,24.205,7610000000.0,7000000.0,7603000000.0,7610000000.0,0.0,1382000000.0,0.0,0.0,0.0,326000000.0,1708000000.0,0.324,1708000000.0,326000000.0,150000000.0,0.97,0.84,0.97,438000000.0,361500000.0,438000000.0,7962460244.0,24.0,4.662,-334000000.0,-3.222,1.0,1045000000.0,0.198,559000000.0,176000000.0,16267000000.0,16152250000.0,0.0,312000000.0,0.0,312000000.0,10602000000.0,911000000.0,9691000000.0,1856460244.0,443000000.0,-2000000.0,0.0,802000000.0,0.0,766000000.0,-1968000000.0,0.0,1637000000.0,8000000.0,99000000.0,99000000.0,99000000.0,0.0,0.0,0.019,707000000.0,338000000.0,904000000.0,0.0,4.238,18.752,18.464,7501000000.0,0.0,17.91,0.352,0.352,460000000.0,-2630000000.0,5267000000.0,5267000000.0,0.0,0.009,0.274,0.02,0.062,0.0,592000000.0,1.0,103654955.0,103654955.0,,50.813,10481000000.0,762000000.0,51000000.0,1384000000.0,101.114,770000000.0
42,CAR,MRT,2010-12-31,2010-12-31,2010-12-31,2021-08-25,92000000.0,10327000000.0,10745750000.0,1638000000.0,8689000000.0,0.483,3.986,-1773000000.0,911000000.0,911000000.0,4207000000.0,54000000.0,1.756,24.188,7017000000.0,8000000.0,7009000000.0,7017000000.0,0.0,1367000000.0,0.0,0.0,0.0,242000000.0,1609000000.0,0.31,1609000000.0,242000000.0,72000000.0,0.53,0.49,0.53,410000000.0,308500000.0,410000000.0,8382511792.0,35.0,5.21,-133000000.0,-1.293,1.0,978000000.0,0.189,557000000.0,170000000.0,14943000000.0,15751500000.0,0.0,294000000.0,0.0,294000000.0,9917000000.0,933000000.0,8984000000.0,1600511792.0,429000000.0,-2000000.0,0.0,451000000.0,0.0,380000000.0,-1603000000.0,0.0,1640000000.0,12000000.0,54000000.0,54000000.0,54000000.0,0.0,0.0,0.01,684000000.0,294000000.0,925000000.0,0.0,3.904,29.639,29.358,6847000000.0,0.0,15.56,0.309,0.309,464000000.0,-2637000000.0,5185000000.0,5185000000.0,0.0,0.005,0.175,0.015,0.047,0.0,569000000.0,1.0,102860655.0,102860655.0,,50.408,9770000000.0,717000000.0,18000000.0,1333000000.0,94.983,705000000.0
43,CAR,MRT,2010-09-30,2010-09-30,2010-09-30,2021-08-25,42000000.0,10701000000.0,10687250000.0,1347000000.0,9354000000.0,0.479,3.626,-2199000000.0,623000000.0,623000000.0,4190000000.0,29000000.0,1.438,27.689,7405000000.0,9000000.0,7396000000.0,7405000000.0,0.0,1371000000.0,0.0,0.0,0.0,180000000.0,1551000000.0,0.303,1551000000.0,180000000.0,19000000.0,0.28,0.1,0.28,373000000.0,261500000.0,373000000.0,8831273099.0,49.0,5.694,-620000000.0,-6.028,1.0,929000000.0,0.181,555000000.0,161000000.0,15991000000.0,15585250000.0,0.0,313000000.0,0.0,313000000.0,10328000000.0,937000000.0,9391000000.0,1198273099.0,153000000.0,-19000000.0,0.0,944000000.0,0.0,835000000.0,-2270000000.0,0.0,1579000000.0,9000000.0,29000000.0,29000000.0,29000000.0,0.0,0.0,0.006,709000000.0,220000000.0,928000000.0,0.0,3.213,41.32,41.607,7487000000.0,0.0,11.65,0.234,0.234,528000000.0,-2613000000.0,5119000000.0,5119000000.0,0.0,0.003,0.111,0.012,0.035,0.0,560000000.0,1.0,102856060.0,102856060.0,,49.769,10146000000.0,651000000.0,-10000000.0,1287000000.0,98.643,410000000.0
44,CAR,MRT,2010-06-30,2010-06-30,2010-06-30,2021-08-25,-28000000.0,11698000000.0,10502500000.0,1774000000.0,9924000000.0,0.483,2.192,-2017000000.0,458000000.0,458000000.0,4216000000.0,-4000000.0,1.293,50.991,8091000000.0,8000000.0,8083000000.0,8091000000.0,0.0,1381000000.0,0.0,0.0,0.0,116000000.0,1497000000.0,0.295,1497000000.0,116000000.0,-42000000.0,-0.05,-0.09,-0.05,225000000.0,225500000.0,225000000.0,7299166667.0,63.0,4.876,-554000000.0,-5.396,1.0,856000000.0,0.169,551000000.0,158000000.0,17408000000.0,15208000000.0,0.0,307000000.0,0.0,307000000.0,11473000000.0,1372000000.0,10101000000.0,1008166667.0,24000000.0,-49000000.0,0.0,791000000.0,0.0,683000000.0,-2130000000.0,0.0,1463000000.0,8000000.0,-4000000.0,-4000000.0,-4000000.0,0.0,0.0,-0.001,700000000.0,156000000.0,1364000000.0,0.0,4.481,-252.042,-196.4,8079000000.0,0.0,9.82,0.199,0.199,432000000.0,-2703000000.0,5072000000.0,5072000000.0,0.0,0.0,-0.018,0.008,0.023,0.0,559000000.0,1.0,102664630.0,102664630.0,,49.404,11147000000.0,707000000.0,-38000000.0,1269000000.0,108.577,402000000.0
45,CAR,MRT,2010-03-31,2010-03-31,2010-03-31,2021-08-25,3000000.0,10257000000.0,10280250000.0,1693000000.0,8564000000.0,0.495,2.216,-994000000.0,470000000.0,470000000.0,4274000000.0,-36000000.0,1.275,44.385,6761000000.0,9000000.0,6752000000.0,6761000000.0,0.0,1432000000.0,0.0,0.0,0.0,81000000.0,1513000000.0,0.297,1513000000.0,81000000.0,-73000000.0,-0.36,-0.37,-0.36,226000000.0,200000000.0,226000000.0,7195987246.0,89.0,4.756,449000000.0,4.402,1.0,816000000.0,0.16,556000000.0,154000000.0,14664000000.0,14903500000.0,0.0,244000000.0,0.0,244000000.0,10031000000.0,1328000000.0,8703000000.0,1172987246.0,125000000.0,-100000000.0,0.0,-139000000.0,0.0,-249000000.0,-1104000000.0,0.0,1443000000.0,35000000.0,-36000000.0,-36000000.0,-36000000.0,0.0,0.0,-0.007,695000000.0,121000000.0,1319000000.0,0.0,5.19,-32.583,-31.944,6771000000.0,0.0,11.5,0.23,0.23,368000000.0,-2729000000.0,5090000000.0,5090000000.0,0.0,-0.004,-0.18,0.005,0.016,0.0,549000000.0,1.0,101998891.0,101998891.0,,49.903,9701000000.0,715000000.0,-37000000.0,1269000000.0,95.109,365000000.0
46,CAR,MRT,2009-12-31,2009-12-31,2009-12-31,2021-08-25,-37000000.0,10093000000.0,10279750000.0,1730000000.0,8363000000.0,0.499,2.177,330000000.0,482000000.0,482000000.0,4355000000.0,-47000000.0,1.347,44.464,6505000000.0,12000000.0,6493000000.0,6505000000.0,0.0,1487000000.0,0.0,0.0,0.0,76000000.0,1563000000.0,0.305,1563000000.0,76000000.0,-77000000.0,-0.46,-0.46,-0.46,222000000.0,154500000.0,222000000.0,7269092098.0,96.0,4.651,1821000000.0,17.855,1.0,776000000.0,0.151,554000000.0,153000000.0,14278000000.0,15058250000.0,0.0,385000000.0,0.0,385000000.0,9871000000.0,1284000000.0,8587000000.0,1338092098.0,224000000.0,0.0,0.0,-1393000000.0,0.0,-1465000000.0,166000000.0,0.0,1491000000.0,32000000.0,-47000000.0,-47000000.0,-47000000.0,0.0,0.0,-0.009,700000000.0,76000000.0,1272000000.0,0.0,6.027,-28.47,-28.522,6409000000.0,0.0,13.12,0.261,0.261,460000000.0,-2691000000.0,5131000000.0,5131000000.0,0.0,-0.005,-0.304,0.005,0.015,0.0,551000000.0,1.0,101988727.0,101988727.0,,50.309,9539000000.0,704000000.0,-30000000.0,1267000000.0,93.53,446000000.0
47,CAR,MRT,2009-09-30,2009-09-30,2009-09-30,2021-08-25,-71000000.0,9962000000.0,10586000000.0,1129000000.0,8833000000.0,0.494,2.246,484000000.0,470000000.0,470000000.0,4539000000.0,-119000000.0,1.316,42.502,6401000000.0,12000000.0,6389000000.0,6401000000.0,0.0,1565000000.0,0.0,0.0,0.0,-4000000.0,1561000000.0,0.298,1561000000.0,-4000000.0,-153000000.0,-1.19,-1.2,-1.19,229000000.0,122250000.0,229000000.0,8167428445.0,-2042.0,5.232,2020000000.0,19.808,1.0,693000000.0,0.132,553000000.0,149000000.0,14482000000.0,15846250000.0,0.0,158000000.0,0.0,158000000.0,9733000000.0,858000000.0,8875000000.0,1362428445.0,96000000.0,359000000.0,0.0,-2211000000.0,0.0,-2273000000.0,819000000.0,0.0,1536000000.0,14000000.0,-119000000.0,-119000000.0,-119000000.0,0.0,0.0,-0.023,697000000.0,-4000000.0,846000000.0,0.0,5.949,-11.449,-11.227,6574000000.0,0.0,13.36,0.26,0.26,470000000.0,-2642000000.0,5232000000.0,5232000000.0,0.0,-0.011,-0.973,0.0,-0.001,0.0,563000000.0,1.0,101978177.0,101978177.0,,51.305,9409000000.0,635000000.0,-34000000.0,1266000000.0,92.265,271000000.0
48,CAR,MRT,2009-06-30,2009-06-30,2009-06-30,2021-08-25,-117000000.0,10809000000.0,11196500000.0,1205000000.0,9604000000.0,0.488,1.208,256000000.0,434000000.0,434000000.0,4770000000.0,-1182000000.0,1.372,86.878,7239000000.0,11000000.0,7228000000.0,7239000000.0,0.0,1646000000.0,0.0,0.0,0.0,-1279000000.0,367000000.0,0.067,367000000.0,-1279000000.0,-1422000000.0,-11.65,-11.65,-11.65,123000000.0,160000000.0,123000000.0,7031052876.0,-5.0,19.158,1808000000.0,17.764,1.0,698000000.0,0.128,546000000.0,143000000.0,16190000000.0,17009000000.0,0.0,118000000.0,0.0,118000000.0,10686000000.0,878000000.0,9808000000.0,575052876.0,172000000.0,374000000.0,0.0,-1924000000.0,0.0,-1980000000.0,607000000.0,0.0,1552000000.0,-7000000.0,-1182000000.0,-1182000000.0,-1182000000.0,0.0,0.0,-0.216,1977000000.0,-1279000000.0,867000000.0,0.0,4.675,-0.487,-0.485,7424000000.0,0.0,5.65,0.105,0.105,413000000.0,-2699000000.0,5468000000.0,5468000000.0,0.0,-0.106,-7.388,-0.075,-0.234,0.0,579000000.0,1.0,101779270.0,101779270.0,,53.724,10263000000.0,643000000.0,-240000000.0,1246000000.0,100.836,327000000.0
49,CAR,MRT,2009-03-31,2009-03-31,2009-03-31,2021-08-25,-196000000.0,10255000000.0,12092250000.0,1086000000.0,9169000000.0,0.474,0.433,294000000.0,345000000.0,345000000.0,4984000000.0,-1161000000.0,1.222,232.068,6801000000.0,12000000.0,6789000000.0,6801000000.0,0.0,1698000000.0,0.0,0.0,0.0,-1257000000.0,441000000.0,0.077,441000000.0,-1257000000.0,-1395000000.0,-11.44,-11.44,-11.44,44000000.0,493500000.0,44000000.0,7657429212.0,-6.0,17.364,1931000000.0,19.011,1.0,749000000.0,0.131,539000000.0,138000000.0,15283000000.0,18103000000.0,0.0,31000000.0,0.0,31000000.0,10211000000.0,889000000.0,9322000000.0,92429212.0,126000000.0,396000000.0,0.0,-2084000000.0,0.0,-2142000000.0,658000000.0,0.0,1637000000.0,-27000000.0,-1161000000.0,-1161000000.0,-1161000000.0,0.0,0.0,-0.203,2006000000.0,-1257000000.0,877000000.0,0.0,2.101,-0.08,-0.08,6856000000.0,0.0,0.91,0.016,0.016,638000000.0,-2693000000.0,5733000000.0,5733000000.0,0.0,-0.096,-2.353,-0.069,-0.219,0.0,619000000.0,1.0,101570563.0,101570563.0,,56.444,9716000000.0,631000000.0,-234000000.0,1215000000.0,95.658,197000000.0
50,CAR,MRT,2008-12-31,2008-12-31,2008-12-31,2021-08-25,-194000000.0,11318000000.0,13044250000.0,1073000000.0,10245000000.0,0.459,0.917,-1969000000.0,258000000.0,258000000.0,5165000000.0,-1124000000.0,1.178,120.699,7823000000.0,10000000.0,7813000000.0,7823000000.0,0.0,1727000000.0,0.0,0.0,0.0,-1214000000.0,513000000.0,0.086,513000000.0,-1214000000.0,-1343000000.0,-11.04,-11.04,-11.04,93000000.0,821750000.0,93000000.0,8335986999.0,-7.0,16.249,-265000000.0,-2.613,1.0,819000000.0,0.137,542000000.0,129000000.0,17430000000.0,19281000000.0,0.0,129000000.0,0.0,129000000.0,11225000000.0,911000000.0,10314000000.0,70986999.0,44000000.0,-88000000.0,-33000000.0,558000000.0,0.0,463000000.0,-2096000000.0,0.0,1704000000.0,-27000000.0,-1124000000.0,-1124000000.0,-1124000000.0,0.0,0.0,-0.188,2033000000.0,-1214000000.0,901000000.0,0.0,0.763,-0.063,-0.063,7649000000.0,0.0,0.7,0.012,0.012,893000000.0,-2644000000.0,5984000000.0,5984000000.0,0.0,-0.086,-1.368,-0.063,-0.203,0.0,655000000.0,1.0,101409998.0,101409998.0,,59.008,10776000000.0,578000000.0,-219000000.0,1188000000.0,106.262,162000000.0
51,CAR,MRT,2008-09-30,2008-09-30,2008-09-30,2021-08-25,-21000000.0,12404000000.0,13333250000.0,1173000000.0,11231000000.0,0.458,3.75,-1120000000.0,374000000.0,374000000.0,5113000000.0,-2059000000.0,1.196,31.642,8639000000.0,9000000.0,8630000000.0,8639000000.0,0.0,1709000000.0,0.0,0.0,0.0,-2221000000.0,-512000000.0,-0.084,-512000000.0,-2221000000.0,-2344000000.0,-20.11,-20.09,-20.11,380000000.0,1164750000.0,380000000.0,9612696881.0,-4.0,-18.775,640000000.0,6.315,1.0,996000000.0,0.163,555000000.0,123000000.0,19133000000.0,19120750000.0,0.0,562000000.0,0.0,562000000.0,12024000000.0,981000000.0,11043000000.0,581696881.0,72000000.0,-447000000.0,-32000000.0,-55000000.0,0.0,-99000000.0,-1577000000.0,-60000000.0,1760000000.0,-12000000.0,-2059000000.0,-2059000000.0,-2059000000.0,11000000.0,0.0,-0.337,3206000000.0,-2210000000.0,972000000.0,0.0,1.531,-0.283,-0.285,8527000000.0,0.0,5.74,0.095,0.095,642000000.0,-2523000000.0,6109000000.0,6109000000.0,0.0,-0.154,-1.768,-0.116,-0.364,0.0,665000000.0,1.0,101340920.0,101340920.0,,60.282,11849000000.0,461000000.0,-285000000.0,1220000000.0,116.922,192000000.0
52,CAR,MRT,2008-06-30,2008-06-30,2008-06-30,2021-08-25,55000000.0,14392000000.0,13960000000.0,1232000000.0,13160000000.0,0.439,14.412,-1306000000.0,262000000.0,262000000.0,5091000000.0,-950000000.0,1.168,8.878,9293000000.0,9000000.0,9284000000.0,9293000000.0,0.0,1706000000.0,0.0,0.0,0.0,-879000000.0,827000000.0,0.135,827000000.0,-879000000.0,-1002000000.0,-9.2,-9.19,-9.2,1457000000.0,1716000000.0,1457000000.0,9658147272.0,-11.0,11.679,477000000.0,4.718,1.0,1036000000.0,0.169,1802000000.0,123000000.0,20566000000.0,19117750000.0,0.0,567000000.0,0.0,567000000.0,12935000000.0,1055000000.0,11880000000.0,846147272.0,35000000.0,-442000000.0,-22000000.0,67000000.0,0.0,34000000.0,-1784000000.0,-60000000.0,1783000000.0,2000000.0,-950000000.0,-950000000.0,-950000000.0,-29000000.0,0.0,-0.155,1944000000.0,-908000000.0,1046000000.0,0.0,0.581,-0.891,-0.91,9644000000.0,0.0,8.37,0.138,0.138,553000000.0,-1516000000.0,6127000000.0,6127000000.0,0.0,-0.068,-0.554,-0.046,-0.143,0.0,670000000.0,1.0,101092864.0,101092864.0,,60.608,12590000000.0,299000000.0,-52000000.0,1254000000.0,124.539,177000000.0
53,CAR,MRT,2008-03-31,2008-03-31,2008-03-31,2021-08-25,-26000000.0,14063000000.0,14206000000.0,1207000000.0,12856000000.0,0.427,13.1,-2035000000.0,219000000.0,219000000.0,5023000000.0,-941000000.0,1.102,9.363,9031000000.0,10000000.0,9021000000.0,9031000000.0,0.0,1670000000.0,0.0,0.0,0.0,-868000000.0,802000000.0,0.132,802000000.0,-868000000.0,-991000000.0,-9.12,-9.11,-9.12,1357000000.0,1984250000.0,1357000000.0,8279088375.0,-10.0,10.323,-281000000.0,-2.713,1.0,1043000000.0,0.172,1785000000.0,123000000.0,19995000000.0,19040250000.0,0.0,479000000.0,0.0,479000000.0,12706000000.0,1095000000.0,11611000000.0,1100088375.0,-35000000.0,-442000000.0,4000000.0,718000000.0,0.0,710000000.0,-2505000000.0,-60000000.0,1754000000.0,6000000.0,-941000000.0,-941000000.0,-941000000.0,-30000000.0,0.0,-0.155,1941000000.0,-898000000.0,1085000000.0,0.0,0.811,-1.169,-1.164,9427000000.0,0.0,10.62,0.181,0.181,509000000.0,-1532000000.0,6066000000.0,6066000000.0,0.0,-0.066,-0.474,-0.046,-0.143,0.0,665000000.0,1.0,103586476.0,103586476.0,,58.56,12278000000.0,343000000.0,-50000000.0,1249000000.0,118.529,112000000.0
54,CAR,MRT,2007-12-31,2007-12-31,2007-12-31,2021-08-25,32000000.0,12474000000.0,14209000000.0,1218000000.0,11256000000.0,0.421,14.11,-1863000000.0,214000000.0,214000000.0,4919000000.0,-916000000.0,1.103,7.515,7393000000.0,10000000.0,7383000000.0,7393000000.0,0.0,1649000000.0,0.0,0.0,0.0,-834000000.0,815000000.0,0.136,815000000.0,-834000000.0,-961000000.0,-8.88,-8.88,-8.88,1465000000.0,2256500000.0,1465000000.0,9783780835.0,-12.0,12.005,-149000000.0,-1.435,1.0,1067000000.0,0.178,1760000000.0,127000000.0,16789000000.0,18556500000.0,0.0,231000000.0,0.0,231000000.0,11009000000.0,1104000000.0,9905000000.0,1349780835.0,42000000.0,-119000000.0,50000000.0,198000000.0,0.0,239000000.0,-1917000000.0,46000000.0,1714000000.0,6000000.0,-916000000.0,-916000000.0,-916000000.0,-31000000.0,0.0,-0.153,1932000000.0,-865000000.0,1094000000.0,0.0,0.921,-1.474,-1.464,7974000000.0,0.0,13.0,0.225,0.225,668000000.0,-1520000000.0,5986000000.0,5986000000.0,0.0,-0.064,-0.406,-0.045,-0.139,0.0,658000000.0,1.0,103829295.0,103829295.0,,57.652,10714000000.0,276000000.0,-45000000.0,1246000000.0,103.189,114000000.0
55,CAR,MRT,2007-09-30,2007-09-30,2007-09-30,2021-08-25,84000000.0,14911000000.0,14408250000.0,1420000000.0,13491000000.0,0.412,24.911,-2374000000.0,302000000.0,302000000.0,4863000000.0,143000000.0,1.117,4.768,8736000000.0,11000000.0,8725000000.0,8736000000.0,0.0,1628000000.0,0.0,0.0,0.0,321000000.0,1949000000.0,0.329,1949000000.0,321000000.0,195000000.0,1.42,1.4,1.42,2585000000.0,2501000000.0,2585000000.0,11315279575.0,35.0,5.806,-1232000000.0,-11.872,1.0,1068000000.0,0.18,2953000000.0,126000000.0,19121000000.0,18208000000.0,0.0,324000000.0,0.0,324000000.0,12326000000.0,1271000000.0,11055000000.0,2375279575.0,-77000000.0,-4137000000.0,52000000.0,740000000.0,0.0,786000000.0,-6436000000.0,106000000.0,1142000000.0,9000000.0,143000000.0,143000000.0,143000000.0,-41000000.0,0.0,0.024,788000000.0,280000000.0,1260000000.0,0.0,0.919,16.61,16.12,8986000000.0,0.0,22.89,0.4,0.4,822000000.0,-464000000.0,5931000000.0,5931000000.0,0.0,0.01,0.057,0.018,0.054,0.0,651000000.0,1.0,103769313.0,103769313.0,,57.156,11958000000.0,145000000.0,52000000.0,1247000000.0,115.236,149000000.0
56,CAR,MRT,2007-06-30,2007-06-30,2007-06-30,2021-08-25,117000000.0,15376000000.0,14241750000.0,1209000000.0,14167000000.0,0.406,24.824,-1854000000.0,227000000.0,227000000.0,4739000000.0,-973000000.0,1.079,5.077,9167000000.0,11000000.0,9156000000.0,9167000000.0,0.0,1551000000.0,0.0,0.0,0.0,-965000000.0,586000000.0,0.101,586000000.0,-965000000.0,-1110000000.0,-9.65,-9.66,-9.65,2530000000.0,2487500000.0,2530000000.0,10864527290.0,-11.0,18.54,-2040000000.0,-20.016,1.0,1039000000.0,0.18,2939000000.0,145000000.0,20256000000.0,17637250000.0,0.0,393000000.0,0.0,393000000.0,12846000000.0,1121000000.0,11725000000.0,2897527290.0,106000000.0,-67000000.0,49000000.0,-3616000000.0,0.0,-3579000000.0,-1762000000.0,106000000.0,-186000000.0,8000000.0,-973000000.0,-973000000.0,-973000000.0,687000000.0,0.0,-0.168,1004000000.0,35000000.0,1110000000.0,0.0,1.145,-2.978,-2.946,9796000000.0,0.0,28.43,0.501,0.501,578000000.0,-568000000.0,5778000000.0,5778000000.0,0.0,-0.068,-0.391,-0.055,-0.167,0.0,699000000.0,1.0,101917949.0,101917949.0,,56.693,12437000000.0,175000000.0,-137000000.0,1311000000.0,122.03,88000000.0
57,CAR,MRT,2007-03-31,2007-03-31,2007-03-31,2021-08-25,64000000.0,14075000000.0,19190250000.0,1112000000.0,12963000000.0,0.298,24.153,-1224000000.0,254000000.0,254000000.0,4649000000.0,-2051000000.0,1.059,4.754,8221000000.0,29000000.0,8192000000.0,8221000000.0,0.0,1499000000.0,0.0,0.0,0.0,-2036000000.0,-537000000.0,-0.094,-537000000.0,-2036000000.0,-2246000000.0,-20.4,-20.41,-20.4,2446000000.0,4480250000.0,2446000000.0,9706768197.0,-5.0,-18.076,-741000000.0,-7.317,1.0,1067000000.0,0.187,2932000000.0,210000000.0,18060000000.0,20240250000.0,0.0,366000000.0,0.0,366000000.0,11629000000.0,1050000000.0,10579000000.0,2766768197.0,208000000.0,-145000000.0,37000000.0,-4038000000.0,0.0,-4050000000.0,-1237000000.0,106000000.0,483000000.0,15000000.0,-2051000000.0,-2051000000.0,-2051000000.0,1678000000.0,0.0,-0.359,1112000000.0,-45000000.0,1021000000.0,0.0,1.131,-1.349,-1.339,8629000000.0,0.0,27.32,0.484,0.484,598000000.0,-591000000.0,5716000000.0,5716000000.0,0.0,-0.107,-0.458,-0.101,-0.356,0.0,771000000.0,1.0,101272628.0,101272628.0,,56.442,11143000000.0,144000000.0,-195000000.0,1255000000.0,110.03,62000000.0
58,CAR,MRT,2006-12-31,2006-12-31,2006-12-31,2021-08-25,68000000.0,13271000000.0,24377250000.0,1806000000.0,11465000000.0,0.233,24.219,-653000000.0,172000000.0,172000000.0,4623000000.0,-1994000000.0,0.959,4.432,7112000000.0,29000000.0,7083000000.0,7112000000.0,0.0,1467000000.0,0.0,0.051,1.1,-1984000000.0,-517000000.0,-0.091,-517000000.0,-1984000000.0,-2220000000.0,-19.82,-19.82,-19.82,2443000000.0,6643250000.0,2443000000.0,9722857611.0,-5.0,-18.806,-401000000.0,-3.975,1.0,1066000000.0,0.187,2932000000.0,236000000.0,15395000000.0,22751250000.0,0.0,375000000.0,0.0,375000000.0,10828000000.0,1884000000.0,8944000000.0,2187857611.0,-374000000.0,-118000000.0,-197000000.0,-4341000000.0,-113000000.0,-4704000000.0,-753000000.0,0.0,252000000.0,14000000.0,-1994000000.0,-1994000000.0,-1994000000.0,1479000000.0,0.0,-0.351,1194000000.0,-128000000.0,1855000000.0,-0.055,0.896,-1.097,-1.094,7535000000.0,0.0,21.69,0.385,0.385,639000000.0,-586000000.0,5689000000.0,5689000000.0,0.0,-0.082,-0.3,-0.087,-0.349,0.0,818000000.0,1.0,100869415.0,100869415.0,,56.4,10339000000.0,233000000.0,-226000000.0,1206000000.0,102.499,-78000000.0
59,CAR,MRT,2006-09-30,2006-09-30,2006-09-30,2021-08-25,58000000.0,14245000000.0,29682750000.0,2105000000.0,12140000000.0,0.191,25.248,-1245000000.0,394000000.0,394000000.0,4696000000.0,-1461000000.0,1.049,4.628,7929000000.0,32000000.0,7897000000.0,7929000000.0,0.0,1465000000.0,0.0,0.12,2.2,-1460000000.0,5000000.0,0.001,5000000.0,-1460000000.0,-1733000000.0,-14.66,-14.66,-14.66,2531000000.0,8868000000.0,2531000000.0,16930503609.0,-12.0,3386.101,-476000000.0,-4.748,1.0,986000000.0,0.174,2936000000.0,273000000.0,16838000000.0,26882500000.0,0.0,371000000.0,0.0,371000000.0,11714000000.0,2006000000.0,9708000000.0,1833503609.0,341000000.0,2844000000.0,-470000000.0,-4857000000.0,-227000000.0,-5794000000.0,1614000000.0,0.0,769000000.0,5000000.0,-1461000000.0,-1461000000.0,-1461000000.0,925000000.0,0.0,-0.257,1136000000.0,-150000000.0,1974000000.0,-0.15,0.724,-1.255,-1.248,8009000000.0,0.0,18.29,0.323,0.323,884000000.0,-890000000.0,5682000000.0,5682000000.0,0.0,-0.049,-0.165,-0.054,-0.257,0.0,789000000.0,1.0,100246233.0,100246233.0,,56.68,11309000000.0,237000000.0,-272000000.0,1171000000.0,112.812,99000000.0
60,CAR,MRT,2006-06-30,2006-06-30,2006-06-30,2021-08-25,189000000.0,35170000000.0,34978250000.0,9231000000.0,25939000000.0,0.162,104.985,-1364000000.0,524000000.0,524000000.0,4620000000.0,51000000.0,0.994,2.349,15621000000.0,3593000000.0,12028000000.0,15621000000.0,849000000.0,1320000000.0,0.0,0.02,3.3,204000000.0,1524000000.0,0.269,1524000000.0,204000000.0,-80000000.0,0.22,0.13,0.22,10501000000.0,11039000000.0,10501000000.0,31181878111.0,153.0,20.461,-419000000.0,-4.189,1.0,1043000000.0,0.184,10309000000.0,284000000.0,30668000000.0,29593750000.0,0.0,3014000000.0,0.0,3014000000.0,24669000000.0,9290000000.0,15379000000.0,16293878111.0,19000000.0,-1071000000.0,-998000000.0,-1056000000.0,-344000000.0,-2015000000.0,-2351000000.0,-44000000.0,945000000.0,-10000000.0,51000000.0,51000000.0,51000000.0,-259000000.0,0.0,0.009,1026000000.0,17000000.0,3277000000.0,15.0,1.552,319.488,740.455,1245000000.0,0.0,162.9,2.877,2.877,917000000.0,5155000000.0,5663000000.0,5663000000.0,0.0,0.001,0.005,0.007,0.036,0.0,840000000.0,1.0,100023807.0,100023807.0,,56.617,24861000000.0,725000000.0,-131000000.0,1818000000.0,248.551,-59000000.0
61,CAR,MRT,2006-03-31,2006-03-31,2006-03-31,2021-08-25,66000000.0,34823000000.0,35218500000.0,3560000000.0,31263000000.0,0.238,110.079,-1778000000.0,515000000.0,515000000.0,5991000000.0,1492000000.0,0.578,2.138,15403000000.0,1281000000.0,14122000000.0,15403000000.0,924000000.0,1264000000.0,0.0,0.024,4.2,1848000000.0,3112000000.0,0.371,3112000000.0,1848000000.0,1595000000.0,14.44,14.25,14.44,11098000000.0,11222250000.0,11098000000.0,31194987299.0,17.0,10.024,-1212000000.0,-12.022,1.0,2388000000.0,0.285,15450000000.0,253000000.0,28104000000.0,29234250000.0,0.0,2836000000.0,0.0,2836000000.0,23725000000.0,6157000000.0,17568000000.0,17491987299.0,-991000000.0,-745000000.0,-1170000000.0,-660000000.0,-440000000.0,-2066000000.0,-2346000000.0,-26000000.0,566000000.0,-23000000.0,1492000000.0,1492000000.0,1492000000.0,-1320000000.0,0.0,0.178,1787000000.0,601000000.0,4232000000.0,0.291,1.576,11.724,12.015,1774000000.0,0.0,173.5,2.088,2.088,1417000000.0,5903000000.0,8379000000.0,8379000000.0,0.0,0.042,0.133,0.063,0.221,0.0,1197000000.0,1.0,100818371.0,100818371.0,,83.11,19373000000.0,1283000000.0,103000000.0,1768000000.0,192.157,-2597000000.0
62,CAR,MRT,2005-12-31,2005-12-31,2005-12-31,2021-08-25,40000000.0,34493000000.0,35193500000.0,22015000000.0,12478000000.0,0.153,110.721,-2491000000.0,546000000.0,546000000.0,4276000000.0,1618000000.0,2.092,2.041,11417000000.0,975000000.0,10442000000.0,11417000000.0,0.0,1307000000.0,0.0,0.087,14.95,1739000000.0,3046000000.0,0.564,3046000000.0,1739000000.0,1567000000.0,15.56,15.56,15.56,11342000000.0,11246500000.0,11342000000.0,32790521776.0,19.0,10.765,-1491000000.0,-14.555,1.0,1124000000.0,0.208,2919000000.0,172000000.0,31920000000.0,29188750000.0,0.0,389000000.0,0.0,389000000.0,23151000000.0,10525000000.0,12626000000.0,17670521776.0,383000000.0,-211000000.0,-1060000000.0,490000000.0,-423000000.0,-1001000000.0,-2609000000.0,18000000.0,1000000000.0,-51000000.0,1618000000.0,1618000000.0,1618000000.0,-1637000000.0,0.0,0.3,1014000000.0,110000000.0,2287000000.0,0.961,1.558,10.921,11.086,8025000000.0,0.0,172.5,3.272,3.272,950000000.0,5997000000.0,5400000000.0,5400000000.0,0.0,0.046,0.144,0.06,0.322,0.0,857000000.0,1.0,102437807.0,102437807.0,,52.715,31574000000.0,635000000.0,-51000000.0,1139000000.0,308.226,11490000000.0
63,CAR,MRT,2005-09-30,2005-09-30,2005-09-30,2021-08-25,120000000.0,35427000000.0,37212750000.0,4567000000.0,30860000000.0,0.055,107.185,-2266000000.0,432000000.0,432000000.0,2452000000.0,1170000000.0,0.614,2.159,15552000000.0,2232000000.0,13320000000.0,15552000000.0,650000000.0,962000000.0,0.0,0.071,14.75,1053000000.0,2015000000.0,0.987,2015000000.0,1053000000.0,873000000.0,11.1,10.88,11.1,11215000000.0,11584750000.0,11215000000.0,36888127133.0,35.0,18.307,-3537000000.0,-33.804,1.0,-410000000.0,-0.201,15420000000.0,180000000.0,27683000000.0,29789500000.0,0.0,2765000000.0,0.0,2765000000.0,24212000000.0,7444000000.0,16768000000.0,21596127133.0,-1344000000.0,1199000000.0,-877000000.0,1902000000.0,-405000000.0,803000000.0,-801000000.0,-74000000.0,-1271000000.0,-31000000.0,1170000000.0,1170000000.0,1170000000.0,-2168000000.0,0.0,0.573,375000000.0,-785000000.0,4223000000.0,1.329,1.926,18.458,18.595,1670000000.0,0.0,206.4,10.576,10.576,1287000000.0,5524000000.0,2042000000.0,2042000000.0,0.0,0.031,0.101,0.035,0.516,0.0,347000000.0,1.0,104632399.0,104632399.0,,19.516,20007000000.0,1934000000.0,-297000000.0,1897000000.0,191.212,-2877000000.0
64,CAR,MRT,2005-06-30,2005-06-30,2005-06-30,2021-08-25,81000000.0,36131000000.0,38758250000.0,5037000000.0,31094000000.0,0.129,106.831,-1534000000.0,770000000.0,770000000.0,3884000000.0,1264000000.0,0.732,2.216,16062000000.0,1313000000.0,14749000000.0,16062000000.0,663000000.0,1087000000.0,0.0,0.065,14.55,1351000000.0,2438000000.0,0.488,2438000000.0,1351000000.0,1200000000.0,11.99,11.76,11.99,11234000000.0,11883750000.0,11234000000.0,37233515448.0,28.0,15.272,-409000000.0,-3.889,1.0,1116000000.0,0.223,15313000000.0,151000000.0,29230000000.0,32886250000.0,0.0,2649000000.0,0.0,2649000000.0,24897000000.0,6880000000.0,18017000000.0,23523515448.0,-176000000.0,937000000.0,404000000.0,288000000.0,-381000000.0,-127000000.0,-387000000.0,211000000.0,1125000000.0,-52000000.0,1264000000.0,1264000000.0,1264000000.0,-1768000000.0,0.0,0.253,1202000000.0,-86000000.0,4421000000.0,1.214,2.094,18.61,18.657,1667000000.0,0.0,223.7,4.705,4.705,1352000000.0,5142000000.0,5000000000.0,5000000000.0,0.0,0.033,0.106,0.041,0.27,0.0,749000000.0,1.0,105156529.0,105156529.0,,47.548,20818000000.0,1996000000.0,-64000000.0,1769000000.0,197.972,-1843000000.0
65,CAR,MRT,2005-03-31,2005-03-31,2005-03-31,2021-08-25,150000000.0,34723000000.0,40326250000.0,5785000000.0,28938000000.0,0.13,106.433,-1652000000.0,1468000000.0,1468000000.0,3921000000.0,1568000000.0,0.903,2.102,15178000000.0,1360000000.0,13818000000.0,15178000000.0,624000000.0,1105000000.0,0.0,0.07,14.35,1683000000.0,2788000000.0,0.533,2788000000.0,1683000000.0,1528000000.0,15.09,14.76,15.09,11195000000.0,11853750000.0,11195000000.0,40772775751.0,24.0,14.624,-653000000.0,-6.208,1.0,1313000000.0,0.251,14103000000.0,155000000.0,27922000000.0,36359750000.0,0.0,2635000000.0,0.0,2635000000.0,23528000000.0,6408000000.0,17120000000.0,21604775751.0,678000000.0,1254000000.0,401000000.0,50000000.0,-357000000.0,-157000000.0,-735000000.0,-120000000.0,999000000.0,3000000.0,1568000000.0,1568000000.0,1568000000.0,-1770000000.0,0.0,0.3,1249000000.0,64000000.0,3957000000.0,0.951,1.93,13.779,13.612,1627000000.0,0.0,205.4,4.128,4.128,1311000000.0,4850000000.0,5234000000.0,5234000000.0,0.0,0.039,0.132,0.046,0.322,0.0,856000000.0,1.0,105183913.0,105183913.0,,49.76,20620000000.0,2165000000.0,-40000000.0,1818000000.0,196.038,-623000000.0
66,CAR,MRT,2004-12-31,2004-12-31,2004-12-31,2021-08-25,274000000.0,42570000000.0,41584750000.0,9709000000.0,32861000000.0,0.116,120.579,-1612000000.0,837000000.0,837000000.0,3645000000.0,2091000000.0,0.952,2.353,16484000000.0,739000000.0,15745000000.0,16484000000.0,620000000.0,1056000000.0,0.0,0.014,3.2,2278000000.0,3334000000.0,0.692,3334000000.0,2278000000.0,2027000000.0,20.29,19.66,20.29,12695000000.0,11714250000.0,12695000000.0,42653373014.0,19.0,12.793,-825000000.0,-7.836,1.0,1175000000.0,0.244,13695000000.0,251000000.0,34323000000.0,39097000000.0,0.0,6504000000.0,0.0,6504000000.0,29875000000.0,10199000000.0,19676000000.0,24615373014.0,-410000000.0,692000000.0,107000000.0,-765000000.0,-333000000.0,-1030000000.0,-810000000.0,40000000.0,787000000.0,18000000.0,2091000000.0,2091000000.0,2091000000.0,-2020000000.0,0.0,0.434,899000000.0,276000000.0,3851000000.0,0.158,1.939,11.772,11.523,1685000000.0,0.0,233.8,5.107,5.107,1237000000.0,6179000000.0,4820000000.0,4820000000.0,0.0,0.05,0.179,0.058,0.473,0.0,784000000.0,1.0,105283888.0,105283888.0,,45.781,28875000000.0,2577000000.0,-64000000.0,2200000000.0,274.258,-490000000.0
67,CAR,MRT,2004-09-30,2004-09-30,2004-09-30,2021-08-25,201000000.0,41609000000.0,40806250000.0,4855000000.0,36754000000.0,0.348,121.952,-655000000.0,1997000000.0,1997000000.0,9156000000.0,2013000000.0,0.796,2.353,20035000000.0,864000000.0,19171000000.0,20035000000.0,1125000000.0,528000000.0,0.0,0.011,2.3,2794000000.0,3322000000.0,0.234,3322000000.0,2794000000.0,2552000000.0,19.6,19.0,19.6,12411000000.0,11087000000.0,12411000000.0,42823199515.0,15.0,12.891,4138000000.0,40.661,1.0,5040000000.0,0.355,13475000000.0,242000000.0,40070000000.0,40195500000.0,0.0,6566000000.0,0.0,6566000000.0,29198000000.0,6102000000.0,23096000000.0,21982199515.0,591000000.0,-5374000000.0,13000000.0,1774000000.0,-237000000.0,-4145000000.0,-884000000.0,155000000.0,4793000000.0,8000000.0,2013000000.0,2013000000.0,2013000000.0,-665000000.0,0.0,0.142,3081000000.0,1959000000.0,4429000000.0,0.117,1.771,10.92,11.02,1749000000.0,0.0,216.0,1.548,1.548,1544000000.0,5918000000.0,14196000000.0,14196000000.0,0.0,0.049,0.182,0.07,0.197,0.0,2274000000.0,1.0,101769442.0,101769442.0,,139.492,28134000000.0,2350000000.0,539000000.0,2712000000.0,276.448,-1247000000.0
68,CAR,MRT,2004-06-30,2004-06-30,2004-06-30,2021-08-25,191000000.0,42403000000.0,40672000000.0,3922000000.0,38481000000.0,0.363,108.964,-2153000000.0,929000000.0,929000000.0,9173000000.0,1613000000.0,0.589,2.815,21770000000.0,1082000000.0,20688000000.0,21770000000.0,1136000000.0,814000000.0,0.0,0.006,1.4,2450000000.0,3264000000.0,0.221,3264000000.0,2450000000.0,2166000000.0,15.8,15.3,15.8,11114000000.0,10473000000.0,11114000000.0,44463969395.0,18.0,13.623,2013000000.0,19.736,1.0,5603000000.0,0.379,13459000000.0,284000000.0,43124000000.0,40887250000.0,0.0,7520000000.0,0.0,7520000000.0,31289000000.0,6661000000.0,24628000000.0,24968969395.0,-136000000.0,-5320000000.0,-875000000.0,4662000000.0,-144000000.0,-2050000000.0,-2915000000.0,-339000000.0,4166000000.0,52000000.0,1613000000.0,1613000000.0,1613000000.0,-565000000.0,0.0,0.109,3588000000.0,2015000000.0,4758000000.0,0.089,2.247,15.48,15.494,1760000000.0,0.0,244.8,1.69,1.69,1608000000.0,5418000000.0,14776000000.0,14776000000.0,0.0,0.04,0.154,0.06,0.166,0.0,2440000000.0,1.0,101997424.0,101997424.0,,144.866,28944000000.0,2461000000.0,553000000.0,2628000000.0,283.772,-2739000000.0
69,CAR,MRT,2004-03-31,2004-03-31,2004-03-31,2021-08-25,165000000.0,39757000000.0,39306750000.0,4296000000.0,35461000000.0,0.381,105.561,-1926000000.0,1037000000.0,1037000000.0,9019000000.0,1304000000.0,0.639,2.738,20532000000.0,1209000000.0,19323000000.0,20532000000.0,1175000000.0,1104000000.0,0.0,0.003,0.7,2134000000.0,3238000000.0,0.216,3238000000.0,2134000000.0,1839000000.0,12.8,12.4,12.8,10637000000.0,10138500000.0,10637000000.0,43212818034.0,20.0,13.346,2781000000.0,27.599,1.0,5944000000.0,0.397,13663000000.0,295000000.0,38871000000.0,39040250000.0,0.0,6121000000.0,0.0,6121000000.0,29120000000.0,6718000000.0,22402000000.0,24576818034.0,-7000000.0,-4923000000.0,-929000000.0,4116000000.0,-72000000.0,-2562000000.0,-2712000000.0,-779000000.0,4707000000.0,3000000.0,1304000000.0,1304000000.0,1304000000.0,-490000000.0,0.0,0.087,3978000000.0,1966000000.0,4659000000.0,0.055,2.311,18.847,19.055,1754000000.0,0.0,243.9,1.643,1.643,1685000000.0,4799000000.0,14963000000.0,14963000000.0,0.0,0.033,0.129,0.055,0.143,0.0,2477000000.0,1.0,100765962.0,100765962.0,,148.493,26094000000.0,1122000000.0,535000000.0,1068000000.0,258.956,-2422000000.0
70,CAR,MRT,2003-12-31,2003-12-31,2003-12-31,2021-08-25,209000000.0,39456000000.0,38409250000.0,5022000000.0,34434000000.0,0.401,100.532,-1185000000.0,1287000000.0,1287000000.0,8989000000.0,1172000000.0,0.696,2.874,20787000000.0,1629000000.0,19158000000.0,20787000000.0,1165000000.0,1381000000.0,0.0,0.0,0.0,2033000000.0,3414000000.0,0.221,3414000000.0,2033000000.0,1735000000.0,11.5,11.1,11.5,10186000000.0,9861500000.0,10186000000.0,43609207723.0,21.0,12.774,4342000000.0,42.854,1.0,6429000000.0,0.417,13027000000.0,298000000.0,38717000000.0,38208250000.0,0.0,6494000000.0,0.0,6494000000.0,29270000000.0,7212000000.0,22058000000.0,22564207723.0,661000000.0,-6021000000.0,-644000000.0,3258000000.0,0.0,-3135000000.0,-2239000000.0,296000000.0,5527000000.0,-6000000.0,1172000000.0,1172000000.0,1172000000.0,-301000000.0,0.0,0.076,4325000000.0,2104000000.0,4668000000.0,0.0,2.215,19.253,19.365,1763000000.0,0.0,222.7,1.463,1.463,1665000000.0,4430000000.0,15418000000.0,15418000000.0,0.0,0.031,0.119,0.053,0.132,0.0,2521000000.0,1.0,101321094.0,101321094.0,,152.17,26429000000.0,1494000000.0,563000000.0,1429000000.0,260.844,-2190000000.0
71,CAR,MRT,2003-09-30,2003-09-30,2003-09-30,2021-08-25,130000000.0,41072000000.0,37519500000.0,4229000000.0,36843000000.0,0.469,98.198,-3167000000.0,1417000000.0,1417000000.0,9139000000.0,1131000000.0,0.704,3.126,22462000000.0,705000000.0,21757000000.0,22462000000.0,1147000000.0,2447000000.0,0.0,0.0,0.0,2136000000.0,4583000000.0,0.261,4583000000.0,2136000000.0,1834000000.0,11.1,10.8,11.1,9955000000.0,9643750000.0,9955000000.0,36591420211.0,17.0,7.984,928000000.0,9.154,1.0,8452000000.0,0.48,13270000000.0,302000000.0,42837000000.0,37442000000.0,0.0,8804000000.0,0.0,8804000000.0,31117000000.0,6010000000.0,25107000000.0,18947420211.0,799000000.0,-1994000000.0,-534000000.0,6675000000.0,0.0,-9000000.0,-3388000000.0,-4781000000.0,4095000000.0,19000000.0,1131000000.0,1131000000.0,1131000000.0,220000000.0,0.0,0.064,5978000000.0,2474000000.0,4473000000.0,0.0,1.903,16.753,16.838,1742000000.0,0.0,186.9,1.077,1.077,1480000000.0,4142000000.0,17591000000.0,17591000000.0,0.0,0.03,0.117,0.057,0.121,0.0,2884000000.0,1.0,101377315.0,101377315.0,,173.52,27802000000.0,1189000000.0,703000000.0,1018000000.0,274.243,-1781000000.0
72,CAR,MRT,2003-06-30,2003-06-30,2003-06-30,2021-08-25,60000000.0,36942000000.0,35284000000.0,3714000000.0,33228000000.0,0.463,95.983,-3541000000.0,1248000000.0,1248000000.0,8526000000.0,1188000000.0,0.661,2.779,18892000000.0,711000000.0,18181000000.0,18892000000.0,927000000.0,2354000000.0,0.0,0.0,0.0,2056000000.0,4410000000.0,0.27,4410000000.0,2056000000.0,1760000000.0,11.6,11.3,11.6,9776000000.0,9439250000.0,9776000000.0,36024267824.0,18.0,8.169,383000000.0,3.76,1.0,7819000000.0,0.478,13231000000.0,296000000.0,35736000000.0,34251000000.0,0.0,4570000000.0,0.0,4570000000.0,27166000000.0,5619000000.0,21547000000.0,18659267824.0,141000000.0,-4084000000.0,-470000000.0,6367000000.0,0.0,-266000000.0,-3629000000.0,-1969000000.0,3924000000.0,37000000.0,1188000000.0,1188000000.0,1188000000.0,216000000.0,0.0,0.073,5718000000.0,2101000000.0,4298000000.0,0.0,1.909,15.706,15.793,1749000000.0,0.0,183.2,1.142,1.142,1510000000.0,3949000000.0,16345000000.0,16345000000.0,0.0,0.034,0.126,0.06,0.126,0.0,2721000000.0,1.0,101851899.0,101851899.0,,160.478,23711000000.0,1280000000.0,572000000.0,1022000000.0,232.799,-1905000000.0
73,CAR,MRT,2003-03-31,2003-03-31,2003-03-31,2021-08-25,4000000.0,36167000000.0,34080750000.0,3710000000.0,32457000000.0,0.456,92.504,-3432000000.0,1275000000.0,1275000000.0,7935000000.0,813000000.0,0.777,2.795,18640000000.0,52000000.0,18588000000.0,18640000000.0,961000000.0,2279000000.0,0.0,0.0,0.0,1596000000.0,3875000000.0,0.249,3875000000.0,1596000000.0,1321000000.0,7.9,7.7,7.9,9529000000.0,9235750000.0,9529000000.0,30643454683.0,19.0,7.908,-741000000.0,-7.193,1.0,7603000000.0,0.489,13213000000.0,275000000.0,35543000000.0,32809750000.0,0.0,4193000000.0,0.0,4193000000.0,26638000000.0,4776000000.0,21862000000.0,13082454683.0,-463000000.0,-5815000000.0,-292000000.0,6107000000.0,0.0,-346000000.0,-2951000000.0,326000000.0,2691000000.0,24000000.0,813000000.0,813000000.0,813000000.0,190000000.0,0.0,0.052,5701000000.0,1902000000.0,4077000000.0,0.0,1.373,16.092,16.076,1751000000.0,0.0,127.0,0.842,0.842,1558000000.0,3567000000.0,15538000000.0,15538000000.0,0.0,0.024,0.088,0.049,0.103,0.0,2632000000.0,1.0,103011454.0,103011454.0,,150.838,22954000000.0,1409000000.0,508000000.0,1018000000.0,222.83,-1066000000.0
74,CAR,MRT,2002-12-31,2002-12-31,2002-12-31,2021-08-25,-14000000.0,35897000000.0,32875500000.0,3332000000.0,32565000000.0,0.427,89.871,-3045000000.0,433000000.0,433000000.0,6751000000.0,846000000.0,0.667,2.854,18348000000.0,30000000.0,18318000000.0,18348000000.0,1000000000.0,2197000000.0,0.0,0.0,0.0,1624000000.0,3821000000.0,0.272,3821000000.0,1624000000.0,1362000000.0,8.3,8.0,8.3,9315000000.0,8743500000.0,9315000000.0,25535402048.0,16.0,6.683,-2092000000.0,-20.184,1.0,7274000000.0,0.519,13163000000.0,262000000.0,35652000000.0,31246750000.0,0.0,4332000000.0,0.0,4332000000.0,26582000000.0,4997000000.0,21585000000.0,10862402048.0,-1817000000.0,-6189000000.0,-166000000.0,4997000000.0,0.0,-1261000000.0,-1650000000.0,384000000.0,953000000.0,41000000.0,846000000.0,846000000.0,846000000.0,163000000.0,0.0,0.06,5423000000.0,1851000000.0,4287000000.0,0.0,1.166,12.84,12.627,1780000000.0,0.0,104.8,0.775,0.775,1457000000.0,3258000000.0,14025000000.0,14025000000.0,0.0,0.026,0.097,0.052,0.116,0.0,2486000000.0,1.0,103648874.0,103648874.0,,135.313,22734000000.0,1449000000.0,516000000.0,1017000000.0,219.337,-1665000000.0
75,CAR,MRT,2002-09-30,2002-09-30,2002-09-30,2021-08-25,-3000000.0,32130000000.0,32287250000.0,3070000000.0,29060000000.0,0.397,87.84,-1911000000.0,1093000000.0,1093000000.0,5620000000.0,292000000.0,0.711,2.516,15766000000.0,329000000.0,15437000000.0,15766000000.0,1006000000.0,2184000000.0,0.0,0.0,0.0,765000000.0,2949000000.0,0.23,2949000000.0,765000000.0,500000000.0,2.1,2.3,2.1,9137000000.0,8181750000.0,9137000000.0,25762416090.0,34.0,8.736,-956000000.0,-9.191,1.0,7193000000.0,0.561,12414000000.0,265000000.0,30073000000.0,29487500000.0,0.0,3863000000.0,0.0,3863000000.0,22993000000.0,4316000000.0,18677000000.0,11192416090.0,-2931000000.0,-6583000000.0,-171000000.0,5198000000.0,0.0,-1413000000.0,-2588000000.0,1089000000.0,955000000.0,0.0,292000000.0,292000000.0,292000000.0,-69000000.0,0.0,0.023,6131000000.0,1062000000.0,3288000000.0,0.0,1.225,38.33,51.238,1586000000.0,0.0,107.6,0.874,0.874,1377000000.0,3011000000.0,12813000000.0,12813000000.0,0.0,0.009,0.036,0.026,0.06,0.0,2526000000.0,1.0,104018737.0,104018737.0,,123.18,19716000000.0,1360000000.0,208000000.0,1014000000.0,189.543,-1246000000.0
76,CAR,MRT,2002-06-30,2002-06-30,2002-06-30,2021-08-25,-4000000.0,32129000000.0,31978500000.0,3607000000.0,28522000000.0,0.355,86.365,-1439000000.0,1005000000.0,1005000000.0,4363000000.0,252000000.0,0.827,2.585,15575000000.0,21000000.0,15554000000.0,15575000000.0,1054000000.0,2069000000.0,0.0,0.0,0.0,691000000.0,2760000000.0,0.243,2760000000.0,691000000.0,436000000.0,2.2,2.2,2.2,8962000000.0,7373750000.0,8962000000.0,30726551882.0,44.0,11.133,-561000000.0,-5.406,1.0,7000000000.0,0.616,12368000000.0,255000000.0,29971000000.0,29091250000.0,0.0,3692000000.0,0.0,3692000000.0,23167000000.0,4360000000.0,18807000000.0,16478551882.0,-1396000000.0,-6533000000.0,-130000000.0,6635000000.0,0.0,42000000.0,-2413000000.0,472000000.0,878000000.0,-21000000.0,252000000.0,252000000.0,252000000.0,-93000000.0,0.0,0.022,6024000000.0,976000000.0,3589000000.0,0.0,1.839,65.391,72.182,1589000000.0,0.0,158.8,1.45,1.45,1438000000.0,2761000000.0,11363000000.0,11363000000.0,0.0,0.008,0.034,0.024,0.061,0.0,2357000000.0,1.0,103769218.0,103769218.0,,109.503,19761000000.0,1218000000.0,184000000.0,1017000000.0,190.432,-753000000.0
77,CAR,MRT,2002-03-31,2002-03-31,2002-03-31,2021-08-25,-283000000.0,31346000000.0,31268000000.0,4287000000.0,27059000000.0,0.317,77.026,-1515000000.0,1138000000.0,1138000000.0,3217000000.0,487000000.0,0.834,3.146,15386000000.0,10000000.0,15376000000.0,15386000000.0,1134000000.0,2131000000.0,0.0,0.0,0.0,924000000.0,3055000000.0,0.309,3055000000.0,924000000.0,668000000.0,5.0,4.8,5.0,7560000000.0,6565500000.0,7560000000.0,31126635360.0,34.0,10.189,552000000.0,5.624,1.0,6681000000.0,0.675,11161000000.0,256000000.0,29291000000.0,29137000000.0,0.0,3612000000.0,0.0,3612000000.0,23786000000.0,5142000000.0,18644000000.0,18844635360.0,-962000000.0,-8242000000.0,-18000000.0,7742000000.0,0.0,1256000000.0,-4378000000.0,693000000.0,2067000000.0,-9000000.0,487000000.0,487000000.0,487000000.0,-91000000.0,0.0,0.049,5747000000.0,934000000.0,3104000000.0,0.0,2.493,38.695,38.4,1930000000.0,0.0,192.0,1.904,1.904,1430000000.0,2754000000.0,9898000000.0,9898000000.0,0.0,0.016,0.074,0.032,0.093,0.0,2241000000.0,1.0,98149142.0,98149142.0,,100.847,20185000000.0,1375000000.0,181000000.0,1028000000.0,205.656,-855000000.0
78,CAR,MRT,2001-12-31,2001-12-31,2001-12-31,2021-08-25,-264000000.0,33544000000.0,30330000000.0,7717000000.0,25827000000.0,0.287,72.013,-1331000000.0,3014000000.0,3014000000.0,2738000000.0,385000000.0,0.991,3.746,15976000000.0,401000000.0,15575000000.0,15976000000.0,1197000000.0,1880000000.0,0.0,0.0,0.0,857000000.0,2737000000.0,0.315,2737000000.0,857000000.0,605000000.0,4.2,4.1,4.2,7068000000.0,6011250000.0,7068000000.0,31529046844.0,37.0,11.52,1413000000.0,14.396,1.0,5955000000.0,0.685,10100000000.0,252000000.0,28615000000.0,28873000000.0,0.0,3396000000.0,0.0,3396000000.0,26476000000.0,7791000000.0,18685000000.0,19247046844.0,1086000000.0,-8954000000.0,623000000.0,10513000000.0,0.0,4642000000.0,-6413000000.0,617000000.0,2744000000.0,-8000000.0,385000000.0,385000000.0,385000000.0,-81000000.0,0.0,0.044,5457000000.0,498000000.0,3468000000.0,0.0,2.723,49.992,46.69,1394000000.0,0.0,196.1,2.214,2.214,1313000000.0,2412000000.0,8693000000.0,8693000000.0,0.0,0.013,0.064,0.03,0.099,0.0,2079000000.0,1.0,98149142.0,98149142.0,,88.569,23444000000.0,1594000000.0,220000000.0,1050000000.0,238.861,-74000000.0
79,CAR,MRT,2001-09-30,2001-09-30,2001-09-30,2021-08-25,-230000000.0,30895000000.0,25732250000.0,7411000000.0,23484000000.0,0.273,68.818,-1533000000.0,3201000000.0,3201000000.0,1960000000.0,836000000.0,1.097,4.232,15483000000.0,221000000.0,15262000000.0,15483000000.0,984000000.0,1446000000.0,0.0,0.0,0.0,1575000000.0,3021000000.0,0.43,3021000000.0,1575000000.0,1330000000.0,10.2,9.5,10.2,5905000000.0,4937750000.0,5905000000.0,23932205171.0,15.0,7.922,1374000000.0,16.013,1.0,5064000000.0,0.721,7931000000.0,245000000.0,28488000000.0,24499000000.0,0.0,3055000000.0,0.0,3055000000.0,24990000000.0,6758000000.0,18232000000.0,10983205171.0,2028000000.0,-8527000000.0,676000000.0,12042000000.0,0.0,4618000000.0,-5639000000.0,-2453000000.0,2907000000.0,-27000000.0,836000000.0,836000000.0,836000000.0,-137000000.0,0.0,0.119,3922000000.0,1142000000.0,2703000000.0,0.0,1.86,13.138,12.549,1654000000.0,0.0,128.0,1.564,1.564,1196000000.0,2719000000.0,7024000000.0,7024000000.0,0.0,0.032,0.169,0.064,0.224,0.0,1937000000.0,1.0,85806290.0,85806290.0,,81.859,22964000000.0,1174000000.0,494000000.0,1030000000.0,267.626,653000000.0
80,CAR,MRT,2001-06-30,2001-06-30,2001-06-30,2021-08-25,-233000000.0,29287000000.0,21655000000.0,4363000000.0,24924000000.0,0.271,67.256,-1288000000.0,1913000000.0,1913000000.0,1560000000.0,840000000.0,1.023,4.112,14862000000.0,504000000.0,14358000000.0,14862000000.0,1011000000.0,1131000000.0,0.0,0.0,0.0,1563000000.0,2694000000.0,0.46,2694000000.0,1563000000.0,1338000000.0,10.7,10.1,10.7,5729000000.0,4134000000.0,5729000000.0,28268427795.0,18.0,10.493,1059000000.0,12.432,1.0,4300000000.0,0.734,7818000000.0,225000000.0,30154000000.0,19407000000.0,0.0,2988000000.0,0.0,2988000000.0,23558000000.0,4264000000.0,19294000000.0,16610427795.0,750000000.0,-8713000000.0,708000000.0,10446000000.0,0.0,3093000000.0,-4824000000.0,-2067000000.0,2347000000.0,-32000000.0,840000000.0,840000000.0,840000000.0,-113000000.0,0.0,0.143,3150000000.0,1150000000.0,2749000000.0,0.0,2.899,19.774,18.224,1617000000.0,0.0,195.0,2.835,2.835,1392000000.0,2508000000.0,5860000000.0,5860000000.0,0.0,0.039,0.203,0.081,0.267,0.0,1810000000.0,1.0,85181681.0,85181681.0,,68.794,21469000000.0,1268000000.0,498000000.0,1030000000.0,252.038,99000000.0
81,CAR,MRT,2001-03-31,2001-03-31,2001-03-31,2021-08-25,-234000000.0,27594000000.0,18114500000.0,4502000000.0,23092000000.0,0.258,63.246,-362000000.0,2092000000.0,2092000000.0,1236000000.0,773000000.0,1.185,4.165,13759000000.0,267000000.0,13492000000.0,13759000000.0,1046000000.0,644000000.0,0.0,0.0,0.0,1428000000.0,2072000000.0,0.443,2072000000.0,1428000000.0,1242000000.0,10.3,9.8,10.3,5343000000.0,3323250000.0,5343000000.0,15346579666.0,11.0,7.407,1070000000.0,12.666,1.0,3442000000.0,0.736,7228000000.0,186000000.0,28235000000.0,13900000000.0,0.0,2584000000.0,0.0,2584000000.0,22251000000.0,3798000000.0,18453000000.0,12325579666.0,1158000000.0,-8358000000.0,568000000.0,9527000000.0,0.0,2147000000.0,-2498000000.0,-1320000000.0,1432000000.0,-12000000.0,773000000.0,773000000.0,773000000.0,-91000000.0,0.0,0.165,2410000000.0,1032000000.0,2258000000.0,0.0,2.307,15.945,14.165,1508000000.0,0.0,145.9,2.635,2.635,1380000000.0,2266000000.0,4678000000.0,4678000000.0,0.0,0.043,0.233,0.103,0.305,0.0,1646000000.0,1.0,84479641.0,84479641.0,,55.374,20366000000.0,1358000000.0,469000000.0,1257000000.0,241.076,704000000.0
82,CAR,MRT,2000-12-31,2000-12-31,2000-12-31,2021-08-25,-234000000.0,15153000000.0,14976500000.0,3933000000.0,11220000000.0,0.288,38.054,-192000000.0,856000000.0,856000000.0,1176000000.0,602000000.0,1.553,4.463,3988000000.0,0.0,3988000000.0,3988000000.0,1418000000.0,474000000.0,0.0,0.0,0.0,1095000000.0,1569000000.0,0.363,1569000000.0,1095000000.0,943000000.0,8.4,8.1,8.4,2774000000.0,2633250000.0,2774000000.0,10014580664.0,9.0,6.383,1144000000.0,15.694,1.0,3144000000.0,0.728,4633000000.0,152000000.0,11119000000.0,8878000000.0,0.0,2532000000.0,0.0,2532000000.0,12379000000.0,2533000000.0,9846000000.0,7012580664.0,-206000000.0,-7739000000.0,222000000.0,6838000000.0,0.0,-483000000.0,-1142000000.0,-918000000.0,1336000000.0,-6000000.0,602000000.0,602000000.0,602000000.0,-91000000.0,0.0,0.139,1991000000.0,1153000000.0,1350000000.0,0.0,2.528,11.649,11.452,735000000.0,0.0,96.2,1.623,1.623,746000000.0,2027000000.0,4320000000.0,4320000000.0,0.0,0.04,0.229,0.123,0.253,0.0,1559000000.0,1.0,72895849.0,72895849.0,,59.263,10520000000.0,1365000000.0,341000000.0,476000000.0,144.315,1400000000.0
83,CAR,MRT,2000-09-30,2000-09-30,2000-09-30,2021-08-25,-204000000.0,14586000000.0,14975500000.0,3905000000.0,10681000000.0,0.389,37.042,-206000000.0,1215000000.0,1215000000.0,1463000000.0,-1023000000.0,0.884,4.422,4217000000.0,0.0,4217000000.0,4217000000.0,710000000.0,480000000.0,0.0,0.0,0.0,-1421000000.0,-941000000.0,-0.162,-941000000.0,-1421000000.0,-1555000000.0,-12.8,-12.0,-12.8,2690000000.0,2491250000.0,2690000000.0,11100753868.0,-8.0,-11.797,1282000000.0,17.654,1.0,4355000000.0,0.749,5050000000.0,134000000.0,8120000000.0,8146000000.0,0.0,2824000000.0,0.0,2824000000.0,11896000000.0,4418000000.0,7478000000.0,7893753868.0,558000000.0,-6972000000.0,144000000.0,5773000000.0,0.0,-1382000000.0,264000000.0,519000000.0,1488000000.0,29000000.0,-1023000000.0,-1023000000.0,-1023000000.0,-72000000.0,0.0,-0.176,6018000000.0,-1663000000.0,1076000000.0,0.0,2.934,-7.716,-8.492,1242000000.0,0.0,108.7,1.357,1.357,751000000.0,1883000000.0,5818000000.0,5818000000.0,0.0,-0.068,-0.411,-0.174,-0.244,0.0,1919000000.0,1.0,72619631.0,72619631.0,,80.116,9536000000.0,1293000000.0,-532000000.0,321000000.0,131.314,-513000000.0
84,CAR,MRT,2000-06-30,2000-06-30,2000-06-30,2021-08-25,-173000000.0,15125000000.0,15057200000.0,4317000000.0,10808000000.0,0.382,34.478,-224000000.0,1234000000.0,1234000000.0,1495000000.0,-1035000000.0,0.87,5.084,4441000000.0,0.0,4441000000.0,4441000000.0,1505000000.0,445000000.0,0.0,0.0,0.0,-1355000000.0,-910000000.0,-0.158,-910000000.0,-1355000000.0,-1502000000.0,-13.0,-12.3,-13.0,2486000000.0,2781075000.0,2486000000.0,13558630812.0,-10.0,-14.9,1656000000.0,22.967,1.0,4252000000.0,0.74,5242000000.0,147000000.0,8126000000.0,9176800000.0,0.0,2762000000.0,0.0,2762000000.0,12639000000.0,4964000000.0,7675000000.0,10094630812.0,-1855000000.0,-7081000000.0,-1158000000.0,4249000000.0,0.0,-4180000000.0,374000000.0,718000000.0,1880000000.0,-8000000.0,-1035000000.0,-1035000000.0,-1035000000.0,-41000000.0,0.0,-0.18,5905000000.0,-1653000000.0,1043000000.0,0.0,4.061,-9.753,-10.769,1314000000.0,0.0,140.0,1.757,1.757,882000000.0,1669000000.0,5747000000.0,5747000000.0,0.0,-0.069,-0.372,-0.148,-0.236,0.0,1831000000.0,1.0,72104506.0,72104506.0,,79.704,9883000000.0,1413000000.0,-467000000.0,317000000.0,137.065,-647000000.0
85,CAR,MRT,2000-03-31,2000-03-31,2000-03-31,2021-08-25,-75000000.0,15042000000.0,15643925000.0,4294000000.0,10748000000.0,0.384,35.594,-615000000.0,948000000.0,948000000.0,1589000000.0,-348000000.0,0.851,4.823,4412000000.0,0.0,4412000000.0,4412000000.0,1528000000.0,743000000.0,0.0,0.0,0.0,-596000000.0,147000000.0,0.024,147000000.0,-596000000.0,-775000000.0,-4.3,-4.2,-4.3,2583000000.0,3365625000.0,2583000000.0,17558184545.0,-29.0,119.443,1401000000.0,19.306,1.0,4412000000.0,0.735,5311000000.0,179000000.0,8147000000.0,10611975000.0,0.0,2422000000.0,0.0,2422000000.0,12459000000.0,5048000000.0,7411000000.0,13563184545.0,401000000.0,-5205000000.0,-1293000000.0,5467000000.0,0.0,-3173000000.0,1465000000.0,213000000.0,2016000000.0,14000000.0,-348000000.0,-348000000.0,-348000000.0,-29000000.0,0.0,-0.058,6046000000.0,-1634000000.0,1106000000.0,0.0,5.251,-38.975,-43.465,1332000000.0,0.0,186.9,2.26,2.26,1054000000.0,1494000000.0,6001000000.0,6001000000.0,0.0,-0.022,-0.103,-0.056,-0.099,0.0,1937000000.0,1.0,72569206.0,72569206.0,,82.693,9731000000.0,1405000000.0,-427000000.0,312000000.0,134.093,-754000000.0
86,CAR,MRT,1999-12-31,1999-12-31,1999-12-31,2021-08-25,-42000000.0,15149000000.0,16602625000.0,4592000000.0,10557000000.0,0.347,31.026,-1013000000.0,1164000000.0,1164000000.0,1572000000.0,-55000000.0,0.819,5.867,5159000000.0,400000000.0,4759000000.0,5159000000.0,1452000000.0,1036000000.0,0.0,0.0,0.0,-276000000.0,760000000.0,0.132,760000000.0,-276000000.0,-477000000.0,-0.7,-0.7,-0.7,2206000000.0,3743225000.0,2206000000.0,24399228967.0,-88.0,32.104,1930000000.0,27.144,1.0,4183000000.0,0.727,5343000000.0,201000000.0,8191000000.0,13354350000.0,0.0,2196000000.0,0.0,2196000000.0,12943000000.0,5610000000.0,7333000000.0,18884828967.0,129000000.0,-4304000000.0,-2736000000.0,5636000000.0,0.0,-4788000000.0,1859000000.0,51000000.0,2943000000.0,36000000.0,-55000000.0,-55000000.0,-55000000.0,-252000000.0,0.0,-0.01,5759000000.0,-1576000000.0,1319000000.0,0.0,8.561,-343.361,-379.429,1347000000.0,0.0,265.6,3.281,3.281,1026000000.0,1425000000.0,5755000000.0,5755000000.0,0.0,-0.003,-0.015,-0.021,-0.048,0.0,1715000000.0,1.0,71102519.0,71102519.0,,80.939,9806000000.0,1427000000.0,-422000000.0,616000000.0,137.914,-1018000000.0
87,CAR,MRT,1999-09-30,1999-09-30,1999-09-30,2021-08-25,-15100000.0,14912800000.0,17869625000.0,3488800000.0,11424000000.0,0.368,53.438,-1392100000.0,623500000.0,623500000.0,1808100000.0,1529100000.0,1.392,2.874,6137900000.0,0.0,6137900000.0,6137900000.0,1658800000.0,1323800000.0,0.0,0.0,0.0,1958200000.0,3282000000.0,0.499,3282000000.0,1958200000.0,1764100000.0,19.7,18.5,19.7,3849300000.0,4400725000.0,3849300000.0,17608283592.0,9.0,5.365,667800000.0,9.271,1.0,4773800000.0,0.725,5677900000.0,194100000.0,12243200000.0,16444850000.0,0.0,2754700000.0,0.0,2754700000.0,11063500000.0,2506100000.0,8557400000.0,12785883592.0,-985200000.0,-4577300000.0,-2882400000.0,5430500000.0,0.0,-3999600000.0,941400000.0,749900000.0,2059900000.0,25700000.0,1529100000.0,1529100000.0,1529100000.0,-555000000.0,0.0,0.232,4139900000.0,633900000.0,1276100000.0,0.0,3.322,8.362,9.01,1352000000.0,0.0,177.5,1.943,1.943,1301600000.0,2906200000.0,6581900000.0,6581900000.0,0.0,0.086,0.347,0.119,0.298,0.0,1684400000.0,1.0,72033147.0,72033147.0,,91.373,9234900000.0,0.0,235000000.0,439100000.0,128.203,982700000.0
88,CAR,MRT,1999-06-30,1999-06-30,1999-06-30,2021-08-25,-95100000.0,17471900000.0,19160025000.0,4130600000.0,13341300000.0,0.359,62.81,-1534000000.0,3062700000.0,3062700000.0,1991000000.0,1438100000.0,1.537,2.622,7885700000.0,0.0,7885700000.0,7885700000.0,1707100000.0,1648900000.0,0.0,0.0,0.0,1754400000.0,3403300000.0,0.494,3403300000.0,1754400000.0,1580300000.0,18.2,17.2,18.2,4824200000.0,4615275000.0,4824200000.0,24909650356.0,14.0,7.319,762800000.0,9.931,1.0,4894700000.0,0.711,5740500000.0,174100000.0,13866700000.0,17650375000.0,0.0,2995900000.0,0.0,2995900000.0,12647700000.0,2687700000.0,9960000000.0,15745350355.0,1534700000.0,-4060700000.0,-1581300000.0,6494700000.0,0.0,-1664300000.0,749700000.0,117300000.0,2296800000.0,66500000.0,1438100000.0,1438100000.0,1438100000.0,-573900000.0,0.0,0.209,4402000000.0,492700000.0,1245100000.0,0.0,3.264,10.949,11.264,1314000000.0,0.0,205.0,2.287,2.287,1196100000.0,2704500000.0,6885700000.0,6885700000.0,0.0,0.075,0.312,0.099,0.255,0.0,1873200000.0,1.0,76806587.0,76806587.0,,89.65,11731400000.0,222700000.0,142200000.0,252800000.0,152.74,1442900000.0
89,CAR,MRT,1999-03-31,1999-03-31,1999-03-31,2021-08-25,-120200000.0,18876800000.0,19912775000.0,3585700000.0,15291100000.0,0.34,51.536,-1643300000.0,520500000.0,520500000.0,1992500000.0,729100000.0,1.221,3.612,9685000000.0,0.0,9685000000.0,9685000000.0,1576800000.0,1643700000.0,0.0,0.0,0.0,968600000.0,2612300000.0,0.386,2612300000.0,968600000.0,825600000.0,8.8,8.5,8.8,4093400000.0,4545825000.0,4093400000.0,21911844225.0,23.0,8.388,-82500000.0,-1.039,1.0,4780100000.0,0.706,5987000000.0,143000000.0,19116500000.0,18940925000.0,0.0,2699100000.0,0.0,2699100000.0,14783400000.0,2937800000.0,11845600000.0,12660844225.0,368700000.0,-7368000000.0,-1373200000.0,9385800000.0,0.0,1418900000.0,-2686800000.0,51700000.0,1560800000.0,31300000.0,729100000.0,729100000.0,729100000.0,-584000000.0,0.0,0.108,4334400000.0,445700000.0,1595700000.0,0.0,3.093,17.365,18.114,5284600000.0,0.0,159.4,1.869,1.869,1613500000.0,1842200000.0,6772600000.0,6772600000.0,0.0,0.037,0.16,0.051,0.143,0.0,1840300000.0,1.0,79428132.0,79428132.0,,85.267,12889800000.0,308700000.0,96500000.0,366600000.0,162.283,647900000.0
90,CAR,MRT,1998-12-31,1998-12-31,1998-12-31,2021-08-25,-49000000.0,20217000000.0,19138200000.0,4547000000.0,15670000000.0,0.344,56.689,-1632000000.0,1009000000.0,1009000000.0,1870000000.0,540000000.0,1.583,3.181,10260000000.0,0.0,10260000000.0,10260000000.0,1588000000.0,1583000000.0,0.0,0.0,0.0,758000000.0,2341000000.0,0.356,2341000000.0,758000000.0,644000000.0,6.4,6.1,6.4,4836000000.0,4588325000.0,4836000000.0,25068743653.0,33.0,10.709,-824000000.0,-9.659,1.0,4715000000.0,0.716,6043000000.0,114000000.0,20553000000.0,17963850000.0,0.0,3052000000.0,0.0,3052000000.0,15381000000.0,2872000000.0,12509000000.0,16472943653.0,942000000.0,-9022000000.0,-87000000.0,9954000000.0,0.0,4690000000.0,-4352000000.0,-24000000.0,808000000.0,-16000000.0,540000000.0,540000000.0,540000000.0,-380000000.0,0.0,0.082,4286000000.0,429000000.0,1518000000.0,0.0,3.406,30.505,30.172,5234000000.0,0.0,193.1,2.502,2.502,1535000000.0,1480000000.0,6585000000.0,6585000000.0,0.0,0.028,0.118,0.042,0.115,0.0,1824000000.0,1.0,85307839.0,85307839.0,,77.191,14174000000.0,467000000.0,104000000.0,341000000.0,166.151,1675000000.0
91,CAR,MRT,1998-09-30,1998-09-30,1998-09-30,2021-08-25,-6700000.0,20074400000.0,17602300000.0,4763800000.0,15310600000.0,0.282,54.867,-1615800000.0,1611200000.0,1611200000.0,1720800000.0,267800000.0,0.853,3.264,10207000000.0,2702700000.0,7504300000.0,10207000000.0,1620000000.0,1558500000.0,0.0,0.0,0.0,580900000.0,2139400000.0,0.431,2139400000.0,580900000.0,493400000.0,3.1,2.8,3.1,4707500000.0,4359675000.0,4707500000.0,19294051547.0,33.0,9.018,-755700000.0,-8.808,1.0,3244500000.0,0.653,6020700000.0,87500000.0,17065300000.0,16442725000.0,0.0,2934200000.0,0.0,2934200000.0,15366900000.0,5584200000.0,9782700000.0,9978351547.0,1473800000.0,-14648600000.0,172800000.0,10109900000.0,0.0,4866000000.0,-3866600000.0,5861800000.0,860100000.0,5700000.0,267800000.0,267800000.0,267800000.0,38800000.0,0.0,0.054,2616600000.0,627900000.0,1489300000.0,0.0,2.12,37.26,37.516,5036200000.0,0.0,116.3,2.01,2.01,1327800000.0,1377500000.0,4965300000.0,4965300000.0,0.0,0.015,0.061,0.035,0.117,0.0,1803400000.0,1.0,85798380.0,85798380.0,,57.872,14053700000.0,330900000.0,225600000.0,257900000.0,163.799,-820400000.0
92,CAR,MRT,1998-06-30,1998-06-30,1998-06-30,2021-08-25,-48100000.0,20482900000.0,,4646100000.0,15836800000.0,,53.409,-1658200000.0,1528300000.0,1528300000.0,1499200000.0,359400000.0,0.997,3.505,10826900000.0,1850000000.0,8976900000.0,10826900000.0,1576400000.0,1475100000.0,0.0,0.0,0.0,719400000.0,2194500000.0,0.468,2194500000.0,719400000.0,649400000.0,4.3,3.8,4.3,4546400000.0,,4546400000.0,24094233880.0,33.0,10.979,-1623900000.0,-19.077,1.0,3194800000.0,0.681,6090800000.0,70000000.0,19028900000.0,,0.0,3234500000.0,0.0,3234500000.0,15936500000.0,4661800000.0,11274700000.0,17450333880.0,1441700000.0,-12886700000.0,217800000.0,11274900000.0,0.0,6054200000.0,-4196900000.0,3869100000.0,34300000.0,-20200000.0,359400000.0,359400000.0,359400000.0,27100000.0,0.0,0.077,2454600000.0,740200000.0,1443200000.0,0.0,3.838,48.554,47.674,5157700000.0,0.0,205.0,3.718,3.718,1341600000.0,1266500000.0,4694000000.0,4694000000.0,0.0,,,,0.153,0.0,1747700000.0,1.0,85123580.0,85123580.0,,55.143,14392100000.0,331400000.0,290000000.0,259000000.0,169.073,-15700000.0
93,CAR,MRT,1998-03-31,1998-03-31,1998-03-31,2021-08-25,-48800000.0,15778500000.0,,2992800000.0,12785700000.0,,52.557,-1516700000.0,152300000.0,152300000.0,1344500000.0,122400000.0,1.239,2.701,6853800000.0,0.0,6853800000.0,6853800000.0,1360000000.0,1365700000.0,0.0,0.0,0.0,403700000.0,1769400000.0,0.401,1769400000.0,403700000.0,343800000.0,1.4,0.9,1.4,4263400000.0,,4263400000.0,40336926857.0,100.0,22.797,-524000000.0,-6.46,1.0,3071200000.0,0.696,4855500000.0,59900000.0,15208200000.0,,0.0,2204700000.0,0.0,2204700000.0,11515100000.0,2416300000.0,9098800000.0,33535526857.0,40200000.0,-9544100000.0,240800000.0,7180600000.0,0.0,1999300000.0,-2487500000.0,2036400000.0,992700000.0,-54800000.0,122400000.0,122400000.0,122400000.0,39800000.0,0.0,0.028,2648900000.0,422300000.0,1296500000.0,0.0,7.866,273.983,283.929,3812600000.0,0.0,397.5,7.595,7.302,1248100000.0,1113500000.0,4415700000.0,4415700000.0,0.0,,,,0.091,0.0,1695200000.0,1.0,84366105.0,81120000.0,,54.434,10923000000.0,317700000.0,221400000.0,298500000.0,134.652,576500000.0
94,CAR,MRT,1997-12-31,1997-12-31,1997-12-31,2021-08-25,-38200000.0,14073400000.0,13417950000.0,2633600000.0,11439800000.0,0.316,48.341,-1449000000.0,67000000.0,67000000.0,1322000000.0,-217000000.0,1.039,2.589,6848600000.0,0.0,6848600000.0,6848600000.0,1334100000.0,1360000000.0,0.0,0.0,0.0,25000000.0,1385000000.0,0.327,1385000000.0,25000000.0,-26000000.0,-2.7,-2.7,-2.7,3921400000.0,3938550000.0,3921400000.0,,,,-236000000.0,-2.909,1.0,2918000000.0,0.688,3852100000.0,51000000.0,14468500000.0,13383500000.0,0.0,2009300000.0,0.0,2009300000.0,10152000000.0,2534400000.0,7617600000.0,29005067002.0,-381000000.0,-7188000000.0,-39000000.0,7810000000.0,0.0,901000000.0,-2329000000.0,-225000000.0,1213000000.0,15000000.0,-217000000.0,-217000000.0,-217000000.0,26000000.0,0.0,-0.051,2610000000.0,308000000.0,1492400000.0,0.0,7.397,-133.664,-127.333,4203800000.0,0.0,343.8,6.841,6.578,1170700000.0,940600000.0,4240000000.0,4240000000.0,0.0,-0.016,-0.055,0.002,0.006,0.0,1668000000.0,1.0,84366105.0,81120000.0,85170000.0,52.268,10221300000.0,311900000.0,191000000.0,366600000.0,126.002,99200000.0
95,CAR,MRT,1997-09-30,1997-09-30,1997-09-30,2021-08-25,,,,,,,,,,,,,,,,,,,,,,0.0,0.0,,,,,,,,,,,,,,,,,,1.0,,,,,,,,,,,,,,,,,,,,,,,,,,,,,,,,,,,,,,,,310.0,,,,,,,,,,,,,,1.0,,,,,,,,,,
96,CAR,MRT,1997-06-30,1997-06-30,1997-06-30,2021-08-25,,,,,,,,,,,,,,,,,,,,,,0.0,0.0,,,,,,,,,,,,,,,,,,1.0,,,,,,,,,,,,,,,,,,,,,,,,,,,,,,,,,,,,,,,,258.1,,,,,,,,,,,,,,1.0,,,,,,,,,,
97,CAR,MRT,1997-03-31,1997-03-31,1997-03-31,2021-08-25,,,,,,,,,,,,,,,,,,,,,,0.0,0.0,,,,,,,,,,,,,,,,,,1.0,,,,,,,,,,,,,,,,,,,,,,,,,,,,,,,,,,,,,,,,225.0,,,,,,,,,,,,,,1.0,,79940400.0,,,,,,,,
98,CAR,MRT,1996-12-31,1996-12-31,1996-12-31,2021-08-25,-6400000.0,12762500000.0,,2494100000.0,10268400000.0,,52.435,-1243700000.0,448100000.0,448100000.0,1183200000.0,330000000.0,1.146,2.226,5870700000.0,0.0,5870700000.0,5870700000.0,900900000.0,1167300000.0,0.0,0.0,0.0,564500000.0,1731800000.0,0.535,1731800000.0,564500000.0,550200000.0,4.4,4.1,4.4,3955700000.0,,3955700000.0,,,,249700000.0,3.31,1.0,2054500000.0,0.635,3710700000.0,14300000.0,12298500000.0,,0.0,1537200000.0,0.0,1537200000.0,8806800000.0,2175900000.0,6630900000.0,,223000000.0,-5916600000.0,1204600000.0,5046400000.0,0.0,1780800000.0,-3090800000.0,-65900000.0,1493400000.0,-46200000.0,330000000.0,330000000.0,330000000.0,-16700000.0,0.0,0.102,1506700000.0,547800000.0,1602900000.0,0.0,,,55.114,3418700000.0,0.0,242.5,,5.65,994100000.0,1186700000.0,3237700000.0,3237700000.0,0.0,,,,0.174,0.0,1251800000.0,1.0,,75440000.0,81860000.0,42.918,9051800000.0,136900000.0,220200000.0,344300000.0,119.987,318200000.0
99,CAR,MRT,1995-12-31,1995-12-31,1995-12-31,2021-08-25,,,,,,,,-1422500000.0,,,1024900000.0,229800000.0,,,,,,,,1061300000.0,,0.0,0.0,389600000.0,1450900000.0,0.555,1450900000.0,389600000.0,373000000.0,3.3,3.1,3.3,,,,,,,-278200000.0,-4.149,1.0,1591200000.0,0.608,,16600000.0,,,,,,,,,,,21200000.0,-313800000.0,90100000.0,595200000.0,-39100000.0,661200000.0,-1789000000.0,79100000.0,1144300000.0,6500000.0,229800000.0,229800000.0,229800000.0,-22700000.0,0.0,0.088,1224300000.0,366900000.0,,0.0,,,68.949,,0.0,227.533,,5.832,,,2616100000.0,2616100000.0,0.0,,,,0.149,0.0,1026900000.0,1.0,,67050000.0,74180000.0,39.017,,,143200000.0,,,
