None,ticker,dimension,calendardate,datekey,reportperiod,lastupdated,accoci,assets,assetsavg,assetsc,assetsnc,assetturnover,bvps,capex,cashneq,cashnequsd,cor,consolinc,currentratio,de,debt,debtc,debtnc,debtusd,deferredrev,depamor,deposits,divyield,dps,ebit,ebitda,ebitdamargin,ebitdausd,ebitusd,ebt,eps,epsdil,epsusd,equity,equityavg,equityusd,ev,evebit,evebitda,fcf,fcfps,fxusd,gp,grossmargin,intangibles,intexp,invcap,invcapavg,inventory,investments,investmentsc,investmentsnc,liabilities,liabilitiesc,liabilitiesnc,marketcap,ncf,ncfbus,ncfcommon,ncfdebt,ncfdiv,ncff,ncfi,ncfinv,ncfo,ncfx,netinc,netinccmn,netinccmnusd,netincdis,netincnci,netmargin,opex,opinc,payables,payoutratio,pb,pe,pe1,ppnenet,prefdivis,price,ps,ps1,receivables,retearn,revenue,revenueusd,rnd,roa,roe,roic,ros,sbcomp,sgna,sharefactor,sharesbas,shareswa,shareswadil,sps,tangibles,taxassets,taxexp,taxliabilities,tbvps,workingcapital
0,MUR,MRY,2020-12-31,2020-12-31,2020-12-31,2021-08-25,-601333000.0,10620852000.0,10762504500.0,1000292000.0,9620560000.0,0.183,27.454,-859020000.0,310606000.0,310606000.0,772475000.0,-1262445000.0,1.396,1.478,3936913000.0,103758000.0,3833155000.0,3936913000.0,0.0,987239000.0,0.0,0.052,0.625,-1273095000.0,-285856000.0,-0.145,-285856000.0,-1273095000.0,-1442518000.0,-7.48,-7.48,-7.48,4214337000.0,4503116750.0,4214337000.0,5412649362.0,-4.0,-18.935,-57514000.0,-0.375,1.0,1194866000.0,0.607,0.0,169423000.0,13530838000.0,13588982500.0,66076000.0,0.0,0.0,0.0,6226705000.0,716321000.0,5510384000.0,1858543362.0,3846000.0,0.0,0.0,186467000.0,-95989000.0,39711000.0,-859020000.0,0.0,801506000.0,2009000.0,-1148777000.0,-1148777000.0,-1148777000.0,7151000.0,-113668000.0,-0.584,2557175000.0,-1362309000.0,407097000.0,-0.084,0.441,-1.618,-1.618,9196696000.0,0.0,12.1,0.945,0.944,262014000.0,5369538000.0,1967341000.0,1967341000.0,86479000.0,-0.107,-0.255,-0.094,-0.647,46558000.0,140243000.0,1.0,153598625.0,153507000,153507000.0,12.816,10620852000.0,395253000.0,-293741000.0,220857000.0,69.188,283971000.0
1,MUR,MRY,2019-12-31,2019-12-31,2019-12-31,2021-08-25,-574161000.0,11718504000.0,12255328000.0,974327000.0,10744177000.0,0.231,33.34,-2536204000.0,306760000.0,306760000.0,781495000.0,1253302000.0,1.033,1.082,3416991000.0,92286000.0,3324705000.0,3416991000.0,0.0,1147842000.0,0.0,0.037,1.0,1383690000.0,2531532000.0,0.895,2531532000.0,1383690000.0,1164415000.0,7.01,6.98,7.01,5467460000.0,5208224750.0,5467460000.0,7132370911.0,5.0,2.817,-973316000.0,-5.935,1.0,2047558000.0,0.724,0.0,219275000.0,13885946000.0,14434789250.0,76123000.0,0.0,0.0,0.0,5913893000.0,942789000.0,4971104000.0,4213764911.0,-53163000.0,0.0,-499924000.0,-304626000.0,-163669000.0,-1129994000.0,-2536204000.0,0.0,1562888000.0,3533000.0,1149732000.0,1149732000.0,1149732000.0,-1064487000.0,103570000.0,0.406,1602265000.0,445293000.0,602096000.0,0.143,0.771,3.665,3.823,10568036000.0,0.0,26.8,1.489,1.554,426684000.0,6614304000.0,2829053000.0,2829053000.0,95105000.0,0.094,0.221,0.096,0.489,76958000.0,232736000.0,1.0,157230034.0,163992000,164812000.0,17.251,11718504000.0,129287000.0,14683000.0,244860000.0,71.458,31538000.0
2,MUR,MRY,2018-12-31,2018-12-31,2018-12-31,2021-08-25,-609787000.0,11052587000.0,10240716500.0,879814000.0,10172773000.0,0.175,27.919,-1804740000.0,359923000.0,359923000.0,428875000.0,419486000.0,1.04,1.212,3109986000.0,668000.0,3109318000.0,3109986000.0,0.0,775614000.0,0.0,0.043,1.0,465317000.0,1240931000.0,0.693,1240931000.0,465317000.0,284958000.0,2.38,2.36,2.38,4829299000.0,4740043000.0,4829299000.0,6014406313.0,13.0,4.847,-648488000.0,-3.749,1.0,1362526000.0,0.761,0.0,180359000.0,12956592000.0,11540963250.0,80024000.0,0.0,0.0,0.0,5854945000.0,846058000.0,5008887000.0,4047785313.0,-270510000.0,0.0,0.0,324682000.0,-173044000.0,143562000.0,-1804740000.0,0.0,1156252000.0,28730000.0,411094000.0,411094000.0,411094000.0,-250348000.0,8392000.0,0.229,1146939000.0,215587000.0,348026000.0,0.42,0.838,9.846,9.828,8432133000.0,0.0,23.39,2.26,2.258,231686000.0,5513529000.0,1791401000.0,1791401000.0,101812000.0,0.04,0.087,0.04,0.26,72151000.0,205192000.0,1.0,173056234.0,172974000,174209000.0,10.356,11052587000.0,146197000.0,-126136000.0,162852000.0,63.897,33756000.0
3,MUR,MRY,2017-12-31,2017-12-31,2017-12-31,2021-08-25,-462243000.0,9860942000.0,10115622250.0,1371603000.0,8489339000.0,0.143,26.78,-840524000.0,964988000.0,964988000.0,299420000.0,-311789000.0,1.644,1.134,2916422000.0,9902000.0,2906520000.0,2916422000.0,0.0,751878000.0,0.0,0.032,1.0,136605000.0,888483000.0,0.615,888483000.0,136605000.0,-41658000.0,-1.81,-1.81,-1.81,4620191000.0,4884124000.0,4620191000.0,7279246707.0,53.0,8.193,300055000.0,1.739,1.0,1144568000.0,0.793,0.0,178263000.0,10978169000.0,10954681500.0,105127000.0,0.0,0.0,0.0,5240751000.0,834207000.0,4406544000.0,5358387707.0,19683000.0,0.0,0.0,-8403000.0,-172565000.0,-188084000.0,-732357000.0,108167000.0,1140579000.0,1327000.0,-311789000.0,-311789000.0,-311789000.0,-241226000.0,0.0,-0.216,1170887000.0,-26319000.0,595916000.0,-0.552,1.16,-17.186,-17.155,8220031000.0,0.0,31.05,3.711,3.71,243472000.0,5245242000.0,1443988000.0,1443988000.0,120389000.0,-0.031,-0.064,0.012,0.095,44119000.0,207391000.0,1.0,172572873.0,172524000,172524000.0,8.37,9860942000.0,211543000.0,270131000.0,227276000.0,57.157,537396000.0
4,MUR,MRY,2016-12-31,2016-12-31,2016-12-31,2021-08-25,-628212000.0,10295860000.0,10516301000.0,1559183000.0,8736677000.0,0.172,28.557,228196000.0,872797000.0,872797000.0,559360000.0,-275970000.0,1.038,1.094,2992567000.0,569817000.0,2422750000.0,2992567000.0,0.0,1054081000.0,0.0,0.039,1.2,-346972000.0,707109000.0,0.39,707109000.0,-346972000.0,-495142000.0,-1.6,-1.6,-1.6,4916679000.0,5094762000.0,4916679000.0,7601827335.0,-22.0,10.751,828991000.0,4.815,1.0,1251878000.0,0.691,0.0,148170000.0,10913198000.0,11736155750.0,127071000.0,111542000.0,111542000.0,0.0,5379181000.0,1502432000.0,3876749000.0,5360588335.0,589614000.0,0.0,0.0,-69003000.0,-206635000.0,-290881000.0,286087000.0,65121000.0,600795000.0,-6387000.0,-275970000.0,-275970000.0,-275970000.0,2027000.0,0.0,-0.152,1640781000.0,-388903000.0,784975000.0,-0.75,1.09,-19.425,-19.456,8316188000.0,0.0,31.13,2.96,2.959,357099000.0,5729596000.0,1811238000.0,1811238000.0,101861000.0,-0.026,-0.054,-0.03,-0.192,0.0,246277000.0,1.0,172200075.0,172173000,172173000.0,10.52,10295860000.0,365935000.0,-219172000.0,111168000.0,59.8,56751000.0
5,MUR,MRY,2015-12-31,2015-12-31,2015-12-31,2021-08-25,-704542000.0,11493812000.0,13608143750.0,1397233000.0,10096579000.0,0.216,30.437,-2125825000.0,283183000.0,283183000.0,832306000.0,-2270833000.0,0.834,1.166,3059475000.0,18881000.0,3040594000.0,3059475000.0,0.0,1619824000.0,0.0,0.062,1.4,-3179948000.0,-1560124000.0,-0.53,-1560124000.0,-3179948000.0,-3297323000.0,-13.03,-13.03,-13.03,5306728000.0,6851426500.0,5306728000.0,6323150256.0,-2.0,-4.053,-957461000.0,-5.492,1.0,2108965000.0,0.717,0.0,117375000.0,12595475000.0,14090889000.0,166788000.0,173288000.0,173288000.0,0.0,6187084000.0,1674629000.0,4512455000.0,3861955256.0,-910125000.0,0.0,-250000000.0,139566000.0,-244998000.0,-364561000.0,-1922121000.0,217352000.0,1168364000.0,10294000.0,-2270833000.0,-2270833000.0,-2270833000.0,15061000.0,0.0,-0.772,5365661000.0,-3256696000.0,1529848000.0,-0.107,0.728,-1.701,-1.723,9818365000.0,0.0,22.45,1.313,1.331,522672000.0,6212201000.0,2941271000.0,2941271000.0,470924000.0,-0.167,-0.331,-0.226,-1.081,0.0,306663000.0,1.0,172024733.0,174351000,174351000.0,16.87,11493812000.0,0.0,-1026490000.0,283128000.0,65.923,-277396000.0
6,MUR,MRY,2014-12-31,2014-12-31,2014-12-31,2021-08-25,-170255000.0,16723738000.0,17498644000.0,3279149000.0,13444589000.0,0.313,47.936,-2212418000.0,1193308000.0,1193308000.0,1089888000.0,905611000.0,1.042,0.951,2983057000.0,465388000.0,2517669000.0,2983057000.0,0.0,1906247000.0,0.0,0.026,1.325,1269332000.0,3175579000.0,0.58,3175579000.0,1269332000.0,1132908000.0,5.06,5.03,5.06,8573434000.0,8419729250.0,8573434000.0,12318882881.0,10.0,3.879,796658000.0,4.454,1.0,4386196000.0,0.801,0.0,136424000.0,15365600000.0,17325471000.0,242733000.0,461313000.0,461313000.0,0.0,8150304000.0,3147887000.0,5002417000.0,8967035881.0,443153000.0,0.0,-375000000.0,74735000.0,-236371000.0,-544710000.0,-2317818000.0,-86471000.0,3009076000.0,-3726000.0,905611000.0,905611000.0,905611000.0,119362000.0,0.0,0.165,3018107000.0,1368089000.0,2275830000.0,0.262,1.046,9.902,9.984,13331047000.0,0.0,50.52,1.637,1.65,873277000.0,8728032000.0,5476084000.0,5476084000.0,513600000.0,0.052,0.108,0.073,0.232,0.0,364004000.0,1.0,177494772.0,178852942,180070984.0,30.618,16723738000.0,55107000.0,227297000.0,1305375000.0,93.506,131262000.0
7,MUR,MRY,2013-12-31,2013-12-31,2013-12-31,2021-08-25,172119000.0,17509484000.0,17894307500.0,3508643000.0,14000841000.0,0.301,45.741,-3588694000.0,750155000.0,750155000.0,1252812000.0,1123473000.0,1.088,1.037,2962812000.0,26249000.0,2936563000.0,2962812000.0,0.0,1553394000.0,0.0,0.019,1.25,1832446000.0,3385840000.0,0.628,3385840000.0,1832446000.0,1708023000.0,5.98,5.94,5.98,8595730000.0,8946610500.0,8595730000.0,13702486737.0,7.0,4.047,49793000.0,0.265,1.0,4137277000.0,0.768,40259000.0,124423000.0,16457851000.0,16310832750.0,294195000.0,374842000.0,374842000.0,0.0,8913754000.0,3224031000.0,5689723000.0,12131431737.0,-197161000.0,0.0,-496591000.0,350000000.0,-235108000.0,193595000.0,-3847642000.0,-259239000.0,3638487000.0,3238000.0,1123473000.0,1123473000.0,1123473000.0,-235336000.0,0.0,0.208,2592690000.0,1544587000.0,2158485000.0,0.209,1.411,10.798,10.849,13481055000.0,0.0,64.88,2.251,2.262,999872000.0,8058792000.0,5390089000.0,5390089000.0,502215000.0,0.063,0.126,0.112,0.34,0.0,379167000.0,1.0,186982610.0,187921062,189271398.0,28.683,17469225000.0,61991000.0,584550000.0,1722999000.0,92.96,284612000.0
8,MUR,MRY,2012-12-31,2012-12-31,2012-12-31,2021-08-25,408901000.0,17522643000.0,16012549000.0,4108583000.0,13414060000.0,0.288,46.116,-3541625000.0,947316000.0,947316000.0,1079136000.0,970876000.0,1.205,0.96,2245247000.0,46000.0,2245201000.0,2245247000.0,0.0,1253095000.0,0.0,0.062,3.675,1586497000.0,2839592000.0,0.615,2839592000.0,1586497000.0,1532392000.0,5.01,4.99,5.01,8942035000.0,9245626000.0,8942035000.0,11940763724.0,8.0,4.205,-485344000.0,-2.503,1.0,3540466000.0,0.766,43103000.0,54105000.0,15368390000.0,13224283250.0,752310000.0,115603000.0,115603000.0,0.0,8580608000.0,3409081000.0,5171527000.0,11572832724.0,433443000.0,0.0,-237676000.0,1645467000.0,-714429000.0,685709000.0,-3124882000.0,416490000.0,3056281000.0,8875000.0,970876000.0,970876000.0,970876000.0,-164382000.0,0.0,0.21,2157524000.0,1382942000.0,2803268000.0,0.734,1.294,11.92,11.886,13011606000.0,0.0,59.55,2.505,2.5,1853364000.0,7717389000.0,4619602000.0,4619602000.0,380924000.0,0.061,0.105,0.12,0.343,0.0,249532000.0,1.0,194338081.0,193902335,194668737.0,23.824,17479540000.0,89040000.0,561516000.0,1939756000.0,90.146,699502000.0
9,MUR,MRY,2011-12-31,2011-12-31,2011-12-31,2021-08-25,310420000.0,14138138000.0,15020094250.0,3447671000.0,10690467000.0,0.285,45.388,-2410774000.0,513873000.0,513873000.0,1010121000.0,872702000.0,1.22,0.611,599558000.0,350005000.0,249553000.0,599558000.0,0.0,964725000.0,0.0,0.02,1.1,1557210000.0,2521935000.0,0.589,2521935000.0,1557210000.0,1501379000.0,4.51,4.49,4.51,8778397000.0,8756788000.0,8778397000.0,10832446319.0,7.0,4.295,-265389000.0,-1.372,1.0,3268561000.0,0.764,41863000.0,55831000.0,11357032000.0,12061495750.0,666638000.0,532093000.0,532093000.0,0.0,5359741000.0,2824928000.0,2534813000.0,10786911319.0,-21952000.0,0.0,15551000.0,-340041000.0,-212752000.0,-548323000.0,-1614354000.0,1034475000.0,2145385000.0,-4660000.0,872702000.0,872702000.0,872702000.0,-333504000.0,0.0,0.204,2059986000.0,1208575000.0,1941008000.0,0.244,1.229,12.36,12.359,10475149000.0,0.0,55.74,2.521,2.52,1554184000.0,7460942000.0,4278682000.0,4278682000.0,489346000.0,0.058,0.1,0.129,0.364,0.0,208819000.0,1.0,193521911.0,193409621,194512402.0,22.122,14096275000.0,87486000.0,628677000.0,1624002000.0,72.883,622743000.0
10,MUR,MRY,2010-12-31,2010-12-31,2010-12-31,2021-08-25,449428000.0,14233243000.0,13670755750.0,3550693000.0,10682550000.0,1.466,42.744,-2287715000.0,535825000.0,535825000.0,17002941000.0,798081000.0,1.211,0.736,939391000.0,41000.0,939350000.0,939391000.0,0.0,1092107000.0,0.0,0.014,1.05,1427825000.0,2519932000.0,0.126,2519932000.0,1427825000.0,1374653000.0,4.16,4.13,4.16,8199550000.0,7846755500.0,8199550000.0,14902897318.0,10.0,5.914,840843000.0,4.383,1.0,3033209000.0,0.151,42850000.0,53172000.0,11663049000.0,11596428500.0,762213000.0,616558000.0,616558000.0,0.0,6033693000.0,2930910000.0,3102783000.0,14340940318.0,234681000.0,0.0,42995000.0,-414038000.0,-201405000.0,-565946000.0,-2328812000.0,162467000.0,3128558000.0,881000.0,798081000.0,798081000.0,798081000.0,-49001000.0,0.0,0.04,1672829000.0,1360380000.0,2237920000.0,0.252,1.749,17.969,17.921,10367847000.0,0.0,74.55,0.716,0.714,1467311000.0,6800992000.0,20036150000.0,20036150000.0,276089000.0,0.058,0.102,0.123,0.071,0.0,256471000.0,1.0,192366738.0,191830357,193157814.0,104.447,14190393000.0,80545000.0,576572000.0,1795244000.0,73.974,619783000.0
11,MUR,MRY,2009-12-31,2009-12-31,2009-12-31,2021-08-25,287187000.0,12756359000.0,12052387250.0,3375695000.0,9380664000.0,1.402,38.508,-1893750000.0,301144000.0,301144000.0,14171963000.0,837621000.0,1.547,0.736,1353221000.0,38000.0,1353183000.0,1353221000.0,0.0,870999000.0,0.0,0.018,1.0,1412185000.0,2283184000.0,0.135,2283184000.0,1412185000.0,1359180000.0,4.39,4.35,4.39,7346026000.0,6818822500.0,7346026000.0,11513350332.0,8.0,5.043,-29117000.0,-0.153,1.0,2723243000.0,0.161,40652000.0,53005000.0,11586176000.0,11022158500.0,733982000.0,779025000.0,779025000.0,0.0,5410333000.0,2181608000.0,3228725000.0,10348539332.0,-364966000.0,0.0,12746000.0,240928000.0,-190788000.0,67029000.0,-2331907000.0,-279777000.0,1864633000.0,35279000.0,837621000.0,837621000.0,837621000.0,-123767000.0,0.0,0.05,1463439000.0,1259804000.0,1539523000.0,0.228,1.409,12.355,12.346,9065088000.0,0.0,54.2,0.613,0.612,1463297000.0,6204316000.0,16895206000.0,16895206000.0,265172000.0,0.069,0.123,0.128,0.084,0.0,212376000.0,1.0,190932460.0,190767077,192468450.0,88.565,12715707000.0,15029000.0,521559000.0,1571865000.0,66.656,1194087000.0
12,MUR,MRY,2008-12-31,2008-12-31,2008-12-31,2021-08-25,-87697000.0,11149098000.0,11617964250.0,2846964000.0,8302134000.0,2.361,33.115,-1874654000.0,666110000.0,666110000.0,23307169000.0,1739986000.0,1.508,0.776,1028794000.0,2572000.0,1026222000.0,1028794000.0,0.0,667265000.0,0.0,0.02,0.875,2887213000.0,3554478000.0,0.13,3554478000.0,2887213000.0,2813602000.0,9.18,9.06,9.18,6278945000.0,6076897500.0,6278945000.0,8689012179.0,3.0,2.445,1165258000.0,6.146,1.0,4125162000.0,0.15,37370000.0,73611000.0,9586266000.0,9774569000.0,604173000.0,420340000.0,420340000.0,0.0,4870153000.0,1888146000.0,2982007000.0,8447996179.0,-7597000.0,0.0,29687000.0,-492847000.0,-166501000.0,-609373000.0,-2323199000.0,-420340000.0,3039912000.0,-114937000.0,1739986000.0,1739986000.0,1739986000.0,4763000.0,0.0,0.063,1264645000.0,2860517000.0,1174623000.0,0.095,1.345,4.855,4.831,7727718000.0,0.0,44.35,0.308,0.307,1033996000.0,5557483000.0,27432331000.0,27432331000.0,344406000.0,0.15,0.286,0.295,0.105,0.0,228490000.0,1.0,190484694.0,189608846,192133672.0,144.679,11111728000.0,29801000.0,1073616000.0,1481541000.0,58.603,958818000.0
13,MUR,MRY,2007-12-31,2007-12-31,2007-12-31,2021-08-25,351765000.0,10535849000.0,9182985750.0,2886792000.0,7649057000.0,1.994,26.944,-1901816000.0,673707000.0,673707000.0,16160476000.0,766529000.0,1.369,1.08,1528925000.0,12769000.0,1516156000.0,1528925000.0,0.0,450624000.0,0.0,0.008,0.675,1291118000.0,1741742000.0,0.095,1741742000.0,1291118000.0,1216453000.0,4.08,4.01,4.08,5066174000.0,4690598500.0,5066174000.0,16779617299.0,13.0,9.634,-161396000.0,-0.858,1.0,2152488000.0,0.118,51450000.0,74665000.0,9230355000.0,8074390750.0,626647000.0,0.0,0.0,0.0,5469675000.0,2109262000.0,3360413000.0,16056620299.0,130317000.0,-348292000.0,41624000.0,680466000.0,-127353000.0,624782000.0,-2286513000.0,0.0,1740420000.0,51628000.0,766529000.0,766529000.0,766529000.0,-27449000.0,0.0,0.042,938700000.0,1213788000.0,1662401000.0,0.165,3.169,20.947,20.794,7109822000.0,0.0,84.84,0.877,0.871,1420601000.0,3983998000.0,18312964000.0,18312964000.0,202808000.0,0.083,0.163,0.16,0.071,0.0,228316000.0,1.0,189257665.0,188027557,191140737.0,97.395,10484399000.0,86252000.0,449924000.0,1225502000.0,55.76,777530000.0
14,MUR,MRY,2006-12-31,2006-12-31,2006-12-31,2021-08-25,131999000.0,7483161000.0,7109633750.0,2107091000.0,5376070000.0,2.012,22.145,-1180603000.0,543390000.0,543390000.0,12307448000.0,644669000.0,1.607,0.816,847400000.0,7125000.0,840275000.0,847400000.0,0.0,384063000.0,0.0,0.01,0.525,1090947000.0,1475010000.0,0.103,1475010000.0,1090947000.0,1038398000.0,3.46,3.41,3.46,4121273000.0,3899559250.0,4121273000.0,9836712299.0,9.0,6.669,-205125000.0,-1.102,1.0,1999939000.0,0.14,44057000.0,52549000.0,6432009000.0,6012017250.0,411077000.0,0.0,0.0,0.0,3361888000.0,1311105000.0,2050783000.0,9511872299.0,-41943000.0,0.0,24864000.0,232977000.0,-98162000.0,171435000.0,-1191442000.0,0.0,975478000.0,2586000.0,644669000.0,644669000.0,644669000.0,0.0,0.0,0.045,952009000.0,1047930000.0,1008597000.0,0.152,2.308,14.755,14.697,5106282000.0,0.0,50.85,0.665,0.661,995089000.0,3349832000.0,14307387000.0,14307387000.0,219238000.0,0.091,0.165,0.181,0.076,0.0,228543000.0,1.0,187057469.0,186105086,189158411.0,76.878,7439104000.0,20861000.0,393729000.0,835767000.0,39.973,795986000.0
15,MUR,MRY,2005-12-31,2005-12-31,2005-12-31,2021-08-25,131324000.0,6368511000.0,5988643500.0,1838946000.0,4529565000.0,1.983,18.774,-1097258000.0,585333000.0,585333000.0,9618714000.0,854742000.0,1.429,0.84,614064000.0,4490000.0,609574000.0,614064000.0,0.0,396875000.0,0.0,0.008,0.45,1440968000.0,1837843000.0,0.155,1837843000.0,1440968000.0,1393664000.0,4.64,4.55,4.64,3460990000.0,3134973000.0,3460990000.0,10116478965.0,7.0,5.505,151673000.0,0.823,1.0,2258437000.0,0.19,44206000.0,47304000.0,5066028000.0,4791302500.0,314955000.0,0.0,0.0,0.0,2907521000.0,1287008000.0,1620513000.0,10016814965.0,49808000.0,0.0,26513000.0,-50579000.0,-83198000.0,-108317000.0,-1089309000.0,17892000.0,1248931000.0,-1497000.0,854742000.0,854742000.0,854742000.0,-8549000.0,0.0,0.072,864557000.0,1393880000.0,987236000.0,0.097,2.894,11.719,11.636,4374229000.0,0.0,53.99,0.843,0.838,865155000.0,2744274000.0,11877151000.0,11877151000.0,232400000.0,0.143,0.273,0.301,0.121,0.0,158808000.0,1.0,185530931.0,184354552,187889378.0,64.426,6324305000.0,40264000.0,538922000.0,833718000.0,34.305,551938000.0
16,MUR,MRY,2004-12-31,2004-12-31,2004-12-31,2021-08-25,134509000.0,5458243000.0,5298833500.0,1629363000.0,3828880000.0,1.578,14.4,-878045000.0,535525000.0,535525000.0,6889470000.0,701315000.0,1.352,1.06,664082000.0,50727000.0,613355000.0,664082000.0,0.0,321446000.0,0.0,0.011,0.425,1066080000.0,1387526000.0,0.166,1387526000.0,1066080000.0,1009856000.0,3.81,3.75,3.81,2649156000.0,2379110250.0,2649156000.0,7536603822.0,7.0,5.432,218973000.0,1.19,1.0,1470369000.0,0.176,43582000.0,56224000.0,4338227000.0,4477025750.0,295845000.0,17892000.0,17892000.0,0.0,2809087000.0,1204991000.0,1604096000.0,7402104822.0,283100000.0,0.0,3156000.0,-494977000.0,-78205000.0,-570026000.0,-323534000.0,565081000.0,1097018000.0,79642000.0,701315000.0,701315000.0,701315000.0,-204920000.0,0.0,0.084,631369000.0,839000000.0,709378000.0,0.112,2.794,10.555,10.558,3685594000.0,0.0,40.225,0.885,0.885,702933000.0,1981020000.0,8359839000.0,8359839000.0,164227000.0,0.132,0.295,0.238,0.128,0.0,132329000.0,1.0,184017522.0,183972642,186887022.0,45.441,5414661000.0,31397000.0,308541000.0,966437000.0,29.432,424372000.0
17,MUR,MRY,2003-12-31,2003-12-31,2003-12-31,2021-08-25,65246000.0,4712647000.0,4517521000.0,1038855000.0,3673792000.0,1.143,10.62,-680250000.0,252425000.0,252425000.0,4260860000.0,294197000.0,1.282,1.416,1157531000.0,67224000.0,1090307000.0,1157531000.0,0.0,258857000.0,0.0,0.012,0.4,447743000.0,706600000.0,0.137,706600000.0,447743000.0,389992000.0,1.6,1.59,1.6,1950883000.0,1858693000.0,1950883000.0,6882644115.0,15.0,9.741,-27972000.0,-0.152,1.0,903797000.0,0.175,64873000.0,57751000.0,4742554000.0,4470200000.0,270510000.0,0.0,0.0,0.0,2761764000.0,810326000.0,1951438000.0,5999111115.0,87468000.0,0.0,3598000.0,232932000.0,-73464000.0,161533000.0,-747847000.0,0.0,652278000.0,21504000.0,294197000.0,294197000.0,294197000.0,-22780000.0,0.0,0.057,509081000.0,394716000.0,471692000.0,0.25,3.075,20.391,20.409,3530800000.0,0.0,32.655,1.162,1.161,450201000.0,1357910000.0,5164657000.0,5164657000.0,112638000.0,0.065,0.158,0.1,0.087,0.0,119538000.0,1.0,183711870.0,183692642,185485532.0,28.116,4647774000.0,20940000.0,95795000.0,625451000.0,25.302,228529000.0
18,MUR,MRY,2002-12-31,2002-12-31,2002-12-31,2021-08-25,-66790000.0,3885775000.0,3720853250.0,854160000.0,3031615000.0,1.02,8.713,-697800000.0,164957000.0,164957000.0,3202883000.0,111508000.0,1.19,1.438,919912000.0,57104000.0,862808000.0,919912000.0,0.0,197537000.0,0.0,0.018,0.388,197299000.0,394836000.0,0.104,394836000.0,197299000.0,145795000.0,0.61,0.605,0.61,1593553000.0,1554900000.0,1593553000.0,4731605651.0,24.0,11.984,-164956000.0,-0.902,1.0,594034000.0,0.156,51037000.0,51504000.0,3871801000.0,3735927750.0,201344000.0,0.0,0.0,0.0,2292222000.0,717892000.0,1574330000.0,3926812651.0,82305000.0,0.0,25131000.0,349815000.0,-70898000.0,301270000.0,-761446000.0,7182000.0,532844000.0,9637000.0,111508000.0,111508000.0,111508000.0,-24229000.0,0.0,0.029,445500000.0,148534000.0,447740000.0,0.636,2.464,35.216,35.123,2886599000.0,0.0,21.425,1.034,1.032,408782000.0,1137177000.0,3796917000.0,3796917000.0,123920000.0,0.03,0.072,0.053,0.052,0.0,92403000.0,1.0,183281804.0,182901672,184269934.0,20.759,3834738000.0,19115000.0,34287000.0,487100000.0,20.966,136268000.0
19,MUR,MRY,2001-12-31,2001-12-31,2001-12-31,2021-08-25,-83309000.0,3259099000.0,3260337500.0,598661000.0,2660438000.0,1.186,8.282,-637180000.0,82652000.0,82652000.0,2849886000.0,330903000.0,1.069,1.175,569035000.0,48250000.0,520785000.0,569035000.0,0.0,229741000.0,0.0,0.018,0.375,543865000.0,773606000.0,0.2,773606000.0,543865000.0,504576000.0,1.83,1.815,1.83,1498163000.0,1446144000.0,1498163000.0,4176528850.0,8.0,5.399,-1476000.0,-0.008,1.0,1016082000.0,0.263,50412000.0,39289000.0,3135013000.0,2953829500.0,173148000.0,0.0,0.0,0.0,1760936000.0,560057000.0,1200879000.0,3807806850.0,-50049000.0,0.0,18864000.0,10528000.0,-67826000.0,-41484000.0,-641938000.0,0.0,635704000.0,-2331000.0,330903000.0,330903000.0,330903000.0,-2473000.0,0.0,0.086,494973000.0,521109000.0,325323000.0,0.205,2.542,11.507,11.481,2525807000.0,0.0,21.01,0.985,0.983,262022000.0,1096567000.0,3865968000.0,3865968000.0,156919000.0,0.101,0.229,0.184,0.141,0.0,97835000.0,1.0,181237832.0,180885888,182363996.0,21.372,3208687000.0,19777000.0,173673000.0,438090000.0,17.739,38604000.0
20,MUR,MRY,2000-12-31,2000-12-31,2000-12-31,2021-08-25,-38266000.0,3134353000.0,2768238750.0,816937000.0,2317416000.0,1.321,6.993,-491626000.0,132701000.0,132701000.0,2737413000.0,296828000.0,1.096,1.488,562001000.0,37242000.0,524759000.0,562001000.0,0.0,210906000.0,0.0,0.024,0.363,482749000.0,693655000.0,0.19,693655000.0,482749000.0,452813000.0,1.65,1.64,1.65,1259560000.0,1165718250.0,1259560000.0,2954548864.0,6.0,4.259,256125000.0,1.422,1.0,920773000.0,0.252,48396000.0,29936000.0,2770030000.0,2448201750.0,164755000.0,0.0,0.0,0.0,1874793000.0,745227000.0,1129566000.0,2723003864.0,98569000.0,-127476000.0,3769000.0,44539000.0,-65294000.0,-24880000.0,-618711000.0,0.0,747751000.0,-5591000.0,296828000.0,296828000.0,296828000.0,-7035000.0,0.0,0.081,449925000.0,470848000.0,528416000.0,0.22,2.162,9.174,9.158,2184719000.0,0.0,15.11,0.744,0.744,469616000.0,833490000.0,3658186000.0,3658186000.0,125629000.0,0.107,0.255,0.197,0.132,0.0,85474000.0,1.0,180212036.0,180126660,180958824.0,20.309,3085957000.0,25916000.0,155985000.0,363573000.0,17.132,71710000.0
21,MUR,MRY,1999-12-31,1999-12-31,1999-12-31,2021-08-25,-4984000.0,2445508000.0,2334256750.0,593112000.0,1852396000.0,1.181,5.877,-318567000.0,34132000.0,34132000.0,2198701000.0,119707000.0,1.216,1.313,393235000.0,71000.0,393164000.0,393235000.0,0.0,205077000.0,0.0,0.024,0.35,206641000.0,411718000.0,0.149,411718000.0,206641000.0,178502000.0,0.665,0.665,0.665,1057172000.0,994204750.0,1057172000.0,2963885866.0,14.0,7.199,23144000.0,0.129,1.0,557740000.0,0.202,0.0,28139000.0,2316976000.0,2310375000.0,151643000.0,0.0,0.0,0.0,1388336000.0,487635000.0,900701000.0,2580615866.0,5861000.0,0.0,2269000.0,51850000.0,-62950000.0,-12842000.0,-322099000.0,0.0,341711000.0,-909000.0,119707000.0,119707000.0,119707000.0,0.0,0.0,0.043,358964000.0,198776000.0,334420000.0,0.526,2.441,21.558,21.571,1782741000.0,0.0,14.345,0.936,0.936,357472000.0,601956000.0,2756441000.0,2756441000.0,70557000.0,0.051,0.12,0.089,0.075,0.0,81817000.0,1.0,179896540.0,179881828,180120900.0,15.324,2445508000.0,21720000.0,58795000.0,192404000.0,13.595,105477000.0
22,MUR,MRY,1998-12-31,1998-12-31,1998-12-31,2021-08-25,-23520000.0,2164419000.0,2224967750.0,437366000.0,1727053000.0,1.055,5.44,-355712000.0,28271000.0,28271000.0,1927325000.0,-14394000.0,1.149,1.213,341385000.0,7912000.0,333473000.0,341385000.0,0.0,203163000.0,0.0,0.034,0.35,9813000.0,212976000.0,0.091,212976000.0,9813000.0,-8277000.0,-0.08,-0.08,-0.08,978233000.0,1051518250.0,978233000.0,2101412972.0,214.0,9.867,-58245000.0,-0.324,1.0,419697000.0,0.179,0.0,18090000.0,2096783000.0,2081955000.0,129777000.0,0.0,0.0,0.0,1186186000.0,380750000.0,805436000.0,1854841972.0,3983000.0,0.0,0.0,127130000.0,-62939000.0,64743000.0,-357479000.0,0.0,297467000.0,-748000.0,-14394000.0,-14394000.0,-14394000.0,0.0,0.0,-0.006,417490000.0,2207000.0,248967000.0,-4.375,1.896,-128.862,-128.906,1662362000.0,0.0,10.312,0.79,0.79,233906000.0,545199000.0,2347022000.0,2347022000.0,65582000.0,-0.006,-0.014,0.005,0.004,0.0,61363000.0,1.0,179863464.0,179822716,179822716.0,13.052,2164419000.0,13120000.0,6117000.0,147494000.0,12.036,56616000.0
23,MUR,MRY,1997-12-31,1997-12-31,1997-12-31,2021-08-25,891000.0,2238319000.0,2241052500.0,517752000.0,1720567000.0,0.954,6.012,-424255000.0,24288000.0,24288000.0,1527301000.0,132406000.0,1.103,1.074,214255000.0,8402000.0,205853000.0,214255000.0,0.0,209419000.0,0.0,0.139,1.886,224367000.0,433786000.0,0.203,433786000.0,224367000.0,211650000.0,0.738,0.735,0.738,1079351000.0,1053414500.0,1079351000.0,,,,-22412000.0,-0.125,1.0,610466000.0,0.286,0.0,12717000.0,1958867000.0,1877184000.0,158416000.0,0.0,0.0,0.0,1158968000.0,469419000.0,689549000.0,2436204548.0,-85419000.0,0.0,0.0,-1208000.0,-60573000.0,-61589000.0,-423582000.0,0.0,401843000.0,-2091000.0,132406000.0,132406000.0,132406000.0,0.0,0.0,0.062,398195000.0,212271000.0,329094000.0,2.556,2.257,18.4,18.357,1655838000.0,0.0,13.547,1.14,1.138,272447000.0,622532000.0,2137767000.0,2137767000.0,94792000.0,0.059,0.126,0.12,0.105,0.0,65928000.0,1.0,179826872.0,179524900,179843628.0,11.908,2238319000.0,15278000.0,79244000.0,162017000.0,12.468,48333000.0
24,MUR,MRY,1996-12-31,1996-12-31,1996-12-31,2021-08-25,22573000.0,2243786000.0,,610169000.0,1633617000.0,,5.726,-362520000.0,109707000.0,109707000.0,1483914000.0,137855000.0,1.101,1.184,215463000.0,13635000.0,201828000.0,215463000.0,0.0,182381000.0,0.0,0.023,0.325,241374000.0,423755000.0,0.21,423755000.0,241374000.0,228254000.0,0.767,0.767,0.767,1027478000.0,,1027478000.0,,,,128118000.0,0.714,1.0,538262000.0,0.266,0.0,13120000.0,1795501000.0,,131355000.0,0.0,0.0,0.0,1216308000.0,554041000.0,662267000.0,,65256000.0,0.0,0.0,11685000.0,-58294000.0,-46609000.0,-381050000.0,0.0,490638000.0,2277000.0,137855000.0,137855000.0,137855000.0,-11899000.0,0.0,0.068,318989000.0,219273000.0,406583000.0,0.424,,,18.129,1556830000.0,0.0,13.905,,1.234,319661000.0,550699000.0,2022176000.0,2022176000.0,70206000.0,,,,0.119,0.0,66402000.0,1.0,,179432460,179618544.0,11.27,2243786000.0,19626000.0,90399000.0,164712000.0,12.505,56128000.0
25,MUR,MRY,1995-12-31,1995-12-31,1995-12-31,2021-08-25,,,,,,,,-278870000.0,,,1218083000.0,-118612000.0,,,,,,,,221871000.0,,0.031,0.325,-124993000.0,96878000.0,0.059,96878000.0,-124993000.0,-139421000.0,-0.662,-0.662,-0.662,,,,,,,44069000.0,0.246,1.0,413697000.0,0.254,,14428000.0,,,,,,,,,,,-8860000.0,0.0,0.0,23881000.0,-58257000.0,-34376000.0,-297624000.0,0.0,322939000.0,201000.0,-118612000.0,-118612000.0,-118612000.0,-9307000.0,0.0,-0.073,557012000.0,-143315000.0,,-0.491,,,-15.672,,0.0,10.375,,1.14,,,1631780000.0,1631780000.0,65755000.0,,,,-0.077,0.0,63788000.0,1.0,,179329852,179329852.0,9.099,,,-20809000.0,,,
0,MUR,MRQ,2021-06-30,2021-06-30,2021-06-30,2021-08-25,-553519000.0,10604190000.0,,918606000.0,9685584000.0,,25.134,-203429000.0,418100000.0,418100000.0,176109000.0,-27040000.0,0.721,1.691,3757793000.0,168229000.0,3589564000.0,3757793000.0,0.0,227288000.0,0.0,0.021,0.125,-30885000.0,196403000.0,0.357,196403000.0,-30885000.0,-74259000.0,-0.41,-0.41,-0.41,3880600000.0,,3880600000.0,7051896623.0,-9.0,57.018,245087000.0,1.587,1.0,373534000.0,0.68,0.0,43374000.0,12670597000.0,,57116000.0,0.0,0.0,0.0,6562362000.0,1273286000.0,5289076000.0,3594427623.0,187230000.0,0.0,0.0,-199000.0,-19303000.0,-58835000.0,-203429000.0,0.0,448516000.0,978000.0,-63082000.0,-63082000.0,-63082000.0,102000.0,36042000.0,-0.115,363750000.0,9784000.0,744067000.0,-0.305,0.926,-4.692,-4.665,9198339000.0,0.0,23.28,2.137,2.137,366542000.0,4980428000.0,549643000.0,549643000.0,13543000.0,,,,,13194000.0,29113000.0,1.0,154399812.0,154395000,154395000.0,3.56,10604190000.0,457600000.0,-11177000.0,183069000.0,68.682,-354680000.0
1,MUR,MRQ,2021-03-31,2021-03-31,2021-03-31,2021-08-25,-575610000.0,10284344000.0,,691305000.0,9593039000.0,,25.561,9744000.0,230870000.0,230870000.0,190076000.0,-266824000.0,0.799,1.572,3688339000.0,102983000.0,3585356000.0,3688339000.0,0.0,198278000.0,0.0,0.03,0.125,-287497000.0,-89219000.0,-0.235,-89219000.0,-287497000.0,-375597000.0,-1.87,-1.87,-1.87,3935191000.0,,3935191000.0,6146860436.0,-6.0,-28.638,247510000.0,1.608,1.0,189909000.0,0.5,0.0,88100000.0,12876429000.0,,66585000.0,0.0,0.0,0.0,6184735000.0,865384000.0,5319351000.0,2520553436.0,-79736000.0,0.0,0.0,-268733000.0,-19287000.0,-327820000.0,9744000.0,0.0,237766000.0,574000.0,-287438000.0,-287438000.0,-287438000.0,-208000.0,20614000.0,-0.756,451659000.0,-261750000.0,538327000.0,-0.067,0.641,-2.471,-2.471,9128663000.0,0.0,16.41,1.876,1.88,278819000.0,5062813000.0,379985000.0,379985000.0,11780000.0,,,,,12124000.0,29503000.0,1.0,153598625.0,153953000,153953000.0,2.468,10284344000.0,433617000.0,-88159000.0,174058000.0,66.802,-174079000.0
2,MUR,MRQ,2020-12-31,2020-12-31,2020-12-31,2021-08-25,-601333000.0,10620852000.0,,1000292000.0,9620560000.0,,27.439,-135359000.0,310606000.0,310606000.0,167413000.0,-162735000.0,1.396,1.478,3936913000.0,103758000.0,3833155000.0,3936913000.0,0.0,218088000.0,0.0,0.052,0.125,-172241000.0,45847000.0,0.139,45847000.0,-172241000.0,-216787000.0,-1.12,-1.12,-1.12,4214337000.0,,4214337000.0,5412649362.0,-4.0,-18.935,89318000.0,0.582,1.0,162793000.0,0.493,0.0,44546000.0,13530838000.0,,66076000.0,0.0,0.0,0.0,6226705000.0,716321000.0,5510384000.0,1858543362.0,90970000.0,0.0,0.0,-181000.0,-19199000.0,-19380000.0,-135359000.0,0.0,224677000.0,2594000.0,-171936000.0,-171936000.0,-171936000.0,244000.0,9201000.0,-0.521,318393000.0,-155600000.0,407097000.0,-0.112,0.441,-1.618,-1.618,9196696000.0,0.0,12.1,0.945,0.944,262014000.0,5369538000.0,330206000.0,330206000.0,24793000.0,,,,,11358000.0,35862000.0,1.0,153598625.0,153588000,153588000.0,2.15,10620852000.0,395253000.0,-44851000.0,220857000.0,69.152,283971000.0
3,MUR,MRQ,2020-09-30,2020-09-30,2020-09-30,2021-08-25,-657995000.0,10469351000.0,,733656000.0,9735695000.0,,28.278,-134425000.0,219636000.0,219636000.0,165813000.0,-266608000.0,1.204,1.371,3773742000.0,100169000.0,3673573000.0,3773742000.0,0.0,231603000.0,0.0,0.084,0.125,-260955000.0,-29352000.0,-0.07,-29352000.0,-260955000.0,-306137000.0,-1.59,-1.59,-1.59,4343436000.0,,4343436000.0,4982028735.0,-4.0,-201.612,74227000.0,0.483,1.0,256052000.0,0.607,0.0,45182000.0,13414071000.0,,67856000.0,0.0,0.0,0.0,5955306000.0,609386000.0,5345920000.0,1370099735.0,74131000.0,0.0,0.0,29451000.0,-19200000.0,-869000.0,-134425000.0,0.0,208652000.0,773000.0,-243553000.0,-243553000.0,-243553000.0,778000.0,-23055000.0,-0.577,534107000.0,-278055000.0,295398000.0,-0.079,0.315,-1.307,-1.341,9358318000.0,0.0,8.92,0.602,0.602,279149000.0,5560673000.0,421865000.0,421865000.0,12092000.0,,,,,12440000.0,28509000.0,1.0,153598625.0,153596000,153596000.0,2.747,10469351000.0,347053000.0,-62584000.0,221079000.0,68.162,124270000.0
4,MUR,MRQ,2020-06-30,2020-06-30,2020-06-30,2021-08-25,-690341000.0,10754030000.0,,763390000.0,9990640000.0,,29.747,-213106000.0,145505000.0,145505000.0,185734000.0,-324400000.0,1.138,1.309,3757434000.0,103341000.0,3654093000.0,3757434000.0,0.0,231446000.0,0.0,0.063,0.125,-373359000.0,-141913000.0,-0.671,-141913000.0,-373359000.0,-411957000.0,-2.06,-2.06,-2.06,4568545000.0,,4568545000.0,5494073765.0,19.0,3.705,-236384000.0,-1.539,1.0,25808000.0,0.122,0.0,38598000.0,13695220000.0,,59728000.0,0.0,0.0,0.0,5980548000.0,670739000.0,5309809000.0,2119306765.0,-262248000.0,0.0,0.0,-8452000.0,-19198000.0,-27804000.0,-213106000.0,0.0,-23278000.0,1940000.0,-317184000.0,-317184000.0,-317184000.0,1267000.0,-7216000.0,-1.499,399945000.0,-374137000.0,366205000.0,-0.061,0.464,7.463,7.977,9671010000.0,0.0,13.8,0.794,0.794,372549000.0,5823426000.0,211542000.0,211542000.0,29468000.0,,,,,12955000.0,39100000.0,1.0,153572954.0,153581000,153581000.0,1.377,10754030000.0,290006000.0,-94773000.0,217901000.0,70.022,92651000.0
5,MUR,MRQ,2020-03-31,2020-03-31,2020-03-31,2021-08-25,-701984000.0,11205785000.0,,1212358000.0,9993427000.0,,31.87,-376130000.0,407753000.0,407753000.0,253515000.0,-508702000.0,1.402,1.25,3782520000.0,109490000.0,3673030000.0,3782520000.0,0.0,306102000.0,0.0,0.163,0.25,-466540000.0,-160438000.0,-0.16,-160438000.0,-466540000.0,-507637000.0,-2.71,-2.71,-2.71,4886149000.0,,4886149000.0,4049158913.0,5.0,1.98,15325000.0,0.1,1.0,750213000.0,0.747,0.0,41097000.0,13715801000.0,,68348000.0,0.0,0.0,0.0,6107482000.0,864751000.0,5242731000.0,938927913.0,100993000.0,0.0,0.0,165649000.0,-38392000.0,87764000.0,-376130000.0,0.0,391455000.0,-3298000.0,-416104000.0,-416104000.0,-416104000.0,4862000.0,-92598000.0,-0.415,1304730000.0,-554517000.0,554557000.0,-0.092,0.192,1.354,1.412,9753638000.0,0.0,6.13,0.293,0.293,597248000.0,6159808000.0,1003728000.0,1003728000.0,20126000.0,,,,,9805000.0,36772000.0,1.0,153169317.0,153313000,153313000.0,6.547,11205785000.0,210127000.0,-91533000.0,226410000.0,73.091,347607000.0
6,MUR,MRQ,2019-12-31,2019-12-31,2019-12-31,2021-08-25,-574161000.0,11718504000.0,,974327000.0,10744177000.0,,35.494,-333181000.0,306760000.0,306760000.0,236287000.0,-54411000.0,1.033,1.082,3416991000.0,92286000.0,3324705000.0,3416991000.0,0.0,328572000.0,0.0,0.037,0.25,-21580000.0,306992000.0,0.482,306992000.0,-21580000.0,-95760000.0,-0.29,-0.29,-0.29,5467460000.0,,5467460000.0,7132370911.0,5.0,2.817,2119000.0,0.014,1.0,401193000.0,0.629,0.0,74180000.0,13885946000.0,,76123000.0,0.0,0.0,0.0,5913893000.0,942789000.0,4971104000.0,4213764911.0,-128139000.0,0.0,-93986000.0,20884000.0,-38232000.0,-168608000.0,-333181000.0,0.0,335300000.0,940000.0,-71724000.0,-71724000.0,-71724000.0,-36855000.0,17313000.0,-0.113,437929000.0,-36736000.0,602096000.0,-0.862,0.771,3.665,3.823,10568036000.0,0.0,26.8,1.489,1.554,426684000.0,6614304000.0,637480000.0,637480000.0,19535000.0,,,,,16391000.0,56478000.0,1.0,157230034.0,154038000,154933000.0,4.138,11718504000.0,129287000.0,-24036000.0,244860000.0,76.075,31538000.0
7,MUR,MRQ,2019-09-30,2019-09-30,2019-09-30,2021-08-25,-562827000.0,11783667000.0,,1144626000.0,10639041000.0,,35.398,-348409000.0,434899000.0,434899000.0,201937000.0,1111702000.0,1.227,1.014,3353505000.0,117071000.0,3236434000.0,3353505000.0,0.0,325562000.0,0.0,0.045,0.25,1152714000.0,1478276000.0,1.809,1478276000.0,1152714000.0,1107784000.0,6.79,6.76,6.79,5676650000.0,,5676650000.0,8544681611.0,6.0,3.358,101476000.0,0.633,1.0,615140000.0,0.753,0.0,44930000.0,13769413000.0,,79441000.0,0.0,0.0,0.0,5757847000.0,932860000.0,4824987000.0,3587360611.0,108855000.0,0.0,-106014000.0,-1900175000.0,-39934000.0,-2074857000.0,-348409000.0,0.0,449885000.0,-675000.0,1089002000.0,1089002000.0,1089002000.0,-953368000.0,22700000.0,1.333,388676000.0,226464000.0,575461000.0,0.037,0.632,2.708,2.706,10497950000.0,0.0,22.11,1.331,1.316,462513000.0,6726316000.0,817077000.0,817077000.0,12358000.0,,,,,15812000.0,55366000.0,1.0,162250593.0,160366000,160980000.0,5.095,11783667000.0,94592000.0,18782000.0,246335000.0,73.48,211766000.0
8,MUR,MRQ,2019-06-30,2019-06-30,2019-06-30,2021-08-25,-549045000.0,13536024000.0,,2751892000.0,10784132000.0,,28.124,-1584276000.0,326044000.0,326044000.0,172033000.0,123242000.0,1.249,1.78,5283365000.0,629322000.0,4654043000.0,5283365000.0,0.0,264302000.0,0.0,0.041,0.25,155483000.0,419785000.0,0.564,419785000.0,155483000.0,101387000.0,0.55,0.54,0.55,4740013000.0,,4740013000.0,7728362501.0,15.0,5.442,-1147239000.0,-6.807,1.0,571917000.0,0.769,0.0,54096000.0,16290454000.0,,86701000.0,0.0,0.0,0.0,8437480000.0,2202891000.0,6234589000.0,4279905501.0,39763000.0,0.0,-299924000.0,1574825000.0,-42105000.0,1182457000.0,-1584276000.0,0.0,437037000.0,863000.0,92272000.0,92272000.0,92272000.0,-24418000.0,30970000.0,0.124,400914000.0,171003000.0,598466000.0,0.455,0.903,12.978,12.839,10632122000.0,0.0,24.65,1.807,1.754,425845000.0,5677248000.0,743950000.0,743950000.0,30674000.0,,,,,22367000.0,57532000.0,1.0,173626998.0,168538000,169272000.0,4.414,13536024000.0,104368000.0,9115000.0,206237000.0,80.314,549001000.0
9,MUR,MRQ,2019-03-31,2019-03-31,2019-03-31,2021-08-25,-580999000.0,11983117000.0,,2638244000.0,9344873000.0,,28.549,-270338000.0,286281000.0,286281000.0,171238000.0,72769000.0,1.61,1.345,3734738000.0,156213000.0,3578525000.0,3734738000.0,0.0,229406000.0,0.0,0.034,0.25,97073000.0,326479000.0,0.518,326479000.0,97073000.0,51004000.0,0.23,0.23,0.23,4948776000.0,,4948776000.0,7920967690.0,17.0,6.171,70328000.0,0.406,1.0,459308000.0,0.728,0.0,46069000.0,13793344000.0,,77278000.0,0.0,0.0,0.0,6656440000.0,1638230000.0,5018210000.0,5070623690.0,-73642000.0,0.0,0.0,-160000.0,-43398000.0,-68986000.0,-270338000.0,0.0,340666000.0,2405000.0,40182000.0,40182000.0,40182000.0,-49846000.0,32587000.0,0.064,374746000.0,84562000.0,475559000.0,1.087,1.025,17.916,17.866,9177266000.0,0.0,29.3,2.517,2.521,349768000.0,5627081000.0,630546000.0,630546000.0,32538000.0,,,,,22388000.0,63360000.0,1.0,173058829.0,173341000,174491000.0,3.638,11983117000.0,124679000.0,10822000.0,214824000.0,69.13,1000014000.0
10,MUR,MRQ,2018-12-31,2018-12-31,2018-12-31,2021-08-25,-609787000.0,11052587000.0,,879814000.0,10172773000.0,,27.907,-1008031000.0,359923000.0,359923000.0,125228000.0,111771000.0,1.04,1.212,3109986000.0,668000.0,3109318000.0,3109986000.0,0.0,204617000.0,0.0,0.043,0.25,115707000.0,320324000.0,0.636,320324000.0,115707000.0,68423000.0,0.6,0.59,0.6,4829299000.0,,4829299000.0,6014406313.0,13.0,4.847,-823488000.0,-4.759,1.0,378410000.0,0.751,0.0,47284000.0,12956592000.0,,80024000.0,0.0,0.0,0.0,5854945000.0,846058000.0,5008887000.0,4047785313.0,-487910000.0,0.0,0.0,324836000.0,-43264000.0,280418000.0,-1008031000.0,0.0,184543000.0,15623000.0,103379000.0,103379000.0,103379000.0,-64160000.0,8392000.0,0.205,326958000.0,51452000.0,348026000.0,0.417,0.838,9.846,9.828,8432133000.0,0.0,23.39,2.26,2.258,231686000.0,5513529000.0,503638000.0,503638000.0,32462000.0,,,,,19842000.0,40118000.0,1.0,173056234.0,173049000,174230000.0,2.91,11052587000.0,146197000.0,-34956000.0,162852000.0,63.87,33756000.0
11,MUR,MRQ,2018-09-30,2018-09-30,2018-09-30,2021-08-25,-537768000.0,10026620000.0,,1381286000.0,8645334000.0,,27.547,-232093000.0,947732000.0,947732000.0,100696000.0,93943000.0,1.578,1.103,2914353000.0,10454000.0,2903899000.0,2914353000.0,0.0,197503000.0,0.0,0.03,0.25,155989000.0,353492000.0,0.721,353492000.0,155989000.0,111780000.0,0.54,0.54,0.54,4766928000.0,,4766928000.0,7775106182.0,28.0,8.783,117086000.0,0.677,1.0,389815000.0,0.795,0.0,44209000.0,11117727000.0,,94615000.0,0.0,0.0,0.0,5259692000.0,875514000.0,4384178000.0,5769395182.0,55134000.0,0.0,0.0,-154000.0,-43263000.0,-43417000.0,-232093000.0,0.0,349179000.0,-11275000.0,93943000.0,93943000.0,93943000.0,-37812000.0,0.0,0.192,267055000.0,122760000.0,622577000.0,0.463,1.21,275.705,303.091,8244167000.0,0.0,33.34,5.681,5.681,274193000.0,5453414000.0,490511000.0,490511000.0,21723000.0,,,,,23299000.0,60683000.0,1.0,173047246.0,173047000,174175000.0,2.835,10026620000.0,346455000.0,17837000.0,203984000.0,57.942,505772000.0
12,MUR,MRQ,2018-06-30,2018-06-30,2018-06-30,2021-08-25,-575123000.0,9945449000.0,,1315355000.0,8630094000.0,,26.997,-317822000.0,901308000.0,901308000.0,81236000.0,45519000.0,1.456,1.129,2907019000.0,9674000.0,2897345000.0,2907019000.0,0.0,190751000.0,0.0,0.03,0.25,92466000.0,283217000.0,0.727,283217000.0,92466000.0,48141000.0,0.27,0.25,0.27,4671638000.0,,4671638000.0,7813285429.0,73.0,10.267,26435000.0,0.153,1.0,308344000.0,0.791,0.0,44325000.0,11047603000.0,,91376000.0,0.0,0.0,0.0,5273811000.0,903557000.0,4370254000.0,5843493429.0,-44634000.0,0.0,0.0,0.0,-43259000.0,-43539000.0,-317822000.0,0.0,344257000.0,3331000.0,45519000.0,45519000.0,45519000.0,-70704000.0,0.0,0.117,285865000.0,22479000.0,632072000.0,0.926,1.251,-42.067,-41.691,8208142000.0,0.0,33.77,5.71,5.71,258366000.0,5402732000.0,389580000.0,389580000.0,18889000.0,,,,,14953000.0,56295000.0,1.0,173038005.0,173043000,173983000.0,2.251,9945449000.0,370641000.0,2622000.0,237105000.0,57.474,411798000.0
13,MUR,MRQ,2018-03-31,2018-03-31,2018-03-31,2021-08-25,-544737000.0,9938210000.0,,1308043000.0,8630167000.0,,27.154,-246794000.0,938615000.0,938615000.0,88833000.0,168253000.0,1.51,1.118,2908407000.0,9557000.0,2898850000.0,2908407000.0,0.0,182743000.0,0.0,0.039,0.25,101155000.0,283898000.0,0.757,283898000.0,101155000.0,56614000.0,0.97,0.96,0.97,4692307000.0,,4692307000.0,6410717038.0,172.0,8.713,31479000.0,0.182,1.0,285957000.0,0.763,0.0,44541000.0,11041931000.0,,94157000.0,0.0,0.0,0.0,5245903000.0,866071000.0,4379832000.0,4459283038.0,206900000.0,0.0,0.0,0.0,-43258000.0,-49900000.0,-246794000.0,0.0,278273000.0,21051000.0,168253000.0,168253000.0,168253000.0,-77672000.0,0.0,0.449,267061000.0,18896000.0,615963000.0,0.258,0.95,-22.076,-21.898,8207736000.0,0.0,25.84,3.904,3.91,212639000.0,5400474000.0,374790000.0,374790000.0,28738000.0,,,,,14057000.0,48096000.0,1.0,172572873.0,172805000,174620000.0,2.169,9938210000.0,368878000.0,-111639000.0,225952000.0,57.511,441972000.0
14,MUR,MRQ,2017-12-31,2017-12-31,2017-12-31,2021-08-25,-462243000.0,9860942000.0,,1371603000.0,8489339000.0,,26.773,-203253000.0,964988000.0,964988000.0,-46652000.0,-286789000.0,1.644,1.134,2916422000.0,9902000.0,2906520000.0,2916422000.0,0.0,37096000.0,0.0,0.032,0.25,-72420000.0,-35324000.0,0.148,-35324000.0,-72420000.0,-112260000.0,-1.67,-1.67,-1.67,4620191000.0,,4620191000.0,7279246707.0,53.0,8.193,118528000.0,0.687,1.0,-192598000.0,0.805,0.0,39840000.0,10978169000.0,,105127000.0,0.0,0.0,0.0,5240751000.0,834207000.0,4406544000.0,5358387707.0,-104727000.0,0.0,0.0,14512000.0,-43144000.0,-28597000.0,-203253000.0,0.0,321781000.0,7124000.0,-286789000.0,-286789000.0,-286789000.0,-240049000.0,0.0,1.199,147914000.0,-340512000.0,595916000.0,-0.15,1.16,-17.186,-17.155,8220031000.0,0.0,31.05,3.711,3.71,243472000.0,5245242000.0,-239250000.0,-239250000.0,43033000.0,,,,,44119000.0,51953000.0,1.0,172572873.0,172569000,172569000.0,-1.386,9860942000.0,211543000.0,174529000.0,227276000.0,57.142,537396000.0
15,MUR,MRQ,2017-09-30,2017-09-30,2017-09-30,2021-08-25,-425504000.0,10192759000.0,,1447157000.0,8745602000.0,,28.858,-269920000.0,997207000.0,997207000.0,112751000.0,-65893000.0,1.74,1.047,2918066000.0,9781000.0,2908285000.0,2918066000.0,0.0,243636000.0,0.0,0.038,0.25,-14452000.0,229184000.0,0.46,229184000.0,-14452000.0,-63133000.0,-0.38,-0.38,-0.38,4980134000.0,,4980134000.0,6451323507.0,37.0,5.641,-42584000.0,-0.247,1.0,385568000.0,0.774,0.0,48681000.0,11282088000.0,,120066000.0,0.0,0.0,0.0,5212625000.0,831530000.0,4381095000.0,4583535507.0,-61280000.0,0.0,0.0,-10932000.0,-43143000.0,-54145000.0,-233285000.0,36635000.0,227336000.0,-1186000.0,-65893000.0,-65893000.0,-65893000.0,-425000.0,0.0,-0.132,347426000.0,38142000.0,584025000.0,-0.658,0.92,-51.546,-53.12,8283738000.0,0.0,26.56,2.117,2.117,267209000.0,5575175000.0,498319000.0,498319000.0,28492000.0,,,,,0.0,51374000.0,1.0,172572873.0,172573000,172573000.0,2.888,10192759000.0,406703000.0,2760000.0,196603000.0,59.063,615627000.0
16,MUR,MRQ,2017-06-30,2017-06-30,2017-06-30,2021-08-25,-529592000.0,10136801000.0,,1540583000.0,8596218000.0,,28.846,-219817000.0,1058487000.0,1058487000.0,111179000.0,-17571000.0,1.135,1.036,2926275000.0,559216000.0,2367059000.0,2926275000.0,0.0,234992000.0,0.0,0.039,0.25,23029000.0,258021000.0,0.508,258021000.0,23029000.0,-22116000.0,-0.1,-0.1,-0.1,4977688000.0,,4977688000.0,6530541748.0,31.0,5.482,66132000.0,0.383,1.0,397100000.0,0.781,0.0,45145000.0,10646947000.0,,131952000.0,40104000.0,40104000.0,0.0,5159113000.0,1357642000.0,3801471000.0,4422357748.0,182634000.0,0.0,0.0,-2323000.0,-43142000.0,-46738000.0,-48834000.0,170983000.0,285949000.0,-7743000.0,-17571000.0,-17571000.0,-17571000.0,217000.0,0.0,-0.035,335549000.0,61551000.0,595775000.0,-2.5,0.888,-112.801,-122.048,8164116000.0,0.0,25.63,2.055,2.055,232558000.0,5684211000.0,508279000.0,508279000.0,20201000.0,,,,,0.0,52809000.0,1.0,172546147.0,172558000,172558000.0,2.946,10136801000.0,0.0,-4545000.0,202161000.0,58.744,182941000.0
17,MUR,MRQ,2017-03-31,2017-03-31,2017-03-31,2021-08-25,-602679000.0,10271987000.0,,1609856000.0,8662131000.0,,28.758,-147534000.0,875853000.0,875853000.0,122142000.0,58464000.0,1.096,1.072,2984037000.0,562426000.0,2421611000.0,2984037000.0,0.0,236154000.0,0.0,0.038,0.25,200448000.0,436602000.0,0.645,436602000.0,200448000.0,155851000.0,0.34,0.34,0.34,4958483000.0,,4958483000.0,7048588251.0,80.0,6.453,157979000.0,0.916,1.0,554498000.0,0.819,0.0,44597000.0,10911522000.0,,129556000.0,211549000.0,211549000.0,0.0,5313504000.0,1468649000.0,3844855000.0,4928818251.0,3056000.0,0.0,0.0,-9660000.0,-43136000.0,-58604000.0,-246985000.0,-99451000.0,305513000.0,3132000.0,58464000.0,58464000.0,58464000.0,-969000.0,0.0,0.086,339998000.0,214500000.0,712201000.0,0.735,0.994,-263.517,-317.667,8253112000.0,0.0,28.59,2.368,2.369,320935000.0,5744924000.0,676640000.0,676640000.0,28663000.0,,,,,0.0,51255000.0,1.0,172396581.0,172422000,173089000.0,3.924,10271987000.0,0.0,97387000.0,186819000.0,59.575,141207000.0
18,MUR,MRQ,2016-12-31,2016-12-31,2016-12-31,2021-08-25,-628212000.0,10295860000.0,,1559183000.0,8736677000.0,,28.553,-144759000.0,872797000.0,872797000.0,124064000.0,-63922000.0,1.038,1.094,2992567000.0,569817000.0,2422750000.0,2992567000.0,0.0,256793000.0,0.0,0.039,0.25,-36916000.0,219877000.0,0.457,219877000.0,-36916000.0,-81197000.0,-0.36,-0.36,-0.36,4916679000.0,,4916679000.0,7601827335.0,-22.0,10.751,172856000.0,1.004,1.0,357486000.0,0.742,0.0,44281000.0,10913198000.0,,127071000.0,111542000.0,111542000.0,0.0,5379181000.0,1502432000.0,3876749000.0,5360588335.0,119704000.0,0.0,0.0,-2639000.0,-43049000.0,-45802000.0,-141284000.0,3476000.0,317615000.0,-13655000.0,-63922000.0,-63922000.0,-63922000.0,1142000.0,0.0,-0.133,398616000.0,-41130000.0,784975000.0,-0.694,1.09,-19.425,-19.456,8316188000.0,0.0,31.13,2.96,2.959,357099000.0,5729596000.0,481550000.0,481550000.0,17951000.0,,,,,0.0,50134000.0,1.0,172200075.0,172197000,172197000.0,2.797,10295860000.0,365935000.0,-17275000.0,111168000.0,59.791,56751000.0
19,MUR,MRQ,2016-09-30,2016-09-30,2016-09-30,2021-08-25,-571031000.0,10394015000.0,,1605124000.0,8788891000.0,,29.533,-175783000.0,753093000.0,753093000.0,119663000.0,-16176000.0,1.756,1.044,2994332000.0,20444000.0,2973888000.0,2994332000.0,0.0,255900000.0,0.0,0.043,0.25,20867000.0,276767000.0,0.57,276767000.0,20867000.0,-18352000.0,-0.09,-0.09,-0.09,5085588000.0,,5085588000.0,7422866883.0,-8.0,44.585,-11166000.0,-0.065,1.0,365883000.0,0.754,0.0,39219000.0,11721053000.0,,162303000.0,117938000.0,117938000.0,0.0,5308427000.0,914201000.0,4394226000.0,5234852883.0,485610000.0,0.0,0.0,538808000.0,-43051000.0,481766000.0,-163887000.0,11485000.0,164617000.0,759000.0,-16176000.0,-16176000.0,-16176000.0,1593000.0,0.0,-0.033,358410000.0,7473000.0,876664000.0,-2.778,1.029,-6.55,-6.552,8440336000.0,0.0,30.4,2.727,2.727,400532000.0,5836567000.0,485546000.0,485546000.0,19866000.0,,,,,0.0,55523000.0,1.0,172199108.0,172199000,172199000.0,2.82,10394015000.0,50879000.0,-2176000.0,64061000.0,60.36,690923000.0
20,MUR,MRQ,2016-06-30,2016-06-30,2016-06-30,2021-08-25,-536659000.0,9914632000.0,,1037855000.0,8876777000.0,,30.034,758734000.0,267483000.0,267483000.0,156530000.0,2930000.0,1.178,0.917,2455497000.0,20011000.0,2435486000.0,2455497000.0,0.0,255239000.0,0.0,0.044,0.35,-96184000.0,159055000.0,0.364,159055000.0,-96184000.0,-131242000.0,0.02,0.02,0.02,5171693000.0,,5171693000.0,8472729616.0,-3.0,-4.111,831673000.0,4.83,1.0,280932000.0,0.642,0.0,35058000.0,11221897000.0,,154067000.0,131224000.0,131224000.0,0.0,4742939000.0,880749000.0,3862190000.0,5467196616.0,-155580000.0,0.0,0.0,-973482000.0,-60268000.0,-1033836000.0,785206000.0,12454000.0,72939000.0,22984000.0,2930000.0,2930000.0,2930000.0,-25000.0,0.0,0.007,377749000.0,-96817000.0,843787000.0,17.5,1.057,-2.299,-2.299,8565485000.0,0.0,31.75,2.544,2.544,293312000.0,5895794000.0,437462000.0,437462000.0,37128000.0,,,,,0.0,67113000.0,1.0,172195169.0,172197000,172800000.0,2.54,9914632000.0,46093000.0,-134172000.0,59565000.0,57.577,157106000.0
21,MUR,MRQ,2016-03-31,2016-03-31,2016-03-31,2021-08-25,-552875000.0,11460697000.0,,1698930000.0,9761767000.0,,30.242,-209996000.0,423063000.0,423063000.0,159103000.0,-198802000.0,1.233,1.202,3428596000.0,19078000.0,3409518000.0,3428596000.0,0.0,286149000.0,0.0,0.056,0.35,-232290000.0,53859000.0,0.125,53859000.0,-232290000.0,-264351000.0,-1.16,-1.16,-1.16,5205088000.0,,5205088000.0,7109840350.0,-2.0,-3.78,-164372000.0,-0.955,1.0,271192000.0,0.63,0.0,32061000.0,13088475000.0,,166746000.0,146087000.0,146087000.0,0.0,6255609000.0,1377755000.0,4877854000.0,4333548350.0,139880000.0,0.0,0.0,368310000.0,-60267000.0,306991000.0,-193948000.0,37706000.0,45624000.0,-16475000.0,-198802000.0,-198802000.0,-198802000.0,-683000.0,0.0,-0.462,506006000.0,-234814000.0,1338177000.0,-0.302,0.833,-1.765,-1.768,9492348000.0,0.0,25.19,1.769,1.77,521434000.0,5953132000.0,430295000.0,430295000.0,26916000.0,,,,,0.0,73507000.0,1.0,172034472.0,172114012,172114012.0,2.5,11460697000.0,45498000.0,-65549000.0,219465000.0,66.588,321175000.0
22,MUR,MRQ,2015-12-31,2015-12-31,2015-12-31,2021-08-25,-704542000.0,11493812000.0,,1397233000.0,10096579000.0,,30.806,-574598000.0,283183000.0,283183000.0,188570000.0,-587132000.0,0.834,1.166,3059475000.0,18881000.0,3040594000.0,3059475000.0,0.0,301701000.0,0.0,0.062,0.35,-624894000.0,-323193000.0,-0.571,-323193000.0,-624894000.0,-650324000.0,-3.41,-3.41,-3.41,5306728000.0,,5306728000.0,6323150256.0,-2.0,-4.053,-497896000.0,-2.89,1.0,377715000.0,0.667,0.0,25430000.0,12595475000.0,,166788000.0,173288000.0,173288000.0,0.0,6187084000.0,1674629000.0,4512455000.0,3861955256.0,-595484000.0,0.0,0.0,-288278000.0,-60209000.0,-348487000.0,-338499000.0,230209000.0,76702000.0,2018000.0,-587132000.0,-587132000.0,-587132000.0,3898000.0,0.0,-1.037,1085448000.0,-707733000.0,1529848000.0,-0.103,0.728,-1.701,-1.723,9818365000.0,0.0,22.45,1.313,1.331,522672000.0,6212201000.0,566285000.0,566285000.0,219082000.0,,,,,0.0,68729000.0,1.0,172024733.0,172262115,172262115.0,3.287,11493812000.0,0.0,-63192000.0,283128000.0,66.723,-277396000.0
23,MUR,MRQ,2015-09-30,2015-09-30,2015-09-30,2021-08-25,-621759000.0,12627962000.0,,2165803000.0,10462159000.0,,35.007,-540718000.0,878667000.0,878667000.0,183826000.0,-1595426000.0,1.312,1.095,3339862000.0,12173000.0,3327689000.0,3339862000.0,0.0,433706000.0,0.0,0.058,0.35,-2384352000.0,-1950646000.0,-2.728,-1950646000.0,-2384352000.0,-2416361000.0,-9.26,-9.26,-9.26,6028454000.0,,6028454000.0,6551138996.0,-3.0,-13.102,-78822000.0,-0.458,1.0,531123000.0,0.743,0.0,32009000.0,13437922000.0,,180596000.0,415097000.0,415097000.0,0.0,6599508000.0,1651235000.0,4948273000.0,4180596996.0,-30601000.0,0.0,0.0,59547000.0,-60208000.0,-662000.0,-586125000.0,-46437000.0,461896000.0,3721000.0,-1595426000.0,-1595426000.0,-1595426000.0,8344000.0,0.0,-2.232,2908995000.0,-2377872000.0,1621415000.0,-0.038,0.693,-3.195,-3.159,10168750000.0,0.0,24.2,1.105,1.102,432791000.0,6859542000.0,714949000.0,714949000.0,58149000.0,,,,,0.0,71791000.0,1.0,172751942.0,172205433,172205433.0,4.152,12627962000.0,48781000.0,-820935000.0,313967000.0,73.331,514568000.0
24,MUR,MRQ,2015-06-30,2015-06-30,2015-06-30,2021-08-25,-429917000.0,15149964000.0,,2499433000.0,12650531000.0,,45.081,-603911000.0,909268000.0,909268000.0,227489000.0,-73834000.0,1.383,0.926,3279810000.0,14942000.0,3264868000.0,3279810000.0,0.0,403390000.0,0.0,0.034,0.35,-64473000.0,338917000.0,0.459,338917000.0,-64473000.0,-94939000.0,-0.42,-0.42,-0.42,7866046000.0,,7866046000.0,9030694954.0,21.0,3.833,-443130000.0,-2.54,1.0,510801000.0,0.692,0.0,30466000.0,15713718000.0,,209307000.0,395544000.0,395544000.0,0.0,7283918000.0,1806788000.0,5477130000.0,7398171954.0,-71734000.0,0.0,-250000000.0,665768000.0,-62294000.0,353430000.0,-626398000.0,-2145000.0,160781000.0,10658000.0,-73834000.0,-73834000.0,-73834000.0,-15152000.0,0.0,-0.1,592249000.0,-81448000.0,1715599000.0,-0.833,0.941,13.889,13.95,12577749000.0,0.0,41.57,1.644,1.612,542417000.0,8515176000.0,738290000.0,738290000.0,64959000.0,,,,,0.0,79176000.0,1.0,177969015.0,174488842,174488842.0,4.231,15149964000.0,48551000.0,-21105000.0,957658000.0,86.825,692645000.0
25,MUR,MRQ,2015-03-31,2015-03-31,2015-03-31,2021-08-25,-465074000.0,15160837000.0,,2588188000.0,12572649000.0,,46.162,-406598000.0,981002000.0,981002000.0,232421000.0,-14441000.0,1.189,0.848,2613525000.0,21816000.0,2591709000.0,2613525000.0,0.0,481027000.0,0.0,0.029,0.35,-106229000.0,374798000.0,0.407,374798000.0,-106229000.0,-135699000.0,-0.08,-0.08,-0.08,8204478000.0,,8204478000.0,10079889484.0,12.0,3.599,62387000.0,0.351,1.0,689326000.0,0.748,0.0,29470000.0,14616441000.0,,224013000.0,388098000.0,388098000.0,0.0,6956359000.0,2176919000.0,4779440000.0,8271571484.0,-212306000.0,0.0,0.0,-297471000.0,-62287000.0,-368842000.0,-371099000.0,35725000.0,468985000.0,-6103000.0,-14441000.0,-14441000.0,-14441000.0,17971000.0,0.0,-0.016,778969000.0,-89643000.0,1900508000.0,-4.375,1.008,11.24,11.311,12480861000.0,0.0,46.6,1.618,1.62,523368000.0,8651304000.0,921747000.0,921747000.0,128734000.0,,,,,0.0,86967000.0,1.0,177501534.0,177734159,178241616.0,5.186,15160837000.0,48603000.0,-121258000.0,1042689000.0,85.301,411269000.0
26,MUR,MRQ,2014-12-31,2014-12-31,2014-12-31,2021-08-25,-170255000.0,16723738000.0,,3279149000.0,13444589000.0,,48.265,591149000.0,1193308000.0,1193308000.0,276250000.0,375238000.0,1.042,0.951,2983057000.0,465388000.0,2517669000.0,2983057000.0,0.0,551854000.0,0.0,0.026,0.35,185079000.0,736933000.0,0.524,736933000.0,185079000.0,150280000.0,2.1,2.09,2.1,8573434000.0,,8573434000.0,12318882881.0,10.0,3.879,1349902000.0,7.599,1.0,1131376000.0,0.804,0.0,34799000.0,15365600000.0,,242733000.0,461313000.0,461313000.0,0.0,8150304000.0,3147887000.0,5002417000.0,8967035881.0,519287000.0,0.0,0.0,-975265000.0,-62123000.0,-1037292000.0,590330000.0,-1123000.0,758753000.0,-1242000.0,375238000.0,375238000.0,375238000.0,66723000.0,0.0,0.267,880935000.0,250441000.0,2275830000.0,0.167,1.046,9.902,9.984,13331047000.0,0.0,50.52,1.637,1.65,873277000.0,8728032000.0,1407626000.0,1407626000.0,122889000.0,,,,,0.0,94018000.0,1.0,177494772.0,177633049,178549681.0,7.924,16723738000.0,55107000.0,-224958000.0,1305375000.0,94.148,131262000.0
27,MUR,MRQ,2014-09-30,2014-09-30,2014-09-30,2021-08-25,-17809000.0,17845766000.0,,3287118000.0,14558648000.0,,47.329,-966112000.0,674021000.0,674021000.0,265518000.0,245707000.0,1.255,1.124,4025868000.0,39607000.0,3986261000.0,4025868000.0,0.0,499151000.0,0.0,0.023,0.35,406112000.0,905263000.0,0.632,905263000.0,406112000.0,371142000.0,1.38,1.37,1.38,8402508000.0,,8402508000.0,13266103317.0,11.0,4.456,-175472000.0,-0.988,1.0,1167519000.0,0.815,38198000.0,34970000.0,18539198000.0,,299955000.0,460190000.0,460190000.0,0.0,9443258000.0,2620217000.0,6823041000.0,10105595317.0,12935000.0,0.0,0.0,200000000.0,-62122000.0,137716000.0,-1005156000.0,-32818000.0,790640000.0,-10950000.0,245707000.0,245707000.0,245707000.0,25350000.0,0.0,0.171,741380000.0,426139000.0,2249579000.0,0.254,1.203,16.682,16.788,14372837000.0,0.0,56.91,1.866,1.865,970286000.0,8414917000.0,1433037000.0,1433037000.0,117433000.0,,,,,0.0,82960000.0,1.0,177571522.0,177535503,178856078.0,8.072,17807568000.0,60700000.0,125435000.0,1664862000.0,100.304,666901000.0
28,MUR,MRQ,2014-06-30,2014-06-30,2014-06-30,2021-08-25,172531000.0,17873934000.0,,3232933000.0,14641001000.0,,47.053,-841263000.0,661086000.0,661086000.0,285865000.0,129412000.0,1.134,1.128,3821594000.0,35100000.0,3786494000.0,3821594000.0,0.0,458993000.0,0.0,0.019,0.312,325106000.0,784099000.0,0.581,784099000.0,325106000.0,291337000.0,0.72,0.72,0.72,8398897000.0,,8398897000.0,14727278200.0,11.0,4.937,-48701000.0,-0.273,1.0,1063156000.0,0.788,40083000.0,33769000.0,18143838000.0,,289494000.0,427372000.0,427372000.0,0.0,9475037000.0,2850521000.0,6624516000.0,11929622200.0,12474000.0,0.0,-125000000.0,371000000.0,-56053000.0,188498000.0,-905903000.0,-55369000.0,792562000.0,10301000.0,129412000.0,129412000.0,129412000.0,13256000.0,0.0,0.096,729847000.0,333309000.0,2257458000.0,0.433,1.42,18.499,18.833,14196884000.0,0.0,66.48,2.208,2.196,1053122000.0,8231331000.0,1349021000.0,1349021000.0,134812000.0,,,,,0.0,95000000.0,1.0,179446784.0,178500440,180045020.0,7.558,17833851000.0,59619000.0,161925000.0,1809512000.0,99.909,382412000.0
29,MUR,MRQ,2014-03-31,2014-03-31,2014-03-31,2021-08-25,37463000.0,17551138000.0,,3373559000.0,14177579000.0,,45.786,-996192000.0,648612000.0,648612000.0,262255000.0,155253000.0,1.104,1.114,3446268000.0,30647000.0,3415621000.0,3446268000.0,0.0,396249000.0,0.0,0.02,0.312,353034000.0,749283000.0,0.582,749283000.0,353034000.0,320148000.0,0.86,0.85,0.86,8304078000.0,,8304078000.0,13727474628.0,8.0,4.28,-329071000.0,-1.814,1.0,1024145000.0,0.796,38702000.0,32886000.0,17253248000.0,,293236000.0,372003000.0,372003000.0,0.0,9247060000.0,3056844000.0,6190216000.0,11514817628.0,-101543000.0,0.0,-250000000.0,479000000.0,-56073000.0,166368000.0,-997089000.0,2839000.0,667121000.0,-1835000.0,155253000.0,155253000.0,155253000.0,14033000.0,0.0,0.121,665946000.0,358199000.0,2149085000.0,0.363,1.387,12.542,12.725,13654991000.0,0.0,62.86,2.138,2.117,1007125000.0,8157972000.0,1286400000.0,1286400000.0,138466000.0,,,,,0.0,92026000.0,1.0,183181954.0,181367565,182576570.0,7.093,17512436000.0,55146000.0,164895000.0,1773717000.0,96.558,316715000.0
30,MUR,MRQ,2013-12-31,2013-12-31,2013-12-31,2021-08-25,172119000.0,17509484000.0,,3508643000.0,14000841000.0,,46.478,-736195000.0,750155000.0,750155000.0,405290000.0,75421000.0,1.088,1.037,2962812000.0,26249000.0,2936563000.0,2962812000.0,0.0,414201000.0,0.0,0.019,0.312,124049000.0,538250000.0,0.399,538250000.0,124049000.0,89782000.0,0.43,0.43,0.43,8595730000.0,,8595730000.0,13702486737.0,7.0,4.047,223776000.0,1.21,1.0,942379000.0,0.699,40259000.0,34267000.0,16457851000.0,,294195000.0,374842000.0,374842000.0,0.0,8913754000.0,3224031000.0,5689723000.0,12131431737.0,-283782000.0,0.0,-249369000.0,350000000.0,-57303000.0,39875000.0,-1101772000.0,-367251000.0,959971000.0,2983000.0,75421000.0,75421000.0,75421000.0,105066000.0,0.0,0.056,724910000.0,217469000.0,2158485000.0,0.726,1.411,10.798,10.849,13481055000.0,0.0,64.88,2.251,2.262,999872000.0,8058792000.0,1347669000.0,1347669000.0,157105000.0,,,,,0.0,111463000.0,1.0,186982610.0,184942248,186350094.0,7.287,17469225000.0,61991000.0,14361000.0,1722999000.0,94.458,284612000.0
31,MUR,MRQ,2013-09-30,2013-09-30,2013-09-30,2021-08-25,278960000.0,17491086000.0,,3770806000.0,13720280000.0,,47.706,-875920000.0,1033937000.0,1033937000.0,258524000.0,284809000.0,1.184,0.961,2604992000.0,21782000.0,2583210000.0,2604992000.0,0.0,394667000.0,0.0,0.062,0.312,516937000.0,911604000.0,0.642,911604000.0,516937000.0,483402000.0,1.52,1.51,1.52,8918046000.0,,8918046000.0,13362356867.0,7.0,3.909,133586000.0,0.715,1.0,1160972000.0,0.818,41482000.0,33535000.0,15836433000.0,,627833000.0,289793000.0,289793000.0,0.0,8573040000.0,3184226000.0,5388814000.0,11273145867.0,59511000.0,0.0,150000.0,-461978000.0,-58429000.0,70180000.0,-1038930000.0,-159909000.0,1009506000.0,18755000.0,284809000.0,284809000.0,284809000.0,-19731000.0,0.0,0.201,676777000.0,484195000.0,2769454000.0,0.205,1.264,9.342,9.469,13543554000.0,0.0,60.32,16.651,16.655,1387986000.0,8035049000.0,1419496000.0,1419496000.0,147845000.0,,,,,0.0,99333000.0,1.0,186889023.0,186938328,188337511.0,7.593,17449604000.0,60044000.0,198593000.0,1894381000.0,93.344,586580000.0
32,MUR,MRQ,2013-06-30,2013-06-30,2013-06-30,2021-08-25,182133000.0,18824975000.0,,4415713000.0,14409262000.0,,48.328,-1011167000.0,974426000.0,974426000.0,251775000.0,402644000.0,1.177,1.061,3063637000.0,17575000.0,3046062000.0,3063637000.0,0.0,381384000.0,0.0,0.062,0.312,626502000.0,1007886000.0,0.757,1007886000.0,626502000.0,596909000.0,2.13,2.12,2.13,9134172000.0,,9134172000.0,13018639314.0,7.0,4.085,-263284000.0,-1.393,1.0,1080211000.0,0.811,40652000.0,29593000.0,17121227000.0,,759262000.0,129884000.0,129884000.0,0.0,9690803000.0,3752307000.0,5938496000.0,11628387314.0,-142679000.0,0.0,-248653000.0,199989000.0,-59704000.0,-112630000.0,-773000000.0,156307000.0,747883000.0,-4932000.0,402644000.0,402644000.0,402644000.0,-142755000.0,0.0,0.302,610942000.0,469269000.0,3341504000.0,0.146,1.273,10.124,10.115,14233376000.0,0.0,60.89,6.106,6.043,2083309000.0,8361256000.0,1331986000.0,1331986000.0,88772000.0,,,,,0.0,86904000.0,1.0,190973679.0,189002146,189944793.0,7.047,18784323000.0,64577000.0,194265000.0,1950972000.0,99.387,663406000.0
33,MUR,MRQ,2013-03-31,2013-03-31,2013-03-31,2021-08-25,294371000.0,17751685000.0,,4098803000.0,13652882000.0,,47.893,-965412000.0,1117105000.0,1117105000.0,337223000.0,360599000.0,1.253,0.943,2507357000.0,46000.0,2507311000.0,2507357000.0,0.0,363142000.0,0.0,0.058,0.312,564958000.0,928100000.0,0.719,928100000.0,564958000.0,537930000.0,1.89,1.88,1.89,9138494000.0,,9138494000.0,13449087926.0,8.0,4.495,-44285000.0,-0.232,1.0,953715000.0,0.739,42034000.0,27028000.0,15827820000.0,,629601000.0,215538000.0,215538000.0,0.0,8613191000.0,3272083000.0,5341108000.0,12151156926.0,169789000.0,0.0,1281000.0,261989000.0,-59672000.0,196170000.0,-933940000.0,111614000.0,921127000.0,-13568000.0,360599000.0,360599000.0,360599000.0,-177916000.0,0.0,0.279,580061000.0,373654000.0,2890094000.0,0.165,1.33,11.668,11.78,13421164000.0,0.0,63.73,1.572,1.573,1676172000.0,8018316000.0,1290938000.0,1290938000.0,108493000.0,,,,,0.0,81467000.0,1.0,190666200.0,190810201,191765395.0,6.766,17709651000.0,64958000.0,177331000.0,1912664000.0,92.813,826720000.0
34,MUR,MRQ,2012-12-31,2012-12-31,2012-12-31,2021-08-25,408901000.0,17522643000.0,,4108583000.0,13414060000.0,,46.276,-1374695000.0,947316000.0,947316000.0,-4289420000.0,158687000.0,1.205,0.96,2245247000.0,46000.0,2245201000.0,2245247000.0,0.0,336158000.0,0.0,0.062,2.812,234778000.0,570936000.0,-0.17,570936000.0,234778000.0,216951000.0,0.83,0.82,0.83,8942035000.0,,8942035000.0,11940763724.0,8.0,4.205,-419641000.0,-2.172,1.0,924035000.0,-0.275,43103000.0,17827000.0,15368390000.0,,752310000.0,115603000.0,115603000.0,0.0,8580608000.0,3409081000.0,5171527000.0,11572832724.0,130622000.0,0.0,-248814000.0,1064853000.0,-546909000.0,263042000.0,-894699000.0,376001000.0,955054000.0,-235000.0,158687000.0,158687000.0,158687000.0,-70479000.0,0.0,-0.047,771549000.0,152486000.0,2803268000.0,3.388,1.294,11.92,11.886,13011606000.0,0.0,59.55,2.505,2.5,1853364000.0,7717389000.0,-3365385000.0,-3365385000.0,137210000.0,,,,,0.0,52524000.0,1.0,194338081.0,193231028,194051232.0,-17.416,17479540000.0,89040000.0,58264000.0,1939756000.0,90.459,699502000.0
35,MUR,MRQ,2012-09-30,2012-09-30,2012-09-30,2021-08-25,459374000.0,16589837000.0,,4101972000.0,12487865000.0,,49.497,-822634000.0,816694000.0,816694000.0,1786796000.0,226681000.0,1.272,0.725,1184625000.0,45000.0,1184580000.0,1184625000.0,0.0,274527000.0,0.0,0.021,0.312,405173000.0,679700000.0,0.257,679700000.0,405173000.0,392232000.0,1.17,1.16,1.17,9616758000.0,,9616758000.0,10549573028.0,8.0,4.283,-68525000.0,-0.353,1.0,859932000.0,0.325,43470000.0,12941000.0,13689677000.0,,829198000.0,491604000.0,491604000.0,0.0,6973079000.0,3224621000.0,3748458000.0,10429643028.0,145052000.0,0.0,2386000.0,392661000.0,-60723000.0,335134000.0,-953080000.0,-20832000.0,754109000.0,8889000.0,226681000.0,226681000.0,226681000.0,-15001000.0,0.0,0.086,481221000.0,378711000.0,2918657000.0,0.267,1.085,14.937,14.914,12111918000.0,0.0,53.69,53.25,53.259,1639428000.0,8105611000.0,2646728000.0,2646728000.0,94063000.0,,,,,0.0,66143000.0,1.0,194256715.0,194290277,195057952.0,13.623,16546367000.0,63547000.0,165551000.0,1635496000.0,85.163,877351000.0
36,MUR,MRQ,2012-06-30,2012-06-30,2012-06-30,2021-08-25,329627000.0,15000768000.0,,3443953000.0,11556815000.0,,47.91,-777155000.0,671642000.0,671642000.0,6163680000.0,295437000.0,1.35,0.612,791572000.0,44000.0,791528000.0,791572000.0,0.0,309822000.0,0.0,0.022,0.275,503766000.0,813588000.0,0.114,813588000.0,503766000.0,492168000.0,1.52,1.52,1.52,9304628000.0,,9304628000.0,9427637045.0,6.0,3.558,-421043000.0,-2.168,1.0,993925000.0,0.139,42068000.0,11598000.0,12527877000.0,,763249000.0,470772000.0,470772000.0,0.0,5696140000.0,2550753000.0,3145387000.0,9764687045.0,-265007000.0,0.0,2153000.0,187964000.0,-53414000.0,138792000.0,-751592000.0,23580000.0,356112000.0,-8319000.0,295437000.0,295437000.0,295437000.0,-4131000.0,0.0,0.041,503766000.0,490159000.0,2304396000.0,0.181,1.049,11.125,11.102,11346390000.0,0.0,50.29,2.047,2.048,1261958000.0,7939653000.0,7157605000.0,7157605000.0,96724000.0,,,,,0.0,87619000.0,1.0,194167569.0,194208795,194846202.0,36.855,14958700000.0,64796000.0,196731000.0,1535904000.0,77.024,893200000.0
37,MUR,MRQ,2012-03-31,2012-03-31,2012-03-31,2021-08-25,398363000.0,14936948000.0,,3804603000.0,11132345000.0,,47.024,-567141000.0,936649000.0,936649000.0,6002864000.0,290071000.0,1.172,0.638,599599000.0,350034000.0,249565000.0,599599000.0,0.0,332588000.0,0.0,0.02,0.275,486008000.0,818596000.0,0.118,818596000.0,486008000.0,474269000.0,1.5,1.49,1.5,9119083000.0,,9119083000.0,10995152681.0,7.0,4.162,423865000.0,2.186,1.0,954072000.0,0.137,42820000.0,11739000.0,11311189000.0,,661676000.0,494352000.0,494352000.0,0.0,5817865000.0,3245889000.0,2571976000.0,10909467681.0,422776000.0,0.0,6599000.0,-11000.0,-53383000.0,-51259000.0,-525511000.0,37741000.0,991006000.0,8540000.0,290071000.0,290071000.0,290071000.0,-8633000.0,0.0,0.042,483120000.0,470952000.0,2650907000.0,0.183,1.196,12.205,12.18,10922959000.0,0.0,56.27,2.17,2.17,1485059000.0,7697630000.0,6956936000.0,6956936000.0,52927000.0,,,,,0.0,88159000.0,1.0,193877158.0,193922260,194884733.0,35.875,14894128000.0,81962000.0,184198000.0,1527286000.0,76.805,558714000.0
38,MUR,MRQ,2011-12-31,2011-12-31,2011-12-31,2021-08-25,310420000.0,14138138000.0,,3447671000.0,10690467000.0,,45.341,-590577000.0,513873000.0,513873000.0,-17071163000.0,-113928000.0,1.22,0.611,599558000.0,350005000.0,249553000.0,599558000.0,0.0,181194000.0,0.0,0.02,0.275,-29841000.0,151353000.0,-0.009,151353000.0,-29841000.0,-44024000.0,-0.59,-0.58,-0.59,8778397000.0,,8778397000.0,10832446319.0,7.0,4.295,-321939000.0,-1.663,1.0,505757000.0,-0.031,41863000.0,14183000.0,11357032000.0,,666638000.0,532093000.0,532093000.0,0.0,5359741000.0,2824928000.0,2534813000.0,10786911319.0,-765108000.0,0.0,7306000.0,-716392000.0,-53223000.0,-769495000.0,-269460000.0,507788000.0,268638000.0,5209000.0,-113928000.0,-113928000.0,-113928000.0,-194298000.0,0.0,0.007,733480000.0,-227723000.0,1941008000.0,-0.466,1.229,12.36,12.359,10475149000.0,0.0,55.74,2.521,2.52,1554184000.0,7460942000.0,-16565406000.0,-16565406000.0,185519000.0,,,,,0.0,-9518000.0,1.0,193521911.0,193610009,194403070.0,-85.561,14096275000.0,87486000.0,69904000.0,1624002000.0,72.808,622743000.0
39,MUR,MRQ,2011-09-30,2011-09-30,2011-09-30,2021-08-25,272115000.0,15491082000.0,,4460630000.0,11030452000.0,,45.93,-620369000.0,1278981000.0,1278981000.0,6240384000.0,406114000.0,1.288,0.743,1324516000.0,349975000.0,974541000.0,1324516000.0,0.0,262999000.0,0.0,0.025,0.275,602844000.0,865843000.0,0.12,865843000.0,602844000.0,585515000.0,2.1,2.09,2.1,8888352000.0,,8888352000.0,9278761844.0,5.0,3.153,338436000.0,1.749,1.0,979836000.0,0.136,40716000.0,17329000.0,12032031000.0,,638700000.0,493705000.0,493705000.0,0.0,6602730000.0,3463870000.0,3138860000.0,8545532844.0,477735000.0,0.0,345000.0,-210957000.0,-53217000.0,-263778000.0,-198250000.0,448211000.0,958805000.0,-19042000.0,406114000.0,406114000.0,406114000.0,-58804000.0,0.0,0.056,438271000.0,541565000.0,2792520000.0,0.131,0.961,7.362,7.36,10338783000.0,0.0,44.16,0.324,0.324,1780976000.0,7628093000.0,7220220000.0,7220220000.0,85505000.0,,,,,0.0,72858000.0,1.0,193512972.0,193517785,194411116.0,37.31,15450366000.0,75748000.0,179401000.0,1551612000.0,79.84,996760000.0
40,MUR,MRQ,2011-06-30,2011-06-30,2011-06-30,2021-08-25,576826000.0,15567036000.0,,4213517000.0,11353519000.0,,45.633,-690992000.0,801246000.0,801246000.0,6434247000.0,311613000.0,1.26,0.763,1534475000.0,349946000.0,1184529000.0,1534475000.0,0.0,256785000.0,0.0,0.017,0.275,549402000.0,806187000.0,0.109,806187000.0,549402000.0,536802000.0,1.61,1.6,1.61,8829166000.0,,8829166000.0,12985388929.0,8.0,4.817,-295950000.0,-1.53,1.0,981678000.0,0.132,44390000.0,12600000.0,12912807000.0,,913338000.0,538082000.0,538082000.0,0.0,6737870000.0,3343068000.0,3394802000.0,12700374929.0,111827000.0,0.0,1084000.0,552318000.0,-53208000.0,500009000.0,-784109000.0,-81066000.0,395042000.0,885000.0,311613000.0,311613000.0,311613000.0,-31597000.0,0.0,0.042,466512000.0,515166000.0,2600956000.0,0.171,1.438,13.265,13.238,11062349000.0,0.0,65.66,0.522,0.522,1756713000.0,7275196000.0,7415925000.0,7415925000.0,122538000.0,,,,,0.0,77532000.0,1.0,193426362.0,193481601,194916194.0,38.329,15522646000.0,77978000.0,225189000.0,1637048000.0,80.228,870449000.0
41,MUR,MRQ,2011-03-31,2011-03-31,2011-03-31,2021-08-25,551239000.0,14884121000.0,,3921489000.0,10962632000.0,,44.182,-508836000.0,689419000.0,689419000.0,5421136000.0,268903000.0,1.233,0.745,974433000.0,41000.0,974392000.0,974433000.0,0.0,263747000.0,0.0,0.015,0.275,453613000.0,717360000.0,0.114,717360000.0,453613000.0,441894000.0,1.39,1.38,1.39,8531237000.0,,8531237000.0,14562896695.0,9.0,5.524,14064000.0,0.073,1.0,850537000.0,0.136,44061000.0,11719000.0,11944113000.0,,750182000.0,457016000.0,457016000.0,0.0,6352884000.0,3180961000.0,3171923000.0,14159330695.0,153594000.0,0.0,6816000.0,34990000.0,-53104000.0,-15059000.0,-362535000.0,159542000.0,522900000.0,8288000.0,268903000.0,268903000.0,268903000.0,-30461000.0,0.0,0.043,433818000.0,416719000.0,2805444000.0,0.198,1.66,15.423,15.392,10659848000.0,0.0,73.42,0.629,0.63,1858526000.0,7016791000.0,6271673000.0,6271673000.0,96274000.0,,,,,0.0,69661000.0,1.0,192853864.0,193092509,194597368.0,32.48,14840060000.0,75959000.0,172991000.0,1608070000.0,76.855,740528000.0
42,MUR,MRQ,2010-12-31,2010-12-31,2010-12-31,2021-08-25,449428000.0,14233243000.0,,3550693000.0,10682550000.0,,42.575,-699011000.0,535825000.0,535825000.0,4768922000.0,174069000.0,1.211,0.736,939391000.0,41000.0,939350000.0,939391000.0,0.0,263189000.0,0.0,0.014,0.275,289949000.0,553138000.0,0.102,553138000.0,289949000.0,278230000.0,0.9,0.89,0.9,8199550000.0,,8199550000.0,14902897318.0,10.0,5.914,228666000.0,1.187,1.0,661585000.0,0.122,42850000.0,11719000.0,11663049000.0,,762213000.0,616558000.0,616558000.0,0.0,6033693000.0,2930910000.0,3102783000.0,14340940318.0,73433000.0,0.0,16895000.0,-85010000.0,-52966000.0,-118994000.0,-740903000.0,13690000.0,927677000.0,5653000.0,174069000.0,174069000.0,174069000.0,-55067000.0,0.0,0.032,434078000.0,227507000.0,2237920000.0,0.306,1.749,17.969,17.921,10367847000.0,0.0,74.55,0.716,0.714,1467311000.0,6800992000.0,5430507000.0,5430507000.0,94586000.0,,,,,0.0,67055000.0,1.0,192366738.0,192590428,194031801.0,28.197,14190393000.0,80545000.0,104161000.0,1795244000.0,73.682,619783000.0
43,MUR,MRQ,2010-09-30,2010-09-30,2010-09-30,2021-08-25,369198000.0,13732622000.0,,3456856000.0,10275766000.0,,41.507,-509138000.0,462392000.0,462392000.0,4428423000.0,202832000.0,1.256,0.724,1024349000.0,10000.0,1024339000.0,1024349000.0,0.0,248026000.0,0.0,0.017,0.275,370860000.0,618886000.0,0.119,618886000.0,370860000.0,358109000.0,1.06,1.05,1.06,7966919000.0,,7966919000.0,12706057269.0,8.0,4.656,244000000.0,1.271,1.0,771911000.0,0.148,41550000.0,12751000.0,11501340000.0,,838465000.0,630248000.0,630248000.0,0.0,5765703000.0,2751689000.0,3014014000.0,11875840269.0,63572000.0,0.0,11302000.0,-204740000.0,-52739000.0,-237075000.0,-461497000.0,172513000.0,753138000.0,9006000.0,202832000.0,202832000.0,202832000.0,-5395000.0,0.0,0.039,411154000.0,360757000.0,2293157000.0,0.259,1.491,12.595,12.56,9846026000.0,0.0,61.92,0.603,0.604,1363300000.0,6679889000.0,5200334000.0,5200334000.0,62046000.0,,,,,0.0,63892000.0,1.0,191793286.0,191943813,193437992.0,27.093,13691072000.0,74282000.0,155277000.0,1567742000.0,71.329,705167000.0
44,MUR,MRQ,2010-06-30,2010-06-30,2010-06-30,2021-08-25,251329000.0,13547316000.0,,3715779000.0,9831537000.0,,40.018,-549590000.0,398820000.0,398820000.0,4713411000.0,272289000.0,1.364,0.767,1229037000.0,2431000.0,1226606000.0,1229037000.0,0.0,288212000.0,0.0,0.02,0.25,458870000.0,747082000.0,0.134,747082000.0,458870000.0,444977000.0,1.42,1.41,1.42,7666968000.0,,7666968000.0,10419256258.0,6.0,3.886,68756000.0,0.359,1.0,878520000.0,0.157,40195000.0,13893000.0,11613687000.0,,1021655000.0,802761000.0,802761000.0,0.0,5880348000.0,2723651000.0,3156697000.0,9487965258.0,98847000.0,0.0,9178000.0,-2288000.0,-47889000.0,-40947000.0,-472238000.0,92882000.0,618346000.0,-6314000.0,272289000.0,272289000.0,272289000.0,0.0,0.0,0.049,423346000.0,455174000.0,2243386000.0,0.176,1.238,10.214,10.195,9416226000.0,0.0,49.55,0.482,0.483,1324420000.0,6529796000.0,5591931000.0,5591931000.0,53093000.0,,,,,0.0,68851000.0,1.0,191482649.0,191585996,193169099.0,29.188,13507121000.0,70653000.0,172688000.0,1534601000.0,70.502,992128000.0
45,MUR,MRQ,2010-03-31,2010-03-31,2010-03-31,2021-08-25,381041000.0,13169842000.0,,3485959000.0,9683883000.0,,39.502,-529976000.0,299973000.0,299973000.0,4444566000.0,148891000.0,1.422,0.744,1231264000.0,29000.0,1231235000.0,1231264000.0,0.0,292680000.0,0.0,0.018,0.25,300955000.0,593635000.0,0.115,593635000.0,300955000.0,286146000.0,0.78,0.77,0.78,7553585000.0,,7553585000.0,11792024461.0,8.0,4.886,299421000.0,1.566,1.0,735594000.0,0.142,42115000.0,14809000.0,11607638000.0,,754209000.0,895643000.0,895643000.0,0.0,5616257000.0,2451380000.0,3164877000.0,10739947461.0,-1171000.0,0.0,5620000.0,-122000000.0,-47811000.0,-168930000.0,-654174000.0,-116618000.0,829397000.0,-7464000.0,148891000.0,148891000.0,148891000.0,0.0,0.0,0.029,437304000.0,298290000.0,2003515000.0,0.321,1.422,13.171,13.159,9307027000.0,0.0,56.19,0.576,0.577,1390131000.0,6305396000.0,5180160000.0,5180160000.0,66364000.0,,,,,0.0,65131000.0,1.0,191136278.0,191219265,192929735.0,27.09,13127727000.0,54713000.0,137255000.0,1500110000.0,68.653,1034579000.0
46,MUR,MRQ,2009-12-31,2009-12-31,2009-12-31,2021-08-25,287187000.0,12756359000.0,,3375695000.0,9380664000.0,,38.462,-337760000.0,301144000.0,301144000.0,2790804000.0,318870000.0,1.547,0.736,1353221000.0,38000.0,1353183000.0,1353221000.0,0.0,233262000.0,0.0,0.018,0.25,536173000.0,769435000.0,0.207,769435000.0,536173000.0,520951000.0,1.67,1.65,1.67,7346026000.0,,7346026000.0,11513350332.0,8.0,5.043,340406000.0,1.782,1.0,919247000.0,0.248,40652000.0,15222000.0,11586176000.0,,733982000.0,779025000.0,779025000.0,0.0,5410333000.0,2181608000.0,3228725000.0,10348539332.0,-13923000.0,0.0,4152000.0,-210000000.0,-47762000.0,-251941000.0,-453853000.0,15288000.0,678166000.0,13705000.0,318870000.0,318870000.0,318870000.0,-25977000.0,0.0,0.086,411080000.0,508167000.0,1539523000.0,0.15,1.409,12.355,12.346,9065088000.0,0.0,54.2,0.613,0.612,1463297000.0,6204316000.0,3710051000.0,3710051000.0,81222000.0,,,,,0.0,37230000.0,1.0,190932460.0,190992632,192748362.0,19.425,12715707000.0,15029000.0,202081000.0,1571865000.0,66.577,1194087000.0
47,MUR,MRQ,2009-09-30,2009-09-30,2009-09-30,2021-08-25,178925000.0,12279046000.0,,3182703000.0,9096343000.0,,36.431,-539301000.0,315067000.0,315067000.0,4514334000.0,188877000.0,1.603,0.766,1479878000.0,0.0,1479878000.0,1479878000.0,0.0,245539000.0,0.0,0.017,0.25,325390000.0,570929000.0,0.11,570929000.0,325390000.0,312779000.0,0.99,0.98,0.99,6951442000.0,,6951442000.0,12009554777.0,10.0,6.056,134664000.0,0.706,1.0,669423000.0,0.129,42605000.0,12611000.0,11415279000.0,,784236000.0,794313000.0,794313000.0,0.0,5327604000.0,1985973000.0,3341631000.0,10985311777.0,-192016000.0,0.0,3165000.0,-51500000.0,-47700000.0,-95592000.0,-759835000.0,-209631000.0,673965000.0,-10554000.0,188877000.0,188877000.0,188877000.0,0.0,0.0,0.036,348168000.0,321255000.0,1733342000.0,0.253,1.58,17.002,16.982,8765386000.0,0.0,57.57,0.624,0.624,1164678000.0,5933208000.0,5183757000.0,5183757000.0,37899000.0,,,,,0.0,56712000.0,1.0,190816602.0,190811162,192641808.0,27.167,12236441000.0,34974000.0,123902000.0,1341593000.0,64.129,1196730000.0
48,MUR,MRQ,2009-06-30,2009-06-30,2009-06-30,2021-08-25,15103000.0,12109268000.0,,3192739000.0,8916529000.0,,34.798,-498039000.0,507083000.0,507083000.0,3948420000.0,158770000.0,1.672,0.824,1531326000.0,0.0,1531326000.0,1531326000.0,0.0,197429000.0,0.0,0.018,0.25,282247000.0,479676000.0,0.105,479676000.0,282247000.0,269063000.0,0.83,0.83,0.83,6637620000.0,,6637620000.0,11032439798.0,6.0,4.392,-365564000.0,-1.916,1.0,607426000.0,0.133,39201000.0,13184000.0,11184799000.0,,773463000.0,584682000.0,584682000.0,0.0,5471648000.0,1909511000.0,3562137000.0,10363568798.0,179680000.0,0.0,1009000.0,535000000.0,-47687000.0,488396000.0,-482573000.0,28881000.0,132475000.0,41382000.0,158770000.0,158770000.0,158770000.0,2074000.0,0.0,0.035,335232000.0,272194000.0,1599209000.0,0.301,1.561,9.949,9.912,8297448000.0,0.0,54.32,0.504,0.503,1157585000.0,5792031000.0,4555846000.0,4555846000.0,34946000.0,,,,,0.0,61602000.0,1.0,190787349.0,190746583,192380595.0,23.884,12070067000.0,38138000.0,110293000.0,1268028000.0,63.278,1283228000.0
49,MUR,MRQ,2009-03-31,2009-03-31,2009-03-31,2021-08-25,-166496000.0,11064876000.0,,2717368000.0,8347508000.0,,33.274,-518650000.0,327403000.0,327403000.0,2918405000.0,171104000.0,1.514,0.745,996274000.0,0.0,996274000.0,996274000.0,0.0,194769000.0,0.0,0.021,0.25,268375000.0,463144000.0,0.134,463144000.0,268375000.0,256387000.0,0.9,0.89,0.9,6340202000.0,,6340202000.0,8902053584.0,4.0,2.801,-138623000.0,-0.728,1.0,527147000.0,0.153,36153000.0,11988000.0,9902380000.0,,675977000.0,613563000.0,613563000.0,0.0,4724674000.0,1795214000.0,2929460000.0,8539369584.0,-338707000.0,0.0,4420000.0,-32572000.0,-47639000.0,-73834000.0,-635646000.0,-114315000.0,380027000.0,-9254000.0,171104000.0,171104000.0,171104000.0,-99864000.0,0.0,0.05,368959000.0,158188000.0,1396431000.0,0.278,1.347,5.685,5.653,7758429000.0,0.0,44.77,0.35,0.35,974956000.0,5680948000.0,3445552000.0,3445552000.0,111105000.0,,,,,0.0,56832000.0,1.0,190738655.0,190545771,192281803.0,18.083,11028723000.0,33852000.0,85283000.0,1244131000.0,57.88,922154000.0
50,MUR,MRQ,2008-12-31,2008-12-31,2008-12-31,2021-08-25,-87697000.0,11149098000.0,,2846964000.0,8302134000.0,,33.058,-642577000.0,666110000.0,666110000.0,3746529000.0,127368000.0,1.508,0.776,1028794000.0,2572000.0,1026222000.0,1028794000.0,0.0,186769000.0,0.0,0.02,0.25,282402000.0,469171000.0,0.106,469171000.0,282402000.0,268117000.0,0.67,0.67,0.67,6278945000.0,,6278945000.0,8689012179.0,3.0,2.445,-199329000.0,-1.049,1.0,664567000.0,0.151,37370000.0,14285000.0,9586266000.0,,604173000.0,420340000.0,420340000.0,0.0,4870153000.0,1888146000.0,2982007000.0,8447996179.0,-161990000.0,0.0,8224000.0,-40417000.0,-47666000.0,-78238000.0,-460927000.0,190770000.0,443248000.0,-66073000.0,127368000.0,127368000.0,127368000.0,5642000.0,0.0,0.029,387746000.0,276821000.0,1174623000.0,0.373,1.345,4.855,4.831,7727718000.0,0.0,44.35,0.308,0.307,1033996000.0,5557483000.0,4411096000.0,4411096000.0,134070000.0,,,,,0.0,58053000.0,1.0,190484694.0,189936413,191875858.0,23.224,11111728000.0,29801000.0,140749000.0,1481541000.0,58.502,958818000.0
51,MUR,MRQ,2008-09-30,2008-09-30,2008-09-30,2021-08-25,246130000.0,11830770000.0,,3637877000.0,8192893000.0,,34.352,-549273000.0,828100000.0,828100000.0,6929102000.0,584422000.0,1.575,0.815,1069116000.0,2946000.0,1066170000.0,1069116000.0,0.0,164551000.0,0.0,0.013,0.25,935461000.0,1100012000.0,0.135,1100012000.0,935461000.0,918839000.0,3.08,3.04,3.08,6519505000.0,,6519505000.0,12641166326.0,4.0,3.597,538805000.0,2.839,1.0,1238390000.0,0.152,42805000.0,16622000.0,9719881000.0,,621164000.0,611110000.0,611110000.0,0.0,5311265000.0,2309100000.0,3002165000.0,12214483326.0,-288405000.0,0.0,1020000.0,-474195000.0,-47608000.0,-520426000.0,-818194000.0,-266038000.0,1088078000.0,-37863000.0,584422000.0,584422000.0,584422000.0,595000.0,0.0,0.072,309626000.0,928764000.0,1834319000.0,0.081,1.874,6.716,6.681,7628956000.0,0.0,64.14,0.429,0.427,1431346000.0,5477781000.0,8167492000.0,8167492000.0,83440000.0,,,,,0.0,56289000.0,1.0,190434726.0,189787636,192243448.0,43.035,11787965000.0,68436000.0,334417000.0,1495105000.0,62.111,1328777000.0
52,MUR,MRQ,2008-06-30,2008-06-30,2008-06-30,2021-08-25,339126000.0,12231196000.0,,4256945000.0,7974251000.0,,32.002,-272597000.0,1116505000.0,1116505000.0,7083963000.0,619204000.0,1.579,1.016,1543188000.0,3070000.0,1540118000.0,1543188000.0,0.0,155320000.0,0.0,0.008,0.188,990716000.0,1146036000.0,0.137,1146036000.0,990716000.0,969165000.0,3.27,3.22,3.27,6066443000.0,,6066443000.0,19477551661.0,8.0,6.794,789460000.0,4.165,1.0,1260255000.0,0.151,44605000.0,21551000.0,9917781000.0,,756751000.0,345072000.0,345072000.0,0.0,6164753000.0,2695493000.0,3469260000.0,18627490661.0,247376000.0,0.0,10521000.0,-175921000.0,-35663000.0,-192698000.0,-624417000.0,-345072000.0,1062057000.0,2434000.0,619204000.0,619204000.0,619204000.0,-688000.0,0.0,0.074,276222000.0,984033000.0,2366712000.0,0.057,3.071,12.991,12.935,7430872000.0,0.0,98.05,0.742,0.74,1867986000.0,4940967000.0,8344218000.0,8344218000.0,60400000.0,,,,,0.0,55374000.0,1.0,189979507.0,189564247,192263483.0,44.018,12186591000.0,89484000.0,349961000.0,1361888000.0,64.287,1561452000.0
53,MUR,MRQ,2008-03-31,2008-03-31,2008-03-31,2021-08-25,326717000.0,11260793000.0,,3384620000.0,7876173000.0,,28.774,-410207000.0,869129000.0,869129000.0,5547575000.0,408992000.0,1.545,1.069,1719190000.0,8123000.0,1711067000.0,1719190000.0,0.0,160625000.0,0.0,0.009,0.188,678634000.0,839259000.0,0.129,839259000.0,678634000.0,657481000.0,2.16,2.14,2.16,5442697000.0,,5442697000.0,16439652439.0,9.0,7.283,36322000.0,0.192,1.0,961950000.0,0.148,46340000.0,21153000.0,9874348000.0,,1044320000.0,0.0,0.0,0.0,5818096000.0,2190166000.0,3627930000.0,15584434439.0,195422000.0,0.0,9922000.0,197686000.0,-35564000.0,181989000.0,-419661000.0,0.0,446529000.0,-13435000.0,408992000.0,408992000.0,408992000.0,-786000.0,0.0,0.063,291051000.0,670899000.0,2060079000.0,0.087,2.863,14.635,14.564,7309810000.0,0.0,82.14,0.729,0.726,1303621000.0,4357426000.0,6509525000.0,6509525000.0,66496000.0,,,,,0.0,58774000.0,1.0,189730149.0,189150647,191550683.0,34.415,11214453000.0,61804000.0,248489000.0,1105499000.0,59.288,1194454000.0
54,MUR,MRQ,2007-12-31,2007-12-31,2007-12-31,2021-08-25,351765000.0,10535849000.0,,2886792000.0,7649057000.0,,26.811,-631793000.0,673707000.0,673707000.0,4945908000.0,206118000.0,1.369,1.08,1528925000.0,12769000.0,1516156000.0,1528925000.0,0.0,113608000.0,0.0,0.008,0.188,315884000.0,429492000.0,0.078,429492000.0,315884000.0,293666000.0,1.09,1.07,1.09,5066174000.0,,5066174000.0,16779617299.0,13.0,9.634,193603000.0,1.025,1.0,537813000.0,0.098,51450000.0,22218000.0,9230355000.0,,626647000.0,0.0,0.0,0.0,5469675000.0,2109262000.0,3360413000.0,16056620299.0,-115958000.0,-348292000.0,7787000.0,17029000.0,-35551000.0,-1000000.0,-947600000.0,59821000.0,825396000.0,7246000.0,206118000.0,206118000.0,206118000.0,-27449000.0,0.0,0.038,255171000.0,282642000.0,1662401000.0,0.172,3.169,20.947,20.794,7109822000.0,0.0,84.84,0.877,0.871,1420601000.0,3983998000.0,5483721000.0,5483721000.0,81773000.0,,,,,0.0,55007000.0,1.0,189257665.0,188961073,192269568.0,29.02,10484399000.0,86252000.0,87548000.0,1225502000.0,55.484,777530000.0
55,MUR,MRQ,2007-09-30,2007-09-30,2007-09-30,2021-08-25,352278000.0,9530944000.0,,2696587000.0,6834357000.0,,25.928,-466327000.0,789665000.0,789665000.0,4229046000.0,199535000.0,1.774,0.953,1512662000.0,16228000.0,1496434000.0,1512662000.0,0.0,114289000.0,0.0,0.009,0.188,337945000.0,452234000.0,0.095,452234000.0,337945000.0,318108000.0,1.06,1.04,1.06,4880575000.0,,4880575000.0,13604710465.0,12.0,8.683,-234614000.0,-1.246,1.0,551686000.0,0.115,51758000.0,19837000.0,8682502000.0,,662601000.0,59821000.0,59821000.0,0.0,4650369000.0,1519681000.0,3130688000.0,13174503465.0,96209000.0,0.0,13046000.0,388371000.0,-35382000.0,376398000.0,-528293000.0,-59821000.0,231713000.0,16391000.0,199535000.0,199535000.0,199535000.0,0.0,0.0,0.042,226608000.0,325078000.0,1424374000.0,0.177,2.699,20.307,20.258,6336567000.0,0.0,69.89,0.814,0.812,1079609000.0,3813431000.0,4780732000.0,4780732000.0,42531000.0,,,,,0.0,65591000.0,1.0,188503412.0,188239267,191193266.0,25.397,9479186000.0,24544000.0,118573000.0,858546000.0,50.357,1176906000.0
56,MUR,MRQ,2007-06-30,2007-06-30,2007-06-30,2021-08-25,248729000.0,8588666000.0,,2391846000.0,6196820000.0,,24.418,-520113000.0,693456000.0,693456000.0,3964655000.0,250242000.0,1.658,0.875,1123663000.0,18495000.0,1105168000.0,1123663000.0,0.0,114740000.0,0.0,0.01,0.15,421415000.0,536155000.0,0.116,536155000.0,421415000.0,404294000.0,1.33,1.32,1.33,4581209000.0,,4581209000.0,11550104002.0,10.0,7.204,-68806000.0,-0.367,1.0,648972000.0,0.141,48213000.0,17121000.0,7528169000.0,,545686000.0,0.0,0.0,0.0,4007457000.0,1442491000.0,2564966000.0,11182258002.0,83776000.0,0.0,8571000.0,145109000.0,-28244000.0,128651000.0,-524286000.0,0.0,451307000.0,28104000.0,250242000.0,250242000.0,250242000.0,0.0,0.0,0.054,244147000.0,404825000.0,1299933000.0,0.113,2.441,16.606,16.557,5815633000.0,0.0,59.44,0.718,0.716,1034084000.0,3649278000.0,4613627000.0,4613627000.0,30168000.0,,,,,0.0,54729000.0,1.0,188126817.0,187615633,190160989.0,24.591,8540453000.0,24728000.0,154052000.0,833495000.0,45.521,949355000.0
57,MUR,MRQ,2007-03-31,2007-03-31,2007-03-31,2021-08-25,142824000.0,8076484000.0,,2403384000.0,5673100000.0,,22.626,-283583000.0,609680000.0,609680000.0,3020867000.0,110634000.0,1.557,0.907,977526000.0,8129000.0,969397000.0,977526000.0,0.0,107987000.0,0.0,0.011,0.15,215874000.0,323861000.0,0.094,323861000.0,215874000.0,200385000.0,0.59,0.58,0.59,4234436000.0,,4234436000.0,10323836480.0,10.0,6.994,-51579000.0,-0.276,1.0,414017000.0,0.121,44509000.0,15489000.0,6856537000.0,,562419000.0,0.0,0.0,0.0,3842048000.0,1543284000.0,2298764000.0,10019826480.0,66290000.0,0.0,12220000.0,129957000.0,-28176000.0,120733000.0,-286334000.0,0.0,232004000.0,-113000.0,110634000.0,110634000.0,110634000.0,0.0,0.0,0.032,212774000.0,201243000.0,1460958000.0,0.254,2.366,15.673,15.614,5323403000.0,0.0,53.4,0.679,0.677,1110539000.0,3427280000.0,3434884000.0,3434884000.0,48336000.0,,,,,0.0,52989000.0,1.0,187637200.0,187147870,189789397.0,18.354,8031975000.0,17823000.0,89751000.0,714844000.0,42.918,860100000.0
58,MUR,MRQ,2006-12-31,2006-12-31,2006-12-31,2021-08-25,131999000.0,7483161000.0,,2107091000.0,5376070000.0,,22.089,-306250000.0,543390000.0,543390000.0,2936521000.0,88370000.0,1.607,0.816,847400000.0,7125000.0,840275000.0,847400000.0,0.0,97318000.0,0.0,0.01,0.15,157293000.0,254611000.0,0.076,254611000.0,157293000.0,144006000.0,0.47,0.47,0.47,4121273000.0,,4121273000.0,9836712299.0,9.0,6.669,44812000.0,0.24,1.0,427263000.0,0.127,44057000.0,13287000.0,6432009000.0,,411077000.0,0.0,0.0,0.0,3361888000.0,1311105000.0,2050783000.0,9511872299.0,74037000.0,0.0,9510000.0,53655000.0,-28106000.0,39758000.0,-308672000.0,0.0,351062000.0,-8111000.0,88370000.0,88370000.0,88370000.0,0.0,0.0,0.026,283075000.0,144188000.0,1008597000.0,0.319,2.308,14.755,14.697,5106282000.0,0.0,50.85,0.665,0.661,995089000.0,3349832000.0,3363784000.0,3363784000.0,89832000.0,,,,,0.0,89383000.0,1.0,187057469.0,186574115,189431810.0,18.029,7439104000.0,20861000.0,55636000.0,835767000.0,39.872,795986000.0
59,MUR,MRQ,2006-09-30,2006-09-30,2006-09-30,2021-08-25,213738000.0,7346343000.0,,2171171000.0,5175172000.0,,21.829,-267970000.0,469353000.0,469353000.0,3558067000.0,224142000.0,1.519,0.807,794193000.0,4659000.0,789534000.0,794193000.0,0.0,87181000.0,0.0,0.01,0.15,401477000.0,488658000.0,0.118,488658000.0,401477000.0,384456000.0,1.2,1.18,1.2,4064784000.0,,4064784000.0,9349719003.0,8.0,5.891,164297000.0,0.882,1.0,595355000.0,0.143,45963000.0,17021000.0,6196169000.0,,472589000.0,0.0,0.0,0.0,3281559000.0,1429051000.0,1852508000.0,8884273003.0,54641000.0,0.0,4245000.0,-86000000.0,-28060000.0,-107975000.0,-270250000.0,0.0,432267000.0,599000.0,224142000.0,224142000.0,224142000.0,0.0,0.0,0.054,205162000.0,390193000.0,1293762000.0,0.125,2.186,12.354,12.319,4964362000.0,0.0,47.55,0.628,0.626,1039026000.0,3224940000.0,4153422000.0,4153422000.0,35970000.0,,,,,0.0,52237000.0,1.0,186840652.0,186211753,189238922.0,22.305,7300380000.0,42285000.0,160314000.0,750787000.0,39.205,742120000.0
60,MUR,MRQ,2006-06-30,2006-06-30,2006-06-30,2021-08-25,201957000.0,7101599000.0,,2147680000.0,4953919000.0,,20.687,-325423000.0,414712000.0,414712000.0,3276497000.0,216174000.0,1.564,0.846,880158000.0,4665000.0,875493000.0,880158000.0,0.0,102206000.0,0.0,0.008,0.113,306806000.0,409012000.0,0.108,409012000.0,306806000.0,295128000.0,1.16,1.14,1.16,3846205000.0,,3846205000.0,10558556802.0,9.0,6.738,-323282000.0,-1.739,1.0,522421000.0,0.138,46025000.0,11678000.0,6148151000.0,,493646000.0,0.0,0.0,0.0,3255394000.0,1372869000.0,1882525000.0,10425447802.0,-66193000.0,0.0,4366000.0,265333000.0,-21003000.0,250121000.0,-328822000.0,0.0,2141000.0,10367000.0,216174000.0,216174000.0,216174000.0,0.0,0.0,0.057,224654000.0,297767000.0,1274876000.0,0.097,2.711,14.361,14.286,4784782000.0,0.0,55.86,0.784,0.781,1047420000.0,3030225000.0,3798918000.0,3798918000.0,30273000.0,,,,,0.0,46548000.0,1.0,186635299.0,185919897,189101235.0,20.433,7055574000.0,41961000.0,78954000.0,681016000.0,37.95,774811000.0
61,MUR,MRQ,2006-03-31,2006-03-31,2006-03-31,2021-08-25,126746000.0,6507432000.0,,1852286000.0,4655146000.0,,19.201,-280960000.0,480905000.0,480905000.0,2536363000.0,115983000.0,1.398,0.825,614014000.0,4456000.0,609558000.0,614014000.0,0.0,97358000.0,0.0,0.009,0.113,225371000.0,322729000.0,0.108,322729000.0,225371000.0,214808000.0,0.62,0.61,0.62,3565975000.0,,3565975000.0,9323543728.0,6.0,5.066,-90952000.0,-0.49,1.0,454900000.0,0.152,43960000.0,10563000.0,5271740000.0,,266523000.0,0.0,0.0,0.0,2941457000.0,1324841000.0,1616616000.0,9294812728.0,-104428000.0,0.0,6743000.0,-11000.0,-20993000.0,-10469000.0,-283698000.0,0.0,190008000.0,-269000.0,115983000.0,115983000.0,115983000.0,0.0,0.0,0.039,239118000.0,215782000.0,1208532000.0,0.182,2.607,10.839,10.737,4494829000.0,0.0,49.82,0.746,0.743,988319000.0,2837153000.0,2991263000.0,2991263000.0,63163000.0,,,,,0.0,40375000.0,1.0,186567899.0,185713673,188636321.0,16.107,6463472000.0,39654000.0,98825000.0,718910000.0,34.803,527445000.0
62,MUR,MRQ,2005-12-31,2005-12-31,2005-12-31,2021-08-25,131324000.0,6368511000.0,,1838946000.0,4529565000.0,,18.691,-389757000.0,585333000.0,585333000.0,2674788000.0,162848000.0,1.429,0.84,614064000.0,4490000.0,609574000.0,614064000.0,0.0,89313000.0,0.0,0.008,0.113,277498000.0,366811000.0,0.115,366811000.0,277498000.0,265969000.0,0.88,0.86,0.88,3460990000.0,,3460990000.0,10116478965.0,7.0,5.505,89454000.0,0.483,1.0,520630000.0,0.163,44206000.0,11529000.0,5066028000.0,,314955000.0,0.0,0.0,0.0,2907521000.0,1287008000.0,1620513000.0,10016814965.0,53678000.0,0.0,7782000.0,-17321000.0,-20893000.0,-30433000.0,-394478000.0,0.0,479211000.0,-622000.0,162848000.0,162848000.0,162848000.0,0.0,0.0,0.051,254515000.0,266115000.0,987236000.0,0.128,2.894,11.719,11.636,4374229000.0,0.0,53.99,0.843,0.838,865155000.0,2744274000.0,3195418000.0,3195418000.0,89232000.0,,,,,0.0,40953000.0,1.0,185530931.0,185168032,188336732.0,17.257,6324305000.0,40264000.0,103121000.0,833718000.0,34.154,551938000.0
63,MUR,MRQ,2005-09-30,2005-09-30,2005-09-30,2021-08-25,130431000.0,6243358000.0,,1915519000.0,4327839000.0,,17.965,-291520000.0,531655000.0,531655000.0,2757501000.0,230948000.0,1.437,0.885,631319000.0,21806000.0,609513000.0,631319000.0,0.0,93769000.0,0.0,0.009,0.113,374753000.0,468522000.0,0.141,468522000.0,374753000.0,362515000.0,1.25,1.23,1.25,3311954000.0,,3311954000.0,9330101938.0,7.0,5.237,25833000.0,0.14,1.0,559418000.0,0.169,44170000.0,12238000.0,4965793000.0,,457394000.0,0.0,0.0,0.0,2931404000.0,1333059000.0,1598345000.0,9197547938.0,23922000.0,0.0,18394000.0,-9832000.0,-20808000.0,-12246000.0,-290483000.0,0.0,317353000.0,9298000.0,230948000.0,230948000.0,230948000.0,-8549000.0,0.0,0.07,204048000.0,355370000.0,1143990000.0,0.09,2.777,11.13,11.132,4172060000.0,0.0,49.87,0.837,0.837,839626000.0,2610609000.0,3316919000.0,3316919000.0,32863000.0,,,,,0.0,41091000.0,1.0,184430478.0,184355365,188069208.0,17.992,6199188000.0,42036000.0,131567000.0,758588000.0,33.626,582460000.0
64,MUR,MRQ,2005-06-30,2005-06-30,2005-06-30,2021-08-25,100000000.0,5853965000.0,,1779896000.0,4074069000.0,,16.522,-157236000.0,507733000.0,507733000.0,2193238000.0,347793000.0,1.391,0.927,640287000.0,31414000.0,608873000.0,640287000.0,0.0,109039000.0,0.0,0.009,0.113,573458000.0,682497000.0,0.231,682497000.0,573458000.0,561957000.0,1.89,1.85,1.89,3038391000.0,,3038391000.0,9823256881.0,8.0,6.132,88509000.0,0.481,1.0,756704000.0,0.257,42667000.0,11501000.0,4664451000.0,,315056000.0,0.0,0.0,0.0,2815574000.0,1279401000.0,1536173000.0,9632801881.0,43869000.0,0.0,0.0,-13786000.0,-20749000.0,-35587000.0,-163219000.0,0.0,245745000.0,-3070000.0,347793000.0,347793000.0,347793000.0,0.0,0.0,0.118,192001000.0,564703000.0,1029314000.0,0.06,3.17,13.489,13.496,3918469000.0,0.0,52.23,0.967,0.964,892351000.0,2400469000.0,2949942000.0,2949942000.0,40010000.0,,,,,0.0,40459000.0,1.0,184430440.0,183903885,187682605.0,16.041,5811298000.0,33887000.0,214164000.0,760199000.0,31.6,500495000.0
65,MUR,MRQ,2005-03-31,2005-03-31,2005-03-31,2021-08-25,119402000.0,5488740000.0,,1568835000.0,3919905000.0,,14.809,-258745000.0,463864000.0,463864000.0,1993187000.0,113153000.0,1.344,1.012,654319000.0,41058000.0,613261000.0,654319000.0,0.0,104754000.0,0.0,0.009,0.113,215259000.0,320013000.0,0.133,320013000.0,215259000.0,203223000.0,0.61,0.6,0.61,2728557000.0,,2728557000.0,9215082015.0,8.0,6.33,-52123000.0,-0.283,1.0,421685000.0,0.175,43206000.0,12036000.0,4468938000.0,,242272000.0,0.0,0.0,0.0,2760183000.0,1167051000.0,1593132000.0,9086525015.0,-71661000.0,0.0,337000.0,-9640000.0,-20748000.0,-30051000.0,-241129000.0,17892000.0,206622000.0,-7103000.0,113153000.0,113153000.0,113153000.0,0.0,0.0,0.047,213993000.0,207692000.0,976303000.0,0.185,3.33,12.687,12.723,3771468000.0,0.0,49.365,0.997,0.998,797863000.0,2073425000.0,2414872000.0,2414872000.0,70295000.0,,,,,0.0,36305000.0,1.0,184068166.0,184248272,187806028.0,13.107,5445534000.0,29197000.0,90070000.0,699729000.0,29.555,401784000.0
66,MUR,MRQ,2004-12-31,2004-12-31,2004-12-31,2021-08-25,134509000.0,5458243000.0,,1629363000.0,3828880000.0,,14.393,-146907000.0,535525000.0,535525000.0,1941073000.0,134480000.0,1.352,1.06,664082000.0,50727000.0,613355000.0,664082000.0,0.0,82942000.0,0.0,0.011,0.113,227665000.0,310607000.0,0.135,310607000.0,227665000.0,213766000.0,0.73,0.71,0.73,2649156000.0,,2649156000.0,7536603822.0,7.0,5.432,79468000.0,0.432,1.0,359892000.0,0.156,43582000.0,13899000.0,4338227000.0,,295845000.0,17892000.0,17892000.0,0.0,2809087000.0,1204991000.0,1604096000.0,7402104822.0,-419604000.0,0.0,978000.0,-430415000.0,-20709000.0,-450146000.0,-224537000.0,-17594000.0,226375000.0,28704000.0,134480000.0,134480000.0,134480000.0,-2689000.0,0.0,0.058,141993000.0,217899000.0,709378000.0,0.155,2.794,10.555,10.558,3685594000.0,0.0,40.225,0.885,0.885,702933000.0,1981020000.0,2300965000.0,2300965000.0,21751000.0,,,,,0.0,34832000.0,1.0,184017522.0,184056006,187354806.0,12.501,5414661000.0,31397000.0,79286000.0,966437000.0,29.419,424372000.0
67,MUR,MRQ,2004-09-30,2004-09-30,2004-09-30,2021-08-25,91402000.0,5602154000.0,,1983560000.0,3618594000.0,,13.533,-373661000.0,955129000.0,955129000.0,1903939000.0,118723000.0,1.738,1.25,1089628000.0,42561000.0,1047067000.0,1089628000.0,0.0,75594000.0,0.0,0.009,0.113,213224000.0,288818000.0,0.126,288818000.0,213224000.0,199366000.0,0.64,0.63,0.64,2490157000.0,,2490157000.0,8144727682.0,9.0,6.543,-58174000.0,-0.316,1.0,389516000.0,0.17,41444000.0,13858000.0,4553878000.0,,275305000.0,0.0,0.0,0.0,3111997000.0,1141331000.0,1970666000.0,7983250682.0,8120000.0,0.0,292000.0,-16114000.0,-20702000.0,-36524000.0,-309364000.0,0.0,315487000.0,38521000.0,118723000.0,118723000.0,118723000.0,-2950000.0,0.0,0.052,185259000.0,204257000.0,938561000.0,0.177,3.206,12.763,12.779,3509374000.0,0.0,43.385,1.068,1.068,666203000.0,1867249000.0,2293455000.0,2293455000.0,70118000.0,,,,,0.0,33622000.0,1.0,184009466.0,184011626,187136842.0,12.464,5560710000.0,32715000.0,80643000.0,678644000.0,30.219,842229000.0
68,MUR,MRQ,2004-06-30,2004-06-30,2004-06-30,2021-08-25,50717000.0,5301362000.0,,1947120000.0,3354242000.0,,12.776,-199101000.0,947009000.0,947009000.0,1697161000.0,349873000.0,1.818,1.255,1108486000.0,61642000.0,1046844000.0,1108486000.0,0.0,82714000.0,0.0,0.011,0.1,453532000.0,536246000.0,0.255,536246000.0,453532000.0,439353000.0,1.9,1.87,1.9,2350580000.0,,2350580000.0,7570148365.0,9.0,6.727,50180000.0,0.273,1.0,408564000.0,0.194,39191000.0,14179000.0,4352735000.0,,284450000.0,0.0,0.0,0.0,2950782000.0,1070913000.0,1879869000.0,6778613365.0,649623000.0,0.0,960000.0,19965000.0,-18400000.0,2525000.0,385473000.0,582675000.0,249281000.0,12344000.0,349873000.0,349873000.0,349873000.0,-181738000.0,0.0,0.166,141584000.0,266980000.0,857429000.0,0.053,2.884,11.778,11.773,3244619000.0,0.0,36.85,1.052,1.052,640344000.0,1769228000.0,2105725000.0,2105725000.0,23209000.0,,,,,0.0,33194000.0,1.0,183951516.0,183989400,186682352.0,11.445,5262171000.0,27548000.0,89480000.0,571796000.0,28.6,876207000.0
69,MUR,MRQ,2004-03-31,2004-03-31,2004-03-31,2021-08-25,59658000.0,4833575000.0,,1112921000.0,3720654000.0,,11.023,-158376000.0,297386000.0,297386000.0,1347297000.0,98239000.0,1.216,1.385,1088921000.0,66018000.0,1022903000.0,1088921000.0,0.0,80196000.0,0.0,0.013,0.1,171659000.0,251855000.0,0.152,251855000.0,171659000.0,157371000.0,0.535,0.525,0.535,2026548000.0,,2026548000.0,6690808743.0,13.0,8.568,147499000.0,0.802,1.0,312397000.0,0.188,46426000.0,14288000.0,4663263000.0,,247314000.0,0.0,0.0,0.0,2807027000.0,915421000.0,1891606000.0,5785702743.0,44961000.0,0.0,926000.0,-68413000.0,-18394000.0,-85881000.0,-175106000.0,0.0,305875000.0,73000.0,98239000.0,98239000.0,98239000.0,-17543000.0,0.0,0.059,162533000.0,149864000.0,773239000.0,0.187,2.855,18.949,18.91,3146860000.0,0.0,31.485,1.04,1.041,509564000.0,1437755000.0,1659694000.0,1659694000.0,49149000.0,,,,,0.0,30681000.0,1.0,183760608.0,183851356,186346398.0,9.027,4787149000.0,21099000.0,59132000.0,469857000.0,26.038,197500000.0
70,MUR,MRQ,2003-12-31,2003-12-31,2003-12-31,2021-08-25,65246000.0,4712647000.0,,1038855000.0,3673792000.0,,10.604,-101447000.0,252425000.0,252425000.0,1193675000.0,58662000.0,1.282,1.416,1157531000.0,67224000.0,1090307000.0,1157531000.0,0.0,74908000.0,0.0,0.012,0.1,92976000.0,167884000.0,0.118,167884000.0,92976000.0,77913000.0,0.32,0.32,0.32,1950883000.0,,1950883000.0,6882644115.0,15.0,9.741,7543000.0,0.041,1.0,223097000.0,0.157,64873000.0,15063000.0,4742554000.0,,270510000.0,0.0,0.0,0.0,2761764000.0,810326000.0,1951438000.0,5999111115.0,15314000.0,0.0,719000.0,35942000.0,-18374000.0,16826000.0,-120804000.0,0.0,108990000.0,10302000.0,58662000.0,58662000.0,58662000.0,-2251000.0,0.0,0.041,139937000.0,83160000.0,471692000.0,0.312,3.075,20.391,20.409,3530800000.0,0.0,32.655,1.162,1.161,450201000.0,1357910000.0,1416772000.0,1416772000.0,24547000.0,,,,,0.0,33247000.0,1.0,183711870.0,183973262,186264662.0,7.701,4647774000.0,20940000.0,19251000.0,625451000.0,25.263,228529000.0
71,MUR,MRQ,2003-09-30,2003-09-30,2003-09-30,2021-08-25,52619000.0,4617404000.0,,974749000.0,3642655000.0,,10.328,-230488000.0,237111000.0,237111000.0,1024912000.0,68737000.0,1.163,1.434,1120644000.0,62474000.0,1058170000.0,1120644000.0,0.0,67648000.0,0.0,0.014,0.1,101733000.0,169381000.0,0.134,169381000.0,101733000.0,87278000.0,0.375,0.37,0.375,1897250000.0,,1897250000.0,6224027076.0,15.0,10.598,-26332000.0,-0.143,1.0,238069000.0,0.188,62325000.0,14455000.0,4600807000.0,,279623000.0,0.0,0.0,0.0,2720154000.0,837805000.0,1882349000.0,5395633076.0,16843000.0,0.0,531000.0,71954000.0,-18372000.0,54113000.0,-242923000.0,0.0,204156000.0,1497000.0,68737000.0,68737000.0,68737000.0,-1950000.0,0.0,0.054,148313000.0,89756000.0,670246000.0,0.267,2.844,18.404,18.359,3488573000.0,0.0,29.375,1.148,1.148,400859000.0,1317622000.0,1262981000.0,1262981000.0,44644000.0,,,,,0.0,30169000.0,1.0,183681126.0,183700434,185696616.0,6.875,4555079000.0,15391000.0,18541000.0,501139000.0,24.796,136944000.0
72,MUR,MRQ,2003-06-30,2003-06-30,2003-06-30,2021-08-25,78589000.0,4495709000.0,,987385000.0,3508324000.0,,10.196,-198221000.0,220268000.0,220268000.0,991338000.0,79686000.0,1.191,1.401,1048662000.0,61569000.0,987093000.0,1048662000.0,0.0,59125000.0,0.0,0.015,0.1,132642000.0,191767000.0,0.157,191767000.0,132642000.0,118370000.0,0.435,0.43,0.435,1872268000.0,,1872268000.0,5565541622.0,15.0,10.254,-71635000.0,-0.39,1.0,232051000.0,0.19,59552000.0,14272000.0,4435420000.0,,327914000.0,0.0,0.0,0.0,2623441000.0,829131000.0,1794310000.0,4827994622.0,3379000.0,0.0,1405000.0,92068000.0,-18365000.0,75108000.0,-208875000.0,0.0,126586000.0,10560000.0,79686000.0,79686000.0,79686000.0,-7331000.0,0.0,0.065,116852000.0,115199000.0,673878000.0,0.23,2.579,18.439,18.392,3361745000.0,0.0,26.3,1.076,1.076,380522000.0,1267257000.0,1223389000.0,1223389000.0,28048000.0,,,,,0.0,27189000.0,1.0,183573940.0,183634330,185006484.0,6.662,4436157000.0,16577000.0,38684000.0,462183000.0,24.158,158254000.0
73,MUR,MRQ,2003-03-31,2003-03-31,2003-03-31,2021-08-25,-16088000.0,4244324000.0,,967352000.0,3276972000.0,,9.344,-150094000.0,216889000.0,216889000.0,1047589000.0,87112000.0,1.172,1.476,954436000.0,58939000.0,895497000.0,954436000.0,0.0,57176000.0,0.0,0.018,0.1,120392000.0,177568000.0,0.141,177568000.0,120392000.0,106431000.0,0.475,0.47,0.475,1714371000.0,,1714371000.0,4805316438.0,16.0,9.822,62452000.0,0.34,1.0,210580000.0,0.167,54593000.0,13961000.0,4102019000.0,,216215000.0,0.0,0.0,0.0,2529953000.0,825259000.0,1704694000.0,4050361438.0,51932000.0,0.0,943000.0,32968000.0,-18353000.0,15486000.0,-175245000.0,0.0,212546000.0,-855000.0,87112000.0,87112000.0,87112000.0,-11248000.0,0.0,0.069,101508000.0,109072000.0,693662000.0,0.211,2.363,20.656,20.64,3131818000.0,0.0,22.085,0.942,0.942,471375000.0,1205936000.0,1258169000.0,1258169000.0,15399000.0,,,,,0.0,28933000.0,1.0,183398752.0,183476758,184699332.0,6.857,4189731000.0,17609000.0,19319000.0,411552000.0,22.835,142093000.0
74,MUR,MRQ,2002-12-31,2002-12-31,2002-12-31,2021-08-25,-66790000.0,3885775000.0,,854160000.0,3031615000.0,,8.693,-138552000.0,164957000.0,164957000.0,888382000.0,57637000.0,1.19,1.438,919912000.0,57104000.0,862808000.0,919912000.0,0.0,-22207000.0,0.0,0.018,0.1,70774000.0,48567000.0,0.051,48567000.0,70774000.0,56060000.0,0.315,0.31,0.315,1593553000.0,,1593553000.0,4731605651.0,24.0,11.984,126603000.0,0.691,1.0,67274000.0,0.07,51037000.0,14714000.0,3871801000.0,,201344000.0,0.0,0.0,0.0,2292222000.0,717892000.0,1574330000.0,3926812651.0,38581000.0,0.0,1643000.0,-11587000.0,-18335000.0,-28369000.0,-201677000.0,7182000.0,265155000.0,3472000.0,57637000.0,57637000.0,57637000.0,-22098000.0,0.0,0.06,26538000.0,40736000.0,447740000.0,0.317,2.464,35.216,35.123,2886599000.0,0.0,21.425,1.034,1.032,408782000.0,1137177000.0,955656000.0,955656000.0,2513000.0,,,,,0.0,23746000.0,1.0,183281804.0,183314916,184547632.0,5.213,3834738000.0,19115000.0,-1577000.0,487100000.0,20.919,136268000.0
75,MUR,MRQ,2002-09-30,2002-09-30,2002-09-30,2021-08-25,-66967000.0,3780994000.0,,845639000.0,2935355000.0,,8.456,-171923000.0,126376000.0,126376000.0,883517000.0,37408000.0,1.295,1.44,931169000.0,56160000.0,875009000.0,931169000.0,0.0,66581000.0,0.0,0.019,0.1,58261000.0,124842000.0,0.119,124842000.0,58261000.0,44300000.0,0.205,0.205,0.205,1549821000.0,,1549821000.0,4474880290.0,27.0,10.048,-75206000.0,-0.41,1.0,166693000.0,0.159,50564000.0,13961000.0,3882191000.0,,274121000.0,0.0,0.0,0.0,2231173000.0,653032000.0,1578141000.0,3760124290.0,-14610000.0,0.0,464000.0,76919000.0,-18330000.0,58891000.0,-172180000.0,0.0,96717000.0,1962000.0,37408000.0,37408000.0,37408000.0,-916000.0,0.0,0.036,116520000.0,50173000.0,548957000.0,0.488,2.426,45.5,45.393,2793685000.0,0.0,20.517,1.208,1.208,351677000.0,1097875000.0,1050210000.0,1050210000.0,17619000.0,,,,,0.0,23166000.0,1.0,183264252.0,183277420,184294944.0,5.73,3730430000.0,19169000.0,6892000.0,363795000.0,20.354,192607000.0
76,MUR,MRQ,2002-06-30,2002-06-30,2002-06-30,2021-08-25,-25649000.0,3778556000.0,,879005000.0,2899551000.0,,8.581,-210589000.0,140986000.0,140986000.0,818301000.0,13929000.0,1.278,1.405,855742000.0,50441000.0,805301000.0,855742000.0,0.0,83457000.0,0.0,0.018,0.094,54807000.0,138264000.0,0.133,138264000.0,54807000.0,41520000.0,0.075,0.075,0.075,1571438000.0,,1571438000.0,4402932372.0,23.0,9.602,-72332000.0,-0.395,1.0,217541000.0,0.21,52908000.0,13287000.0,3752508000.0,,257450000.0,0.0,0.0,0.0,2207118000.0,687896000.0,1519222000.0,3772201372.0,49857000.0,0.0,4966000.0,131542000.0,-17176000.0,116806000.0,-210461000.0,0.0,138257000.0,5255000.0,13929000.0,13929000.0,13929000.0,-1012000.0,0.0,0.013,168353000.0,49188000.0,584799000.0,1.253,2.4,43.378,43.239,2754150000.0,0.0,20.625,1.187,1.189,383660000.0,1078797000.0,1035842000.0,1035842000.0,61767000.0,,,,,0.0,23129000.0,1.0,182894612.0,183136292,184533728.0,5.656,3725648000.0,20466000.0,27591000.0,382088000.0,20.344,191109000.0
77,MUR,MRQ,2002-03-31,2002-03-31,2002-03-31,2021-08-25,-88681000.0,3438088000.0,,693833000.0,2744255000.0,,8.266,-176736000.0,91129000.0,91129000.0,612683000.0,2534000.0,1.194,1.285,721860000.0,49003000.0,672857000.0,721860000.0,0.0,69706000.0,0.0,0.016,0.094,13457000.0,83163000.0,0.11,83163000.0,13457000.0,3915000.0,0.015,0.015,0.015,1504788000.0,,1504788000.0,4840912568.0,12.0,7.611,-144021000.0,-0.791,1.0,142526000.0,0.189,50291000.0,9542000.0,3437211000.0,,202493000.0,0.0,0.0,0.0,1933300000.0,581317000.0,1351983000.0,4354529568.0,8477000.0,0.0,18058000.0,152941000.0,-17057000.0,153942000.0,-177128000.0,0.0,32715000.0,-1052000.0,2534000.0,2534000.0,2534000.0,-203000.0,0.0,0.003,134089000.0,8437000.0,487544000.0,6.267,2.894,18.483,18.433,2606733000.0,0.0,24.0,1.265,1.27,323952000.0,1082045000.0,755209000.0,755209000.0,42021000.0,,,,,0.0,22362000.0,1.0,181438732.0,182035812,183612184.0,4.149,3387797000.0,20170000.0,1381000.0,344919000.0,18.611,112516000.0
78,MUR,MRQ,2001-12-31,2001-12-31,2001-12-31,2021-08-25,-83309000.0,3259099000.0,,598661000.0,2660438000.0,,8.265,-209360000.0,82652000.0,82652000.0,112940000.0,28770000.0,1.069,1.175,569035000.0,48250000.0,520785000.0,569035000.0,0.0,56808000.0,0.0,0.018,0.094,42278000.0,99086000.0,0.366,99086000.0,42278000.0,31951000.0,0.157,0.157,0.157,1498163000.0,,1498163000.0,4176528850.0,8.0,5.399,-100592000.0,-0.555,1.0,157728000.0,0.583,50412000.0,10327000.0,3135013000.0,,173148000.0,0.0,0.0,0.0,1760936000.0,560057000.0,1200879000.0,3807806850.0,-78602000.0,0.0,3945000.0,42553000.0,-16996000.0,28452000.0,-213828000.0,0.0,108768000.0,-1994000.0,28770000.0,28770000.0,28770000.0,-2473000.0,0.0,0.106,125222000.0,32506000.0,325323000.0,0.599,2.542,11.507,11.481,2525807000.0,0.0,21.01,0.985,0.983,262022000.0,1096567000.0,270668000.0,270668000.0,31828000.0,,,,,0.0,26108000.0,1.0,181237832.0,181260864,182853224.0,1.493,3208687000.0,19777000.0,3181000.0,438090000.0,17.702,38604000.0
79,MUR,MRQ,2001-09-30,2001-09-30,2001-09-30,2021-08-25,-73342000.0,3318267000.0,,778057000.0,2540210000.0,,8.247,-193076000.0,161254000.0,161254000.0,910721000.0,41729000.0,1.153,1.22,529976000.0,47868000.0,482108000.0,529976000.0,0.0,58872000.0,0.0,0.021,0.094,79168000.0,138040000.0,0.124,138040000.0,79168000.0,69652000.0,0.23,0.228,0.23,1494491000.0,,1494491000.0,3617072587.0,6.0,4.134,-18059000.0,-0.1,1.0,204214000.0,0.183,43632000.0,9516000.0,2968804000.0,,201872000.0,0.0,0.0,0.0,1823776000.0,674553000.0,1149223000.0,3277953587.0,-44713000.0,0.0,586000.0,-15110000.0,-16995000.0,-31519000.0,-193108000.0,0.0,175017000.0,4897000.0,41729000.0,41729000.0,41729000.0,0.0,0.0,0.037,130111000.0,74103000.0,554557000.0,0.409,2.193,8.29,8.253,2412164000.0,0.0,18.09,0.841,0.841,342183000.0,1084793000.0,1114935000.0,1114935000.0,45541000.0,,,,,0.0,25698000.0,1.0,181202520.0,181226696,182732408.0,6.152,3274635000.0,20735000.0,27923000.0,352031000.0,18.069,103504000.0
80,MUR,MRQ,2001-06-30,2001-06-30,2001-06-30,2021-08-25,-50093000.0,3333859000.0,,864288000.0,2469571000.0,,8.251,-57361000.0,205967000.0,205967000.0,922413000.0,162568000.0,1.256,1.234,545086000.0,41911000.0,503175000.0,545086000.0,0.0,59041000.0,0.0,0.02,0.094,256686000.0,315727000.0,0.243,315727000.0,256686000.0,246984000.0,0.9,0.89,0.9,1491998000.0,,1491998000.0,3711176518.0,5.0,3.998,61106000.0,0.338,1.0,377966000.0,0.291,46291000.0,9702000.0,2938558000.0,,203861000.0,0.0,0.0,0.0,1841861000.0,688129000.0,1153732000.0,3317554518.0,40668000.0,0.0,12838000.0,-13835000.0,-16939000.0,-19936000.0,-57527000.0,0.0,118467000.0,-336000.0,162568000.0,162568000.0,162568000.0,0.0,0.0,0.125,125613000.0,252353000.0,560805000.0,0.104,2.224,7.476,7.474,2333173000.0,0.0,18.4,0.823,0.825,403361000.0,1060058000.0,1300379000.0,1300379000.0,41589000.0,,,,,0.0,24983000.0,1.0,180301876.0,180826416,182577828.0,7.191,3287568000.0,21708000.0,84416000.0,357037000.0,18.181,176159000.0
81,MUR,MRQ,2001-03-31,2001-03-31,2001-03-31,2021-08-25,-80886000.0,3130125000.0,,772621000.0,2357504000.0,,7.213,-177383000.0,165299000.0,165299000.0,913211000.0,97836000.0,1.095,1.408,558921000.0,44615000.0,514306000.0,558921000.0,0.0,55020000.0,0.0,0.022,0.094,165733000.0,220753000.0,0.186,220753000.0,165733000.0,155989000.0,0.542,0.54,0.542,1299924000.0,,1299924000.0,3428553828.0,6.0,4.358,56069000.0,0.311,1.0,276174000.0,0.232,45256000.0,9744000.0,2772943000.0,,184985000.0,0.0,0.0,0.0,1830201000.0,705548000.0,1124653000.0,2999253828.0,32598000.0,0.0,1495000.0,-3080000.0,-16896000.0,-18481000.0,-177475000.0,0.0,233452000.0,-4898000.0,97836000.0,97836000.0,97836000.0,0.0,0.0,0.082,114027000.0,162147000.0,575699000.0,0.173,2.307,8.466,8.458,2221386000.0,0.0,16.645,0.784,0.784,374363000.0,914430000.0,1189385000.0,1189385000.0,37961000.0,,,,,0.0,21046000.0,1.0,180189476.0,180225228,181259924.0,6.599,3084869000.0,21871000.0,58153000.0,324721000.0,17.117,67073000.0
82,MUR,MRQ,2000-12-31,2000-12-31,2000-12-31,2021-08-25,-38266000.0,3134353000.0,,816937000.0,2317416000.0,,6.99,-132811000.0,132701000.0,132701000.0,36843000.0,93263000.0,1.096,1.488,562001000.0,37242000.0,524759000.0,562001000.0,0.0,56384000.0,0.0,0.024,0.094,144148000.0,200532000.0,0.683,200532000.0,144148000.0,134605000.0,0.52,0.515,0.52,1259560000.0,,1259560000.0,2954548864.0,6.0,4.259,74929000.0,0.416,1.0,256764000.0,0.875,48396000.0,9543000.0,2770030000.0,,164755000.0,0.0,0.0,0.0,1874793000.0,745227000.0,1129566000.0,2723003864.0,-22560000.0,-127476000.0,3095000.0,50968000.0,-16895000.0,29274000.0,-259891000.0,0.0,207740000.0,317000.0,93263000.0,93263000.0,93263000.0,-7035000.0,0.0,0.318,123186000.0,133578000.0,528416000.0,0.181,2.162,9.174,9.158,2184719000.0,0.0,15.11,0.744,0.744,469616000.0,833490000.0,293607000.0,293607000.0,36012000.0,,,,,0.0,23871000.0,1.0,180212036.0,180203280,180988380.0,1.629,3085957000.0,25916000.0,41342000.0,363573000.0,17.125,71710000.0
83,MUR,MRQ,2000-09-30,2000-09-30,2000-09-30,2021-08-25,-48872000.0,2753400000.0,,823638000.0,1929762000.0,,6.585,-126378000.0,155261000.0,155261000.0,994578000.0,90110000.0,1.291,1.321,386806000.0,68000.0,386738000.0,386806000.0,0.0,51389000.0,0.0,0.022,0.094,139809000.0,191198000.0,0.153,191198000.0,139809000.0,132988000.0,0.5,0.497,0.5,1186399000.0,,1186399000.0,3213313054.0,8.0,5.043,82176000.0,0.456,1.0,252731000.0,0.203,0.0,6821000.0,2346997000.0,,203931000.0,0.0,0.0,0.0,1567001000.0,637948000.0,929053000.0,2918468054.0,52749000.0,0.0,352000.0,-10551000.0,-16890000.0,-27089000.0,-126316000.0,0.0,208554000.0,-2400000.0,90110000.0,90110000.0,90110000.0,0.0,0.0,0.072,116247000.0,136484000.0,552435000.0,0.188,2.46,11.095,11.098,1862420000.0,0.0,16.203,0.617,0.617,405713000.0,770751000.0,1247309000.0,1247309000.0,20899000.0,,,,,0.0,22962000.0,1.0,180124552.0,180172244,181222392.0,6.923,2753400000.0,25227000.0,42878000.0,261395000.0,15.282,185690000.0
84,MUR,MRQ,2000-06-30,2000-06-30,2000-06-30,2021-08-25,-33201000.0,2664942000.0,,759685000.0,1905257000.0,,6.284,-109256000.0,102512000.0,102512000.0,884378000.0,73045000.0,1.25,1.355,397357000.0,69000.0,397288000.0,397357000.0,0.0,47561000.0,0.0,0.024,0.087,126717000.0,174278000.0,0.159,174278000.0,126717000.0,119938000.0,0.405,0.403,0.405,1131587000.0,,1131587000.0,3016020667.0,8.0,5.144,61922000.0,0.344,1.0,212378000.0,0.194,0.0,6779000.0,2352031000.0,,208850000.0,0.0,0.0,0.0,1533355000.0,607756000.0,925599000.0,2677326667.0,48266000.0,0.0,322000.0,4417000.0,-15755000.0,-11179000.0,-109313000.0,0.0,171178000.0,-2420000.0,73045000.0,73045000.0,73045000.0,0.0,0.0,0.067,89202000.0,123176000.0,529048000.0,0.215,2.366,11.945,11.944,1838758000.0,0.0,14.87,0.65,0.65,390141000.0,702052000.0,1096756000.0,1096756000.0,20860000.0,,,,,0.0,20781000.0,1.0,180048868.0,180087552,181023744.0,6.09,2664942000.0,23079000.0,46893000.0,245784000.0,14.798,151929000.0
85,MUR,MRQ,2000-03-31,2000-03-31,2000-03-31,2021-08-25,-9630000.0,2520260000.0,,642189000.0,1878071000.0,,6.028,-123181000.0,54246000.0,54246000.0,821614000.0,40410000.0,1.2,1.322,392940000.0,71000.0,392869000.0,392940000.0,0.0,55572000.0,0.0,0.024,0.087,72075000.0,127647000.0,0.125,127647000.0,72075000.0,65282000.0,0.225,0.225,0.225,1085327000.0,,1085327000.0,2952803745.0,10.0,5.925,37098000.0,0.206,1.0,198900000.0,0.195,0.0,6793000.0,2323749000.0,,178285000.0,0.0,0.0,0.0,1434933000.0,535205000.0,899728000.0,2593700745.0,20114000.0,0.0,0.0,-295000.0,-15754000.0,-15886000.0,-123191000.0,0.0,160279000.0,-1088000.0,40410000.0,40410000.0,40410000.0,0.0,0.0,0.04,121290000.0,77610000.0,491958000.0,0.387,2.39,15.548,15.523,1810447000.0,0.0,14.405,0.747,0.747,352100000.0,633635000.0,1020514000.0,1020514000.0,47858000.0,,,,,0.0,17860000.0,1.0,180055588.0,180036356,180637060.0,5.668,2520260000.0,22054000.0,24872000.0,199874000.0,13.999,106984000.0
86,MUR,MRQ,1999-12-31,1999-12-31,1999-12-31,2021-08-25,-4984000.0,2445508000.0,,593112000.0,1852396000.0,,5.874,-67585000.0,34132000.0,34132000.0,1182584000.0,59474000.0,1.216,1.313,393235000.0,71000.0,393164000.0,393235000.0,0.0,55796000.0,0.0,0.024,0.087,88253000.0,144049000.0,0.105,144049000.0,88253000.0,80984000.0,0.33,0.33,0.33,1057172000.0,,1057172000.0,2963885866.0,14.0,7.199,40402000.0,0.224,1.0,185545000.0,0.136,0.0,7269000.0,2316976000.0,,151643000.0,0.0,0.0,0.0,1388336000.0,487635000.0,900701000.0,2580615866.0,-9844000.0,0.0,2269000.0,-34011000.0,-15744000.0,-49610000.0,-67131000.0,0.0,107987000.0,-1090000.0,59474000.0,59474000.0,59474000.0,0.0,0.0,0.043,100249000.0,85296000.0,334420000.0,0.264,2.441,21.558,21.571,1782741000.0,0.0,14.345,0.936,0.936,357472000.0,601956000.0,1368129000.0,1368129000.0,15086000.0,,,,,0.0,29367000.0,1.0,179896540.0,179965252,180433488.0,7.602,2445508000.0,21720000.0,21510000.0,192404000.0,13.589,105477000.0
87,MUR,MRQ,1999-09-30,1999-09-30,1999-09-30,2021-08-25,-8756000.0,2362724000.0,,546548000.0,1816176000.0,,5.602,-66255000.0,43976000.0,43976000.0,461117000.0,51211000.0,1.204,1.345,427246000.0,71000.0,427175000.0,427246000.0,0.0,52241000.0,0.0,0.026,0.087,88065000.0,140306000.0,0.221,140306000.0,88065000.0,80512000.0,0.285,0.285,0.285,1007712000.0,,1007712000.0,2873406718.0,75.0,11.875,76149000.0,0.423,1.0,172438000.0,0.272,0.0,7553000.0,2292223000.0,,139563000.0,0.0,0.0,0.0,1355012000.0,453771000.0,901241000.0,2430872718.0,-919000.0,0.0,0.0,-60183000.0,-15737000.0,-75727000.0,-68813000.0,0.0,142404000.0,1217000.0,51211000.0,51211000.0,51211000.0,0.0,0.0,0.081,86701000.0,85737000.0,421711000.0,0.305,2.412,-2653.791,-2703.0,1748088000.0,0.0,13.515,1.008,1.008,317306000.0,558226000.0,633555000.0,633555000.0,15438000.0,,,,,0.0,19022000.0,1.0,179864796.0,179885240,180240508.0,3.522,2362724000.0,17931000.0,29301000.0,176261000.0,13.135,92777000.0
88,MUR,MRQ,1999-06-30,1999-06-30,1999-06-30,2021-08-25,-22413000.0,2307311000.0,,520404000.0,1786907000.0,,5.326,-91546000.0,44895000.0,44895000.0,334985000.0,15720000.0,1.282,1.409,487429000.0,67000.0,487362000.0,487429000.0,0.0,50445000.0,0.0,0.029,0.087,35900000.0,86345000.0,0.192,86345000.0,35900000.0,28199000.0,0.087,0.087,0.087,957905000.0,,957905000.0,2626804368.0,-89.0,15.196,9201000.0,0.051,1.0,115506000.0,0.256,0.0,7701000.0,2343922000.0,,158132000.0,0.0,0.0,0.0,1349406000.0,405923000.0,943483000.0,2194437368.0,29383000.0,0.0,0.0,39550000.0,-15735000.0,21509000.0,-92381000.0,0.0,100747000.0,-492000.0,15720000.0,15720000.0,15720000.0,0.0,0.0,0.035,81041000.0,34465000.0,378346000.0,1.0,2.291,-50.901,-50.844,1721010000.0,0.0,12.203,0.992,0.992,264676000.0,522752000.0,450491000.0,450491000.0,13694000.0,,,,,0.0,16902000.0,1.0,179835064.0,179854724,180140860.0,2.505,2307311000.0,14172000.0,12479000.0,169828000.0,12.829,114481000.0
89,MUR,MRQ,1999-03-31,1999-03-31,1999-03-31,2021-08-25,-25748000.0,2221484000.0,,474599000.0,1746885000.0,,5.305,-93181000.0,15512000.0,15512000.0,220015000.0,-6698000.0,1.299,1.329,447879000.0,4000.0,447875000.0,447879000.0,0.0,46595000.0,0.0,0.034,0.087,-5577000.0,41018000.0,0.135,41018000.0,-5577000.0,-11193000.0,-0.037,-0.037,-0.037,954030000.0,,954030000.0,2178623743.0,-89.0,12.447,-102608000.0,-0.571,1.0,84251000.0,0.277,0.0,5616000.0,2288379000.0,,169195000.0,0.0,0.0,0.0,1267454000.0,365472000.0,901982000.0,1865509743.0,-12759000.0,0.0,0.0,106494000.0,-15734000.0,90986000.0,-93774000.0,0.0,-9427000.0,-544000.0,-6698000.0,-6698000.0,-6698000.0,0.0,0.0,-0.022,90973000.0,-6722000.0,341557000.0,-2.351,1.955,-50.924,-50.61,1684130000.0,0.0,10.375,0.844,0.844,243584000.0,522767000.0,304266000.0,304266000.0,26339000.0,,,,,0.0,16526000.0,1.0,179808168.0,179820052,179820052.0,1.692,2221484000.0,14461000.0,-4495000.0,158757000.0,12.354,109127000.0
90,MUR,MRQ,1998-12-31,1998-12-31,1998-12-31,2021-08-25,-23520000.0,2164419000.0,,437366000.0,1727053000.0,,5.439,-64270000.0,28271000.0,28271000.0,935279000.0,-61149000.0,1.149,1.213,341385000.0,7912000.0,333473000.0,341385000.0,0.0,54406000.0,0.0,0.034,0.087,-80103000.0,-25697000.0,-0.025,-25697000.0,-80103000.0,-85332000.0,-0.34,-0.34,-0.34,978233000.0,,978233000.0,2101412972.0,214.0,9.867,-48563000.0,-0.27,1.0,89128000.0,0.087,0.0,5229000.0,2096783000.0,,129777000.0,0.0,0.0,0.0,1186186000.0,380750000.0,805436000.0,1854841972.0,-608000.0,0.0,0.0,65935000.0,-15735000.0,50232000.0,-65836000.0,0.0,15707000.0,-711000.0,-61149000.0,-61149000.0,-61149000.0,0.0,0.0,-0.06,170175000.0,-81047000.0,248967000.0,-0.256,1.896,-128.862,-128.906,1662362000.0,0.0,10.312,0.79,0.79,233906000.0,545199000.0,1024407000.0,1024407000.0,16055000.0,,,,,0.0,12332000.0,1.0,179863464.0,179842612,179135152.0,5.696,2164419000.0,13120000.0,-24183000.0,147494000.0,12.035,56616000.0
91,MUR,MRQ,1998-09-30,1998-09-30,1998-09-30,2021-08-25,-16227000.0,2260630000.0,,469684000.0,1790946000.0,,5.911,-97938000.0,28879000.0,28879000.0,338650000.0,9015000.0,1.079,1.126,275450000.0,7381000.0,268069000.0,275450000.0,0.0,50914000.0,0.0,0.036,0.087,20277000.0,71191000.0,0.164,71191000.0,20277000.0,15386000.0,0.05,0.05,0.05,1063123000.0,,1063123000.0,1995641796.0,14.0,5.756,22266000.0,0.124,1.0,94669000.0,0.218,0.0,4891000.0,2071766000.0,,147555000.0,0.0,0.0,0.0,1197507000.0,435435000.0,762072000.0,1742239796.0,6243000.0,0.0,0.0,-588000.0,-15736000.0,-16150000.0,-98077000.0,0.0,120204000.0,266000.0,9015000.0,9015000.0,9015000.0,0.0,0.0,0.021,75868000.0,18801000.0,406624000.0,1.74,1.639,22.148,22.118,1726900000.0,0.0,9.688,0.923,0.923,242947000.0,622083000.0,433319000.0,433319000.0,9567000.0,,,,,0.0,15387000.0,1.0,179844108.0,179858628,179950324.0,2.409,2260630000.0,13167000.0,6371000.0,166401000.0,12.569,34249000.0
92,MUR,MRQ,1998-06-30,1998-06-30,1998-06-30,2021-08-25,-7058000.0,2235222000.0,,468420000.0,1766802000.0,,5.998,-92678000.0,22636000.0,22636000.0,323975000.0,22199000.0,1.17,1.072,276038000.0,7703000.0,268335000.0,276038000.0,0.0,47571000.0,0.0,0.028,0.087,40953000.0,88524000.0,0.197,88524000.0,40953000.0,36859000.0,0.122,0.122,0.122,1078668000.0,,1078668000.0,2524122035.0,13.0,6.317,5531000.0,0.031,1.0,124670000.0,0.278,0.0,4094000.0,2088186000.0,,139639000.0,0.0,0.0,0.0,1156554000.0,400438000.0,756116000.0,2278856035.0,6324000.0,0.0,-184000.0,14460000.0,-15735000.0,-1113000.0,-90444000.0,0.0,98209000.0,-328000.0,22199000.0,22199000.0,22199000.0,0.0,0.0,0.049,86353000.0,38317000.0,369153000.0,0.713,2.113,20.352,20.374,1704003000.0,0.0,12.672,1.133,1.133,248082000.0,628804000.0,448645000.0,448645000.0,21906000.0,,,,,0.0,16876000.0,1.0,179826872.0,179838816,180137512.0,2.495,2235222000.0,13365000.0,14660000.0,166606000.0,12.429,67982000.0
93,MUR,MRQ,1998-03-31,1998-03-31,1998-03-31,2021-08-25,7270000.0,2239600000.0,,474305000.0,1765295000.0,,6.042,-100826000.0,16312000.0,16312000.0,329421000.0,15541000.0,1.146,1.062,261578000.0,7965000.0,253613000.0,261578000.0,0.0,50272000.0,0.0,0.027,0.087,28686000.0,78958000.0,0.179,78958000.0,28686000.0,24810000.0,0.087,0.087,0.087,1086049000.0,,1086049000.0,2443647273.0,12.0,5.994,-37479000.0,-0.208,1.0,111230000.0,0.252,0.0,3876000.0,2071085000.0,,151261000.0,0.0,0.0,0.0,1153551000.0,413781000.0,739770000.0,2253680273.0,-7976000.0,0.0,184000.0,47323000.0,-15733000.0,31774000.0,-103122000.0,0.0,63347000.0,25000.0,15541000.0,15541000.0,15541000.0,0.0,0.0,0.035,85094000.0,26136000.0,380738000.0,1.0,2.075,19.208,19.134,1699919000.0,0.0,12.533,1.089,1.088,245791000.0,622340000.0,440651000.0,440651000.0,18054000.0,,,,,0.0,16768000.0,1.0,179826872.0,179760512,180065580.0,2.451,2239600000.0,13916000.0,9269000.0,166973000.0,12.459,60524000.0
94,MUR,MRQ,1997-12-31,1997-12-31,1997-12-31,2021-08-25,891000.0,2238319000.0,,517752000.0,1720567000.0,,6.011,-102936000.0,24288000.0,24288000.0,395880000.0,31909000.0,1.103,1.074,214255000.0,8402000.0,205853000.0,214255000.0,0.0,53346000.0,0.0,0.139,0.087,54680000.0,108026000.0,0.191,108026000.0,54680000.0,51170000.0,0.177,0.177,0.177,1079351000.0,,1079351000.0,,,,-16056000.0,-0.089,1.0,169533000.0,0.3,0.0,3510000.0,1958867000.0,,158416000.0,0.0,0.0,0.0,1158968000.0,469419000.0,689549000.0,2436204548.0,-45283000.0,0.0,0.0,-14832000.0,-15709000.0,-30349000.0,-102459000.0,0.0,86880000.0,645000.0,31909000.0,31909000.0,31909000.0,0.0,0.0,0.056,117823000.0,51710000.0,329094000.0,0.492,2.257,18.4,18.357,1655838000.0,0.0,13.547,1.14,1.138,272447000.0,622532000.0,565413000.0,565413000.0,23284000.0,,,,,0.0,18237000.0,1.0,179826872.0,179564200,179986944.0,3.149,2238319000.0,15278000.0,19261000.0,162017000.0,12.465,48333000.0
95,MUR,MRQ,1997-09-30,1997-09-30,1997-09-30,2021-08-25,,,,,,,,-98065000.0,,,391954000.0,42325000.0,,,,,,,,56565000.0,,0.132,0.087,67528000.0,124093000.0,0.223,124093000.0,67528000.0,64265000.0,0.235,0.235,0.235,,,,,,,73176000.0,0.408,1.0,164360000.0,0.295,,3263000.0,,,,,,,,,,,40334000.0,0.0,0.0,-16126000.0,-15705000.0,-31831000.0,-98060000.0,0.0,171241000.0,-1016000.0,42325000.0,42325000.0,42325000.0,0.0,0.0,0.076,100059000.0,64301000.0,,0.37,,,,,0.0,14.283,,,,,556314000.0,556314000.0,19734000.0,,,,,0.0,18660000.0,1.0,,179530996,179881132.0,3.099,,,21940000.0,,,
96,MUR,MRQ,1997-06-30,1997-06-30,1997-06-30,2021-08-25,,,,,,,,-110490000.0,,,376197000.0,27556000.0,,,,,,,,50783000.0,,0.154,0.081,45797000.0,96580000.0,0.19,96580000.0,45797000.0,42767000.0,0.155,0.152,0.155,,,,,,,-68708000.0,-0.383,1.0,131527000.0,0.259,,3030000.0,,,,,,,,,,,-52127000.0,0.0,0.0,30605000.0,-14579000.0,16026000.0,-110118000.0,0.0,41782000.0,183000.0,27556000.0,27556000.0,27556000.0,0.0,0.0,0.054,88733000.0,42794000.0,,0.523,,,,,0.0,12.188,,,,,507724000.0,507724000.0,23224000.0,,,,,0.0,14726000.0,1.0,,179506216,179730680.0,2.828,,,15211000.0,,,
97,MUR,MRQ,1997-03-31,1997-03-31,1997-03-31,2021-08-25,,,,,,,,-112764000.0,,,363270000.0,30616000.0,,,,,,,,48725000.0,,0.159,1.629,56362000.0,105087000.0,0.207,105087000.0,56362000.0,53448000.0,0.17,0.17,0.17,,,,,,,-10824000.0,-0.06,1.0,145046000.0,0.285,,2914000.0,,,,,,,,,,,-28343000.0,0.0,0.0,-855000.0,-14580000.0,-15435000.0,-112945000.0,0.0,101940000.0,-1903000.0,30616000.0,30616000.0,30616000.0,0.0,0.0,0.06,91580000.0,53466000.0,,9.582,,,,,0.0,11.75,,,,,508316000.0,508316000.0,28550000.0,,,,,0.0,14305000.0,1.0,,179495424,179756988.0,2.832,,,22832000.0,,,
98,MUR,MRQ,1996-12-31,1996-12-31,1996-12-31,2021-08-25,22573000.0,2243786000.0,,610169000.0,1633617000.0,,5.726,,109707000.0,109707000.0,,,1.101,1.184,215463000.0,13635000.0,201828000.0,215463000.0,0.0,,0.0,0.023,0.081,,,,,,,,,,1027478000.0,,1027478000.0,,,,,,1.0,,,0.0,,1795501000.0,,131355000.0,0.0,0.0,0.0,1216308000.0,554041000.0,662267000.0,,,,,,,,,,,,,,,,,,,,406583000.0,,,,18.129,1556830000.0,,13.905,,1.234,319661000.0,550699000.0,,,,,,,,,,1.0,,179432460,,,2243786000.0,19626000.0,,164712000.0,12.505,56128000.0
0,MUR,MRT,2021-06-30,2021-06-30,2021-06-30,2021-08-25,-553519000.0,10604190000.0,10494684250.0,918606000.0,9685584000.0,0.16,25.134,-463469000.0,418100000.0,418100000.0,699411000.0,-723207000.0,0.721,1.691,3757793000.0,168229000.0,3589564000.0,3757793000.0,0.0,875257000.0,0.0,0.021,0.5,-751578000.0,123679000.0,0.074,123679000.0,-751578000.0,-972780000.0,-4.99,-4.99,-4.99,3880600000.0,4093391000.0,3880600000.0,7051896623.0,-9.0,57.018,656142000.0,4.25,1.0,982288000.0,0.584,0.0,221202000.0,12670597000.0,13122983750.0,57116000.0,0.0,0.0,0.0,6562362000.0,1273286000.0,5289076000.0,3594427623.0,272595000.0,0.0,0.0,-239662000.0,-76989000.0,-406904000.0,-463469000.0,0.0,1119611000.0,4919000.0,-766009000.0,-766009000.0,-766009000.0,916000.0,42802000.0,-0.455,1667909000.0,-685621000.0,744067000.0,-0.1,0.926,-4.692,-4.665,9198339000.0,0.0,23.28,2.137,2.137,366542000.0,4980428000.0,1681699000.0,1681699000.0,62208000.0,-0.073,-0.187,-0.057,-0.447,49116000.0,122987000.0,1.0,154399812.0,154395000,154395000.0,10.892,10604190000.0,457600000.0,-206771000.0,183069000.0,68.682,-354680000.0
1,MUR,MRT,2021-03-31,2021-03-31,2021-03-31,2021-08-25,-575610000.0,10284344000.0,10532144250.0,691305000.0,9593039000.0,0.128,25.561,-473146000.0,230870000.0,230870000.0,709036000.0,-1020567000.0,0.799,1.572,3688339000.0,102983000.0,3585356000.0,3688339000.0,0.0,879415000.0,0.0,0.03,0.5,-1094052000.0,-214637000.0,-0.16,-214637000.0,-1094052000.0,-1310478000.0,-6.64,-6.64,-6.64,3935191000.0,4265377250.0,3935191000.0,6146860436.0,-6.0,-28.638,174671000.0,1.135,1.0,634562000.0,0.472,0.0,216426000.0,12876429000.0,13379139500.0,66585000.0,0.0,0.0,0.0,6184735000.0,865384000.0,5319351000.0,2520553436.0,-176883000.0,0.0,0.0,-247915000.0,-76884000.0,-375873000.0,-473146000.0,0.0,647817000.0,5881000.0,-1020111000.0,-1020111000.0,-1020111000.0,2081000.0,-456000.0,-0.759,1704104000.0,-1069542000.0,538327000.0,-0.075,0.641,-2.471,-2.471,9128663000.0,0.0,16.41,1.876,1.88,278819000.0,5062813000.0,1343598000.0,1343598000.0,78133000.0,-0.097,-0.239,-0.082,-0.814,48877000.0,132974000.0,1.0,153598625.0,153953000,153953000.0,8.727,10284344000.0,433617000.0,-290367000.0,174058000.0,66.802,-174079000.0
2,MUR,MRT,2020-12-31,2020-12-31,2020-12-31,2021-08-25,-601333000.0,10620852000.0,10762504500.0,1000292000.0,9620560000.0,0.183,27.454,-859020000.0,310606000.0,310606000.0,772475000.0,-1262445000.0,1.396,1.478,3936913000.0,103758000.0,3833155000.0,3936913000.0,0.0,987239000.0,0.0,0.052,0.625,-1273095000.0,-285856000.0,-0.145,-285856000.0,-1273095000.0,-1442518000.0,-7.48,-7.48,-7.48,4214337000.0,4503116750.0,4214337000.0,5412649362.0,-4.0,-18.935,-57514000.0,-0.375,1.0,1194866000.0,0.607,0.0,169423000.0,13530838000.0,13588982500.0,66076000.0,0.0,0.0,0.0,6226705000.0,716321000.0,5510384000.0,1858543362.0,3846000.0,0.0,0.0,186467000.0,-95989000.0,39711000.0,-859020000.0,0.0,801506000.0,2009000.0,-1148777000.0,-1148777000.0,-1148777000.0,7151000.0,-113668000.0,-0.584,2557175000.0,-1362309000.0,407097000.0,-0.084,0.441,-1.618,-1.618,9196696000.0,0.0,12.1,0.945,0.944,262014000.0,5369538000.0,1967341000.0,1967341000.0,86479000.0,-0.107,-0.255,-0.094,-0.647,46558000.0,140243000.0,1.0,153598625.0,153507000,153507000.0,12.816,10620852000.0,395253000.0,-293741000.0,220857000.0,69.188,283971000.0
3,MUR,MRT,2020-09-30,2020-09-30,2020-09-30,2021-08-25,-657995000.0,10469351000.0,11036917500.0,733656000.0,9735695000.0,0.206,28.278,-1056842000.0,219636000.0,219636000.0,841349000.0,-1154121000.0,1.204,1.371,3773742000.0,100169000.0,3673573000.0,3773742000.0,0.0,1097723000.0,0.0,0.084,0.75,-1122434000.0,-24711000.0,-0.011,-24711000.0,-1122434000.0,-1321491000.0,-6.65,-6.65,-6.65,4343436000.0,4816397500.0,4343436000.0,4982028735.0,-4.0,-201.612,-144713000.0,-0.942,1.0,1433266000.0,0.63,0.0,199057000.0,13414071000.0,13677759500.0,67856000.0,0.0,0.0,0.0,5955306000.0,609386000.0,5345920000.0,1370099735.0,-215263000.0,0.0,-93986000.0,207532000.0,-115022000.0,-109517000.0,-1056842000.0,0.0,912129000.0,355000.0,-1048565000.0,-1048565000.0,-1048565000.0,-29948000.0,-105556000.0,-0.461,2676711000.0,-1243445000.0,295398000.0,-0.113,0.315,-1.307,-1.341,9358318000.0,0.0,8.92,0.602,0.602,279149000.0,5560673000.0,2274615000.0,2274615000.0,81221000.0,-0.095,-0.218,-0.082,-0.493,51591000.0,160859000.0,1.0,153598625.0,153596000,153596000.0,14.809,10469351000.0,347053000.0,-272926000.0,221079000.0,68.162,124270000.0
4,MUR,MRT,2020-06-30,2020-06-30,2020-06-30,2021-08-25,-690341000.0,10754030000.0,11365496500.0,763390000.0,9990640000.0,0.235,29.747,-1270826000.0,145505000.0,145505000.0,877473000.0,224189000.0,1.138,1.309,3757434000.0,103341000.0,3654093000.0,3757434000.0,0.0,1191682000.0,0.0,0.063,0.875,291235000.0,1482917000.0,0.555,1482917000.0,291235000.0,92430000.0,1.73,1.7,1.73,4568545000.0,5149701000.0,4568545000.0,5494073765.0,19.0,3.705,-117464000.0,-0.765,1.0,1792354000.0,0.671,0.0,198805000.0,13695220000.0,13766595000.0,59728000.0,0.0,0.0,0.0,5980548000.0,670739000.0,5309809000.0,2119306765.0,-180539000.0,0.0,-200000000.0,-1722094000.0,-135756000.0,-2183505000.0,-1270826000.0,0.0,1153362000.0,-1093000.0,283990000.0,283990000.0,283990000.0,-984094000.0,-59801000.0,0.106,2531280000.0,-738926000.0,366205000.0,0.506,0.464,7.463,7.977,9671010000.0,0.0,13.8,0.794,0.794,372549000.0,5823426000.0,2669827000.0,2669827000.0,81487000.0,0.025,0.055,0.021,0.109,54963000.0,187716000.0,1.0,153572954.0,153581000,153581000.0,17.384,10754030000.0,290006000.0,-191560000.0,217901000.0,70.022,92651000.0
5,MUR,MRT,2020-03-31,2020-03-31,2020-03-31,2021-08-25,-701984000.0,11205785000.0,12060995000.0,1212358000.0,9993427000.0,0.266,31.87,-2641996000.0,407753000.0,407753000.0,863772000.0,671831000.0,1.402,1.25,3782520000.0,109490000.0,3673030000.0,3782520000.0,0.0,1224538000.0,0.0,0.163,1.0,820077000.0,2044615000.0,0.638,2044615000.0,820077000.0,605774000.0,4.34,4.3,4.34,4886149000.0,5192568000.0,4886149000.0,4049158913.0,5.0,1.98,-1028319000.0,-6.707,1.0,2338463000.0,0.73,0.0,214303000.0,13715801000.0,14415403500.0,68348000.0,0.0,0.0,0.0,6107482000.0,864751000.0,5242731000.0,938927913.0,121472000.0,0.0,-499924000.0,-138817000.0,-158663000.0,-973244000.0,-2641996000.0,0.0,1613677000.0,-2170000.0,693446000.0,693446000.0,693446000.0,-1009779000.0,-21615000.0,0.217,2532249000.0,-193786000.0,554557000.0,0.23,0.192,1.354,1.412,9753638000.0,0.0,6.13,0.293,0.293,597248000.0,6159808000.0,3202235000.0,3202235000.0,82693000.0,0.057,0.134,0.057,0.256,64375000.0,206148000.0,1.0,153169317.0,153313000,153313000.0,20.887,11205785000.0,210127000.0,-87672000.0,226410000.0,73.091,347607000.0
6,MUR,MRT,2019-12-31,2019-12-31,2019-12-31,2021-08-25,-574161000.0,11718504000.0,12255328000.0,974327000.0,10744177000.0,0.231,33.34,-2536204000.0,306760000.0,306760000.0,781495000.0,1253302000.0,1.033,1.082,3416991000.0,92286000.0,3324705000.0,3416991000.0,0.0,1147842000.0,0.0,0.037,1.0,1383690000.0,2531532000.0,0.895,2531532000.0,1383690000.0,1164415000.0,7.01,6.98,7.01,5467460000.0,5208224750.0,5467460000.0,7132370911.0,5.0,2.817,-973316000.0,-5.935,1.0,2047558000.0,0.724,0.0,219275000.0,13885946000.0,14434789250.0,76123000.0,0.0,0.0,0.0,5913893000.0,942789000.0,4971104000.0,4213764911.0,-53163000.0,0.0,-499924000.0,-304626000.0,-163669000.0,-1129994000.0,-2536204000.0,0.0,1562888000.0,3533000.0,1149732000.0,1149732000.0,1149732000.0,-1064487000.0,103570000.0,0.406,1602265000.0,445293000.0,602096000.0,0.143,0.771,3.665,3.823,10568036000.0,0.0,26.8,1.489,1.554,426684000.0,6614304000.0,2829053000.0,2829053000.0,95105000.0,0.094,0.221,0.096,0.489,76958000.0,232736000.0,1.0,157230034.0,163992000,164812000.0,17.251,11718504000.0,129287000.0,14683000.0,244860000.0,71.458,31538000.0
7,MUR,MRT,2019-09-30,2019-09-30,2019-09-30,2021-08-25,-562827000.0,11783667000.0,12088848750.0,1144626000.0,10639041000.0,0.223,35.398,-3211054000.0,434899000.0,434899000.0,670436000.0,1419484000.0,1.227,1.014,3353505000.0,117071000.0,3236434000.0,3353505000.0,0.0,1023887000.0,0.0,0.045,1.0,1520977000.0,2544864000.0,0.944,2544864000.0,1520977000.0,1328598000.0,8.17,8.12,8.17,5676650000.0,5048684500.0,5676650000.0,8544681611.0,6.0,3.358,-1798923000.0,-11.218,1.0,2024775000.0,0.751,0.0,192379000.0,13769413000.0,14202450750.0,79441000.0,0.0,0.0,0.0,5757847000.0,932860000.0,4824987000.0,3587360611.0,-412934000.0,0.0,-405938000.0,-674000.0,-168701000.0,-680968000.0,-3211054000.0,0.0,1412131000.0,18216000.0,1324835000.0,1324835000.0,1324835000.0,-1091792000.0,94649000.0,0.492,1491294000.0,533481000.0,575461000.0,0.122,0.632,2.708,2.706,10497950000.0,0.0,22.11,1.331,1.316,462513000.0,6726316000.0,2695211000.0,2695211000.0,108032000.0,0.11,0.262,0.107,0.564,80409000.0,216376000.0,1.0,162250593.0,160366000,160980000.0,16.807,11783667000.0,94592000.0,3763000.0,246335000.0,73.48,211766000.0
8,MUR,MRT,2019-06-30,2019-06-30,2019-06-30,2021-08-25,-549045000.0,13536024000.0,11649587000.0,2751892000.0,10784132000.0,0.203,28.124,-3094738000.0,326044000.0,326044000.0,569195000.0,401725000.0,1.249,1.78,5283365000.0,629322000.0,4654043000.0,5283365000.0,0.0,895828000.0,0.0,0.041,1.0,524252000.0,1420080000.0,0.6,1420080000.0,524252000.0,332594000.0,1.92,1.9,1.92,4740013000.0,4821254000.0,4740013000.0,7728362501.0,15.0,5.442,-1783313000.0,-10.581,1.0,1799450000.0,0.76,0.0,191658000.0,16290454000.0,13539529250.0,86701000.0,0.0,0.0,0.0,8437480000.0,2202891000.0,6234589000.0,4279905501.0,-466655000.0,0.0,-299924000.0,1899347000.0,-172030000.0,1350472000.0,-3094738000.0,0.0,1311425000.0,7616000.0,329776000.0,329776000.0,329776000.0,-176236000.0,71949000.0,0.139,1369673000.0,429777000.0,598466000.0,0.521,0.903,12.978,12.839,10632122000.0,0.0,24.65,1.807,1.754,425845000.0,5677248000.0,2368645000.0,2368645000.0,117397000.0,0.028,0.068,0.039,0.221,87896000.0,221693000.0,1.0,173626998.0,168538000,169272000.0,14.054,13536024000.0,104368000.0,2818000.0,206237000.0,80.314,549001000.0
9,MUR,MRT,2019-03-31,2019-03-31,2019-03-31,2021-08-25,-580999000.0,11983117000.0,10751943250.0,2638244000.0,9344873000.0,0.187,28.549,-1828284000.0,286281000.0,286281000.0,478398000.0,324002000.0,1.61,1.345,3734738000.0,156213000.0,3578525000.0,3734738000.0,0.0,822277000.0,0.0,0.034,1.0,461235000.0,1283512000.0,0.637,1283512000.0,461235000.0,279348000.0,1.64,1.61,1.64,4948776000.0,4804160250.0,4948776000.0,7920967690.0,17.0,6.171,-609639000.0,-3.517,1.0,1535877000.0,0.762,0.0,181887000.0,13793344000.0,12228816500.0,77278000.0,0.0,0.0,0.0,6656440000.0,1638230000.0,5018210000.0,5070623690.0,-551052000.0,0.0,0.0,324522000.0,-173184000.0,124476000.0,-1828284000.0,0.0,1218645000.0,10084000.0,283023000.0,283023000.0,283023000.0,-222522000.0,40979000.0,0.141,1254624000.0,281253000.0,475559000.0,0.61,1.025,17.916,17.866,9177266000.0,0.0,29.3,2.517,2.521,349768000.0,5627081000.0,2014275000.0,2014275000.0,105612000.0,0.026,0.059,0.038,0.229,80482000.0,220456000.0,1.0,173058829.0,173341000,174491000.0,11.62,11983117000.0,124679000.0,-3675000.0,214824000.0,69.13,1000014000.0
10,MUR,MRT,2018-12-31,2018-12-31,2018-12-31,2021-08-25,-609787000.0,11052587000.0,10240716500.0,879814000.0,10172773000.0,0.175,27.919,-1804740000.0,359923000.0,359923000.0,428875000.0,419486000.0,1.04,1.212,3109986000.0,668000.0,3109318000.0,3109986000.0,0.0,775614000.0,0.0,0.043,1.0,465317000.0,1240931000.0,0.693,1240931000.0,465317000.0,284958000.0,2.38,2.36,2.38,4829299000.0,4740043000.0,4829299000.0,6014406313.0,13.0,4.847,-648488000.0,-3.749,1.0,1362526000.0,0.761,0.0,180359000.0,12956592000.0,11540963250.0,80024000.0,0.0,0.0,0.0,5854945000.0,846058000.0,5008887000.0,4047785313.0,-270510000.0,0.0,0.0,324682000.0,-173044000.0,143562000.0,-1804740000.0,0.0,1156252000.0,28730000.0,411094000.0,411094000.0,411094000.0,-250348000.0,8392000.0,0.229,1146939000.0,215587000.0,348026000.0,0.42,0.838,9.846,9.828,8432133000.0,0.0,23.39,2.26,2.258,231686000.0,5513529000.0,1791401000.0,1791401000.0,101812000.0,0.04,0.087,0.04,0.26,72151000.0,205192000.0,1.0,173056234.0,172974000,174209000.0,10.356,11052587000.0,146197000.0,-126136000.0,162852000.0,63.897,33756000.0
11,MUR,MRT,2018-09-30,2018-09-30,2018-09-30,2021-08-25,-537768000.0,10026620000.0,9942805250.0,1381286000.0,8645334000.0,0.102,27.547,-999962000.0,947732000.0,947732000.0,224113000.0,20926000.0,1.578,1.103,2914353000.0,10454000.0,2903899000.0,2914353000.0,0.0,608093000.0,0.0,0.03,1.0,277190000.0,885283000.0,0.872,885283000.0,277190000.0,104275000.0,0.11,0.08,0.11,4766928000.0,4687766000.0,4766928000.0,7775106182.0,28.0,8.783,293528000.0,1.696,1.0,791518000.0,0.779,0.0,172915000.0,11117727000.0,11046357500.0,94615000.0,0.0,0.0,0.0,5259692000.0,875514000.0,4384178000.0,5769395182.0,112673000.0,0.0,0.0,14358000.0,-172924000.0,-165453000.0,-999962000.0,0.0,1293490000.0,20231000.0,20926000.0,20926000.0,20926000.0,-426237000.0,0.0,0.021,967895000.0,-176377000.0,622577000.0,9.091,1.21,275.705,303.091,8244167000.0,0.0,33.34,5.681,5.681,274193000.0,5453414000.0,1015631000.0,1015631000.0,112383000.0,0.002,0.004,0.025,0.273,96428000.0,217027000.0,1.0,173047246.0,173047000,174175000.0,5.869,10026620000.0,346455000.0,83349000.0,203984000.0,57.942,505772000.0
12,MUR,MRT,2018-06-30,2018-06-30,2018-06-30,2021-08-25,-575123000.0,9945449000.0,9984340000.0,1315355000.0,8630094000.0,0.103,26.997,-1037789000.0,901308000.0,901308000.0,236168000.0,-138910000.0,1.456,1.129,2907019000.0,9674000.0,2897345000.0,2907019000.0,0.0,654226000.0,0.0,0.03,1.0,106749000.0,760975000.0,0.744,760975000.0,106749000.0,-70638000.0,-0.81,-0.84,-0.81,4671638000.0,4741067500.0,4671638000.0,7813285429.0,73.0,10.267,133858000.0,0.774,1.0,787271000.0,0.769,0.0,177387000.0,11047603000.0,11087447750.0,91376000.0,0.0,0.0,0.0,5273811000.0,903557000.0,4370254000.0,5843493429.0,-3741000.0,0.0,0.0,3580000.0,-172804000.0,-176181000.0,-1001154000.0,36635000.0,1171647000.0,30320000.0,-138910000.0,-138910000.0,-138910000.0,-388850000.0,0.0,-0.136,1048266000.0,-260995000.0,632072000.0,-1.235,1.251,-42.067,-41.691,8208142000.0,0.0,33.77,5.71,5.71,258366000.0,5402732000.0,1023439000.0,1023439000.0,119152000.0,-0.014,-0.029,0.01,0.104,73129000.0,207718000.0,1.0,173038005.0,173043000,173983000.0,5.914,9945449000.0,370641000.0,68272000.0,237105000.0,57.474,411798000.0
13,MUR,MRT,2018-03-31,2018-03-31,2018-03-31,2021-08-25,-544737000.0,9938210000.0,10032178000.0,1308043000.0,8630167000.0,0.114,27.154,-939784000.0,938615000.0,938615000.0,266111000.0,-202000000.0,1.51,1.118,2908407000.0,9557000.0,2898850000.0,2908407000.0,0.0,698467000.0,0.0,0.039,1.0,37312000.0,735779000.0,0.644,735779000.0,37312000.0,-140895000.0,-1.18,-1.19,-1.18,4692307000.0,4817580000.0,4692307000.0,6410717038.0,172.0,8.713,173555000.0,1.004,1.0,876027000.0,0.767,0.0,178207000.0,11041931000.0,10987283750.0,94157000.0,0.0,0.0,0.0,5245903000.0,866071000.0,4379832000.0,4459283038.0,223527000.0,0.0,0.0,1257000.0,-172687000.0,-179380000.0,-732166000.0,207618000.0,1113339000.0,19246000.0,-202000000.0,-202000000.0,-202000000.0,-317929000.0,0.0,-0.177,1097950000.0,-221923000.0,615963000.0,-0.847,0.95,-22.076,-21.898,8207736000.0,0.0,25.84,3.904,3.91,212639000.0,5400474000.0,1142138000.0,1142138000.0,120464000.0,-0.02,-0.042,0.003,0.033,58176000.0,204232000.0,1.0,172572873.0,172805000,174620000.0,6.609,9938210000.0,368878000.0,61105000.0,225952000.0,57.511,441972000.0
14,MUR,MRT,2017-12-31,2017-12-31,2017-12-31,2021-08-25,-462243000.0,9860942000.0,10115622250.0,1371603000.0,8489339000.0,0.143,26.78,-840524000.0,964988000.0,964988000.0,299420000.0,-311789000.0,1.644,1.134,2916422000.0,9902000.0,2906520000.0,2916422000.0,0.0,751878000.0,0.0,0.032,1.0,136605000.0,888483000.0,0.615,888483000.0,136605000.0,-41658000.0,-1.81,-1.81,-1.81,4620191000.0,4884124000.0,4620191000.0,7279246707.0,53.0,8.193,300055000.0,1.739,1.0,1144568000.0,0.793,0.0,178263000.0,10978169000.0,10954681500.0,105127000.0,0.0,0.0,0.0,5240751000.0,834207000.0,4406544000.0,5358387707.0,19683000.0,0.0,0.0,-8403000.0,-172565000.0,-188084000.0,-732357000.0,108167000.0,1140579000.0,1327000.0,-311789000.0,-311789000.0,-311789000.0,-241226000.0,0.0,-0.216,1170887000.0,-26319000.0,595916000.0,-0.552,1.16,-17.186,-17.155,8220031000.0,0.0,31.05,3.711,3.71,243472000.0,5245242000.0,1443988000.0,1443988000.0,120389000.0,-0.031,-0.064,0.012,0.095,44119000.0,207391000.0,1.0,172572873.0,172524000,172524000.0,8.37,9860942000.0,211543000.0,270131000.0,227276000.0,57.157,537396000.0
15,MUR,MRT,2017-09-30,2017-09-30,2017-09-30,2021-08-25,-425504000.0,10192759000.0,10224351750.0,1447157000.0,8745602000.0,0.212,28.858,-782030000.0,997207000.0,997207000.0,470136000.0,-88922000.0,1.74,1.047,2918066000.0,9781000.0,2908285000.0,2918066000.0,0.0,971575000.0,0.0,0.038,1.0,172109000.0,1143684000.0,0.528,1143684000.0,172109000.0,-10595000.0,-0.5,-0.5,-0.5,4980134000.0,4958246000.0,4980134000.0,6451323507.0,37.0,5.641,354383000.0,2.054,1.0,1694652000.0,0.783,0.0,182704000.0,11282088000.0,10938438750.0,120066000.0,0.0,0.0,0.0,5212625000.0,831530000.0,4381095000.0,4583535507.0,244114000.0,0.0,0.0,-25554000.0,-172470000.0,-205289000.0,-670388000.0,111643000.0,1136413000.0,-19452000.0,-88922000.0,-88922000.0,-88922000.0,-35000.0,0.0,-0.041,1421589000.0,273063000.0,584025000.0,-2.0,0.92,-51.546,-53.12,8283738000.0,0.0,26.56,2.117,2.117,267209000.0,5575175000.0,2164788000.0,2164788000.0,95307000.0,-0.009,-0.018,0.016,0.08,0.0,205572000.0,1.0,172572873.0,172573000,172573000.0,12.544,10192759000.0,406703000.0,78327000.0,196603000.0,59.063,615627000.0
16,MUR,MRT,2017-06-30,2017-06-30,2017-06-30,2021-08-25,-529592000.0,10136801000.0,10274665750.0,1540583000.0,8596218000.0,0.209,28.846,-687893000.0,1058487000.0,1058487000.0,477048000.0,-39205000.0,1.135,1.036,2926275000.0,559216000.0,2367059000.0,2926275000.0,0.0,983839000.0,0.0,0.039,1.0,207428000.0,1191267000.0,0.554,1191267000.0,207428000.0,34186000.0,-0.21,-0.21,-0.21,4977688000.0,4984609500.0,4977688000.0,6530541748.0,31.0,5.482,385801000.0,2.236,1.0,1674967000.0,0.778,0.0,173242000.0,10646947000.0,11048180000.0,131952000.0,40104000.0,40104000.0,0.0,5159113000.0,1357642000.0,3801471000.0,4422357748.0,791004000.0,0.0,0.0,524186000.0,-172378000.0,330622000.0,-600990000.0,86493000.0,1073694000.0,-17507000.0,-39205000.0,-39205000.0,-39205000.0,1983000.0,0.0,-0.018,1432573000.0,242394000.0,595775000.0,-4.762,0.888,-112.801,-122.048,8164116000.0,0.0,25.63,2.055,2.055,232558000.0,5684211000.0,2152015000.0,2152015000.0,86681000.0,-0.004,-0.008,0.019,0.096,0.0,209721000.0,1.0,172546147.0,172558000,172558000.0,12.471,10136801000.0,0.0,73391000.0,202161000.0,58.744,182941000.0
17,MUR,MRT,2017-03-31,2017-03-31,2017-03-31,2021-08-25,-602679000.0,10271987000.0,10219123500.0,1609856000.0,8662131000.0,0.204,28.758,290658000.0,875853000.0,875853000.0,522399000.0,-18704000.0,1.096,1.072,2984037000.0,562426000.0,2421611000.0,2984037000.0,0.0,1004086000.0,0.0,0.038,1.1,88215000.0,1092301000.0,0.525,1092301000.0,88215000.0,-74940000.0,-0.09,-0.09,-0.09,4958483000.0,5033110750.0,4958483000.0,7048588251.0,80.0,6.453,1151342000.0,6.677,1.0,1558799000.0,0.749,0.0,163155000.0,10911522000.0,11191917500.0,129556000.0,211549000.0,211549000.0,0.0,5313504000.0,1468649000.0,3844855000.0,4928818251.0,452790000.0,0.0,0.0,-446973000.0,-189504000.0,-656476000.0,233050000.0,-72036000.0,860684000.0,13220000.0,-18704000.0,-18704000.0,-18704000.0,1741000.0,0.0,-0.009,1474773000.0,84026000.0,712201000.0,-12.222,0.994,-263.517,-317.667,8253112000.0,0.0,28.59,2.368,2.369,320935000.0,5744924000.0,2081198000.0,2081198000.0,103608000.0,-0.002,-0.004,0.008,0.042,0.0,224025000.0,1.0,172396581.0,172422000,173089000.0,12.07,10271987000.0,0.0,-56236000.0,186819000.0,59.575,141207000.0
18,MUR,MRT,2016-12-31,2016-12-31,2016-12-31,2021-08-25,-628212000.0,10295860000.0,10516301000.0,1559183000.0,8736677000.0,0.172,28.557,228196000.0,872797000.0,872797000.0,559360000.0,-275970000.0,1.038,1.094,2992567000.0,569817000.0,2422750000.0,2992567000.0,0.0,1054081000.0,0.0,0.039,1.2,-346972000.0,707109000.0,0.39,707109000.0,-346972000.0,-495142000.0,-1.6,-1.6,-1.6,4916679000.0,5094762000.0,4916679000.0,7601827335.0,-22.0,10.751,828991000.0,4.815,1.0,1251878000.0,0.691,0.0,148170000.0,10913198000.0,11736155750.0,127071000.0,111542000.0,111542000.0,0.0,5379181000.0,1502432000.0,3876749000.0,5360588335.0,589614000.0,0.0,0.0,-69003000.0,-206635000.0,-290881000.0,286087000.0,65121000.0,600795000.0,-6387000.0,-275970000.0,-275970000.0,-275970000.0,2027000.0,0.0,-0.152,1640781000.0,-388903000.0,784975000.0,-0.75,1.09,-19.425,-19.456,8316188000.0,0.0,31.13,2.96,2.959,357099000.0,5729596000.0,1811238000.0,1811238000.0,101861000.0,-0.026,-0.054,-0.03,-0.192,0.0,246277000.0,1.0,172200075.0,172173000,172173000.0,10.52,10295860000.0,365935000.0,-219172000.0,111168000.0,59.8,56751000.0
19,MUR,MRT,2016-09-30,2016-09-30,2016-09-30,2021-08-25,-571031000.0,10394015000.0,10815789000.0,1605124000.0,8788891000.0,0.177,29.533,-201643000.0,753093000.0,753093000.0,623866000.0,-799180000.0,1.756,1.044,2994332000.0,20444000.0,2973888000.0,2994332000.0,0.0,1098989000.0,0.0,0.043,1.3,-932501000.0,166488000.0,0.087,166488000.0,-932501000.0,-1064269000.0,-4.64,-4.64,-4.64,5085588000.0,5192274250.0,5085588000.0,7422866883.0,-8.0,44.585,158239000.0,0.919,1.0,1295722000.0,0.675,0.0,131768000.0,11721053000.0,12156725000.0,162303000.0,117938000.0,117938000.0,0.0,5308427000.0,914201000.0,4394226000.0,5234852883.0,-125574000.0,0.0,0.0,-354642000.0,-223795000.0,-593566000.0,88872000.0,291854000.0,359882000.0,9286000.0,-799180000.0,-799180000.0,-799180000.0,4783000.0,0.0,-0.416,2327613000.0,-1031891000.0,876664000.0,-0.28,1.029,-6.55,-6.552,8440336000.0,0.0,30.4,2.727,2.727,400532000.0,5836567000.0,1919588000.0,1919588000.0,302992000.0,-0.074,-0.154,-0.077,-0.486,0.0,264872000.0,1.0,172199108.0,172199000,172199000.0,11.147,10394015000.0,50879000.0,-265089000.0,64061000.0,60.36,690923000.0
20,MUR,MRT,2016-06-30,2016-06-30,2016-06-30,2021-08-25,-536659000.0,9914632000.0,11374275750.0,1037855000.0,8876777000.0,0.189,30.034,-566578000.0,267483000.0,267483000.0,688029000.0,-2378430000.0,1.178,0.917,2455497000.0,20011000.0,2435486000.0,2455497000.0,0.0,1276795000.0,0.0,0.044,1.4,-3337720000.0,-2060925000.0,-0.959,-2060925000.0,-3337720000.0,-3462278000.0,-13.81,-13.81,-13.81,5171693000.0,5427990750.0,5171693000.0,8472729616.0,-3.0,-4.111,90583000.0,0.526,1.0,1460962000.0,0.68,0.0,124558000.0,11221897000.0,12585942250.0,154067000.0,131224000.0,131224000.0,0.0,4742939000.0,880749000.0,3862190000.0,5467196616.0,-641785000.0,0.0,0.0,-833903000.0,-240952000.0,-1075994000.0,-333366000.0,233932000.0,657161000.0,12248000.0,-2378430000.0,-2378430000.0,-2378430000.0,11534000.0,0.0,-1.107,4878198000.0,-3417236000.0,843787000.0,-0.101,1.057,-2.299,-2.299,8565485000.0,0.0,31.75,2.544,2.544,293312000.0,5895794000.0,2148991000.0,2148991000.0,341275000.0,-0.209,-0.438,-0.265,-1.553,0.0,281140000.0,1.0,172195169.0,172197000,172800000.0,12.48,9914632000.0,46093000.0,-1083848000.0,59565000.0,57.577,157106000.0
21,MUR,MRT,2016-03-31,2016-03-31,2016-03-31,2021-08-25,-552875000.0,11460697000.0,12683108750.0,1698930000.0,9761767000.0,0.193,30.242,-1929223000.0,423063000.0,423063000.0,758988000.0,-2455194000.0,1.233,1.202,3428596000.0,19078000.0,3409518000.0,3428596000.0,0.0,1424946000.0,0.0,0.056,1.4,-3306009000.0,-1881063000.0,-0.768,-1881063000.0,-3306009000.0,-3425975000.0,-14.25,-14.25,-14.25,5205088000.0,6101579000.0,5205088000.0,7109840350.0,-2.0,-3.78,-1184220000.0,-6.88,1.0,1690831000.0,0.69,0.0,119966000.0,13088475000.0,13708897500.0,166746000.0,146087000.0,146087000.0,0.0,6255609000.0,1377755000.0,4877854000.0,4333548350.0,-557939000.0,0.0,-250000000.0,805347000.0,-242978000.0,311272000.0,-1744970000.0,219333000.0,745003000.0,-78000.0,-2455194000.0,-2455194000.0,-2455194000.0,-3593000.0,0.0,-1.002,5092698000.0,-3401867000.0,1338177000.0,-0.098,0.833,-1.765,-1.768,9492348000.0,0.0,25.19,1.769,1.77,521434000.0,5953132000.0,2449819000.0,2449819000.0,369106000.0,-0.194,-0.402,-0.241,-1.349,0.0,293203000.0,1.0,172034472.0,172114012,172114012.0,14.234,11460697000.0,45498000.0,-970781000.0,219465000.0,66.588,321175000.0
22,MUR,MRT,2015-12-31,2015-12-31,2015-12-31,2021-08-25,-704542000.0,11493812000.0,13608143750.0,1397233000.0,10096579000.0,0.216,30.437,-2125825000.0,283183000.0,283183000.0,832306000.0,-2270833000.0,0.834,1.166,3059475000.0,18881000.0,3040594000.0,3059475000.0,0.0,1619824000.0,0.0,0.062,1.4,-3179948000.0,-1560124000.0,-0.53,-1560124000.0,-3179948000.0,-3297323000.0,-13.03,-13.03,-13.03,5306728000.0,6851426500.0,5306728000.0,6323150256.0,-2.0,-4.053,-957461000.0,-5.492,1.0,2108965000.0,0.717,0.0,117375000.0,12595475000.0,14090889000.0,166788000.0,173288000.0,173288000.0,0.0,6187084000.0,1674629000.0,4512455000.0,3861955256.0,-910125000.0,0.0,-250000000.0,139566000.0,-244998000.0,-364561000.0,-1922121000.0,217352000.0,1168364000.0,10294000.0,-2270833000.0,-2270833000.0,-2270833000.0,15061000.0,0.0,-0.772,5365661000.0,-3256696000.0,1529848000.0,-0.107,0.728,-1.701,-1.723,9818365000.0,0.0,22.45,1.313,1.331,522672000.0,6212201000.0,2941271000.0,2941271000.0,470924000.0,-0.167,-0.331,-0.226,-1.081,0.0,306663000.0,1.0,172024733.0,174351000,174351000.0,16.87,11493812000.0,0.0,-1026490000.0,283128000.0,65.923,-277396000.0
23,MUR,MRT,2015-09-30,2015-09-30,2015-09-30,2021-08-25,-621759000.0,12627962000.0,14915625250.0,2165803000.0,10462159000.0,0.254,35.007,-960078000.0,878667000.0,878667000.0,919986000.0,-1308463000.0,1.312,1.095,3339862000.0,12173000.0,3327689000.0,3339862000.0,0.0,1869977000.0,0.0,0.058,1.4,-2369975000.0,-499998000.0,-0.132,-499998000.0,-2369975000.0,-2496719000.0,-7.66,-7.67,-7.66,6028454000.0,7668103000.0,6028454000.0,6551138996.0,-3.0,-13.102,890337000.0,5.17,1.0,2862626000.0,0.757,0.0,126744000.0,13437922000.0,14783420250.0,180596000.0,415097000.0,415097000.0,0.0,6599508000.0,1651235000.0,4948273000.0,4180596996.0,204646000.0,0.0,-250000000.0,-547421000.0,-246912000.0,-1053366000.0,-993292000.0,-13980000.0,1850415000.0,7034000.0,-1308463000.0,-1308463000.0,-1308463000.0,77886000.0,0.0,-0.346,5161148000.0,-2298522000.0,1621415000.0,-0.183,0.693,-3.195,-3.159,10168750000.0,0.0,24.2,1.105,1.102,432791000.0,6859542000.0,3782612000.0,3782612000.0,374731000.0,-0.088,-0.171,-0.16,-0.627,0.0,331952000.0,1.0,172751942.0,172205433,172205433.0,21.966,12627962000.0,48781000.0,-1188256000.0,313967000.0,73.331,514568000.0
24,MUR,MRT,2015-06-30,2015-06-30,2015-06-30,2021-08-25,-429917000.0,15149964000.0,16220076250.0,2499433000.0,12650531000.0,0.277,45.081,-1385472000.0,909268000.0,909268000.0,1001678000.0,532670000.0,1.383,0.926,3279810000.0,14942000.0,3264868000.0,3279810000.0,0.0,1935422000.0,0.0,0.034,1.4,420489000.0,2355911000.0,0.523,2355911000.0,420489000.0,290784000.0,2.98,2.96,2.98,7866046000.0,8261616500.0,7866046000.0,9030694954.0,21.0,3.833,793687000.0,4.549,1.0,3499022000.0,0.777,0.0,129705000.0,15713718000.0,16058739250.0,209307000.0,395544000.0,395544000.0,0.0,7283918000.0,1806788000.0,5477130000.0,7398171954.0,248182000.0,0.0,-250000000.0,-406968000.0,-248826000.0,-914988000.0,-1412323000.0,-361000.0,2179159000.0,-7637000.0,532670000.0,532670000.0,532670000.0,94892000.0,0.0,0.118,2993533000.0,505489000.0,1715599000.0,0.47,0.941,13.889,13.95,12577749000.0,0.0,41.57,1.644,1.612,542417000.0,8515176000.0,4500700000.0,4500700000.0,434015000.0,0.033,0.064,0.026,0.093,0.0,343121000.0,1.0,177969015.0,174488842,174488842.0,25.794,15149964000.0,48551000.0,-241886000.0,957658000.0,86.825,692645000.0
25,MUR,MRT,2015-03-31,2015-03-31,2015-03-31,2021-08-25,-465074000.0,15160837000.0,16901068750.0,2588188000.0,12572649000.0,0.302,46.162,-1622824000.0,981002000.0,981002000.0,1060054000.0,735916000.0,1.189,0.848,2613525000.0,21816000.0,2591709000.0,2613525000.0,0.0,1991025000.0,0.0,0.029,1.362,810068000.0,2801093000.0,0.548,2801093000.0,810068000.0,677060000.0,4.12,4.1,4.12,8204478000.0,8394829250.0,8204478000.0,10079889484.0,12.0,3.599,1188116000.0,6.685,1.0,4051377000.0,0.793,0.0,133008000.0,14616441000.0,16666269250.0,224013000.0,388098000.0,388098000.0,0.0,6956359000.0,2176919000.0,4779440000.0,8271571484.0,332390000.0,0.0,-125000000.0,-701736000.0,-242585000.0,-1079920000.0,-1691828000.0,-53585000.0,2810940000.0,-7994000.0,735916000.0,735916000.0,735916000.0,123300000.0,0.0,0.144,3131131000.0,920246000.0,1900508000.0,0.331,1.008,11.24,11.311,12480861000.0,0.0,46.6,1.618,1.62,523368000.0,8651304000.0,5111431000.0,5111431000.0,503868000.0,0.044,0.088,0.049,0.158,0.0,358945000.0,1.0,177501534.0,177734159,178241616.0,28.759,15160837000.0,48603000.0,-58856000.0,1042689000.0,85.301,411269000.0
26,MUR,MRT,2014-12-31,2014-12-31,2014-12-31,2021-08-25,-170255000.0,16723738000.0,17498644000.0,3279149000.0,13444589000.0,0.313,47.936,-2212418000.0,1193308000.0,1193308000.0,1089888000.0,905611000.0,1.042,0.951,2983057000.0,465388000.0,2517669000.0,2983057000.0,0.0,1906247000.0,0.0,0.026,1.325,1269332000.0,3175579000.0,0.58,3175579000.0,1269332000.0,1132908000.0,5.06,5.03,5.06,8573434000.0,8419729250.0,8573434000.0,12318882881.0,10.0,3.879,796658000.0,4.454,1.0,4386196000.0,0.801,0.0,136424000.0,15365600000.0,17325471000.0,242733000.0,461313000.0,461313000.0,0.0,8150304000.0,3147887000.0,5002417000.0,8967035881.0,443153000.0,0.0,-375000000.0,74735000.0,-236371000.0,-544710000.0,-2317818000.0,-86471000.0,3009076000.0,-3726000.0,905611000.0,905611000.0,905611000.0,119362000.0,0.0,0.165,3018107000.0,1368089000.0,2275830000.0,0.262,1.046,9.902,9.984,13331047000.0,0.0,50.52,1.637,1.65,873277000.0,8728032000.0,5476084000.0,5476084000.0,513600000.0,0.052,0.108,0.073,0.232,0.0,364004000.0,1.0,177494772.0,178852942,180070984.0,30.618,16723738000.0,55107000.0,227297000.0,1305375000.0,93.506,131262000.0
27,MUR,MRT,2014-09-30,2014-09-30,2014-09-30,2021-08-25,-17809000.0,17845766000.0,17695080500.0,3287118000.0,14558648000.0,0.306,47.329,-3539762000.0,674021000.0,674021000.0,1218928000.0,605793000.0,1.255,1.124,4025868000.0,39607000.0,3986261000.0,4025868000.0,0.0,1768594000.0,0.0,0.023,1.288,1208301000.0,2976895000.0,0.55,2976895000.0,1208301000.0,1072409000.0,3.39,3.37,3.39,8402508000.0,8425303250.0,8402508000.0,13266103317.0,11.0,4.456,-329468000.0,-1.856,1.0,4197199000.0,0.775,38198000.0,135892000.0,18539198000.0,17598533750.0,299955000.0,460190000.0,460190000.0,0.0,9443258000.0,2620217000.0,6823041000.0,10105595317.0,-359916000.0,0.0,-624369000.0,1400000000.0,-231551000.0,532457000.0,-4009920000.0,-452599000.0,3210294000.0,499000.0,605793000.0,605793000.0,605793000.0,157705000.0,0.0,0.112,2862083000.0,1335116000.0,2249579000.0,0.38,1.203,16.682,16.788,14372837000.0,0.0,56.91,1.866,1.865,970286000.0,8414917000.0,5416127000.0,5416127000.0,547816000.0,0.034,0.072,0.069,0.223,0.0,381449000.0,1.0,177571522.0,177535503,178856078.0,30.507,17807568000.0,60700000.0,466616000.0,1664862000.0,100.304,666901000.0
28,MUR,MRT,2014-06-30,2014-06-30,2014-06-30,2021-08-25,172531000.0,17873934000.0,17606410500.0,3232933000.0,14641001000.0,0.307,47.053,-3449570000.0,661086000.0,661086000.0,1211934000.0,644895000.0,1.134,1.128,3821594000.0,35100000.0,3786494000.0,3821594000.0,0.0,1664110000.0,0.0,0.019,1.25,1319126000.0,2983236000.0,0.552,2983236000.0,1319126000.0,1184669000.0,3.53,3.51,3.53,8398897000.0,8554187750.0,8398897000.0,14727278200.0,11.0,4.937,-20410000.0,-0.114,1.0,4190652000.0,0.776,40083000.0,134457000.0,18143838000.0,16922842500.0,289494000.0,427372000.0,427372000.0,0.0,9475037000.0,2850521000.0,6624516000.0,11929622200.0,-313340000.0,0.0,-624219000.0,738022000.0,-227858000.0,464921000.0,-4043694000.0,-579690000.0,3429160000.0,30204000.0,644895000.0,644895000.0,644895000.0,112624000.0,0.0,0.119,2797480000.0,1393172000.0,2257458000.0,0.354,1.42,18.499,18.833,14196884000.0,0.0,66.48,2.208,2.196,1053122000.0,8231331000.0,5402586000.0,5402586000.0,578228000.0,0.037,0.075,0.078,0.244,0.0,397822000.0,1.0,179446784.0,178500440,180045020.0,30.267,17833851000.0,59619000.0,539774000.0,1809512000.0,99.909,382412000.0
29,MUR,MRT,2014-03-31,2014-03-31,2014-03-31,2021-08-25,37463000.0,17551138000.0,17844170750.0,3373559000.0,14177579000.0,0.302,45.786,-3619474000.0,648612000.0,648612000.0,1177844000.0,918127000.0,1.104,1.114,3446268000.0,30647000.0,3415621000.0,3446268000.0,0.0,1586501000.0,0.0,0.02,1.25,1620522000.0,3207023000.0,0.595,3207023000.0,1620522000.0,1490241000.0,4.94,4.91,4.94,8304078000.0,8738006500.0,8304078000.0,13727474628.0,8.0,4.28,-234993000.0,-1.296,1.0,4207707000.0,0.781,38702000.0,130281000.0,17253248000.0,16667189750.0,293236000.0,372003000.0,372003000.0,0.0,9247060000.0,3056844000.0,6190216000.0,11514817628.0,-468493000.0,0.0,-747872000.0,567011000.0,-231509000.0,163793000.0,-3910791000.0,-368014000.0,3384481000.0,14971000.0,918127000.0,918127000.0,918127000.0,-43387000.0,0.0,0.17,2678575000.0,1529132000.0,2149085000.0,0.253,1.387,12.542,12.725,13654991000.0,0.0,62.86,2.138,2.117,1007125000.0,8157972000.0,5385551000.0,5385551000.0,532188000.0,0.051,0.105,0.097,0.301,0.0,389726000.0,1.0,183181954.0,181367565,182576570.0,29.694,17512436000.0,55146000.0,572114000.0,1773717000.0,96.558,316715000.0
30,MUR,MRT,2013-12-31,2013-12-31,2013-12-31,2021-08-25,172119000.0,17509484000.0,17894307500.0,3508643000.0,14000841000.0,0.301,45.741,-3588694000.0,750155000.0,750155000.0,1252812000.0,1123473000.0,1.088,1.037,2962812000.0,26249000.0,2936563000.0,2962812000.0,0.0,1553394000.0,0.0,0.019,1.25,1832446000.0,3385840000.0,0.628,3385840000.0,1832446000.0,1708023000.0,5.98,5.94,5.98,8595730000.0,8946610500.0,8595730000.0,13702486737.0,7.0,4.047,49793000.0,0.265,1.0,4137277000.0,0.768,40259000.0,124423000.0,16457851000.0,16310832750.0,294195000.0,374842000.0,374842000.0,0.0,8913754000.0,3224031000.0,5689723000.0,12131431737.0,-197161000.0,0.0,-496591000.0,350000000.0,-235108000.0,193595000.0,-3847642000.0,-259239000.0,3638487000.0,3238000.0,1123473000.0,1123473000.0,1123473000.0,-235336000.0,0.0,0.208,2592690000.0,1544587000.0,2158485000.0,0.209,1.411,10.798,10.849,13481055000.0,0.0,64.88,2.251,2.262,999872000.0,8058792000.0,5390089000.0,5390089000.0,502215000.0,0.063,0.126,0.112,0.34,0.0,379167000.0,1.0,186982610.0,187921062,189271398.0,28.683,17469225000.0,61991000.0,584550000.0,1722999000.0,92.96,284612000.0
31,MUR,MRT,2013-09-30,2013-09-30,2013-09-30,2021-08-25,278960000.0,17491086000.0,17897597250.0,3770806000.0,13720280000.0,0.038,47.706,-4227194000.0,1033937000.0,1033937000.0,-3441898000.0,1206739000.0,1.184,0.961,2604992000.0,21782000.0,2583210000.0,2604992000.0,0.0,1475351000.0,0.0,0.062,3.75,1943175000.0,3418526000.0,5.049,3418526000.0,1943175000.0,1835192000.0,6.37,6.33,6.37,8918046000.0,9033186750.0,8918046000.0,13362356867.0,7.0,3.909,-593624000.0,-3.176,1.0,4118933000.0,6.084,41482000.0,107983000.0,15836433000.0,16038467500.0,627833000.0,289793000.0,289793000.0,0.0,8573040000.0,3184226000.0,5388814000.0,11273145867.0,217243000.0,0.0,-496036000.0,1064853000.0,-724714000.0,416762000.0,-3640569000.0,484013000.0,3633570000.0,20000.0,1206739000.0,1206739000.0,1206739000.0,-410881000.0,0.0,1.782,2639329000.0,1479604000.0,2769454000.0,0.589,1.264,9.342,9.469,13543554000.0,0.0,60.32,16.651,16.655,1387986000.0,8035049000.0,677035000.0,677035000.0,482320000.0,0.067,0.134,0.121,2.87,0.0,320228000.0,1.0,186889023.0,186938328,188337511.0,3.622,17449604000.0,60044000.0,628453000.0,1894381000.0,93.344,586580000.0
32,MUR,MRT,2013-06-30,2013-06-30,2013-06-30,2021-08-25,182133000.0,18824975000.0,17672285000.0,4415713000.0,14409262000.0,0.108,48.328,-4173908000.0,974426000.0,974426000.0,-1913626000.0,1148611000.0,1.177,1.061,3063637000.0,17575000.0,3046062000.0,3063637000.0,0.0,1355211000.0,0.0,0.062,3.75,1831411000.0,3186622000.0,1.673,3186622000.0,1831411000.0,1744022000.0,6.02,5.98,6.02,9134172000.0,9207864750.0,9134172000.0,13018639314.0,7.0,4.085,-795735000.0,-4.21,1.0,3817893000.0,2.005,40652000.0,87389000.0,17121227000.0,15501778500.0,759262000.0,129884000.0,129884000.0,0.0,9690803000.0,3752307000.0,5938496000.0,11628387314.0,302784000.0,0.0,-493800000.0,1919492000.0,-727008000.0,681716000.0,-3554719000.0,623090000.0,3378173000.0,-9846000.0,1148611000.0,1148611000.0,1148611000.0,-406151000.0,0.0,0.603,2443773000.0,1374120000.0,3341504000.0,0.623,1.273,10.124,10.115,14233376000.0,0.0,60.89,6.106,6.043,2083309000.0,8361256000.0,1904267000.0,1904267000.0,428538000.0,0.065,0.125,0.118,0.962,0.0,287038000.0,1.0,190973679.0,189002146,189944793.0,10.075,18784323000.0,64577000.0,595411000.0,1950972000.0,99.387,663406000.0
33,MUR,MRT,2013-03-31,2013-03-31,2013-03-31,2021-08-25,294371000.0,17751685000.0,16716233250.0,4098803000.0,13652882000.0,0.462,47.893,-3939896000.0,1117105000.0,1117105000.0,3998279000.0,1041404000.0,1.253,0.943,2507357000.0,46000.0,2507311000.0,2507357000.0,0.0,1283649000.0,0.0,0.058,3.712,1708675000.0,2992324000.0,0.387,2992324000.0,1708675000.0,1639281000.0,5.41,5.38,5.41,9138494000.0,9250478750.0,9138494000.0,13449087926.0,8.0,4.495,-953494000.0,-4.997,1.0,3731607000.0,0.483,42034000.0,69394000.0,15827820000.0,14353441000.0,629601000.0,215538000.0,215538000.0,0.0,8613191000.0,3272083000.0,5341108000.0,12151156926.0,180456000.0,0.0,-242994000.0,1907467000.0,-720718000.0,933138000.0,-3533311000.0,490363000.0,2986402000.0,-13233000.0,1041404000.0,1041404000.0,1041404000.0,-267527000.0,0.0,0.135,2336597000.0,1395010000.0,2890094000.0,0.686,1.33,11.668,11.78,13421164000.0,0.0,63.73,1.572,1.573,1676172000.0,8018316000.0,7729886000.0,7729886000.0,436490000.0,0.062,0.113,0.119,0.221,0.0,287753000.0,1.0,190666200.0,190810201,191765395.0,40.511,17709651000.0,64958000.0,597877000.0,1912664000.0,92.813,826720000.0
34,MUR,MRT,2012-12-31,2012-12-31,2012-12-31,2021-08-25,408901000.0,17522643000.0,16012549000.0,4108583000.0,13414060000.0,0.288,46.116,-3541625000.0,947316000.0,947316000.0,1079136000.0,970876000.0,1.205,0.96,2245247000.0,46000.0,2245201000.0,2245247000.0,0.0,1253095000.0,0.0,0.062,3.675,1586497000.0,2839592000.0,0.615,2839592000.0,1586497000.0,1532392000.0,5.01,4.99,5.01,8942035000.0,9245626000.0,8942035000.0,11940763724.0,8.0,4.205,-485344000.0,-2.503,1.0,3540466000.0,0.766,43103000.0,54105000.0,15368390000.0,13224283250.0,752310000.0,115603000.0,115603000.0,0.0,8580608000.0,3409081000.0,5171527000.0,11572832724.0,433443000.0,0.0,-237676000.0,1645467000.0,-714429000.0,685709000.0,-3124882000.0,416490000.0,3056281000.0,8875000.0,970876000.0,970876000.0,970876000.0,-164382000.0,0.0,0.21,2157524000.0,1382942000.0,2803268000.0,0.734,1.294,11.92,11.886,13011606000.0,0.0,59.55,2.505,2.5,1853364000.0,7717389000.0,4619602000.0,4619602000.0,380924000.0,0.061,0.105,0.12,0.343,0.0,249532000.0,1.0,194338081.0,193902335,194668737.0,23.824,17479540000.0,89040000.0,561516000.0,1939756000.0,90.146,699502000.0
35,MUR,MRT,2012-09-30,2012-09-30,2012-09-30,2021-08-25,459374000.0,16589837000.0,15166422750.0,4101972000.0,12487865000.0,0.013,49.497,-2757507000.0,816694000.0,816694000.0,-3117823000.0,698261000.0,1.272,0.725,1184625000.0,45000.0,1184580000.0,1184625000.0,0.0,1098131000.0,0.0,0.021,1.138,1365106000.0,2463237000.0,12.576,2463237000.0,1365106000.0,1314645000.0,3.6,3.59,3.6,9616758000.0,9204716500.0,9616758000.0,10549573028.0,8.0,4.283,-387642000.0,-1.995,1.0,3313686000.0,16.918,43470000.0,50461000.0,13689677000.0,12221443750.0,829198000.0,491604000.0,491604000.0,0.0,6973079000.0,3224621000.0,3748458000.0,10429643028.0,-462287000.0,0.0,18444000.0,-135778000.0,-220743000.0,-346828000.0,-2499643000.0,548277000.0,2369865000.0,14319000.0,698261000.0,698261000.0,698261000.0,-222063000.0,0.0,3.565,2201587000.0,1112099000.0,2918657000.0,0.316,1.085,14.937,14.914,12111918000.0,0.0,53.69,53.25,53.259,1639428000.0,8105611000.0,195863000.0,195863000.0,429233000.0,0.046,0.076,0.112,6.97,0.0,232403000.0,1.0,194256715.0,194290277,195057952.0,1.008,16546367000.0,63547000.0,616384000.0,1635496000.0,85.163,877351000.0
36,MUR,MRT,2012-06-30,2012-06-30,2012-06-30,2021-08-25,329627000.0,15000768000.0,14891734000.0,3443953000.0,11556815000.0,0.32,47.91,-2555242000.0,671642000.0,671642000.0,1335765000.0,877694000.0,1.35,0.612,791572000.0,44000.0,791528000.0,791572000.0,0.0,1086603000.0,0.0,0.022,1.1,1562777000.0,2649380000.0,0.556,2649380000.0,1562777000.0,1507928000.0,4.53,4.52,4.53,9304628000.0,9022615000.0,9304628000.0,9427637045.0,6.0,3.558,19319000.0,0.099,1.0,3433590000.0,0.72,42068000.0,54849000.0,12527877000.0,11807032250.0,763249000.0,470772000.0,470772000.0,0.0,5696140000.0,2550753000.0,3145387000.0,9764687045.0,-129604000.0,0.0,16403000.0,-739396000.0,-213237000.0,-945740000.0,-1744813000.0,1017320000.0,2574561000.0,-13612000.0,877694000.0,877694000.0,877694000.0,-265866000.0,0.0,0.184,2158637000.0,1274953000.0,2304396000.0,0.243,1.049,11.125,11.102,11346390000.0,0.0,50.29,2.047,2.048,1261958000.0,7939653000.0,4769355000.0,4769355000.0,420675000.0,0.059,0.097,0.132,0.328,0.0,239118000.0,1.0,194167569.0,194208795,194846202.0,24.558,14958700000.0,64796000.0,630234000.0,1535904000.0,77.024,893200000.0
37,MUR,MRT,2012-03-31,2012-03-31,2012-03-31,2021-08-25,398363000.0,14936948000.0,15033301000.0,3804603000.0,11132345000.0,0.334,47.024,-2469079000.0,936649000.0,936649000.0,1606332000.0,893870000.0,1.172,0.638,599599000.0,350034000.0,249565000.0,599599000.0,0.0,1033566000.0,0.0,0.02,1.1,1608413000.0,2641979000.0,0.525,2641979000.0,1608413000.0,1552562000.0,4.62,4.6,4.62,9119083000.0,8903749500.0,9119083000.0,10995152681.0,7.0,4.162,144412000.0,0.745,1.0,3421343000.0,0.681,42820000.0,55851000.0,11311189000.0,11903264750.0,661676000.0,494352000.0,494352000.0,0.0,5817865000.0,3245889000.0,2571976000.0,10909467681.0,247230000.0,0.0,15334000.0,-375042000.0,-213031000.0,-584523000.0,-1777330000.0,912674000.0,2613491000.0,-4408000.0,893870000.0,893870000.0,893870000.0,-293332000.0,0.0,0.178,2121383000.0,1299960000.0,2650907000.0,0.238,1.196,12.205,12.18,10922959000.0,0.0,56.27,2.17,2.17,1485059000.0,7697630000.0,5027675000.0,5027675000.0,446489000.0,0.059,0.1,0.135,0.32,0.0,229031000.0,1.0,193877158.0,193922260,194884733.0,25.926,14894128000.0,81962000.0,658692000.0,1527286000.0,76.805,558714000.0
38,MUR,MRT,2011-12-31,2011-12-31,2011-12-31,2021-08-25,310420000.0,14138138000.0,15020094250.0,3447671000.0,10690467000.0,0.285,45.388,-2410774000.0,513873000.0,513873000.0,1010121000.0,872702000.0,1.22,0.611,599558000.0,350005000.0,249553000.0,599558000.0,0.0,964725000.0,0.0,0.02,1.1,1557210000.0,2521935000.0,0.589,2521935000.0,1557210000.0,1501379000.0,4.51,4.49,4.51,8778397000.0,8756788000.0,8778397000.0,10832446319.0,7.0,4.295,-265389000.0,-1.372,1.0,3268561000.0,0.764,41863000.0,55831000.0,11357032000.0,12061495750.0,666638000.0,532093000.0,532093000.0,0.0,5359741000.0,2824928000.0,2534813000.0,10786911319.0,-21952000.0,0.0,15551000.0,-340041000.0,-212752000.0,-548323000.0,-1614354000.0,1034475000.0,2145385000.0,-4660000.0,872702000.0,872702000.0,872702000.0,-333504000.0,0.0,0.204,2059986000.0,1208575000.0,1941008000.0,0.244,1.229,12.36,12.359,10475149000.0,0.0,55.74,2.521,2.52,1554184000.0,7460942000.0,4278682000.0,4278682000.0,489346000.0,0.058,0.1,0.129,0.364,0.0,208819000.0,1.0,193521911.0,193409621,194512402.0,22.122,14096275000.0,87486000.0,628677000.0,1624002000.0,72.883,622743000.0
39,MUR,MRT,2011-09-30,2011-09-30,2011-09-30,2021-08-25,272115000.0,15491082000.0,15043870500.0,4460630000.0,11030452000.0,1.751,45.93,-2519208000.0,1278981000.0,1278981000.0,22864689000.0,1160699000.0,1.288,0.743,1324516000.0,349975000.0,974541000.0,1324516000.0,0.0,1046720000.0,0.0,0.025,1.1,1895808000.0,2942528000.0,0.112,2942528000.0,1895808000.0,1842441000.0,6.0,5.96,6.0,8888352000.0,8612076250.0,8888352000.0,9278761844.0,5.0,3.153,285216000.0,1.474,1.0,3473636000.0,0.132,40716000.0,53367000.0,12032031000.0,12138000000.0,638700000.0,493705000.0,493705000.0,0.0,6602730000.0,3463870000.0,3138860000.0,8545532844.0,816589000.0,0.0,25140000.0,291341000.0,-212495000.0,102178000.0,-2085797000.0,540377000.0,2804424000.0,-4216000.0,1160699000.0,1160699000.0,1160699000.0,-175929000.0,0.0,0.044,1772679000.0,1700957000.0,2792520000.0,0.183,0.961,7.362,7.36,10338783000.0,0.0,44.16,0.324,0.324,1780976000.0,7628093000.0,26338325000.0,26338325000.0,398903000.0,0.077,0.135,0.156,0.072,0.0,287106000.0,1.0,193512972.0,193517785,194411116.0,136.103,15450366000.0,75748000.0,681742000.0,1551612000.0,79.84,996760000.0
40,MUR,MRT,2011-06-30,2011-06-30,2011-06-30,2021-08-25,576826000.0,15567036000.0,14604255500.0,4213517000.0,11353519000.0,1.665,45.633,-2407977000.0,801246000.0,801246000.0,21052728000.0,957417000.0,1.26,0.763,1534475000.0,349946000.0,1184529000.0,1534475000.0,0.0,1031747000.0,0.0,0.017,1.1,1663824000.0,2695571000.0,0.111,2695571000.0,1663824000.0,1615035000.0,4.96,4.92,4.96,8829166000.0,8381718000.0,8829166000.0,12985388929.0,8.0,4.817,190780000.0,0.986,1.0,3265711000.0,0.134,44390000.0,48789000.0,12912807000.0,12005327250.0,913338000.0,538082000.0,538082000.0,0.0,6737870000.0,3343068000.0,3394802000.0,12700374929.0,402426000.0,0.0,36097000.0,297558000.0,-212017000.0,128881000.0,-2349044000.0,264679000.0,2598757000.0,23832000.0,957417000.0,957417000.0,957417000.0,-122520000.0,0.0,0.039,1745562000.0,1520149000.0,2600956000.0,0.222,1.438,13.265,13.238,11062349000.0,0.0,65.66,0.522,0.522,1756713000.0,7275196000.0,24318439000.0,24318439000.0,375444000.0,0.066,0.114,0.139,0.068,0.0,278140000.0,1.0,193426362.0,193481601,194916194.0,125.689,15522646000.0,77978000.0,657618000.0,1637048000.0,80.228,870449000.0
41,MUR,MRT,2011-03-31,2011-03-31,2011-03-31,2021-08-25,551239000.0,14884121000.0,14099325500.0,3921489000.0,10962632000.0,1.595,44.182,-2266575000.0,689419000.0,689419000.0,19331892000.0,918093000.0,1.233,0.745,974433000.0,41000.0,974392000.0,974433000.0,0.0,1063174000.0,0.0,0.015,1.075,1573292000.0,2636466000.0,0.117,2636466000.0,1573292000.0,1523210000.0,4.77,4.73,4.77,8531237000.0,8091168500.0,8531237000.0,14562896695.0,9.0,5.524,555486000.0,2.877,1.0,3162553000.0,0.141,44061000.0,50082000.0,11944113000.0,11680547250.0,750182000.0,457016000.0,457016000.0,0.0,6352884000.0,3180961000.0,3171923000.0,14159330695.0,389446000.0,0.0,44191000.0,-257048000.0,-206698000.0,-412075000.0,-2037173000.0,438627000.0,2822061000.0,16633000.0,918093000.0,918093000.0,918093000.0,-90923000.0,0.0,0.041,1702396000.0,1460157000.0,2805444000.0,0.225,1.66,15.423,15.392,10659848000.0,0.0,73.42,0.629,0.63,1858526000.0,7016791000.0,22494445000.0,22494445000.0,305999000.0,0.065,0.113,0.135,0.07,0.0,269459000.0,1.0,192853864.0,193092509,194597368.0,116.496,14840060000.0,75959000.0,605117000.0,1608070000.0,76.855,740528000.0
42,MUR,MRT,2010-12-31,2010-12-31,2010-12-31,2021-08-25,449428000.0,14233243000.0,13670755750.0,3550693000.0,10682550000.0,1.466,42.744,-2287715000.0,535825000.0,535825000.0,17002941000.0,798081000.0,1.211,0.736,939391000.0,41000.0,939350000.0,939391000.0,0.0,1092107000.0,0.0,0.014,1.05,1427825000.0,2519932000.0,0.126,2519932000.0,1427825000.0,1374653000.0,4.16,4.13,4.16,8199550000.0,7846755500.0,8199550000.0,14902897318.0,10.0,5.914,840843000.0,4.383,1.0,3033209000.0,0.151,42850000.0,53172000.0,11663049000.0,11596428500.0,762213000.0,616558000.0,616558000.0,0.0,6033693000.0,2930910000.0,3102783000.0,14340940318.0,234681000.0,0.0,42995000.0,-414038000.0,-201405000.0,-565946000.0,-2328812000.0,162467000.0,3128558000.0,881000.0,798081000.0,798081000.0,798081000.0,-49001000.0,0.0,0.04,1672829000.0,1360380000.0,2237920000.0,0.252,1.749,17.969,17.921,10367847000.0,0.0,74.55,0.716,0.714,1467311000.0,6800992000.0,20036150000.0,20036150000.0,276089000.0,0.058,0.102,0.123,0.071,0.0,256471000.0,1.0,192366738.0,191830357,193157814.0,104.447,14190393000.0,80545000.0,576572000.0,1795244000.0,73.974,619783000.0
43,MUR,MRT,2010-09-30,2010-09-30,2010-09-30,2021-08-25,369198000.0,13732622000.0,13301534750.0,3456856000.0,10275766000.0,1.48,41.507,-1926464000.0,462392000.0,462392000.0,16377204000.0,942882000.0,1.256,0.724,1024349000.0,10000.0,1024339000.0,1024349000.0,0.0,1062180000.0,0.0,0.017,1.025,1666858000.0,2729038000.0,0.139,2729038000.0,1666858000.0,1610183000.0,4.93,4.88,4.93,7966919000.0,7633374500.0,7966919000.0,12706057269.0,8.0,4.656,952583000.0,4.963,1.0,3305272000.0,0.168,41550000.0,56675000.0,11501340000.0,11577210250.0,838465000.0,630248000.0,630248000.0,0.0,5765703000.0,2751689000.0,3014014000.0,11875840269.0,147325000.0,0.0,30252000.0,-539028000.0,-196201000.0,-698893000.0,-2041762000.0,164065000.0,2879047000.0,8933000.0,942882000.0,942882000.0,942882000.0,-31372000.0,0.0,0.048,1682884000.0,1622388000.0,2293157000.0,0.208,1.491,12.595,12.56,9846026000.0,0.0,61.92,0.603,0.604,1363300000.0,6679889000.0,19682476000.0,19682476000.0,262725000.0,0.071,0.124,0.144,0.085,0.0,235104000.0,1.0,191793286.0,191943813,193437992.0,102.543,13691072000.0,74282000.0,667301000.0,1567742000.0,71.329,705167000.0
44,MUR,MRT,2010-06-30,2010-06-30,2010-06-30,2021-08-25,251329000.0,13547316000.0,12938140750.0,3715779000.0,9831537000.0,1.52,40.018,-1956627000.0,398820000.0,398820000.0,16463115000.0,928927000.0,1.364,0.767,1229037000.0,2431000.0,1226606000.0,1229037000.0,0.0,1059693000.0,0.0,0.02,1.0,1621388000.0,2681081000.0,0.136,2681081000.0,1621388000.0,1564853000.0,4.86,4.81,4.86,7666968000.0,7379505250.0,7666968000.0,10419256258.0,6.0,3.886,843247000.0,4.401,1.0,3202784000.0,0.163,40195000.0,56535000.0,11613687000.0,11555695000.0,1021655000.0,802761000.0,802761000.0,0.0,5880348000.0,2723651000.0,3156697000.0,9487965258.0,-108263000.0,0.0,22115000.0,-385788000.0,-191162000.0,-557410000.0,-2340100000.0,-218079000.0,2799874000.0,-10627000.0,928927000.0,928927000.0,928927000.0,-25977000.0,0.0,0.047,1619898000.0,1582886000.0,2243386000.0,0.206,1.238,10.214,10.195,9416226000.0,0.0,49.55,0.482,0.483,1324420000.0,6529796000.0,19665899000.0,19665899000.0,238578000.0,0.072,0.126,0.14,0.082,0.0,227924000.0,1.0,191482649.0,191585996,193169099.0,102.648,13507121000.0,70653000.0,635926000.0,1534601000.0,70.502,992128000.0
45,MUR,MRT,2010-03-31,2010-03-31,2010-03-31,2021-08-25,381041000.0,13169842000.0,12578628750.0,3485959000.0,9683883000.0,1.481,39.502,-1905076000.0,299973000.0,299973000.0,15698124000.0,815408000.0,1.422,0.744,1231264000.0,29000.0,1231235000.0,1231264000.0,0.0,968910000.0,0.0,0.018,1.0,1444765000.0,2413675000.0,0.13,2413675000.0,1444765000.0,1388939000.0,4.27,4.23,4.27,7553585000.0,7122168250.0,7553585000.0,11792024461.0,8.0,4.886,408927000.0,2.139,1.0,2931690000.0,0.157,42115000.0,55826000.0,11607638000.0,11448473000.0,754209000.0,895643000.0,895643000.0,0.0,5616257000.0,2451380000.0,3164877000.0,10739947461.0,-27430000.0,0.0,13946000.0,151500000.0,-190960000.0,-28067000.0,-2350435000.0,-282080000.0,2314003000.0,37069000.0,815408000.0,815408000.0,815408000.0,-23903000.0,0.0,0.044,1531784000.0,1399906000.0,2003515000.0,0.234,1.422,13.171,13.159,9307027000.0,0.0,56.19,0.576,0.577,1390131000.0,6305396000.0,18629814000.0,18629814000.0,220431000.0,0.065,0.114,0.126,0.078,0.0,220675000.0,1.0,191136278.0,191219265,192929735.0,97.426,13127727000.0,54713000.0,573531000.0,1500110000.0,68.653,1034579000.0
46,MUR,MRT,2009-12-31,2009-12-31,2009-12-31,2021-08-25,287187000.0,12756359000.0,12052387250.0,3375695000.0,9380664000.0,1.402,38.508,-1893750000.0,301144000.0,301144000.0,14171963000.0,837621000.0,1.547,0.736,1353221000.0,38000.0,1353183000.0,1353221000.0,0.0,870999000.0,0.0,0.018,1.0,1412185000.0,2283184000.0,0.135,2283184000.0,1412185000.0,1359180000.0,4.39,4.35,4.39,7346026000.0,6818822500.0,7346026000.0,11513350332.0,8.0,5.043,-29117000.0,-0.153,1.0,2723243000.0,0.161,40652000.0,53005000.0,11586176000.0,11022158500.0,733982000.0,779025000.0,779025000.0,0.0,5410333000.0,2181608000.0,3228725000.0,10348539332.0,-364966000.0,0.0,12746000.0,240928000.0,-190788000.0,67029000.0,-2331907000.0,-279777000.0,1864633000.0,35279000.0,837621000.0,837621000.0,837621000.0,-123767000.0,0.0,0.05,1463439000.0,1259804000.0,1539523000.0,0.228,1.409,12.355,12.346,9065088000.0,0.0,54.2,0.613,0.612,1463297000.0,6204316000.0,16895206000.0,16895206000.0,265172000.0,0.069,0.123,0.128,0.084,0.0,212376000.0,1.0,190932460.0,190767077,192468450.0,88.565,12715707000.0,15029000.0,521559000.0,1571865000.0,66.656,1194087000.0
47,MUR,MRT,2009-09-30,2009-09-30,2009-09-30,2021-08-25,178925000.0,12279046000.0,11650572000.0,3182703000.0,9096343000.0,1.51,36.431,-2198567000.0,315067000.0,315067000.0,15127688000.0,646119000.0,1.603,0.766,1479878000.0,0.0,1479878000.0,1479878000.0,0.0,824506000.0,0.0,0.017,1.0,1158414000.0,1982920000.0,0.113,1982920000.0,1158414000.0,1106346000.0,3.39,3.37,3.39,6951442000.0,6552052250.0,6951442000.0,12009554777.0,10.0,6.056,-568852000.0,-2.981,1.0,2468563000.0,0.14,42605000.0,52068000.0,11415279000.0,10522181000.0,784236000.0,794313000.0,794313000.0,0.0,5327604000.0,1985973000.0,3341631000.0,10985311777.0,-513033000.0,0.0,16818000.0,410511000.0,-190692000.0,240732000.0,-2338981000.0,-104295000.0,1629715000.0,-44499000.0,646119000.0,646119000.0,646119000.0,-92148000.0,0.0,0.037,1440105000.0,1028458000.0,1733342000.0,0.295,1.58,17.002,16.982,8765386000.0,0.0,57.57,0.624,0.624,1164678000.0,5933208000.0,17596251000.0,17596251000.0,318020000.0,0.055,0.099,0.11,0.066,0.0,233199000.0,1.0,190816602.0,190811162,192641808.0,92.218,12236441000.0,34974000.0,460227000.0,1341593000.0,64.129,1196730000.0
48,MUR,MRT,2009-06-30,2009-06-30,2009-06-30,2021-08-25,15103000.0,12109268000.0,11538503000.0,3192739000.0,8916529000.0,1.784,34.798,-2208539000.0,507083000.0,507083000.0,17542456000.0,1041664000.0,1.672,0.824,1531326000.0,0.0,1531326000.0,1531326000.0,0.0,743518000.0,0.0,0.018,1.0,1768485000.0,2512003000.0,0.122,2512003000.0,1768485000.0,1712406000.0,5.48,5.43,5.48,6637620000.0,6444068000.0,6637620000.0,11032439798.0,6.0,4.392,-164711000.0,-0.864,1.0,3037530000.0,0.148,39201000.0,56079000.0,11184799000.0,10098331500.0,773463000.0,584682000.0,584682000.0,0.0,5471648000.0,1909511000.0,3562137000.0,10363568798.0,-609422000.0,0.0,14673000.0,-12184000.0,-190600000.0,-184102000.0,-2397340000.0,-160702000.0,2043828000.0,-71808000.0,1041664000.0,1041664000.0,1041664000.0,-91553000.0,0.0,0.051,1401563000.0,1635967000.0,1599209000.0,0.182,1.561,9.949,9.912,8297448000.0,0.0,54.32,0.504,0.503,1157585000.0,5792031000.0,20579986000.0,20579986000.0,363561000.0,0.09,0.162,0.175,0.086,0.0,232776000.0,1.0,190787349.0,190746583,192380595.0,107.892,12070067000.0,38138000.0,670742000.0,1268028000.0,63.278,1283228000.0
49,MUR,MRT,2009-03-31,2009-03-31,2009-03-31,2021-08-25,-166496000.0,11064876000.0,11568985000.0,2717368000.0,8347508000.0,2.106,33.274,-1983097000.0,327403000.0,327403000.0,20677999000.0,1502098000.0,1.514,0.745,996274000.0,0.0,996274000.0,996274000.0,0.0,701409000.0,0.0,0.021,0.938,2476954000.0,3178363000.0,0.13,3178363000.0,2476954000.0,2412508000.0,7.92,7.82,7.92,6340202000.0,6301273750.0,6340202000.0,8902053584.0,4.0,2.801,990313000.0,5.197,1.0,3690359000.0,0.151,36153000.0,64446000.0,9902380000.0,9781577000.0,675977000.0,613563000.0,613563000.0,0.0,4724674000.0,1795214000.0,2929460000.0,8539369584.0,-541726000.0,0.0,24185000.0,-723105000.0,-178576000.0,-865196000.0,-2539184000.0,-534655000.0,2973410000.0,-110756000.0,1502098000.0,1502098000.0,1502098000.0,-94315000.0,0.0,0.062,1342553000.0,2347806000.0,1396431000.0,0.118,1.347,5.685,5.653,7758429000.0,0.0,44.77,0.35,0.35,974956000.0,5680948000.0,24368358000.0,24368358000.0,389015000.0,0.13,0.238,0.253,0.102,0.0,226548000.0,1.0,190738655.0,190545771,192281803.0,127.887,11028723000.0,33852000.0,910410000.0,1244131000.0,57.88,922154000.0
50,MUR,MRT,2008-12-31,2008-12-31,2008-12-31,2021-08-25,-87697000.0,11149098000.0,11617964250.0,2846964000.0,8302134000.0,2.361,33.115,-1874654000.0,666110000.0,666110000.0,23307169000.0,1739986000.0,1.508,0.776,1028794000.0,2572000.0,1026222000.0,1028794000.0,0.0,667265000.0,0.0,0.02,0.875,2887213000.0,3554478000.0,0.13,3554478000.0,2887213000.0,2813602000.0,9.18,9.06,9.18,6278945000.0,6076897500.0,6278945000.0,8689012179.0,3.0,2.445,1165258000.0,6.146,1.0,4125162000.0,0.15,37370000.0,73611000.0,9586266000.0,9774569000.0,604173000.0,420340000.0,420340000.0,0.0,4870153000.0,1888146000.0,2982007000.0,8447996179.0,-7597000.0,0.0,29687000.0,-492847000.0,-166501000.0,-609373000.0,-2323199000.0,-420340000.0,3039912000.0,-114937000.0,1739986000.0,1739986000.0,1739986000.0,4763000.0,0.0,0.063,1264645000.0,2860517000.0,1174623000.0,0.095,1.345,4.855,4.831,7727718000.0,0.0,44.35,0.308,0.307,1033996000.0,5557483000.0,27432331000.0,27432331000.0,344406000.0,0.15,0.286,0.295,0.105,0.0,228490000.0,1.0,190484694.0,189608846,192133672.0,144.679,11111728000.0,29801000.0,1073616000.0,1481541000.0,58.603,958818000.0
51,MUR,MRT,2008-09-30,2008-09-30,2008-09-30,2021-08-25,246130000.0,11830770000.0,11464652000.0,3637877000.0,8192893000.0,2.486,34.352,-1863870000.0,828100000.0,828100000.0,24506548000.0,1818736000.0,1.575,0.815,1069116000.0,2946000.0,1066170000.0,1069116000.0,0.0,594104000.0,0.0,0.013,0.812,2920695000.0,3514799000.0,0.123,3514799000.0,2920695000.0,2839151000.0,9.6,9.47,9.6,6519505000.0,5773704750.0,6519505000.0,12641166326.0,4.0,3.597,1558190000.0,8.21,1.0,3998408000.0,0.14,42805000.0,81544000.0,9719881000.0,9685591250.0,621164000.0,611110000.0,611110000.0,0.0,5311265000.0,2309100000.0,3002165000.0,12214483326.0,38435000.0,-348292000.0,29250000.0,-435401000.0,-154386000.0,-532135000.0,-2809872000.0,-551289000.0,3422060000.0,-41618000.0,1818736000.0,1818736000.0,1818736000.0,-28328000.0,0.0,0.064,1132070000.0,2866338000.0,1834319000.0,0.085,1.874,6.716,6.681,7628956000.0,0.0,64.14,0.429,0.427,1431346000.0,5477781000.0,28504956000.0,28504956000.0,292109000.0,0.159,0.315,0.302,0.102,0.0,225444000.0,1.0,190434726.0,189787636,192243448.0,150.194,11787965000.0,68436000.0,1020415000.0,1495105000.0,62.111,1328777000.0
52,MUR,MRT,2008-06-30,2008-06-30,2008-06-30,2021-08-25,339126000.0,12231196000.0,10889695500.0,4256945000.0,7974251000.0,2.307,32.002,-1780924000.0,1116505000.0,1116505000.0,21806492000.0,1433849000.0,1.579,1.016,1543188000.0,3070000.0,1540118000.0,1543188000.0,0.0,543842000.0,0.0,0.008,0.75,2323179000.0,2867021000.0,0.114,2867021000.0,2323179000.0,2238420000.0,7.58,7.47,7.58,6066443000.0,5363972250.0,6066443000.0,19477551661.0,8.0,6.794,784771000.0,4.14,1.0,3311704000.0,0.132,44605000.0,84759000.0,9917781000.0,9426246500.0,756751000.0,345072000.0,345072000.0,0.0,6164753000.0,2695493000.0,3469260000.0,18627490661.0,423049000.0,-348292000.0,41276000.0,427165000.0,-142160000.0,364689000.0,-2519971000.0,-345072000.0,2565695000.0,12636000.0,1433849000.0,1433849000.0,1433849000.0,-28923000.0,0.0,0.057,1049052000.0,2262652000.0,2366712000.0,0.099,3.071,12.991,12.935,7430872000.0,0.0,98.05,0.742,0.74,1867986000.0,4940967000.0,25118196000.0,25118196000.0,251200000.0,0.132,0.267,0.246,0.092,0.0,234746000.0,1.0,189979507.0,189564247,192263483.0,132.505,12186591000.0,89484000.0,804571000.0,1361888000.0,64.287,1561452000.0
53,MUR,MRT,2008-03-31,2008-03-31,2008-03-31,2021-08-25,326717000.0,11260793000.0,9979063000.0,3384620000.0,7876173000.0,2.143,28.774,-2028440000.0,869129000.0,869129000.0,18687184000.0,1064887000.0,1.545,1.069,1719190000.0,8123000.0,1711067000.0,1719190000.0,0.0,503262000.0,0.0,0.009,0.713,1753878000.0,2257140000.0,0.106,2257140000.0,1753878000.0,1673549000.0,5.64,5.57,5.64,5442697000.0,4992663750.0,5442697000.0,16439652439.0,9.0,7.283,-73495000.0,-0.389,1.0,2700421000.0,0.126,46340000.0,80329000.0,9874348000.0,8828843500.0,1044320000.0,0.0,0.0,0.0,5818096000.0,2190166000.0,3627930000.0,15584434439.0,259449000.0,-348292000.0,39326000.0,748195000.0,-134741000.0,686038000.0,-2419840000.0,0.0,1954945000.0,38306000.0,1064887000.0,1064887000.0,1064887000.0,-28235000.0,0.0,0.05,1016977000.0,1683444000.0,2060079000.0,0.126,2.863,14.635,14.564,7309810000.0,0.0,82.14,0.729,0.726,1303621000.0,4357426000.0,21387605000.0,21387605000.0,220968000.0,0.107,0.213,0.199,0.082,0.0,234101000.0,1.0,189730149.0,189150647,191550683.0,113.072,11214453000.0,61804000.0,608662000.0,1105499000.0,59.288,1194454000.0
54,MUR,MRT,2007-12-31,2007-12-31,2007-12-31,2021-08-25,351765000.0,10535849000.0,9182985750.0,2886792000.0,7649057000.0,1.994,26.944,-1901816000.0,673707000.0,673707000.0,16160476000.0,766529000.0,1.369,1.08,1528925000.0,12769000.0,1516156000.0,1528925000.0,0.0,450624000.0,0.0,0.008,0.675,1291118000.0,1741742000.0,0.095,1741742000.0,1291118000.0,1216453000.0,4.08,4.01,4.08,5066174000.0,4690598500.0,5066174000.0,16779617299.0,13.0,9.634,-161396000.0,-0.858,1.0,2152488000.0,0.118,51450000.0,74665000.0,9230355000.0,8074390750.0,626647000.0,0.0,0.0,0.0,5469675000.0,2109262000.0,3360413000.0,16056620299.0,130317000.0,-348292000.0,41624000.0,680466000.0,-127353000.0,624782000.0,-2286513000.0,0.0,1740420000.0,51628000.0,766529000.0,766529000.0,766529000.0,-27449000.0,0.0,0.042,938700000.0,1213788000.0,1662401000.0,0.165,3.169,20.947,20.794,7109822000.0,0.0,84.84,0.877,0.871,1420601000.0,3983998000.0,18312964000.0,18312964000.0,202808000.0,0.083,0.163,0.16,0.071,0.0,228316000.0,1.0,189257665.0,188027557,191140737.0,97.395,10484399000.0,86252000.0,449924000.0,1225502000.0,55.76,777530000.0
55,MUR,MRT,2007-09-30,2007-09-30,2007-09-30,2021-08-25,352278000.0,9530944000.0,8419813750.0,2696587000.0,6834357000.0,1.923,25.928,-1576273000.0,789665000.0,789665000.0,14151089000.0,648781000.0,1.774,0.953,1512662000.0,16228000.0,1496434000.0,1512662000.0,0.0,434334000.0,0.0,0.009,0.638,1132527000.0,1566861000.0,0.097,1566861000.0,1132527000.0,1066793000.0,3.45,3.41,3.45,4880575000.0,4454373250.0,4880575000.0,13604710465.0,12.0,8.683,-310187000.0,-1.648,1.0,2041938000.0,0.126,51758000.0,65734000.0,8682502000.0,7374804250.0,662601000.0,59821000.0,59821000.0,0.0,4650369000.0,1519681000.0,3130688000.0,13174503465.0,320312000.0,0.0,43347000.0,717092000.0,-119908000.0,665540000.0,-1647585000.0,-59821000.0,1266086000.0,36271000.0,648781000.0,648781000.0,648781000.0,0.0,0.0,0.04,966604000.0,1075334000.0,1424374000.0,0.185,2.699,20.307,20.258,6336567000.0,0.0,69.89,0.814,0.812,1079609000.0,3813431000.0,16193027000.0,16193027000.0,210867000.0,0.077,0.146,0.154,0.07,0.0,262692000.0,1.0,188503412.0,188239267,191193266.0,86.024,9479186000.0,24544000.0,418012000.0,858546000.0,50.357,1176906000.0
56,MUR,MRT,2007-06-30,2007-06-30,2007-06-30,2021-08-25,248729000.0,8588666000.0,7873663500.0,2391846000.0,6196820000.0,1.977,24.418,-1377916000.0,693456000.0,693456000.0,13480110000.0,673388000.0,1.658,0.875,1123663000.0,18495000.0,1105168000.0,1123663000.0,0.0,407226000.0,0.0,0.01,0.6,1196059000.0,1603285000.0,0.103,1603285000.0,1196059000.0,1133141000.0,3.59,3.55,3.59,4581209000.0,4250425500.0,4581209000.0,11550104002.0,10.0,7.204,88724000.0,0.473,1.0,2085607000.0,0.134,48213000.0,62918000.0,7528169000.0,6753221000.0,545686000.0,0.0,0.0,0.0,4007457000.0,1442491000.0,2564966000.0,11182258002.0,278744000.0,0.0,34546000.0,242721000.0,-112586000.0,181167000.0,-1389542000.0,0.0,1466640000.0,20479000.0,673388000.0,673388000.0,673388000.0,0.0,0.0,0.043,945158000.0,1140449000.0,1299933000.0,0.167,2.441,16.606,16.557,5815633000.0,0.0,59.44,0.718,0.716,1034084000.0,3649278000.0,15565717000.0,15565717000.0,204306000.0,0.086,0.158,0.177,0.077,0.0,249338000.0,1.0,188126817.0,187615633,190160989.0,82.966,8540453000.0,24728000.0,459753000.0,833495000.0,45.521,949355000.0
57,MUR,MRT,2007-03-31,2007-03-31,2007-03-31,2021-08-25,142824000.0,8076484000.0,7501896750.0,2403384000.0,5673100000.0,1.966,22.626,-1183226000.0,609680000.0,609680000.0,12791952000.0,639320000.0,1.557,0.907,977526000.0,8129000.0,969397000.0,977526000.0,0.0,394692000.0,0.0,0.011,0.562,1081450000.0,1476142000.0,0.1,1476142000.0,1081450000.0,1023975000.0,3.42,3.37,3.42,4234436000.0,4066674500.0,4234436000.0,10323836480.0,10.0,6.994,-165752000.0,-0.886,1.0,1959056000.0,0.133,44509000.0,57475000.0,6856537000.0,6408216500.0,562419000.0,0.0,0.0,0.0,3842048000.0,1543284000.0,2298764000.0,10019826480.0,128775000.0,0.0,30341000.0,362945000.0,-105345000.0,302637000.0,-1194078000.0,0.0,1017474000.0,2742000.0,639320000.0,639320000.0,639320000.0,0.0,0.0,0.043,925665000.0,1033391000.0,1460958000.0,0.164,2.366,15.673,15.614,5323403000.0,0.0,53.4,0.679,0.677,1110539000.0,3427280000.0,14751008000.0,14751008000.0,204411000.0,0.085,0.157,0.169,0.073,0.0,241157000.0,1.0,187637200.0,187147870,189789397.0,78.82,8031975000.0,17823000.0,384655000.0,714844000.0,42.918,860100000.0
58,MUR,MRT,2006-12-31,2006-12-31,2006-12-31,2021-08-25,131999000.0,7483161000.0,7109633750.0,2107091000.0,5376070000.0,2.012,22.145,-1180603000.0,543390000.0,543390000.0,12307448000.0,644669000.0,1.607,0.816,847400000.0,7125000.0,840275000.0,847400000.0,0.0,384063000.0,0.0,0.01,0.525,1090947000.0,1475010000.0,0.103,1475010000.0,1090947000.0,1038398000.0,3.46,3.41,3.46,4121273000.0,3899559250.0,4121273000.0,9836712299.0,9.0,6.669,-205125000.0,-1.102,1.0,1999939000.0,0.14,44057000.0,52549000.0,6432009000.0,6012017250.0,411077000.0,0.0,0.0,0.0,3361888000.0,1311105000.0,2050783000.0,9511872299.0,-41943000.0,0.0,24864000.0,232977000.0,-98162000.0,171435000.0,-1191442000.0,0.0,975478000.0,2586000.0,644669000.0,644669000.0,644669000.0,0.0,0.0,0.045,952009000.0,1047930000.0,1008597000.0,0.152,2.308,14.755,14.697,5106282000.0,0.0,50.85,0.665,0.661,995089000.0,3349832000.0,14307387000.0,14307387000.0,219238000.0,0.091,0.165,0.181,0.076,0.0,228543000.0,1.0,187057469.0,186105086,189158411.0,76.878,7439104000.0,20861000.0,393729000.0,835767000.0,39.973,795986000.0
59,MUR,MRT,2006-09-30,2006-09-30,2006-09-30,2021-08-25,213738000.0,7346343000.0,6830971250.0,2171171000.0,5175172000.0,2.07,21.829,-1264110000.0,469353000.0,469353000.0,12045715000.0,719147000.0,1.519,0.807,794193000.0,4659000.0,789534000.0,794193000.0,0.0,376058000.0,0.0,0.01,0.487,1211152000.0,1587210000.0,0.112,1587210000.0,1211152000.0,1160361000.0,3.86,3.79,3.86,4064784000.0,3734488500.0,4064784000.0,9349719003.0,8.0,5.891,-160483000.0,-0.862,1.0,2093306000.0,0.148,45963000.0,50791000.0,6196169000.0,5670522000.0,472589000.0,0.0,0.0,0.0,3281559000.0,1429051000.0,1852508000.0,8884273003.0,-62302000.0,0.0,23136000.0,162001000.0,-90949000.0,101244000.0,-1277248000.0,0.0,1103627000.0,10075000.0,719147000.0,719147000.0,719147000.0,0.0,0.0,0.051,923449000.0,1169857000.0,1293762000.0,0.126,2.186,12.354,12.319,4964362000.0,0.0,47.55,0.628,0.626,1039026000.0,3224940000.0,14139021000.0,14139021000.0,218638000.0,0.105,0.193,0.214,0.086,0.0,180113000.0,1.0,186840652.0,186211753,189238922.0,75.93,7300380000.0,42285000.0,441214000.0,750787000.0,39.205,742120000.0
60,MUR,MRT,2006-06-30,2006-06-30,2006-06-30,2021-08-25,201957000.0,7101599000.0,6555225000.0,2147680000.0,4953919000.0,2.029,20.687,-1287660000.0,414712000.0,414712000.0,11245149000.0,725953000.0,1.564,0.846,880158000.0,4665000.0,875493000.0,880158000.0,0.0,382646000.0,0.0,0.008,0.45,1184428000.0,1567074000.0,0.118,1567074000.0,1184428000.0,1138420000.0,3.91,3.84,3.91,3846205000.0,3546281000.0,3846205000.0,10558556802.0,9.0,6.738,-298947000.0,-1.608,1.0,2057369000.0,0.155,46025000.0,46008000.0,6148151000.0,5362928000.0,493646000.0,0.0,0.0,0.0,3255394000.0,1372869000.0,1882525000.0,10425447802.0,-93021000.0,0.0,37285000.0,238169000.0,-83697000.0,196973000.0,-1297481000.0,0.0,988713000.0,18774000.0,725953000.0,725953000.0,725953000.0,-8549000.0,0.0,0.055,922335000.0,1135034000.0,1274876000.0,0.115,2.711,14.361,14.286,4784782000.0,0.0,55.86,0.784,0.781,1047420000.0,3030225000.0,13302518000.0,13302518000.0,215531000.0,0.111,0.205,0.221,0.089,0.0,168967000.0,1.0,186635299.0,185919897,189101235.0,71.55,7055574000.0,41961000.0,412467000.0,681016000.0,37.95,774811000.0
61,MUR,MRT,2006-03-31,2006-03-31,2006-03-31,2021-08-25,126746000.0,6507432000.0,6243316500.0,1852286000.0,4655146000.0,1.995,19.201,-1119473000.0,480905000.0,480905000.0,10161890000.0,857572000.0,1.398,0.825,614014000.0,4456000.0,609558000.0,614014000.0,0.0,389479000.0,0.0,0.009,0.45,1451080000.0,1840559000.0,0.148,1840559000.0,1451080000.0,1405249000.0,4.64,4.55,4.64,3565975000.0,3344327500.0,3565975000.0,9323543728.0,6.0,5.066,112844000.0,0.608,1.0,2291652000.0,0.184,43960000.0,45831000.0,5271740000.0,4992003000.0,266523000.0,0.0,0.0,0.0,2941457000.0,1324841000.0,1616616000.0,9294812728.0,17041000.0,0.0,32919000.0,-40950000.0,-83443000.0,-88735000.0,-1131878000.0,0.0,1232317000.0,5337000.0,857572000.0,857572000.0,857572000.0,-8549000.0,0.0,0.069,889682000.0,1401970000.0,1208532000.0,0.097,2.607,10.839,10.737,4494829000.0,0.0,49.82,0.746,0.743,988319000.0,2837153000.0,12453542000.0,12453542000.0,225268000.0,0.137,0.256,0.291,0.117,0.0,162878000.0,1.0,186567899.0,185713673,188636321.0,67.058,6463472000.0,39654000.0,547677000.0,718910000.0,34.803,527445000.0
62,MUR,MRT,2005-12-31,2005-12-31,2005-12-31,2021-08-25,131324000.0,6368511000.0,5988643500.0,1838946000.0,4529565000.0,1.983,18.774,-1097258000.0,585333000.0,585333000.0,9618714000.0,854742000.0,1.429,0.84,614064000.0,4490000.0,609574000.0,614064000.0,0.0,396875000.0,0.0,0.008,0.45,1440968000.0,1837843000.0,0.155,1837843000.0,1440968000.0,1393664000.0,4.64,4.55,4.64,3460990000.0,3134973000.0,3460990000.0,10116478965.0,7.0,5.505,151673000.0,0.823,1.0,2258437000.0,0.19,44206000.0,47304000.0,5066028000.0,4791302500.0,314955000.0,0.0,0.0,0.0,2907521000.0,1287008000.0,1620513000.0,10016814965.0,49808000.0,0.0,26513000.0,-50579000.0,-83198000.0,-108317000.0,-1089309000.0,17892000.0,1248931000.0,-1497000.0,854742000.0,854742000.0,854742000.0,-8549000.0,0.0,0.072,864557000.0,1393880000.0,987236000.0,0.097,2.894,11.719,11.636,4374229000.0,0.0,53.99,0.843,0.838,865155000.0,2744274000.0,11877151000.0,11877151000.0,232400000.0,0.143,0.273,0.301,0.121,0.0,158808000.0,1.0,185530931.0,184354552,187889378.0,64.426,6324305000.0,40264000.0,538922000.0,833718000.0,34.305,551938000.0
63,MUR,MRT,2005-09-30,2005-09-30,2005-09-30,2021-08-25,130431000.0,6243358000.0,5761076500.0,1915519000.0,4327839000.0,1.906,17.965,-854408000.0,531655000.0,531655000.0,8884999000.0,826374000.0,1.437,0.885,631319000.0,21806000.0,609513000.0,631319000.0,0.0,390504000.0,0.0,0.009,0.45,1391135000.0,1781639000.0,0.162,1781639000.0,1391135000.0,1341461000.0,4.48,4.39,4.48,3311954000.0,2932014500.0,3311954000.0,9330101938.0,7.0,5.237,141687000.0,0.769,1.0,2097699000.0,0.191,44170000.0,49674000.0,4965793000.0,4609352250.0,457394000.0,0.0,0.0,0.0,2931404000.0,1333059000.0,1598345000.0,9197547938.0,-423474000.0,0.0,19709000.0,-463673000.0,-83014000.0,-528030000.0,-919368000.0,298000.0,996095000.0,27829000.0,826374000.0,826374000.0,826374000.0,-11238000.0,0.0,0.075,752035000.0,1345664000.0,1143990000.0,0.1,2.777,11.13,11.132,4172060000.0,0.0,49.87,0.837,0.837,839626000.0,2610609000.0,10982698000.0,10982698000.0,164919000.0,0.143,0.282,0.302,0.127,0.0,152687000.0,1.0,184430478.0,184355365,188069208.0,59.574,6199188000.0,42036000.0,515087000.0,758588000.0,33.626,582460000.0
64,MUR,MRT,2005-06-30,2005-06-30,2005-06-30,2021-08-25,100000000.0,5853965000.0,5600775500.0,1779896000.0,4074069000.0,1.778,16.522,-936549000.0,507733000.0,507733000.0,8031437000.0,714149000.0,1.391,0.927,640287000.0,31414000.0,608873000.0,640287000.0,0.0,372329000.0,0.0,0.009,0.45,1229606000.0,1601935000.0,0.161,1601935000.0,1229606000.0,1178312000.0,3.87,3.79,3.87,3038391000.0,2726565250.0,3038391000.0,9823256881.0,8.0,6.132,57680000.0,0.314,1.0,1927797000.0,0.194,42667000.0,51294000.0,4664451000.0,4506373500.0,315056000.0,0.0,0.0,0.0,2815574000.0,1279401000.0,1536173000.0,9632801881.0,-439276000.0,0.0,1607000.0,-469955000.0,-82908000.0,-552308000.0,-938249000.0,298000.0,994229000.0,57052000.0,714149000.0,714149000.0,714149000.0,-5639000.0,0.0,0.072,733246000.0,1194551000.0,1029314000.0,0.116,3.17,13.489,13.496,3918469000.0,0.0,52.23,0.967,0.964,892351000.0,2400469000.0,9959234000.0,9959234000.0,202174000.0,0.128,0.262,0.273,0.123,0.0,145218000.0,1.0,184430440.0,183903885,187682605.0,54.155,5811298000.0,33887000.0,464163000.0,760199000.0,31.6,500495000.0
65,MUR,MRT,2005-03-31,2005-03-31,2005-03-31,2021-08-25,119402000.0,5488740000.0,5462624750.0,1568835000.0,3919905000.0,1.669,14.809,-978414000.0,463864000.0,463864000.0,7535360000.0,716229000.0,1.344,1.012,654319000.0,41058000.0,613261000.0,654319000.0,0.0,346004000.0,0.0,0.009,0.438,1109680000.0,1455684000.0,0.16,1455684000.0,1109680000.0,1055708000.0,3.88,3.81,3.88,2728557000.0,2554612500.0,2728557000.0,9215082015.0,8.0,6.33,19351000.0,0.105,1.0,1579657000.0,0.173,43206000.0,53972000.0,4468938000.0,4428444500.0,242272000.0,0.0,0.0,0.0,2760183000.0,1167051000.0,1593132000.0,9086525015.0,166478000.0,0.0,2567000.0,-436204000.0,-80559000.0,-514196000.0,-389557000.0,582973000.0,997765000.0,72466000.0,716229000.0,716229000.0,716229000.0,-187377000.0,0.0,0.079,682829000.0,896828000.0,976303000.0,0.113,3.33,12.687,12.723,3771468000.0,0.0,49.365,0.997,0.998,797863000.0,2073425000.0,9115017000.0,9115017000.0,185373000.0,0.131,0.28,0.251,0.122,0.0,137953000.0,1.0,184068166.0,184248272,187806028.0,49.471,5445534000.0,29197000.0,339479000.0,699729000.0,29.555,401784000.0
66,MUR,MRT,2004-12-31,2004-12-31,2004-12-31,2021-08-25,134509000.0,5458243000.0,5298833500.0,1629363000.0,3828880000.0,1.578,14.4,-878045000.0,535525000.0,535525000.0,6889470000.0,701315000.0,1.352,1.06,664082000.0,50727000.0,613355000.0,664082000.0,0.0,321446000.0,0.0,0.011,0.425,1066080000.0,1387526000.0,0.166,1387526000.0,1066080000.0,1009856000.0,3.81,3.75,3.81,2649156000.0,2379110250.0,2649156000.0,7536603822.0,7.0,5.432,218973000.0,1.19,1.0,1470369000.0,0.176,43582000.0,56224000.0,4338227000.0,4477025750.0,295845000.0,17892000.0,17892000.0,0.0,2809087000.0,1204991000.0,1604096000.0,7402104822.0,283100000.0,0.0,3156000.0,-494977000.0,-78205000.0,-570026000.0,-323534000.0,565081000.0,1097018000.0,79642000.0,701315000.0,701315000.0,701315000.0,-204920000.0,0.0,0.084,631369000.0,839000000.0,709378000.0,0.112,2.794,10.555,10.558,3685594000.0,0.0,40.225,0.885,0.885,702933000.0,1981020000.0,8359839000.0,8359839000.0,164227000.0,0.132,0.295,0.238,0.128,0.0,132329000.0,1.0,184017522.0,183972642,186887022.0,45.441,5414661000.0,31397000.0,308541000.0,966437000.0,29.432,424372000.0
67,MUR,MRT,2004-09-30,2004-09-30,2004-09-30,2021-08-25,91402000.0,5602154000.0,5112434500.0,1983560000.0,3618594000.0,1.462,13.533,-832585000.0,955129000.0,955129000.0,6142072000.0,625497000.0,1.738,1.25,1089628000.0,42561000.0,1047067000.0,1089628000.0,0.0,313412000.0,0.0,0.009,0.412,931391000.0,1244803000.0,0.167,1244803000.0,931391000.0,874003000.0,3.395,3.345,3.395,2490157000.0,2204542000.0,2490157000.0,8144727682.0,9.0,6.543,147048000.0,0.799,1.0,1333574000.0,0.178,41444000.0,57388000.0,4553878000.0,4578107500.0,275305000.0,0.0,0.0,0.0,3111997000.0,1141331000.0,1970666000.0,7983250682.0,718018000.0,0.0,2897000.0,-28620000.0,-75870000.0,-103054000.0,-219801000.0,582675000.0,979633000.0,61240000.0,625497000.0,625497000.0,625497000.0,-204482000.0,0.0,0.084,629313000.0,704261000.0,938561000.0,0.121,3.206,12.763,12.779,3509374000.0,0.0,43.385,1.068,1.068,666203000.0,1867249000.0,7475646000.0,7475646000.0,167023000.0,0.122,0.284,0.203,0.125,0.0,130744000.0,1.0,184009466.0,184011626,187136842.0,40.626,5560710000.0,32715000.0,248506000.0,678644000.0,30.219,842229000.0
68,MUR,MRT,2004-06-30,2004-06-30,2004-06-30,2021-08-25,50717000.0,5301362000.0,4866247000.0,1947120000.0,3354242000.0,1.324,12.776,-689412000.0,947009000.0,947009000.0,5263045000.0,575511000.0,1.818,1.255,1108486000.0,61642000.0,1046844000.0,1108486000.0,0.0,305466000.0,0.0,0.011,0.4,819900000.0,1125366000.0,0.175,1125366000.0,819900000.0,761915000.0,3.13,3.085,3.13,2350580000.0,2056315250.0,2350580000.0,7570148365.0,9.0,6.727,178890000.0,0.972,1.0,1182127000.0,0.183,39191000.0,57985000.0,4352735000.0,4589839750.0,284450000.0,0.0,0.0,0.0,2950782000.0,1070913000.0,1879869000.0,6778613365.0,726741000.0,0.0,3136000.0,59448000.0,-73540000.0,-12417000.0,-153360000.0,582675000.0,868302000.0,24216000.0,575511000.0,575511000.0,575511000.0,-203482000.0,0.0,0.089,592367000.0,589760000.0,857429000.0,0.128,2.884,11.778,11.773,3244619000.0,0.0,36.85,1.052,1.052,640344000.0,1769228000.0,6445172000.0,6445172000.0,141549000.0,0.118,0.28,0.179,0.127,0.0,127291000.0,1.0,183951516.0,183989400,186682352.0,35.03,5262171000.0,27548000.0,186404000.0,571796000.0,28.6,876207000.0
69,MUR,MRT,2004-03-31,2004-03-31,2004-03-31,2021-08-25,59658000.0,4833575000.0,4664833750.0,1112921000.0,3720654000.0,1.193,11.023,-688532000.0,297386000.0,297386000.0,4557222000.0,305324000.0,1.216,1.385,1088921000.0,66018000.0,1022903000.0,1088921000.0,0.0,281877000.0,0.0,0.013,0.4,499010000.0,780887000.0,0.14,780887000.0,499010000.0,440932000.0,1.665,1.645,1.665,2026548000.0,1936737250.0,2026548000.0,6690808743.0,13.0,8.568,57075000.0,0.31,1.0,1005614000.0,0.181,46426000.0,58078000.0,4663263000.0,4610511000.0,247314000.0,0.0,0.0,0.0,2807027000.0,915421000.0,1891606000.0,5785702743.0,80497000.0,0.0,3581000.0,131551000.0,-73505000.0,60166000.0,-747708000.0,0.0,745607000.0,22432000.0,305324000.0,305324000.0,305324000.0,-29075000.0,0.0,0.055,567635000.0,437979000.0,773239000.0,0.24,2.855,18.949,18.91,3146860000.0,0.0,31.485,1.04,1.041,509564000.0,1437755000.0,5562836000.0,5562836000.0,146388000.0,0.065,0.158,0.108,0.09,0.0,121286000.0,1.0,183760608.0,183851356,186346398.0,30.257,4787149000.0,21099000.0,135608000.0,469857000.0,26.038,197500000.0
70,MUR,MRT,2003-12-31,2003-12-31,2003-12-31,2021-08-25,65246000.0,4712647000.0,4517521000.0,1038855000.0,3673792000.0,1.143,10.62,-680250000.0,252425000.0,252425000.0,4260860000.0,294197000.0,1.282,1.416,1157531000.0,67224000.0,1090307000.0,1157531000.0,0.0,258857000.0,0.0,0.012,0.4,447743000.0,706600000.0,0.137,706600000.0,447743000.0,389992000.0,1.6,1.59,1.6,1950883000.0,1858693000.0,1950883000.0,6882644115.0,15.0,9.741,-27972000.0,-0.152,1.0,903797000.0,0.175,64873000.0,57751000.0,4742554000.0,4470200000.0,270510000.0,0.0,0.0,0.0,2761764000.0,810326000.0,1951438000.0,5999111115.0,87468000.0,0.0,3598000.0,232932000.0,-73464000.0,161533000.0,-747847000.0,0.0,652278000.0,21504000.0,294197000.0,294197000.0,294197000.0,-22780000.0,0.0,0.057,509081000.0,394716000.0,471692000.0,0.25,3.075,20.391,20.409,3530800000.0,0.0,32.655,1.162,1.161,450201000.0,1357910000.0,5164657000.0,5164657000.0,112638000.0,0.065,0.158,0.1,0.087,0.0,119538000.0,1.0,183711870.0,183692642,185485532.0,28.116,4647774000.0,20940000.0,95795000.0,625451000.0,25.302,228529000.0
71,MUR,MRT,2003-09-30,2003-09-30,2003-09-30,2021-08-25,52619000.0,4617404000.0,4310803000.0,974749000.0,3642655000.0,1.09,10.328,-717355000.0,237111000.0,237111000.0,3952221000.0,293172000.0,1.163,1.434,1120644000.0,62474000.0,1058170000.0,1120644000.0,0.0,161742000.0,0.0,0.014,0.4,425541000.0,587283000.0,0.125,587283000.0,425541000.0,368139000.0,1.6,1.58,1.6,1897250000.0,1769360500.0,1897250000.0,6224027076.0,15.0,10.598,91088000.0,0.496,1.0,747974000.0,0.159,62325000.0,57402000.0,4600807000.0,4252511750.0,279623000.0,0.0,0.0,0.0,2720154000.0,837805000.0,1882349000.0,5395633076.0,110735000.0,0.0,4522000.0,185403000.0,-73425000.0,116338000.0,-828720000.0,7182000.0,808443000.0,14674000.0,293172000.0,293172000.0,293172000.0,-42627000.0,0.0,0.062,393211000.0,354763000.0,670246000.0,0.25,2.844,18.404,18.359,3488573000.0,0.0,29.375,1.148,1.148,400859000.0,1317622000.0,4700195000.0,4700195000.0,90604000.0,0.068,0.166,0.1,0.091,0.0,110037000.0,1.0,183681126.0,183700434,185696616.0,25.586,4555079000.0,15391000.0,74967000.0,501139000.0,24.796,136944000.0
72,MUR,MRT,2003-06-30,2003-06-30,2003-06-30,2021-08-25,78589000.0,4495709000.0,4101700500.0,987385000.0,3508324000.0,1.094,10.196,-658790000.0,220268000.0,220268000.0,3810826000.0,261843000.0,1.191,1.401,1048662000.0,61569000.0,987093000.0,1048662000.0,0.0,160675000.0,0.0,0.015,0.4,382069000.0,542744000.0,0.121,542744000.0,382069000.0,325161000.0,1.43,1.415,1.43,1872268000.0,1682503250.0,1872268000.0,5565541622.0,15.0,10.254,42214000.0,0.23,1.0,676598000.0,0.151,59552000.0,56908000.0,4435420000.0,4072857750.0,327914000.0,0.0,0.0,0.0,2623441000.0,829131000.0,1794310000.0,4827994622.0,79282000.0,0.0,4455000.0,190368000.0,-73383000.0,121116000.0,-757977000.0,7182000.0,701004000.0,15139000.0,261843000.0,261843000.0,261843000.0,-41593000.0,0.0,0.058,361418000.0,315180000.0,673878000.0,0.28,2.579,18.439,18.392,3361745000.0,0.0,26.3,1.076,1.076,380522000.0,1267257000.0,4487424000.0,4487424000.0,63579000.0,0.064,0.156,0.094,0.085,0.0,103034000.0,1.0,183573940.0,183634330,185006484.0,24.437,4436157000.0,16577000.0,63318000.0,462183000.0,24.158,158254000.0
73,MUR,MRT,2003-03-31,2003-03-31,2003-03-31,2021-08-25,-16088000.0,4244324000.0,3922412250.0,967352000.0,3276972000.0,1.096,9.344,-671158000.0,216889000.0,216889000.0,3637789000.0,196086000.0,1.172,1.476,954436000.0,58939000.0,895497000.0,954436000.0,0.0,185007000.0,0.0,0.018,0.394,304234000.0,489241000.0,0.114,489241000.0,304234000.0,248311000.0,1.07,1.06,1.07,1714371000.0,1607295750.0,1714371000.0,4805316438.0,16.0,9.822,41517000.0,0.226,1.0,662088000.0,0.154,54593000.0,55923000.0,4102019000.0,3902129750.0,216215000.0,0.0,0.0,0.0,2529953000.0,825259000.0,1704694000.0,4050361438.0,125760000.0,0.0,8016000.0,229842000.0,-72194000.0,162814000.0,-759563000.0,7182000.0,712675000.0,9834000.0,196086000.0,196086000.0,196086000.0,-35274000.0,0.0,0.046,412919000.0,249169000.0,693662000.0,0.368,2.363,20.656,20.64,3131818000.0,0.0,22.085,0.942,0.942,471375000.0,1205936000.0,4299877000.0,4299877000.0,97298000.0,0.05,0.122,0.078,0.071,0.0,98974000.0,1.0,183398752.0,183476758,184699332.0,23.436,4189731000.0,17609000.0,52225000.0,411552000.0,22.835,142093000.0
74,MUR,MRT,2002-12-31,2002-12-31,2002-12-31,2021-08-25,-66790000.0,3885775000.0,3720853250.0,854160000.0,3031615000.0,1.02,8.713,-697800000.0,164957000.0,164957000.0,3202883000.0,111508000.0,1.19,1.438,919912000.0,57104000.0,862808000.0,919912000.0,0.0,197537000.0,0.0,0.018,0.388,197299000.0,394836000.0,0.104,394836000.0,197299000.0,145795000.0,0.61,0.605,0.61,1593553000.0,1554900000.0,1593553000.0,4731605651.0,24.0,11.984,-164956000.0,-0.902,1.0,594034000.0,0.156,51037000.0,51504000.0,3871801000.0,3735927750.0,201344000.0,0.0,0.0,0.0,2292222000.0,717892000.0,1574330000.0,3926812651.0,82305000.0,0.0,25131000.0,349815000.0,-70898000.0,301270000.0,-761446000.0,7182000.0,532844000.0,9637000.0,111508000.0,111508000.0,111508000.0,-24229000.0,0.0,0.029,445500000.0,148534000.0,447740000.0,0.636,2.464,35.216,35.123,2886599000.0,0.0,21.425,1.034,1.032,408782000.0,1137177000.0,3796917000.0,3796917000.0,123920000.0,0.03,0.072,0.053,0.052,0.0,92403000.0,1.0,183281804.0,182901672,184269934.0,20.759,3834738000.0,19115000.0,34287000.0,487100000.0,20.966,136268000.0
75,MUR,MRT,2002-09-30,2002-09-30,2002-09-30,2021-08-25,-66967000.0,3780994000.0,3564184250.0,845639000.0,2935355000.0,0.873,8.456,-768608000.0,126376000.0,126376000.0,2427441000.0,82641000.0,1.295,1.44,931169000.0,56160000.0,875009000.0,931169000.0,0.0,276552000.0,0.0,0.019,0.381,168803000.0,445355000.0,0.143,445355000.0,168803000.0,121686000.0,0.452,0.452,0.452,1549821000.0,1531052500.0,1549821000.0,4474880290.0,27.0,10.048,-392151000.0,-2.14,1.0,684488000.0,0.22,50564000.0,47117000.0,3882191000.0,3551730750.0,274121000.0,0.0,0.0,0.0,2231173000.0,653032000.0,1578141000.0,3760124290.0,-34878000.0,0.0,27433000.0,403955000.0,-69559000.0,358091000.0,-773597000.0,0.0,376457000.0,4171000.0,82641000.0,82641000.0,82641000.0,-4604000.0,0.0,0.027,544184000.0,140304000.0,548957000.0,0.843,2.426,45.5,45.393,2793685000.0,0.0,20.517,1.208,1.208,351677000.0,1097875000.0,3111929000.0,3111929000.0,153235000.0,0.023,0.054,0.048,0.054,0.0,94765000.0,1.0,183264252.0,183277420,184294944.0,16.979,3730430000.0,19169000.0,39045000.0,363795000.0,20.354,192607000.0
76,MUR,MRT,2002-06-30,2002-06-30,2002-06-30,2021-08-25,-25649000.0,3778556000.0,3448502500.0,879005000.0,2899551000.0,0.921,8.581,-789761000.0,140986000.0,140986000.0,2454645000.0,86962000.0,1.278,1.405,855742000.0,50441000.0,805301000.0,855742000.0,0.0,268843000.0,0.0,0.018,0.375,189710000.0,458553000.0,0.144,458553000.0,189710000.0,147038000.0,0.477,0.475,0.477,1571438000.0,1517220000.0,1571438000.0,4402932372.0,23.0,9.602,-335004000.0,-1.829,1.0,722009000.0,0.227,52908000.0,42672000.0,3752508000.0,3323384000.0,257450000.0,0.0,0.0,0.0,2207118000.0,687896000.0,1519222000.0,3772201372.0,-64981000.0,0.0,27555000.0,311926000.0,-68224000.0,267681000.0,-794525000.0,0.0,454757000.0,7106000.0,86962000.0,86962000.0,86962000.0,-3688000.0,0.0,0.027,557775000.0,164234000.0,584799000.0,0.786,2.4,43.378,43.239,2754150000.0,0.0,20.625,1.187,1.189,383660000.0,1078797000.0,3176654000.0,3176654000.0,181157000.0,0.025,0.057,0.057,0.06,0.0,97297000.0,1.0,182894612.0,183136292,184533728.0,17.346,3725648000.0,20466000.0,60076000.0,382088000.0,20.344,191109000.0
77,MUR,MRT,2002-03-31,2002-03-31,2002-03-31,2021-08-25,-88681000.0,3438088000.0,3337328250.0,693833000.0,2744255000.0,1.031,8.266,-636533000.0,91129000.0,91129000.0,2558757000.0,235601000.0,1.194,1.285,721860000.0,49003000.0,672857000.0,721860000.0,0.0,244427000.0,0.0,0.016,0.375,391589000.0,636016000.0,0.185,636016000.0,391589000.0,352502000.0,1.302,1.29,1.302,1504788000.0,1497360000.0,1504788000.0,4840912568.0,12.0,7.611,-201566000.0,-1.107,1.0,882434000.0,0.256,50291000.0,39087000.0,3437211000.0,3119896500.0,202493000.0,0.0,0.0,0.0,1933300000.0,581317000.0,1351983000.0,4354529568.0,-74170000.0,0.0,35427000.0,166549000.0,-67987000.0,130939000.0,-641591000.0,0.0,434967000.0,1515000.0,235601000.0,235601000.0,235601000.0,-2676000.0,0.0,0.068,515035000.0,367399000.0,487544000.0,0.288,2.894,18.483,18.433,2606733000.0,0.0,24.0,1.265,1.27,323952000.0,1082045000.0,3441191000.0,3441191000.0,160979000.0,0.071,0.157,0.126,0.114,0.0,99151000.0,1.0,181438732.0,182035812,183612184.0,18.904,3387797000.0,20170000.0,116901000.0,344919000.0,18.611,112516000.0
78,MUR,MRT,2001-12-31,2001-12-31,2001-12-31,2021-08-25,-83309000.0,3259099000.0,3260337500.0,598661000.0,2660438000.0,1.186,8.282,-637180000.0,82652000.0,82652000.0,2849886000.0,330903000.0,1.069,1.175,569035000.0,48250000.0,520785000.0,569035000.0,0.0,229741000.0,0.0,0.018,0.375,543865000.0,773606000.0,0.2,773606000.0,543865000.0,504576000.0,1.83,1.815,1.83,1498163000.0,1446144000.0,1498163000.0,4176528850.0,8.0,5.399,-1476000.0,-0.008,1.0,1016082000.0,0.263,50412000.0,39289000.0,3135013000.0,2953829500.0,173148000.0,0.0,0.0,0.0,1760936000.0,560057000.0,1200879000.0,3807806850.0,-50049000.0,0.0,18864000.0,10528000.0,-67826000.0,-41484000.0,-641938000.0,0.0,635704000.0,-2331000.0,330903000.0,330903000.0,330903000.0,-2473000.0,0.0,0.086,494973000.0,521109000.0,325323000.0,0.205,2.542,11.507,11.481,2525807000.0,0.0,21.01,0.985,0.983,262022000.0,1096567000.0,3865968000.0,3865968000.0,156919000.0,0.101,0.229,0.184,0.141,0.0,97835000.0,1.0,181237832.0,180885888,182363996.0,21.372,3208687000.0,19777000.0,173673000.0,438090000.0,17.739,38604000.0
79,MUR,MRT,2001-09-30,2001-09-30,2001-09-30,2021-08-25,-73342000.0,3318267000.0,3229151000.0,778057000.0,2540210000.0,1.207,8.247,-560631000.0,161254000.0,161254000.0,2783188000.0,395396000.0,1.153,1.22,529976000.0,47868000.0,482108000.0,529976000.0,0.0,229317000.0,0.0,0.021,0.375,645735000.0,875052000.0,0.224,875052000.0,645735000.0,607230000.0,2.192,2.172,2.192,1494491000.0,1386493250.0,1494491000.0,3617072587.0,6.0,4.134,174045000.0,0.96,1.0,1115118000.0,0.286,43632000.0,38505000.0,2968804000.0,2862583750.0,201872000.0,0.0,0.0,0.0,1823776000.0,674553000.0,1149223000.0,3277953587.0,5993000.0,-127476000.0,18014000.0,18943000.0,-67725000.0,-40662000.0,-688001000.0,0.0,734676000.0,-20000.0,395396000.0,395396000.0,395396000.0,-7035000.0,0.0,0.101,492937000.0,622181000.0,554557000.0,0.171,2.193,8.29,8.253,2412164000.0,0.0,18.09,0.841,0.841,342183000.0,1084793000.0,3898306000.0,3898306000.0,161103000.0,0.122,0.285,0.226,0.166,0.0,95598000.0,1.0,181202520.0,181226696,182732408.0,21.511,3274635000.0,20735000.0,211834000.0,352031000.0,18.069,103504000.0
80,MUR,MRT,2001-06-30,2001-06-30,2001-06-30,2021-08-25,-50093000.0,3333859000.0,3087934250.0,864288000.0,2469571000.0,1.305,8.251,-493933000.0,205967000.0,205967000.0,2867045000.0,443777000.0,1.256,1.234,545086000.0,41911000.0,503175000.0,545086000.0,0.0,221834000.0,0.0,0.02,0.375,706376000.0,928210000.0,0.23,928210000.0,706376000.0,670566000.0,2.462,2.442,2.462,1491998000.0,1309470250.0,1491998000.0,3711176518.0,5.0,3.998,274280000.0,1.517,1.0,1163635000.0,0.289,46291000.0,35810000.0,2938558000.0,2707132000.0,203861000.0,0.0,0.0,0.0,1841861000.0,688129000.0,1153732000.0,3317554518.0,103455000.0,-127476000.0,17780000.0,23502000.0,-67620000.0,-36232000.0,-621209000.0,0.0,768213000.0,-7317000.0,443777000.0,443777000.0,443777000.0,-7035000.0,0.0,0.11,479073000.0,684562000.0,560805000.0,0.152,2.224,7.476,7.474,2333173000.0,0.0,18.4,0.823,0.825,403361000.0,1060058000.0,4030680000.0,4030680000.0,136461000.0,0.144,0.339,0.261,0.175,0.0,92862000.0,1.0,180301876.0,180826416,182577828.0,22.29,3287568000.0,21708000.0,226789000.0,357037000.0,18.181,176159000.0
81,MUR,MRT,2001-03-31,2001-03-31,2001-03-31,2021-08-25,-80886000.0,3130125000.0,2920705000.0,772621000.0,2357504000.0,1.31,7.213,-545828000.0,165299000.0,165299000.0,2829010000.0,354254000.0,1.095,1.408,558921000.0,44615000.0,514306000.0,558921000.0,0.0,210354000.0,0.0,0.022,0.369,576407000.0,786761000.0,0.206,786761000.0,576407000.0,543520000.0,1.968,1.955,1.968,1299924000.0,1219367500.0,1299924000.0,3428553828.0,6.0,4.358,275096000.0,1.526,1.0,998047000.0,0.261,45256000.0,32887000.0,2772943000.0,2560500250.0,184985000.0,0.0,0.0,0.0,1830201000.0,705548000.0,1124653000.0,2999253828.0,111053000.0,-127476000.0,5264000.0,41754000.0,-66436000.0,-27475000.0,-672995000.0,0.0,820924000.0,-9401000.0,354254000.0,354254000.0,354254000.0,-7035000.0,0.0,0.093,442662000.0,555385000.0,575699000.0,0.188,2.307,8.466,8.458,2221386000.0,0.0,16.645,0.784,0.784,374363000.0,914430000.0,3827057000.0,3827057000.0,115732000.0,0.121,0.291,0.225,0.151,0.0,88660000.0,1.0,180189476.0,180225228,181259924.0,21.235,3084869000.0,21871000.0,189266000.0,324721000.0,17.117,67073000.0
82,MUR,MRT,2000-12-31,2000-12-31,2000-12-31,2021-08-25,-38266000.0,3134353000.0,2768238750.0,816937000.0,2317416000.0,1.321,6.993,-491626000.0,132701000.0,132701000.0,2737413000.0,296828000.0,1.096,1.488,562001000.0,37242000.0,524759000.0,562001000.0,0.0,210906000.0,0.0,0.024,0.363,482749000.0,693655000.0,0.19,693655000.0,482749000.0,452813000.0,1.65,1.64,1.65,1259560000.0,1165718250.0,1259560000.0,2954548864.0,6.0,4.259,256125000.0,1.422,1.0,920773000.0,0.252,48396000.0,29936000.0,2770030000.0,2448201750.0,164755000.0,0.0,0.0,0.0,1874793000.0,745227000.0,1129566000.0,2723003864.0,98569000.0,-127476000.0,3769000.0,44539000.0,-65294000.0,-24880000.0,-618711000.0,0.0,747751000.0,-5591000.0,296828000.0,296828000.0,296828000.0,-7035000.0,0.0,0.081,449925000.0,470848000.0,528416000.0,0.22,2.162,9.174,9.158,2184719000.0,0.0,15.11,0.744,0.744,469616000.0,833490000.0,3658186000.0,3658186000.0,125629000.0,0.107,0.255,0.197,0.132,0.0,85474000.0,1.0,180212036.0,180126660,180958824.0,20.309,3085957000.0,25916000.0,155985000.0,363573000.0,17.132,71710000.0
83,MUR,MRT,2000-09-30,2000-09-30,2000-09-30,2021-08-25,-48872000.0,2753400000.0,2596027500.0,823638000.0,1929762000.0,1.823,6.585,-426400000.0,155261000.0,155261000.0,3883154000.0,263039000.0,1.291,1.321,386806000.0,68000.0,386738000.0,386806000.0,0.0,210318000.0,0.0,0.022,0.356,426854000.0,637172000.0,0.135,637172000.0,426854000.0,399192000.0,1.46,1.455,1.46,1186399000.0,1115121250.0,1186399000.0,3213313054.0,8.0,5.043,221598000.0,1.23,1.0,849554000.0,0.18,0.0,27662000.0,2346997000.0,2334938250.0,203931000.0,0.0,0.0,0.0,1567001000.0,637948000.0,929053000.0,2918468054.0,111285000.0,0.0,2943000.0,-40440000.0,-64143000.0,-103764000.0,-425951000.0,0.0,647998000.0,-6998000.0,263039000.0,263039000.0,263039000.0,0.0,0.0,0.056,426988000.0,422566000.0,552435000.0,0.244,2.46,11.095,11.098,1862420000.0,0.0,16.203,0.617,0.617,405713000.0,770751000.0,4732708000.0,4732708000.0,104703000.0,0.101,0.236,0.183,0.09,0.0,90970000.0,1.0,180124552.0,180172244,181222392.0,26.268,2753400000.0,25227000.0,136153000.0,261395000.0,15.282,185690000.0
84,MUR,MRT,2000-06-30,2000-06-30,2000-06-30,2021-08-25,-33201000.0,2664942000.0,2498358500.0,759685000.0,1905257000.0,1.649,6.284,-366277000.0,102512000.0,102512000.0,3349693000.0,224140000.0,1.25,1.355,397357000.0,69000.0,397288000.0,397357000.0,0.0,211170000.0,0.0,0.024,0.35,375110000.0,586280000.0,0.142,586280000.0,375110000.0,346716000.0,1.245,1.242,1.245,1131587000.0,1070449500.0,1131587000.0,3016020667.0,8.0,5.144,215571000.0,1.197,1.0,769261000.0,0.187,0.0,28394000.0,2352031000.0,2321244750.0,208850000.0,0.0,0.0,0.0,1533355000.0,607756000.0,925599000.0,2677326667.0,57617000.0,0.0,2591000.0,-90072000.0,-62990000.0,-152402000.0,-368448000.0,0.0,581848000.0,-3381000.0,224140000.0,224140000.0,224140000.0,0.0,0.0,0.054,397442000.0,371819000.0,529048000.0,0.281,2.366,11.945,11.944,1838758000.0,0.0,14.87,0.65,0.65,390141000.0,702052000.0,4118954000.0,4118954000.0,99242000.0,0.09,0.209,0.162,0.091,0.0,87030000.0,1.0,180048868.0,180087552,181023744.0,22.872,2664942000.0,23079000.0,122576000.0,245784000.0,14.798,151929000.0
85,MUR,MRT,2000-03-31,2000-03-31,2000-03-31,2021-08-25,-9630000.0,2520260000.0,2408950750.0,642189000.0,1878071000.0,1.442,6.028,-348567000.0,54246000.0,54246000.0,2800300000.0,166815000.0,1.2,1.322,392940000.0,71000.0,392869000.0,392940000.0,0.0,214054000.0,0.0,0.024,0.35,284293000.0,498347000.0,0.144,498347000.0,284293000.0,254977000.0,0.928,0.928,0.928,1085327000.0,1027029000.0,1085327000.0,2952803745.0,10.0,5.925,162850000.0,0.905,1.0,672389000.0,0.194,0.0,29316000.0,2323749000.0,2319217500.0,178285000.0,0.0,0.0,0.0,1434933000.0,535205000.0,899728000.0,2593700745.0,38734000.0,0.0,2269000.0,-54939000.0,-62970000.0,-119714000.0,-351516000.0,0.0,511417000.0,-1453000.0,166815000.0,166815000.0,166815000.0,0.0,0.0,0.048,389281000.0,283108000.0,491958000.0,0.377,2.39,15.548,15.523,1810447000.0,0.0,14.405,0.747,0.747,352100000.0,633635000.0,3472689000.0,3472689000.0,92076000.0,0.069,0.162,0.123,0.082,0.0,83151000.0,1.0,180055588.0,180036356,180637060.0,19.289,2520260000.0,22054000.0,88162000.0,199874000.0,13.999,106984000.0
86,MUR,MRT,1999-12-31,1999-12-31,1999-12-31,2021-08-25,-4984000.0,2445508000.0,2334256750.0,593112000.0,1852396000.0,1.181,5.877,-318567000.0,34132000.0,34132000.0,2198701000.0,119707000.0,1.216,1.313,393235000.0,71000.0,393164000.0,393235000.0,0.0,205077000.0,0.0,0.024,0.35,206641000.0,411718000.0,0.149,411718000.0,206641000.0,178502000.0,0.665,0.665,0.665,1057172000.0,994204750.0,1057172000.0,2963885866.0,14.0,7.199,23144000.0,0.129,1.0,557740000.0,0.202,0.0,28139000.0,2316976000.0,2310375000.0,151643000.0,0.0,0.0,0.0,1388336000.0,487635000.0,900701000.0,2580615866.0,5861000.0,0.0,2269000.0,51850000.0,-62950000.0,-12842000.0,-322099000.0,0.0,341711000.0,-909000.0,119707000.0,119707000.0,119707000.0,0.0,0.0,0.043,358964000.0,198776000.0,334420000.0,0.526,2.441,21.558,21.571,1782741000.0,0.0,14.345,0.936,0.936,357472000.0,601956000.0,2756441000.0,2756441000.0,70557000.0,0.051,0.12,0.089,0.075,0.0,81817000.0,1.0,179896540.0,179881828,180120900.0,15.324,2445508000.0,21720000.0,58795000.0,192404000.0,13.595,105477000.0
87,MUR,MRT,1999-09-30,1999-09-30,1999-09-30,2021-08-25,-8756000.0,2362724000.0,2263984500.0,546548000.0,1816176000.0,1.066,5.602,-315252000.0,43976000.0,43976000.0,1951396000.0,-916000.0,1.204,1.345,427246000.0,71000.0,427175000.0,427246000.0,0.0,203687000.0,0.0,0.026,0.35,38285000.0,241972000.0,0.1,241972000.0,38285000.0,12186000.0,-0.005,-0.005,-0.005,1007712000.0,974470000.0,1007712000.0,2873406718.0,75.0,11.875,-65821000.0,-0.366,1.0,461323000.0,0.191,0.0,26099000.0,2292223000.0,2255326750.0,139563000.0,0.0,0.0,0.0,1355012000.0,453771000.0,901241000.0,2430872718.0,15097000.0,0.0,0.0,151796000.0,-62941000.0,87000000.0,-320804000.0,0.0,249431000.0,-530000.0,-916000.0,-916000.0,-916000.0,0.0,0.0,0.0,428890000.0,32433000.0,421711000.0,-70.0,2.412,-2653.791,-2703.0,1748088000.0,0.0,13.515,1.008,1.008,317306000.0,558226000.0,2412719000.0,2412719000.0,71526000.0,0.0,-0.001,0.017,0.016,0.0,64782000.0,1.0,179864796.0,179885240,180240508.0,13.413,2362724000.0,17931000.0,13102000.0,176261000.0,13.135,92777000.0
88,MUR,MRT,1999-06-30,1999-06-30,1999-06-30,2021-08-25,-22413000.0,2307311000.0,2238461000.0,520404000.0,1786907000.0,0.988,5.326,-346935000.0,44895000.0,44895000.0,1828929000.0,-43112000.0,1.282,1.409,487429000.0,67000.0,487362000.0,487429000.0,0.0,202360000.0,0.0,0.029,0.35,-29503000.0,172857000.0,0.078,172857000.0,-29503000.0,-52940000.0,-0.24,-0.24,-0.24,957905000.0,988322750.0,957905000.0,2626804368.0,-89.0,15.196,-119704000.0,-0.666,1.0,383554000.0,0.173,0.0,23437000.0,2343922000.0,2200212500.0,158132000.0,0.0,0.0,0.0,1349406000.0,405923000.0,943483000.0,2194437368.0,22259000.0,0.0,0.0,211391000.0,-62940000.0,146577000.0,-350068000.0,0.0,227231000.0,-1481000.0,-43112000.0,-43112000.0,-43112000.0,0.0,0.0,-0.019,418057000.0,-34503000.0,378346000.0,-1.458,2.291,-50.901,-50.844,1721010000.0,0.0,12.203,0.992,0.992,264676000.0,522752000.0,2212483000.0,2212483000.0,65655000.0,-0.019,-0.044,-0.013,-0.013,0.0,61147000.0,1.0,179835064.0,179854724,180140860.0,12.302,2307311000.0,14172000.0,-9828000.0,169828000.0,12.829,114481000.0
89,MUR,MRT,1999-03-31,1999-03-31,1999-03-31,2021-08-25,-25748000.0,2221484000.0,2220438750.0,474599000.0,1746885000.0,0.996,5.305,-348067000.0,15512000.0,15512000.0,1817919000.0,-36633000.0,1.299,1.329,447879000.0,4000.0,447875000.0,447879000.0,0.0,199486000.0,0.0,0.034,0.35,-24450000.0,175036000.0,0.079,175036000.0,-24450000.0,-44280000.0,-0.205,-0.205,-0.205,954030000.0,1018513500.0,954030000.0,2178623743.0,-89.0,12.447,-123374000.0,-0.686,1.0,392718000.0,0.178,0.0,19830000.0,2288379000.0,2136278500.0,169195000.0,0.0,0.0,0.0,1267454000.0,365472000.0,901982000.0,1865509743.0,-800000.0,0.0,-184000.0,186301000.0,-62940000.0,123955000.0,-348131000.0,0.0,224693000.0,-1317000.0,-36633000.0,-36633000.0,-36633000.0,0.0,0.0,-0.017,423369000.0,-30651000.0,341557000.0,-1.707,1.955,-50.924,-50.61,1684130000.0,0.0,10.375,0.844,0.844,243584000.0,522767000.0,2210637000.0,2210637000.0,73867000.0,-0.016,-0.036,-0.011,-0.011,0.0,61121000.0,1.0,179808168.0,179820052,179820052.0,12.294,2221484000.0,14461000.0,-7647000.0,158757000.0,12.354,109127000.0
90,MUR,MRT,1998-12-31,1998-12-31,1998-12-31,2021-08-25,-23520000.0,2164419000.0,2224967750.0,437366000.0,1727053000.0,1.055,5.44,-355712000.0,28271000.0,28271000.0,1927325000.0,-14394000.0,1.149,1.213,341385000.0,7912000.0,333473000.0,341385000.0,0.0,203163000.0,0.0,0.034,0.35,9813000.0,212976000.0,0.091,212976000.0,9813000.0,-8277000.0,-0.08,-0.08,-0.08,978233000.0,1051518250.0,978233000.0,2101412972.0,214.0,9.867,-58245000.0,-0.324,1.0,419697000.0,0.179,0.0,18090000.0,2096783000.0,2081955000.0,129777000.0,0.0,0.0,0.0,1186186000.0,380750000.0,805436000.0,1854841972.0,3983000.0,0.0,0.0,127130000.0,-62939000.0,64743000.0,-357479000.0,0.0,297467000.0,-748000.0,-14394000.0,-14394000.0,-14394000.0,0.0,0.0,-0.006,417490000.0,2207000.0,248967000.0,-4.375,1.896,-128.862,-128.906,1662362000.0,0.0,10.312,0.79,0.79,233906000.0,545199000.0,2347022000.0,2347022000.0,65582000.0,-0.006,-0.014,0.005,0.004,0.0,61363000.0,1.0,179863464.0,179822716,179822716.0,13.052,2164419000.0,13120000.0,6117000.0,147494000.0,12.036,56616000.0
91,MUR,MRT,1998-09-30,1998-09-30,1998-09-30,2021-08-25,-16227000.0,2260630000.0,2243442750.0,469684000.0,1790946000.0,0.842,5.911,-394378000.0,28879000.0,28879000.0,1387926000.0,78664000.0,1.079,1.126,275450000.0,7381000.0,268069000.0,275450000.0,0.0,202103000.0,0.0,0.036,0.35,144596000.0,346699000.0,0.184,346699000.0,144596000.0,128225000.0,0.438,0.438,0.438,1063123000.0,1076797750.0,1063123000.0,1995641796.0,14.0,5.756,-25738000.0,-0.143,1.0,500102000.0,0.265,0.0,16371000.0,2071766000.0,2047476000.0,147555000.0,0.0,0.0,0.0,1197507000.0,435435000.0,762072000.0,1742239796.0,-40692000.0,0.0,0.0,46363000.0,-62913000.0,-15838000.0,-394102000.0,0.0,368640000.0,608000.0,78664000.0,78664000.0,78664000.0,0.0,0.0,0.042,365138000.0,134964000.0,406624000.0,0.799,1.639,22.148,22.118,1726900000.0,0.0,9.688,0.923,0.923,242947000.0,622083000.0,1888028000.0,1888028000.0,72811000.0,0.035,0.073,0.071,0.077,0.0,67268000.0,1.0,179844108.0,179858628,179950324.0,10.497,2260630000.0,13167000.0,49561000.0,166401000.0,12.569,34249000.0
92,MUR,MRT,1998-06-30,1998-06-30,1998-06-30,2021-08-25,-7058000.0,2235222000.0,,468420000.0,1766802000.0,,5.998,-394505000.0,22636000.0,22636000.0,1441230000.0,111974000.0,1.17,1.072,276038000.0,7703000.0,268335000.0,276038000.0,0.0,207754000.0,0.0,0.028,0.35,191847000.0,399601000.0,0.199,399601000.0,191847000.0,177104000.0,0.622,0.622,0.622,1078668000.0,,1078668000.0,2524122035.0,13.0,6.317,25172000.0,0.14,1.0,569793000.0,0.283,0.0,14743000.0,2088186000.0,,139639000.0,0.0,0.0,0.0,1156554000.0,400438000.0,756116000.0,2278856035.0,-6601000.0,0.0,0.0,30825000.0,-62882000.0,-31519000.0,-394085000.0,0.0,419677000.0,-674000.0,111974000.0,111974000.0,111974000.0,0.0,0.0,0.056,389329000.0,180464000.0,369153000.0,0.563,2.113,20.352,20.374,1704003000.0,0.0,12.672,1.133,1.133,248082000.0,628804000.0,2011023000.0,2011023000.0,82978000.0,,,,0.095,0.0,70541000.0,1.0,179826872.0,179838816,180137512.0,11.182,2235222000.0,13365000.0,65130000.0,166606000.0,12.429,67982000.0
93,MUR,MRT,1998-03-31,1998-03-31,1998-03-31,2021-08-25,7270000.0,2239600000.0,,474305000.0,1765295000.0,,6.042,-412317000.0,16312000.0,16312000.0,1493452000.0,117331000.0,1.146,1.062,261578000.0,7965000.0,253613000.0,261578000.0,0.0,210966000.0,0.0,0.027,0.344,196691000.0,407657000.0,0.197,407657000.0,196691000.0,183012000.0,0.655,0.652,0.655,1086049000.0,,1086049000.0,2443647273.0,12.0,5.994,-49067000.0,-0.273,1.0,576650000.0,0.279,0.0,13679000.0,2071085000.0,,151261000.0,0.0,0.0,0.0,1153551000.0,413781000.0,739770000.0,2253680273.0,-65052000.0,0.0,184000.0,46970000.0,-61726000.0,-14380000.0,-413759000.0,0.0,363250000.0,-163000.0,117331000.0,117331000.0,117331000.0,0.0,0.0,0.057,391709000.0,184941000.0,380738000.0,0.525,2.075,19.208,19.134,1699919000.0,0.0,12.533,1.089,1.088,245791000.0,622340000.0,2070102000.0,2070102000.0,84296000.0,,,,0.095,0.0,68391000.0,1.0,179826872.0,179760512,180065580.0,11.516,2239600000.0,13916000.0,65681000.0,166973000.0,12.459,60524000.0
94,MUR,MRT,1997-12-31,1997-12-31,1997-12-31,2021-08-25,891000.0,2238319000.0,2241052500.0,517752000.0,1720567000.0,0.954,6.012,-424255000.0,24288000.0,24288000.0,1527301000.0,132406000.0,1.103,1.074,214255000.0,8402000.0,205853000.0,214255000.0,0.0,209419000.0,0.0,0.139,1.886,224367000.0,433786000.0,0.203,433786000.0,224367000.0,211650000.0,0.738,0.735,0.738,1079351000.0,1053414500.0,1079351000.0,,,,-22412000.0,-0.125,1.0,610466000.0,0.286,0.0,12717000.0,1958867000.0,1877184000.0,158416000.0,0.0,0.0,0.0,1158968000.0,469419000.0,689549000.0,2436204548.0,-85419000.0,0.0,0.0,-1208000.0,-60573000.0,-61589000.0,-423582000.0,0.0,401843000.0,-2091000.0,132406000.0,132406000.0,132406000.0,0.0,0.0,0.062,398195000.0,212271000.0,329094000.0,2.556,2.257,18.4,18.357,1655838000.0,0.0,13.547,1.14,1.138,272447000.0,622532000.0,2137767000.0,2137767000.0,94792000.0,0.059,0.126,0.12,0.105,0.0,65928000.0,1.0,179826872.0,179524900,179843628.0,11.908,2238319000.0,15278000.0,79244000.0,162017000.0,12.468,48333000.0
95,MUR,MRT,1997-09-30,1997-09-30,1997-09-30,2021-08-25,,,,,,,,,,,,,,,,,,,,,,0.132,1.879,,,,,,,,,,,,,,,,,,1.0,,,,,,,,,,,,,,,,,,,,,,,,,,,,,,,,,,,,,,,,14.283,,,,,,,,,,,,,,1.0,,179530996,,,,,,,,
96,MUR,MRT,1997-06-30,1997-06-30,1997-06-30,2021-08-25,,,,,,,,,,,,,,,,,,,,,,0.154,1.873,,,,,,,,,,,,,,,,,,1.0,,,,,,,,,,,,,,,,,,,,,,,,,,,,,,,,,,,,,,,,12.188,,,,,,,,,,,,,,1.0,,179506216,,,,,,,,
97,MUR,MRT,1997-03-31,1997-03-31,1997-03-31,2021-08-25,,,,,,,,,,,,,,,,,,,,,,0.159,1.873,,,,,,,,,,,,,,,,,,1.0,,,,,,,,,,,,,,,,,,,,,,,,,,,,,,,,,,,,,,,,11.75,,,,,,,,,,,,,,1.0,,179495424,,,,,,,,
98,MUR,MRT,1996-12-31,1996-12-31,1996-12-31,2021-08-25,22573000.0,2243786000.0,,610169000.0,1633617000.0,,5.726,-362520000.0,109707000.0,109707000.0,1483914000.0,137855000.0,1.101,1.184,215463000.0,13635000.0,201828000.0,215463000.0,0.0,182381000.0,0.0,0.023,0.325,241374000.0,423755000.0,0.21,423755000.0,241374000.0,228254000.0,0.767,0.767,0.767,1027478000.0,,1027478000.0,,,,128118000.0,0.714,1.0,538262000.0,0.266,0.0,13120000.0,1795501000.0,,131355000.0,0.0,0.0,0.0,1216308000.0,554041000.0,662267000.0,,65256000.0,0.0,0.0,11685000.0,-58294000.0,-46609000.0,-381050000.0,0.0,490638000.0,2277000.0,137855000.0,137855000.0,137855000.0,-11899000.0,0.0,0.068,318989000.0,219273000.0,406583000.0,0.424,,,18.129,1556830000.0,0.0,13.905,,1.234,319661000.0,550699000.0,2022176000.0,2022176000.0,70206000.0,,,,0.119,0.0,66402000.0,1.0,,179432460,179618544.0,11.27,2243786000.0,19626000.0,90399000.0,164712000.0,12.505,56128000.0
99,MUR,MRT,1995-12-31,1995-12-31,1995-12-31,2021-08-25,,,,,,,,-278870000.0,,,1218083000.0,-118612000.0,,,,,,,,221871000.0,,0.031,0.325,-124993000.0,96878000.0,0.059,96878000.0,-124993000.0,-139421000.0,-0.662,-0.662,-0.662,,,,,,,44069000.0,0.246,1.0,413697000.0,0.254,,14428000.0,,,,,,,,,,,-8860000.0,0.0,0.0,23881000.0,-58257000.0,-34376000.0,-297624000.0,0.0,322939000.0,201000.0,-118612000.0,-118612000.0,-118612000.0,-9307000.0,0.0,-0.073,557012000.0,-143315000.0,,-0.491,,,-15.672,,0.0,10.375,,1.14,,,1631780000.0,1631780000.0,65755000.0,,,,-0.077,0.0,63788000.0,1.0,,179329852,179329852.0,9.099,,,-20809000.0,,,
