None,ticker,dimension,calendardate,datekey,reportperiod,lastupdated,accoci,assets,assetsavg,assetsc,assetsnc,assetturnover,bvps,capex,cashneq,cashnequsd,cor,consolinc,currentratio,de,debt,debtc,debtnc,debtusd,deferredrev,depamor,deposits,divyield,dps,ebit,ebitda,ebitdamargin,ebitdausd,ebitusd,ebt,eps,epsdil,epsusd,equity,equityavg,equityusd,ev,evebit,evebitda,fcf,fcfps,fxusd,gp,grossmargin,intangibles,intexp,invcap,invcapavg,inventory,investments,investmentsc,investmentsnc,liabilities,liabilitiesc,liabilitiesnc,marketcap,ncf,ncfbus,ncfcommon,ncfdebt,ncfdiv,ncff,ncfi,ncfinv,ncfo,ncfx,netinc,netinccmn,netinccmnusd,netincdis,netincnci,netmargin,opex,opinc,payables,payoutratio,pb,pe,pe1,ppnenet,prefdivis,price,ps,ps1,receivables,retearn,revenue,revenueusd,rnd,roa,roe,roic,ros,sbcomp,sgna,sharefactor,sharesbas,shareswa,shareswadil,sps,tangibles,taxassets,taxexp,taxliabilities,tbvps,workingcapital
0,GILD,MRY,2020-12-31,2020-12-31,2020-12-31,2021-08-05,-60000000.0,68407000000.0,61240000000.0,15996000000.0,52411000000.0,0.403,14.481,-650000000.0,5997000000.0,5997000000.0,4572000000.0,89000000.0,1.404,2.757,31402000000.0,2757000000.0,28645000000.0,31402000000.0,0.0,1480000000.0,0.0,0.047,2.72,2687000000.0,4167000000.0,0.169,4167000000.0,2687000000.0,1703000000.0,0.1,0.1,0.1,18202000000.0,18935250000.0,18202000000.0,89434549961.0,33.0,21.463,7518000000.0,5.981,1.0,20117000000.0,0.815,41234000000.0,984000000.0,41181000000.0,46142750000.0,1683000000.0,1913000000.0,1411000000.0,502000000.0,50186000000.0,11397000000.0,38789000000.0,73030549961.0,-5634000000.0,-25742000000.0,-1327000000.0,5684000000.0,-3449000000.0,770000000.0,-14615000000.0,11948000000.0,8168000000.0,43000000.0,123000000.0,123000000.0,123000000.0,0.0,-34000000.0,0.005,16046000000.0,4071000000.0,844000000.0,27.2,4.012,593.744,582.6,4967000000.0,0.0,58.26,2.958,2.966,4892000000.0,14381000000.0,24689000000.0,24689000000.0,5039000000.0,0.002,0.006,0.058,0.109,643000000.0,5151000000.0,1.0,1253528149.0,1257000000,1263000000.0,19.641,27173000000.0,0.0,1580000000.0,5016000000.0,21.617,4599000000.0
1,GILD,MRY,2019-12-31,2019-12-31,2019-12-31,2021-08-05,85000000.0,61627000000.0,61705000000.0,30296000000.0,31331000000.0,0.364,17.736,-825000000.0,11631000000.0,11631000000.0,4675000000.0,5364000000.0,3.104,1.73,24593000000.0,2499000000.0,22094000000.0,24593000000.0,0.0,1404000000.0,0.0,0.039,2.52,6177000000.0,7581000000.0,0.338,7581000000.0,6177000000.0,5182000000.0,4.24,4.22,4.24,22525000000.0,21924000000.0,22525000000.0,97323161868.0,16.0,12.838,8319000000.0,6.55,1.0,17774000000.0,0.792,17903000000.0,995000000.0,46927000000.0,46499500000.0,922000000.0,14209000000.0,12721000000.0,1488000000.0,38977000000.0,9759000000.0,29218000000.0,82209161868.0,-6309000000.0,-4251000000.0,-1540000000.0,-2750000000.0,-3222000000.0,-7634000000.0,-7817000000.0,-2307000000.0,9144000000.0,-2000000.0,5386000000.0,5386000000.0,5386000000.0,0.0,-22000000.0,0.24,13487000000.0,4287000000.0,713000000.0,0.594,3.65,15.263,15.325,4502000000.0,0.0,64.98,3.662,3.676,3582000000.0,19388000000.0,22449000000.0,22449000000.0,4055000000.0,0.087,0.246,0.133,0.275,636000000.0,4381000000.0,1.0,1265145612.0,1270000000,1277000000.0,17.676,43724000000.0,0.0,-204000000.0,6115000000.0,34.428,20537000000.0
2,GILD,MRY,2018-12-31,2018-12-31,2018-12-31,2021-08-05,80000000.0,63675000000.0,64679000000.0,35836000000.0,27839000000.0,0.342,16.477,-924000000.0,17940000000.0,17940000000.0,4853000000.0,5460000000.0,3.379,1.97,27322000000.0,2748000000.0,24574000000.0,27322000000.0,0.0,1429000000.0,0.0,0.036,2.28,8871000000.0,10300000000.0,0.465,10300000000.0,8871000000.0,7794000000.0,4.2,4.17,4.2,21387000000.0,21627750000.0,21387000000.0,93663906731.0,11.0,9.094,7476000000.0,5.76,1.0,17274000000.0,0.781,19855000000.0,1077000000.0,42597000000.0,48478000000.0,814000000.0,13572000000.0,12149000000.0,1423000000.0,42141000000.0,10605000000.0,31536000000.0,80915906731.0,10352000000.0,0.0,-2611000000.0,-6250000000.0,-2971000000.0,-12318000000.0,14355000000.0,15469000000.0,8400000000.0,-85000000.0,5455000000.0,5455000000.0,5455000000.0,0.0,5000000.0,0.247,9074000000.0,8200000000.0,790000000.0,0.543,3.783,14.833,14.893,4006000000.0,0.0,62.55,3.657,3.669,3327000000.0,19024000000.0,22127000000.0,22127000000.0,3920000000.0,0.084,0.252,0.183,0.401,845000000.0,4056000000.0,1.0,1293619612.0,1298000000,1308000000.0,17.047,43820000000.0,0.0,2339000000.0,5922000000.0,33.76,25231000000.0
3,GILD,MRY,2017-12-31,2017-12-31,2017-12-31,2021-08-05,165000000.0,70283000000.0,63227250000.0,31823000000.0,38460000000.0,0.413,15.64,-590000000.0,7588000000.0,7588000000.0,4371000000.0,4644000000.0,2.735,2.435,33542000000.0,2747000000.0,30795000000.0,33542000000.0,0.0,1286000000.0,0.0,0.029,2.08,14631000000.0,15917000000.0,0.61,15917000000.0,14631000000.0,13513000000.0,3.54,3.51,3.54,20442000000.0,22101250000.0,20442000000.0,111335110873.0,8.0,6.995,11308000000.0,8.652,1.0,21736000000.0,0.833,21259000000.0,1118000000.0,63343000000.0,60450500000.0,801000000.0,29106000000.0,17922000000.0,11184000000.0,49782000000.0,11635000000.0,38147000000.0,93581110873.0,-641000000.0,-10426000000.0,-720000000.0,7174000000.0,-2731000000.0,3393000000.0,-16069000000.0,-5053000000.0,11898000000.0,137000000.0,4628000000.0,4628000000.0,4628000000.0,0.0,16000000.0,0.177,7612000000.0,14124000000.0,814000000.0,0.588,4.578,20.221,20.237,3295000000.0,0.0,71.64,3.585,3.587,3851000000.0,19012000000.0,26107000000.0,26107000000.0,3734000000.0,0.073,0.209,0.242,0.56,638000000.0,3878000000.0,1.0,1306268996.0,1307000000,1319000000.0,19.975,49024000000.0,0.0,8885000000.0,6794000000.0,37.509,20188000000.0
4,GILD,MRY,2016-12-31,2016-12-31,2016-12-31,2021-08-05,278000000.0,56977000000.0,52832750000.0,19588000000.0,37389000000.0,0.575,14.105,-748000000.0,8229000000.0,8229000000.0,4261000000.0,13488000000.0,2.125,1.992,26346000000.0,0.0,26346000000.0,26346000000.0,0.0,1158000000.0,0.0,0.026,1.84,18074000000.0,19232000000.0,0.633,19232000000.0,18074000000.0,17110000000.0,10.08,9.94,10.08,18887000000.0,16172250000.0,18887000000.0,111605029244.0,6.0,5.803,16299000000.0,12.173,1.0,26129000000.0,0.86,10143000000.0,964000000.0,55733000000.0,48633250000.0,1587000000.0,24151000000.0,3666000000.0,20485000000.0,37614000000.0,9218000000.0,28396000000.0,94343029244.0,-4622000000.0,0.0,-10793000000.0,4268000000.0,-2455000000.0,-9725000000.0,-11985000000.0,-11237000000.0,17047000000.0,41000000.0,13501000000.0,13501000000.0,13501000000.0,0.0,-13000000.0,0.444,8496000000.0,17633000000.0,1206000000.0,0.183,4.995,6.988,7.104,2865000000.0,0.0,71.61,3.104,3.155,4514000000.0,18154000000.0,30390000000.0,30390000000.0,5098000000.0,0.256,0.835,0.372,0.595,380000000.0,3398000000.0,1.0,1317456071.0,1339000000,1358000000.0,22.696,46834000000.0,0.0,3609000000.0,1753000000.0,34.977,10370000000.0
5,GILD,MRY,2015-12-31,2015-12-31,2015-12-31,2021-08-05,88000000.0,51716000000.0,44960250000.0,24762000000.0,26954000000.0,0.726,12.66,-747000000.0,12851000000.0,12851000000.0,4006000000.0,18106000000.0,2.504,1.759,22055000000.0,982000000.0,21073000000.0,22055000000.0,440000000.0,1098000000.0,0.0,0.013,1.29,22349000000.0,23447000000.0,0.718,23447000000.0,22349000000.0,21661000000.0,12.37,11.91,12.37,18534000000.0,17353750000.0,18534000000.0,154093023021.0,7.0,6.572,20503000000.0,14.005,1.0,28633000000.0,0.877,11419000000.0,688000000.0,39611000000.0,30342750000.0,1955000000.0,13357000000.0,1756000000.0,11601000000.0,32603000000.0,9890000000.0,22713000000.0,145833023021.0,2824000000.0,0.0,-9683000000.0,9689000000.0,-1874000000.0,-5884000000.0,-12475000000.0,-11728000000.0,21250000000.0,-67000000.0,18108000000.0,18108000000.0,18108000000.0,0.0,-2000000.0,0.555,6440000000.0,22193000000.0,1178000000.0,0.104,7.868,8.054,8.18,2276000000.0,0.0,101.19,4.468,4.539,5854000000.0,18001000000.0,32639000000.0,32639000000.0,3014000000.0,0.403,1.043,0.737,0.685,382000000.0,3426000000.0,1.0,1441180186.0,1464000000,1521000000.0,22.294,40297000000.0,1152000000.0,3553000000.0,1243000000.0,27.525,14872000000.0
6,GILD,MRY,2014-12-31,2014-12-31,2014-12-31,2021-08-05,301000000.0,34664000000.0,30698062250.0,17714000000.0,16950000000.0,0.811,10.135,-557000000.0,10027000000.0,10027000000.0,3788000000.0,12059000000.0,3.075,1.222,12404000000.0,483000000.0,11921000000.0,12404000000.0,134000000.0,1050000000.0,0.0,0.0,0.0,15310000000.0,16360000000.0,0.657,16360000000.0,15310000000.0,14898000000.0,7.95,7.35,7.95,15426000000.0,14617543500.0,15426000000.0,145407762029.0,9.0,8.888,12261000000.0,8.056,1.0,21102000000.0,0.848,12245000000.0,412000000.0,19035000000.0,14575747500.0,1386000000.0,1699000000.0,101000000.0,1598000000.0,18845000000.0,5761000000.0,13084000000.0,142206700029.0,7914000000.0,0.0,-5018000000.0,5696000000.0,0.0,-3025000000.0,-1823000000.0,-1266000000.0,12818000000.0,-56000000.0,12101000000.0,12101000000.0,12101000000.0,0.0,-42000000.0,0.486,5837000000.0,15265000000.0,955000000.0,0.0,9.219,11.752,11.857,1674000000.0,0.0,94.26,5.713,5.764,4635000000.0,12732000000.0,24890000000.0,24890000000.0,2854000000.0,0.394,0.828,1.05,0.615,362000000.0,2983000000.0,1.0,1508664333.0,1522000000,1647000000.0,16.353,22419000000.0,744000000.0,2797000000.0,562000000.0,14.73,11953000000.0
7,GILD,MRY,2013-12-31,2013-12-31,2013-12-31,2021-08-05,-124000000.0,22579000000.0,22470867500.0,6997000000.0,15582000000.0,0.499,7.436,-190000000.0,2113000000.0,2113000000.0,2859000000.0,3057000000.0,1.092,0.953,6636000000.0,2697000000.0,3939000000.0,6636000000.0,111000000.0,345000000.0,0.0,0.0,0.0,4533000000.0,4878000000.0,0.435,4878000000.0,4533000000.0,4226000000.0,2.01,1.81,2.01,11370000000.0,10874460250.0,11370000000.0,120457253861.0,27.0,24.694,2915000000.0,1.906,1.0,8343000000.0,0.745,13069000000.0,307000000.0,7626000000.0,9411871750.0,1697000000.0,458000000.0,19000000.0,439000000.0,10834000000.0,6407000000.0,4427000000.0,115154517861.0,309000000.0,-379000000.0,-269000000.0,-1666000000.0,0.0,-2544000000.0,-254000000.0,315000000.0,3105000000.0,2000000.0,3075000000.0,3075000000.0,3075000000.0,0.0,-18000000.0,0.275,3819000000.0,4524000000.0,1256000000.0,0.0,10.128,37.449,37.363,1166000000.0,0.0,75.1,10.28,10.251,2182000000.0,6106000000.0,11202000000.0,11202000000.0,2120000000.0,0.137,0.283,0.482,0.405,258000000.0,1699000000.0,1.0,1533349106.0,1529000000,1695000000.0,7.326,9510000000.0,919000000.0,1151000000.0,256000000.0,6.22,590000000.0
8,GILD,MRY,2012-12-31,2012-12-31,2012-12-31,2021-08-05,-45615000.0,21239838000.0,20664000750.0,6156347000.0,15083491000.0,0.47,6.14,-397000000.0,1803694000.0,1803694000.0,2471000000.0,2574000000.0,1.453,1.257,8224045000.0,1169490000.0,7054555000.0,8224045000.0,123694000.0,278000000.0,0.0,0.0,0.0,3991000000.0,4269000000.0,0.44,4269000000.0,3991000000.0,3630000000.0,1.71,1.64,1.71,9302592000.0,8305491500.0,9302592000.0,62869823691.0,16.0,14.727,2798000000.0,1.847,1.0,7231000000.0,0.745,12797312000.0,361000000.0,10624980000.0,10561306750.0,1744982000.0,778392000.0,58556000.0,719836000.0,11696116000.0,4237897000.0,7458219000.0,55649256691.0,-8080000000.0,-10752000000.0,-201000000.0,519000000.0,0.0,563000000.0,-11846000000.0,-697000000.0,3195000000.0,8000000.0,2592000000.0,2592000000.0,2592000000.0,0.0,-18000000.0,0.267,3221000000.0,4010000000.0,1327339000.0,0.0,5.982,21.47,21.477,1100259000.0,0.0,36.725,5.736,5.735,1751388000.0,3704744000.0,9702000000.0,9702000000.0,1760000000.0,0.125,0.312,0.378,0.411,208000000.0,1461000000.0,1.0,1515296302.0,1515000000,1583000000.0,6.404,8442526000.0,742168000.0,1038000000.0,139415000.0,5.573,1918450000.0
9,GILD,MRY,2011-12-31,2011-12-31,2011-12-31,2021-08-05,58200000.0,17303134000.0,13906131500.0,13918785000.0,3384349000.0,0.603,4.348,-131904000.0,9883777000.0,9883777000.0,2124410000.0,2789059000.0,5.535,1.549,7607306000.0,1572000.0,7605734000.0,7607306000.0,106535000.0,302232000.0,0.0,0.0,0.0,3871000000.0,4173232000.0,0.498,4173232000.0,3871000000.0,3665582000.0,1.81,1.77,1.81,6738856000.0,6212179500.0,6738856000.0,33728114766.0,9.0,8.082,3507106000.0,2.263,1.0,6260975000.0,0.747,2066966000.0,205418000.0,10444907000.0,11054130250.0,1389983000.0,80195000.0,16491000.0,63704000.0,10435785000.0,2514790000.0,7920995000.0,30744128766.0,8975898000.0,-588608000.0,-2171395000.0,4009153000.0,0.0,1763569000.0,3589845000.0,4310357000.0,3639010000.0,-16526000.0,2803637000.0,2803637000.0,2803637000.0,0.0,-14578000.0,0.334,2471134000.0,3789841000.0,1206052000.0,0.0,4.562,10.966,11.307,774406000.0,0.0,20.465,3.666,3.782,1951167000.0,1776760000.0,8385385000.0,8385385000.0,1229151000.0,0.202,0.451,0.35,0.462,188761000.0,1241983000.0,1.0,1502278464.0,1549806000,1580236000.0,5.411,15236168000.0,598614000.0,861945000.0,176238000.0,9.831,11403995000.0
10,GILD,MRY,2010-12-31,2010-12-31,2010-12-31,2021-08-05,30911000.0,11592630000.0,11060231750.0,5708082000.0,5884548000.0,0.719,3.425,-61884000.0,907879000.0,907879000.0,1869876000.0,2889749000.0,2.316,0.933,3484918000.0,646345000.0,2838573000.0,3484918000.0,136019000.0,265477000.0,0.0,0.0,0.0,4034017000.0,4299494000.0,0.541,4299494000.0,4034017000.0,3925056000.0,1.69,1.66,1.69,5863729000.0,6368633500.0,5863729000.0,31850185252.0,8.0,7.408,2772029000.0,1.619,1.0,6079544000.0,0.765,1425592000.0,108961000.0,10279127000.0,8408843250.0,1203809000.0,4410192000.0,1190789000.0,3219403000.0,5470793000.0,2464950000.0,3005843000.0,29422084252.0,-365079000.0,-91000000.0,-3645945000.0,2456714000.0,0.0,-1338710000.0,-1937751000.0,-1784867000.0,2833913000.0,77469000.0,2901257000.0,2901257000.0,2901257000.0,0.0,-11508000.0,0.365,2117322000.0,3962222000.0,803025000.0,0.0,5.018,10.141,10.722,701235000.0,0.0,18.12,3.701,3.903,1621966000.0,1183730000.0,7949420000.0,7949420000.0,1072930000.0,0.262,0.456,0.48,0.507,200507000.0,1044392000.0,1.0,1623735334.0,1712120000,1746792000.0,4.643,10167038000.0,753142000.0,1023799000.0,108887000.0,5.938,3243132000.0
11,GILD,MRY,2009-12-31,2009-12-31,2009-12-31,2021-08-05,-5758000.0,9698559000.0,8635636250.0,4812558000.0,4886001000.0,0.812,3.519,-230057000.0,1272958000.0,1272958000.0,1595558000.0,2625592000.0,2.571,0.502,1161030000.0,5587000.0,1155443000.0,1161030000.0,165747000.0,212944000.0,0.0,0.0,0.0,3581781000.0,3794725000.0,0.541,3794725000.0,3581781000.0,3512119000.0,1.455,1.41,1.455,6367065000.0,5501885750.0,6367065000.0,39261657957.0,11.0,10.346,2849997000.0,1.575,1.0,5415825000.0,0.772,1524777000.0,69662000.0,6190223000.0,5811443000.0,1051771000.0,2631888000.0,384017000.0,2247871000.0,3193401000.0,1871631000.0,1321770000.0,38939756957.0,-186344000.0,-1247816000.0,-775767000.0,-311103000.0,0.0,-1051438000.0,-2215900000.0,-738027000.0,3080054000.0,940000.0,2635755000.0,2635755000.0,2635755000.0,0.0,-10163000.0,0.376,1886604000.0,3529221000.0,810544000.0,0.0,6.116,14.774,14.869,699970000.0,0.0,21.635,5.554,5.583,1389534000.0,1995272000.0,7011383000.0,7011383000.0,939918000.0,0.305,0.479,0.616,0.511,188866000.0,946686000.0,1.0,1799850102.0,1809208000,1868218000.0,3.875,8173782000.0,670774000.0,876364000.0,255006000.0,4.518,2940927000.0
12,GILD,MRY,2008-12-31,2008-12-31,2008-12-31,2021-08-05,41240000.0,6936831000.0,6576844750.0,4278408000.0,2658423000.0,0.811,2.32,-115005000.0,1459302000.0,1459302000.0,1127246000.0,1970335000.0,3.504,0.578,1103656000.0,5631000.0,1098025000.0,1103656000.0,117144000.0,155610000.0,0.0,0.0,0.0,2746506000.0,2902116000.0,0.544,2902116000.0,2746506000.0,2681262000.0,1.075,1.03,1.075,4272573000.0,3885047500.0,4272573000.0,46659952592.0,17.0,16.078,2028379000.0,1.102,1.0,4208504000.0,0.789,123008000.0,65244000.0,5237185000.0,5204035000.0,927868000.0,1780337000.0,330760000.0,1449577000.0,2471248000.0,1220992000.0,1250256000.0,46563467592.0,491216000.0,-10851000.0,-1723457000.0,-4326000.0,0.0,-1474569000.0,-178819000.0,-52963000.0,2143384000.0,1220000.0,1978899000.0,1978899000.0,1978899000.0,0.0,-8564000.0,0.371,1529963000.0,2678541000.0,601200000.0,0.0,10.898,23.53,23.786,528799000.0,0.0,25.57,8.727,8.824,1023397000.0,300314000.0,5335750000.0,5335750000.0,721768000.0,0.301,0.509,0.528,0.515,170944000.0,797344000.0,1.0,1821019460.0,1841386000,1917650000.0,2.898,6813823000.0,565928000.0,702363000.0,101345000.0,3.7,3057416000.0
13,GILD,MRY,2007-12-31,2007-12-31,2007-12-31,2021-08-05,-4363000.0,5834716000.0,5148362500.0,3028292000.0,2806424000.0,0.822,1.862,-78648000.0,968086000.0,968086000.0,768771000.0,1575794000.0,4.113,0.686,1300286000.0,286000.0,1300000000.0,1300286000.0,92063000.0,101360000.0,0.0,0.0,0.0,2283438000.0,2384798000.0,0.564,2384798000.0,2283438000.0,2220257000.0,0.855,0.82,0.855,3459990000.0,2828394250.0,3459990000.0,43540936076.0,19.0,18.258,1590434000.0,0.856,1.0,3461274000.0,0.818,0.0,63181000.0,5430641000.0,4882542250.0,599966000.0,1754336000.0,203892000.0,1550444000.0,2374726000.0,736275000.0,1638451000.0,42824819076.0,152079000.0,-46443000.0,-244116000.0,-99459000.0,0.0,-170983000.0,-1302467000.0,-1177376000.0,1669082000.0,-43553000.0,1584902000.0,1584902000.0,1584902000.0,0.0,-9108000.0,0.375,1296767000.0,2164507000.0,290333000.0,0.0,12.377,27.02,26.906,447696000.0,0.0,23.005,10.124,10.106,795127000.0,249080000.0,4230045000.0,4230045000.0,591026000.0,0.308,0.56,0.468,0.54,219007000.0,705741000.0,1.0,1861543972.0,1858266000,1928712000.0,2.276,5834716000.0,666801000.0,635355000.0,125232000.0,3.14,2292017000.0
14,GILD,MRY,2006-12-31,2006-12-31,2006-12-31,2021-08-05,2221000.0,4085981000.0,4650323750.0,2429206000.0,1656775000.0,0.651,0.989,-105208000.0,816007000.0,816007000.0,433320000.0,-1189957000.0,3.178,1.25,1318747000.0,18747000.0,1300000000.0,1318747000.0,78826000.0,47284000.0,0.0,0.0,0.0,-617845000.0,-570561000.0,-0.189,-570561000.0,-617845000.0,-638207000.0,-0.65,-0.65,-0.65,1815718000.0,2925218750.0,1815718000.0,30657096461.0,-50.0,-53.731,1112851000.0,0.606,1.0,2592819000.0,0.857,0.0,20362000.0,3824445000.0,4520022750.0,564145000.0,573559000.0,120844000.0,452715000.0,2270263000.0,764276000.0,1505987000.0,29856561461.0,108094000.0,-2736172000.0,-141556000.0,1074703000.0,0.0,649261000.0,-1739334000.0,1102046000.0,1218059000.0,-19892000.0,-1189957000.0,-1189957000.0,-1189957000.0,0.0,0.0,-0.393,3351572000.0,-758753000.0,367029000.0,0.0,16.443,-25.09,-24.973,361299000.0,0.0,16.233,9.866,9.851,609320000.0,-891363000.0,3026139000.0,3026139000.0,383861000.0,-0.256,-0.407,-0.137,-0.204,166147000.0,573660000.0,1.0,1839307652.0,1836424000,1836424000.0,1.648,4085981000.0,550267000.0,551750000.0,26654000.0,2.225,1664930000.0
15,GILD,MRY,2005-12-31,2005-12-31,2005-12-31,2021-08-05,11578000.0,3766316000.0,2935649500.0,3092208000.0,674108000.0,0.691,1.666,-47951000.0,707913000.0,707913000.0,260326000.0,813914000.0,6.648,0.244,60206000.0,60206000.0,0.0,60206000.0,51078000.0,35777000.0,0.0,0.0,0.0,1162234000.0,1198011000.0,0.591,1198011000.0,1162234000.0,1161792000.0,0.45,0.43,0.45,3027778000.0,2525558500.0,3027778000.0,23480466540.0,20.0,19.6,657691000.0,0.362,1.0,1768074000.0,0.872,0.0,442000.0,2653446000.0,2040858750.0,216903000.0,1603120000.0,1603120000.0,0.0,738538000.0,465163000.0,273375000.0,24072779540.0,427004000.0,0.0,143283000.0,298613000.0,0.0,441896000.0,-682478000.0,-634527000.0,705642000.0,-38056000.0,813914000.0,813914000.0,813914000.0,0.0,0.0,0.401,659007000.0,1109067000.0,70908000.0,0.0,7.951,29.577,29.206,242568000.0,0.0,13.143,11.868,11.775,396125000.0,809642000.0,2028400000.0,2028400000.0,277724000.0,0.277,0.322,0.569,0.573,169439000.0,381283000.0,1.0,1831674304.0,1817354000,1897138000.0,1.116,3766316000.0,151732000.0,347878000.0,95739000.0,2.072,2627045000.0
16,GILD,MRY,2004-12-31,2004-12-31,2004-12-31,2021-08-05,-18692000.0,2155963000.0,1906407000.0,1849694000.0,306269000.0,0.695,1.083,-51366000.0,280909000.0,280909000.0,166587000.0,449371000.0,7.298,0.152,415000.0,181000.0,234000.0,415000.0,51284000.0,24408000.0,0.0,0.0,0.0,663767000.0,688175000.0,0.52,688175000.0,663767000.0,656422000.0,0.26,0.247,0.26,1870872000.0,1416351000.0,1870872000.0,15191580383.0,23.0,22.075,456598000.0,0.264,1.0,1158034000.0,0.874,0.0,7345000.0,1622016000.0,1718966750.0,135991000.0,973129000.0,973129000.0,0.0,285091000.0,253453000.0,31638000.0,15147737383.0,86190000.0,0.0,78796000.0,-137000.0,0.0,78659000.0,-487414000.0,-436048000.0,507964000.0,-13019000.0,449371000.0,449371000.0,449371000.0,0.0,0.0,0.339,530647000.0,627387000.0,47552000.0,0.0,8.097,33.709,33.644,223106000.0,0.0,8.748,11.436,11.411,371245000.0,-4272000.0,1324621000.0,1324621000.0,223552000.0,0.236,0.317,0.386,0.501,23086000.0,307095000.0,1.0,1731664748.0,1728000000,1856984000.0,0.767,2155963000.0,98493000.0,207051000.0,8698000.0,1.248,1596241000.0
17,GILD,MRY,2003-12-31,2003-12-31,2003-12-31,2021-08-05,4507000.0,1554722000.0,1185123750.0,1265898000.0,288824000.0,0.732,0.623,-161609000.0,194719000.0,194719000.0,112691000.0,-72003000.0,6.81,0.55,345462000.0,139000.0,345323000.0,345462000.0,26004000.0,20859000.0,0.0,0.0,0.0,-145636000.0,-124777000.0,-0.144,-124777000.0,-145636000.0,-167533000.0,-0.045,-0.045,-0.045,1002974000.0,487373500.0,1002974000.0,12294130210.0,-84.0,-98.529,72998000.0,0.045,1.0,755173000.0,0.87,0.0,21897000.0,1519570000.0,1425373000.0,98102000.0,512281000.0,512281000.0,0.0,551748000.0,185895000.0,365853000.0,11801980210.0,-422212000.0,-375507000.0,83806000.0,-1715000.0,0.0,82091000.0,-727345000.0,-190229000.0,234607000.0,-11565000.0,-72003000.0,-72003000.0,-72003000.0,0.0,0.0,-0.083,913848000.0,-158675000.0,35649000.0,0.0,11.767,-163.91,-161.889,198200000.0,0.0,7.285,13.599,13.505,235217000.0,-453643000.0,867864000.0,867864000.0,181764000.0,-0.061,-0.148,-0.102,-0.168,132363000.0,233266000.0,1.0,1620038464.0,1608840000,1608840000.0,0.539,1554722000.0,250061000.0,-95530000.0,0.0,0.966,1080003000.0
18,GILD,MRY,2002-12-31,2002-12-31,2002-12-31,2021-08-05,2475000.0,1288183000.0,942029750.0,1183760000.0,104423000.0,0.496,0.365,-17597000.0,616931000.0,616931000.0,69724000.0,72097000.0,11.286,1.255,595467000.0,194000.0,595273000.0,595467000.0,24369000.0,14428000.0,0.0,0.0,0.0,87250000.0,101678000.0,0.218,101678000.0,87250000.0,73397000.0,0.045,0.043,0.045,571341000.0,506787500.0,571341000.0,6816150892.0,78.0,67.037,56812000.0,0.036,1.0,397066000.0,0.851,0.0,13853000.0,1161827000.0,949695250.0,51628000.0,325443000.0,325443000.0,0.0,716842000.0,104892000.0,611950000.0,6687202892.0,493441000.0,-50000000.0,51386000.0,335223000.0,0.0,386609000.0,45822000.0,113419000.0,74409000.0,-13399000.0,72097000.0,72097000.0,72097000.0,0.0,0.0,0.154,316059000.0,81007000.0,24406000.0,0.0,11.704,92.753,94.444,67727000.0,0.0,4.25,14.326,14.243,175036000.0,-381640000.0,466790000.0,466790000.0,141867000.0,0.077,0.142,0.092,0.187,350000.0,174192000.0,1.0,1573459504.0,1564344000,1651816000.0,0.298,1288183000.0,0.0,1300000.0,0.0,0.823,1078868000.0
19,GILD,MRY,2001-12-31,2001-12-31,2001-12-31,2021-08-05,7448000.0,794786000.0,680482000.0,707759000.0,87027000.0,0.344,0.297,-26331000.0,123490000.0,123490000.0,43764000.0,52271000.0,8.834,0.757,251881000.0,1492000.0,250389000.0,251881000.0,11248000.0,14691000.0,0.0,0.0,0.0,70386000.0,85077000.0,0.364,85077000.0,70386000.0,56406000.0,0.035,0.033,0.035,452437000.0,349832750.0,452437000.0,6521308408.0,93.0,76.652,-153310000.0,-0.101,1.0,190005000.0,0.813,0.0,13980000.0,843060000.0,796732500.0,39280000.0,459361000.0,459361000.0,0.0,342349000.0,80117000.0,262232000.0,6305435408.0,-73802000.0,144300000.0,36311000.0,-2761000.0,0.0,33550000.0,20778000.0,-97191000.0,-126979000.0,-1151000.0,52271000.0,52271000.0,52271000.0,0.0,0.0,0.224,310694000.0,-120689000.0,19174000.0,0.0,13.937,120.63,117.357,62828000.0,0.0,4.107,26.973,26.742,74228000.0,-453737000.0,233769000.0,233769000.0,185553000.0,0.077,0.149,0.088,0.301,1500000.0,125141000.0,1.0,1535102960.0,1521960000,1618568000.0,0.154,794786000.0,0.0,4135000.0,0.0,0.522,627642000.0
20,GILD,MRY,2000-12-31,2000-12-31,2000-12-31,2021-08-05,-901000.0,678099000.0,496218250.0,593798000.0,84301000.0,0.394,0.241,-15621000.0,197292000.0,197292000.0,33512000.0,-56776000.0,10.196,0.931,255272000.0,3034000.0,252238000.0,255272000.0,15085000.0,12008000.0,0.0,0.0,0.0,-51212000.0,-39204000.0,-0.2,-39204000.0,-51212000.0,-55577000.0,-0.039,-0.039,-0.039,351124000.0,332618500.0,351124000.0,3864102498.0,-75.0,-98.564,-53823000.0,-0.037,1.0,162043000.0,0.829,0.0,4365000.0,677841000.0,475645000.0,20562000.0,315586000.0,315586000.0,0.0,326975000.0,58238000.0,268737000.0,3901466498.0,150281000.0,-2450000.0,30451000.0,238594000.0,0.0,269045000.0,-84203000.0,-66132000.0,-38202000.0,3641000.0,-56776000.0,-56776000.0,-56776000.0,0.0,0.0,-0.29,214361000.0,-52318000.0,11605000.0,0.0,11.111,-68.717,-66.458,55174000.0,0.0,2.592,19.951,19.308,48814000.0,-506008000.0,195555000.0,195555000.0,132339000.0,-0.114,-0.171,-0.108,-0.262,0.0,82022000.0,1.0,1505268000.0,1456792000,1456792000.0,0.134,678099000.0,0.0,1199000.0,0.0,0.465,535560000.0
21,GILD,MRY,1999-12-31,1999-12-31,1999-12-31,2021-08-05,-2527000.0,436808000.0,361684750.0,371981000.0,64827000.0,0.467,0.217,-12475000.0,47011000.0,47011000.0,29546000.0,-66486000.0,7.77,0.469,87977000.0,3191000.0,84786000.0,87977000.0,4833000.0,12623000.0,0.0,0.0,0.0,-59080000.0,-46457000.0,-0.275,-46457000.0,-59080000.0,-65598000.0,-0.049,-0.049,-0.049,297292000.0,275230500.0,297292000.0,2395974973.0,-41.0,-51.574,-75025000.0,-0.055,1.0,139433000.0,0.825,0.0,6518000.0,429897000.0,310820250.0,20959000.0,247383000.0,247383000.0,0.0,139516000.0,47877000.0,91639000.0,2377693973.0,-54125000.0,-2450000.0,29295000.0,-5320000.0,0.0,23975000.0,-16302000.0,-1377000.0,-62550000.0,752000.0,-66486000.0,-66486000.0,-66486000.0,0.0,0.0,-0.393,210292000.0,-70859000.0,9481000.0,0.0,7.998,-35.762,-34.522,51398000.0,0.0,1.692,14.071,13.719,45599000.0,-449232000.0,168979000.0,168979000.0,110873000.0,-0.184,-0.242,-0.19,-0.35,2356000.0,99419000.0,1.0,1405619936.0,1370440000,1370440000.0,0.123,436808000.0,0.0,888000.0,0.0,0.319,324104000.0
22,GILD,MRY,1998-12-31,1998-12-31,1998-12-31,2021-08-05,-337000.0,487764000.0,371798500.0,416889000.0,70875000.0,0.406,0.254,-11010000.0,101136000.0,101136000.0,23357000.0,-44758000.0,7.271,0.462,93725000.0,4842000.0,88883000.0,93725000.0,3275000.0,13231000.0,0.0,0.0,0.0,-36716000.0,-23485000.0,-0.155,-23485000.0,-36716000.0,-43899000.0,-0.034,-0.034,-0.034,333699000.0,307556500.0,333699000.0,1212013243.0,-33.0,-51.608,-62334000.0,-0.047,1.0,127762000.0,0.845,0.0,7183000.0,423019000.0,303436500.0,16550000.0,247607000.0,247607000.0,0.0,154065000.0,57334000.0,96731000.0,1253619243.0,29831000.0,9752000.0,20372000.0,-7230000.0,0.0,13142000.0,67440000.0,68698000.0,-51324000.0,573000.0,-44758000.0,-44758000.0,-44758000.0,0.0,0.0,-0.296,207274000.0,-79512000.0,7662000.0,0.0,3.757,-28.009,-37.739,51019000.0,0.0,1.283,8.296,11.144,43090000.0,-382746000.0,151119000.0,151119000.0,124827000.0,-0.12,-0.146,-0.121,-0.243,434000.0,82447000.0,1.0,977004768.0,1312480000,1312480000.0,0.115,487764000.0,0.0,859000.0,0.0,0.372,359555000.0
23,GILD,MRY,1997-12-31,1997-12-31,1997-12-31,2021-08-05,344000.0,352069000.0,331371000.0,340258000.0,11811000.0,0.399,0.251,-13832000.0,31990000.0,31990000.0,21646000.0,-72893000.0,10.19,0.109,3184000.0,1853000.0,1331000.0,3184000.0,9541000.0,15226000.0,0.0,0.0,0.0,-67516000.0,-52290000.0,-0.395,-52290000.0,-67516000.0,-72571000.0,-0.058,-0.058,-0.058,317347000.0,304503500.0,317347000.0,,,,-68287000.0,-0.054,1.0,110612000.0,0.836,0.0,5055000.0,289872000.0,229503500.0,0.0,290308000.0,290308000.0,0.0,34722000.0,33391000.0,1331000.0,1152529263.0,-82287000.0,2683000.0,15003000.0,57446000.0,0.0,112449000.0,-141482000.0,-130333000.0,-54455000.0,1201000.0,-72893000.0,-72893000.0,-72893000.0,0.0,0.0,-0.551,198834000.0,-88222000.0,3303000.0,0.0,3.632,-15.811,-20.609,10313000.0,0.0,1.195,8.714,11.404,0.0,-162479000.0,132258000.0,132258000.0,112177000.0,-0.22,-0.239,-0.294,-0.51,0.0,70626000.0,1.0,964207488.0,1261824000,1261824000.0,0.105,352069000.0,0.0,322000.0,0.0,0.279,306867000.0
24,GILD,MRY,1996-12-31,1996-12-31,1996-12-31,2021-08-05,89000.0,310673000.0,,300253000.0,10420000.0,,0.328,-3727000.0,131984000.0,131984000.0,910000.0,-21732000.0,18.65,0.065,6545000.0,3631000.0,2914000.0,6545000.0,527000.0,3773000.0,0.0,0.0,0.0,-21021000.0,-17248000.0,-0.516,-17248000.0,-21021000.0,-21732000.0,-0.024,-0.024,-0.024,291660000.0,,291660000.0,,,,-20191000.0,-0.023,1.0,32510000.0,0.973,0.0,711000.0,169135000.0,,0.0,163979000.0,163979000.0,0.0,19013000.0,16099000.0,2914000.0,,104564000.0,0.0,160416000.0,157000.0,0.0,160573000.0,-39545000.0,-35818000.0,-16464000.0,0.0,-21732000.0,-21732000.0,-21732000.0,0.0,0.0,-0.65,68573000.0,-36063000.0,2501000.0,0.0,,,-32.552,9172000.0,0.0,0.781,,20.785,0.0,-134486000.0,33420000.0,33420000.0,41881000.0,,,,-0.629,706000.0,26692000.0,1.0,,889152000,889152000.0,0.038,310673000.0,0.0,0.0,0.0,0.349,284154000.0
0,GILD,MRQ,2021-06-30,2021-06-30,2021-06-30,2021-08-05,39000000.0,67984000000.0,,13925000000.0,54059000000.0,,15.7,-119000000.0,4893000000.0,4893000000.0,1390000000.0,1517000000.0,1.363,2.45,30175000000.0,2261000000.0,27914000000.0,30175000000.0,0.0,519000000.0,0.0,0.04,0.71,2078000000.0,2597000000.0,0.418,2597000000.0,2078000000.0,1822000000.0,1.21,1.21,1.21,19703000000.0,,19703000000.0,112463708511.0,14.0,11.794,2197000000.0,1.751,1.0,4827000000.0,0.776,42675000000.0,256000000.0,40377000000.0,,1772000000.0,2468000000.0,1632000000.0,836000000.0,48274000000.0,10214000000.0,38060000000.0,86362708511.0,828000000.0,-92000000.0,-31000000.0,0.0,-894000000.0,-931000000.0,-577000000.0,-347000000.0,2316000000.0,20000000.0,1522000000.0,1522000000.0,1522000000.0,0.0,-5000000.0,0.245,2581000000.0,2246000000.0,608000000.0,0.587,4.383,16.73,16.714,4996000000.0,0.0,68.86,3.242,3.244,4149000000.0,15392000000.0,6217000000.0,6217000000.0,1134000000.0,,,,,166000000.0,1351000000.0,1.0,1254178166.0,1255000000,1260000000.0,4.954,25309000000.0,0.0,300000000.0,4596000000.0,20.167,3711000000.0
1,GILD,MRQ,2021-03-31,2021-03-31,2021-03-31,2021-08-05,38000000.0,67492000000.0,,13278000000.0,54214000000.0,,15.089,-165000000.0,4065000000.0,4065000000.0,1361000000.0,1722000000.0,1.368,2.561,30166000000.0,2259000000.0,27907000000.0,30166000000.0,0.0,473000000.0,0.0,0.043,0.71,2528000000.0,3001000000.0,0.467,3001000000.0,2528000000.0,2271000000.0,1.38,1.37,1.38,18952000000.0,,18952000000.0,106618615672.0,36.0,23.371,2445000000.0,1.947,1.0,5062000000.0,0.788,43115000000.0,257000000.0,40773000000.0,,1779000000.0,2180000000.0,1601000000.0,579000000.0,48528000000.0,9705000000.0,38823000000.0,81213615672.0,-1932000000.0,-1255000000.0,-221000000.0,-1250000000.0,-917000000.0,-2477000000.0,-2042000000.0,-531000000.0,2610000000.0,-23000000.0,1729000000.0,1729000000.0,1729000000.0,0.0,-7000000.0,0.269,2172000000.0,2890000000.0,570000000.0,0.514,4.285,269.813,258.52,4990000000.0,0.0,64.63,3.177,3.175,3925000000.0,14821000000.0,6423000000.0,6423000000.0,1055000000.0,,,,,139000000.0,1055000000.0,1.0,1256593156.0,1256000000,1262000000.0,5.114,24377000000.0,0.0,542000000.0,5022000000.0,19.408,3573000000.0
2,GILD,MRQ,2020-12-31,2020-12-31,2020-12-31,2021-08-05,-60000000.0,68407000000.0,,15996000000.0,52411000000.0,,14.481,-181000000.0,5997000000.0,5997000000.0,1398000000.0,1544000000.0,1.404,2.757,31402000000.0,2757000000.0,28645000000.0,31402000000.0,0.0,427000000.0,0.0,0.047,0.68,2088000000.0,2515000000.0,0.339,2515000000.0,2088000000.0,1821000000.0,1.24,1.24,1.24,18202000000.0,,18202000000.0,89434549961.0,33.0,21.463,1735000000.0,1.38,1.0,6023000000.0,0.812,41234000000.0,267000000.0,41181000000.0,,1683000000.0,1913000000.0,1411000000.0,502000000.0,50186000000.0,11397000000.0,38789000000.0,73030549961.0,-6889000000.0,-19938000000.0,8000000.0,995000000.0,-858000000.0,131000000.0,-8977000000.0,11250000000.0,1916000000.0,41000000.0,1551000000.0,1551000000.0,1551000000.0,0.0,-7000000.0,0.209,3372000000.0,2651000000.0,844000000.0,0.548,4.012,593.744,582.6,4967000000.0,0.0,58.26,2.958,2.966,4892000000.0,14381000000.0,7421000000.0,7421000000.0,1578000000.0,,,,,161000000.0,1730000000.0,1.0,1253528149.0,1257000000,1281000000.0,5.904,27173000000.0,0.0,270000000.0,5016000000.0,21.617,4599000000.0
3,GILD,MRQ,2020-09-30,2020-09-30,2020-09-30,2021-08-05,23000000.0,60878000000.0,,30926000000.0,29952000000.0,,13.9,-155000000.0,12886000000.0,12886000000.0,1141000000.0,353000000.0,3.252,2.488,29290000000.0,1498000000.0,27792000000.0,29290000000.0,0.0,355000000.0,0.0,0.042,0.68,1068000000.0,1423000000.0,0.216,1423000000.0,1068000000.0,832000000.0,0.29,0.29,0.29,17445000000.0,,17445000000.0,96578842940.0,35.0,23.255,2095000000.0,1.669,1.0,5436000000.0,0.827,17056000000.0,236000000.0,50717000000.0,,1008000000.0,13163000000.0,11089000000.0,2074000000.0,43407000000.0,9509000000.0,33898000000.0,79222842940.0,6140000000.0,-1000000000.0,-165000000.0,5189000000.0,-861000000.0,4124000000.0,-271000000.0,884000000.0,2250000000.0,37000000.0,360000000.0,360000000.0,360000000.0,0.0,-7000000.0,0.055,3435000000.0,2001000000.0,527000000.0,2.345,4.541,62.479,64.48,4810000000.0,0.0,63.19,3.423,3.426,3913000000.0,13709000000.0,6577000000.0,6577000000.0,1158000000.0,,,,,173000000.0,1106000000.0,1.0,1253724370.0,1255000000,1261000000.0,5.241,43822000000.0,0.0,472000000.0,5020000000.0,34.918,21417000000.0
4,GILD,MRQ,2020-06-30,2020-06-30,2020-06-30,2021-08-05,70000000.0,55934000000.0,,24643000000.0,31291000000.0,,14.364,-143000000.0,6746000000.0,6746000000.0,1064000000.0,-3346000000.0,2.333,2.096,24102000000.0,2999000000.0,21103000000.0,24102000000.0,0.0,349000000.0,0.0,0.034,0.68,-2726000000.0,-2377000000.0,-0.462,-2377000000.0,-2726000000.0,-2966000000.0,-2.66,-2.66,-2.66,18027000000.0,,18027000000.0,110557489396.0,255.0,60.447,2423000000.0,1.931,1.0,4079000000.0,0.793,17342000000.0,240000000.0,45384000000.0,,1052000000.0,14444000000.0,12168000000.0,2276000000.0,37792000000.0,10564000000.0,27228000000.0,96511489396.0,-3305000000.0,-4741000000.0,-19000000.0,0.0,-856000000.0,-874000000.0,-5023000000.0,-125000000.0,2566000000.0,26000000.0,-3339000000.0,-3339000000.0,-3339000000.0,0.0,-7000000.0,-0.649,7062000000.0,-2983000000.0,532000000.0,-0.256,5.354,-375.531,-334.522,4653000000.0,0.0,76.94,4.352,4.355,3194000000.0,14445000000.0,5143000000.0,5143000000.0,1299000000.0,,,,,168000000.0,1239000000.0,1.0,1254373400.0,1255000000,1255000000.0,4.098,38592000000.0,0.0,373000000.0,5107000000.0,30.751,14079000000.0
5,GILD,MRQ,2020-03-31,2020-03-31,2020-03-31,2021-08-05,46000000.0,59741000000.0,,26950000000.0,32791000000.0,,17.486,-171000000.0,10051000000.0,10051000000.0,969000000.0,1538000000.0,3.035,1.702,24097000000.0,1999000000.0,22098000000.0,24097000000.0,0.0,349000000.0,0.0,0.034,0.68,2257000000.0,2606000000.0,0.47,2606000000.0,2257000000.0,2016000000.0,1.23,1.22,1.23,22067000000.0,,22067000000.0,107431476403.0,18.0,14.886,1265000000.0,1.002,1.0,4579000000.0,0.825,17619000000.0,241000000.0,47289000000.0,,986000000.0,14263000000.0,10734000000.0,3529000000.0,37562000000.0,8879000000.0,28683000000.0,94469476403.0,-1580000000.0,-63000000.0,-1151000000.0,-500000000.0,-874000000.0,-2611000000.0,-344000000.0,-61000000.0,1436000000.0,-61000000.0,1551000000.0,1551000000.0,1551000000.0,0.0,-13000000.0,0.28,2177000000.0,2402000000.0,590000000.0,0.553,4.281,19.039,19.12,4564000000.0,0.0,74.76,4.159,4.153,3907000000.0,18709000000.0,5548000000.0,5548000000.0,1004000000.0,,,,,141000000.0,1076000000.0,1.0,1263636656.0,1262000000,1270000000.0,4.396,42122000000.0,0.0,465000000.0,5595000000.0,33.377,18071000000.0
6,GILD,MRQ,2019-12-31,2019-12-31,2019-12-31,2021-08-05,85000000.0,61627000000.0,,30296000000.0,31331000000.0,,17.778,-203000000.0,11631000000.0,11631000000.0,1683000000.0,2689000000.0,3.104,1.73,24593000000.0,2499000000.0,22094000000.0,24593000000.0,0.0,350000000.0,0.0,0.039,0.63,2151000000.0,2501000000.0,0.425,2501000000.0,2151000000.0,1908000000.0,2.12,2.12,2.12,22525000000.0,,22525000000.0,97323161868.0,16.0,12.838,2377000000.0,1.876,1.0,4196000000.0,0.714,17903000000.0,243000000.0,46927000000.0,,922000000.0,14209000000.0,12721000000.0,1488000000.0,38977000000.0,9759000000.0,29218000000.0,82209161868.0,2157000000.0,0.0,-78000000.0,0.0,-801000000.0,-896000000.0,431000000.0,840000000.0,2580000000.0,42000000.0,2696000000.0,2696000000.0,2696000000.0,0.0,-7000000.0,0.459,3103000000.0,1093000000.0,713000000.0,0.297,3.65,15.263,15.325,4502000000.0,0.0,64.98,3.662,3.676,3582000000.0,19388000000.0,5879000000.0,5879000000.0,1099000000.0,,,,,157000000.0,1204000000.0,1.0,1265145612.0,1267000000,1274000000.0,4.64,43724000000.0,0.0,-788000000.0,6115000000.0,34.51,20537000000.0
7,GILD,MRQ,2019-09-30,2019-09-30,2019-09-30,2021-08-05,117000000.0,59146000000.0,,28361000000.0,30785000000.0,,16.262,-200000000.0,9474000000.0,9474000000.0,1035000000.0,-1168000000.0,2.964,1.864,24588000000.0,2498000000.0,22090000000.0,24588000000.0,0.0,347000000.0,0.0,0.039,0.63,-1248000000.0,-901000000.0,-0.161,-901000000.0,-1248000000.0,-1498000000.0,-0.92,-0.92,-0.92,20604000000.0,,20604000000.0,95110948386.0,18.0,14.172,2445000000.0,1.93,1.0,4569000000.0,0.815,18981000000.0,250000000.0,45712000000.0,,882000000.0,15577000000.0,13382000000.0,2195000000.0,38410000000.0,9567000000.0,28843000000.0,80267948386.0,-1766000000.0,-4012000000.0,-181000000.0,-1500000000.0,-804000000.0,-2515000000.0,-1841000000.0,2386000000.0,2645000000.0,-55000000.0,-1165000000.0,-1165000000.0,-1165000000.0,0.0,-3000000.0,-0.208,6042000000.0,-1473000000.0,632000000.0,-0.685,3.896,29.806,29.896,4377000000.0,0.0,63.38,3.589,3.591,3315000000.0,17616000000.0,5604000000.0,5604000000.0,1030000000.0,,,,,162000000.0,1052000000.0,1.0,1266455481.0,1267000000,1267000000.0,4.423,40165000000.0,0.0,-333000000.0,5852000000.0,31.701,18794000000.0
8,GILD,MRQ,2019-06-30,2019-06-30,2019-06-30,2021-08-05,102000000.0,63210000000.0,,33727000000.0,29483000000.0,,17.808,-185000000.0,11240000000.0,11240000000.0,1000000000.0,1875000000.0,3.764,1.789,26083000000.0,1999000000.0,24084000000.0,26083000000.0,0.0,348000000.0,0.0,0.036,0.63,2663000000.0,3011000000.0,0.53,3011000000.0,2663000000.0,2415000000.0,1.48,1.47,1.48,22616000000.0,,22616000000.0,95557233640.0,10.0,8.77,2157000000.0,1.698,1.0,4685000000.0,0.824,19269000000.0,248000000.0,49823000000.0,,884000000.0,18994000000.0,15943000000.0,3051000000.0,40459000000.0,8961000000.0,31498000000.0,85906233640.0,-5687000000.0,-239000000.0,-550000000.0,-500000000.0,-800000000.0,-1857000000.0,-6163000000.0,-5841000000.0,2342000000.0,-9000000.0,1880000000.0,1880000000.0,1880000000.0,0.0,-5000000.0,0.331,2255000000.0,2430000000.0,617000000.0,0.426,3.798,14.426,14.498,4249000000.0,0.0,67.56,3.842,3.838,3396000000.0,19829000000.0,5685000000.0,5685000000.0,995000000.0,,,,,174000000.0,1095000000.0,1.0,1271554672.0,1270000000,1277000000.0,4.476,43941000000.0,0.0,535000000.0,5837000000.0,34.599,24766000000.0
9,GILD,MRQ,2019-03-31,2019-03-31,2019-03-31,2021-08-05,130000000.0,62837000000.0,,34024000000.0,28813000000.0,,17.203,-237000000.0,16927000000.0,16927000000.0,957000000.0,1968000000.0,3.621,1.856,26578000000.0,2498000000.0,24080000000.0,26578000000.0,0.0,359000000.0,0.0,0.036,0.63,2611000000.0,2970000000.0,0.562,2970000000.0,2611000000.0,2357000000.0,1.55,1.54,1.55,21951000000.0,,21951000000.0,92302941376.0,10.0,8.715,1340000000.0,1.05,1.0,4324000000.0,0.819,19555000000.0,254000000.0,43536000000.0,,898000000.0,13198000000.0,10977000000.0,2221000000.0,40746000000.0,9397000000.0,31349000000.0,82920941376.0,-1013000000.0,0.0,-731000000.0,-750000000.0,-817000000.0,-2366000000.0,-244000000.0,308000000.0,1577000000.0,20000000.0,1975000000.0,1975000000.0,1975000000.0,0.0,-7000000.0,0.374,2087000000.0,2237000000.0,577000000.0,0.406,3.778,14.073,14.194,4116000000.0,0.0,65.01,3.715,3.717,3283000000.0,19326000000.0,5281000000.0,5281000000.0,1057000000.0,,,,,143000000.0,1030000000.0,1.0,1275510558.0,1276000000,1283000000.0,4.139,43282000000.0,0.0,382000000.0,5809000000.0,33.92,24627000000.0
10,GILD,MRQ,2018-12-31,2018-12-31,2018-12-31,2021-08-05,80000000.0,63675000000.0,,35836000000.0,27839000000.0,,16.631,-248000000.0,17940000000.0,17940000000.0,1570000000.0,3000000.0,3.379,1.97,27322000000.0,2748000000.0,24574000000.0,27322000000.0,0.0,358000000.0,0.0,0.036,0.57,1273000000.0,1631000000.0,0.281,1631000000.0,1273000000.0,1016000000.0,0.01,0.02,0.01,21387000000.0,,21387000000.0,93663906731.0,11.0,9.094,2097000000.0,1.631,1.0,4225000000.0,0.729,19855000000.0,257000000.0,42597000000.0,,814000000.0,13572000000.0,12149000000.0,1423000000.0,42141000000.0,10605000000.0,31536000000.0,80915906731.0,3371000000.0,0.0,-912000000.0,0.0,-736000000.0,-1670000000.0,2735000000.0,3165000000.0,2345000000.0,-39000000.0,3000000.0,3000000.0,3000000.0,0.0,0.0,0.001,3081000000.0,1144000000.0,790000000.0,57.0,3.783,14.833,14.893,4006000000.0,0.0,62.55,3.657,3.669,3327000000.0,19024000000.0,5795000000.0,5795000000.0,852000000.0,,,,,175000000.0,1131000000.0,1.0,1293619612.0,1286000000,1293000000.0,4.506,43820000000.0,0.0,1013000000.0,5922000000.0,34.075,25231000000.0
11,GILD,MRQ,2018-09-30,2018-09-30,2018-09-30,2021-08-05,36000000.0,64305000000.0,,34918000000.0,29387000000.0,,17.64,-167000000.0,14569000000.0,14569000000.0,1086000000.0,2099000000.0,3.452,1.806,27317000000.0,2747000000.0,24570000000.0,27317000000.0,0.0,358000000.0,0.0,0.029,0.57,2926000000.0,3284000000.0,0.587,3284000000.0,2926000000.0,2662000000.0,1.62,1.6,1.62,22861000000.0,,22861000000.0,115916457186.0,12.0,10.115,2045000000.0,1.578,1.0,4510000000.0,0.806,20431000000.0,264000000.0,46506000000.0,,816000000.0,16275000000.0,13897000000.0,2378000000.0,41298000000.0,10116000000.0,31182000000.0,100090457186.0,1335000000.0,0.0,-369000000.0,-1750000000.0,-742000000.0,-2901000000.0,2025000000.0,2098000000.0,2212000000.0,-1000000.0,2097000000.0,2097000000.0,2097000000.0,0.0,2000000.0,0.375,1887000000.0,2623000000.0,580000000.0,0.352,4.378,63.069,62.266,3791000000.0,0.0,77.21,4.492,4.491,3465000000.0,20706000000.0,5596000000.0,5596000000.0,939000000.0,,,,,198000000.0,948000000.0,1.0,1296340593.0,1296000000,1307000000.0,4.318,43874000000.0,0.0,565000000.0,6018000000.0,33.853,24802000000.0
12,GILD,MRQ,2018-06-30,2018-06-30,2018-06-30,2021-08-05,2000000.0,65355000000.0,,32728000000.0,32627000000.0,,16.696,-297000000.0,13234000000.0,13234000000.0,1196000000.0,1819000000.0,2.999,2.013,29060000000.0,2998000000.0,26062000000.0,29060000000.0,0.0,356000000.0,0.0,0.031,0.57,2350000000.0,2706000000.0,0.479,2706000000.0,2350000000.0,2084000000.0,1.4,1.39,1.4,21672000000.0,,21672000000.0,113521477339.0,10.0,9.125,1276000000.0,0.983,1.0,4452000000.0,0.788,20620000000.0,266000000.0,49649000000.0,,859000000.0,18422000000.0,12683000000.0,5739000000.0,43621000000.0,10912000000.0,32709000000.0,92110477339.0,5591000000.0,0.0,-402000000.0,0.0,-740000000.0,-1152000000.0,5241000000.0,5620000000.0,1573000000.0,-71000000.0,1817000000.0,1817000000.0,1817000000.0,0.0,2000000.0,0.322,2172000000.0,2280000000.0,623000000.0,0.407,4.25,41.717,41.671,3659000000.0,0.0,70.84,3.971,3.964,3541000000.0,19825000000.0,5648000000.0,5648000000.0,1192000000.0,,,,,252000000.0,980000000.0,1.0,1300260832.0,1298000000,1308000000.0,4.351,44735000000.0,0.0,267000000.0,6001000000.0,34.465,21816000000.0
13,GILD,MRQ,2018-03-31,2018-03-31,2018-03-31,2021-08-05,-170000000.0,65381000000.0,,30258000000.0,35123000000.0,,15.754,-212000000.0,7643000000.0,7643000000.0,1001000000.0,1539000000.0,2.836,2.172,29054000000.0,2497000000.0,26557000000.0,29054000000.0,0.0,357000000.0,0.0,0.028,0.57,2322000000.0,2679000000.0,0.527,2679000000.0,2322000000.0,2032000000.0,1.18,1.17,1.18,20591000000.0,,20591000000.0,124712471010.0,10.0,8.648,2058000000.0,1.575,1.0,4087000000.0,0.803,20962000000.0,290000000.0,55160000000.0,,885000000.0,24459000000.0,16355000000.0,8104000000.0,44730000000.0,10670000000.0,34060000000.0,98758471010.0,55000000.0,0.0,-928000000.0,-4500000000.0,-753000000.0,-6595000000.0,4354000000.0,4586000000.0,2270000000.0,26000000.0,1538000000.0,1538000000.0,1538000000.0,0.0,1000000.0,0.302,1934000000.0,2153000000.0,711000000.0,0.483,4.796,28.51,28.449,3415000000.0,0.0,75.39,4.0,3.991,3775000000.0,19196000000.0,5088000000.0,5088000000.0,937000000.0,,,,,220000000.0,997000000.0,1.0,1309967781.0,1307000000,1320000000.0,3.893,44419000000.0,0.0,494000000.0,6832000000.0,33.985,19588000000.0
14,GILD,MRQ,2017-12-31,2017-12-31,2017-12-31,2021-08-05,165000000.0,70283000000.0,,31823000000.0,38460000000.0,,15.64,-220000000.0,7588000000.0,7588000000.0,1256000000.0,-3836000000.0,2.735,2.435,33542000000.0,2747000000.0,30795000000.0,33542000000.0,0.0,397000000.0,0.0,0.029,0.52,2394000000.0,2791000000.0,0.469,2791000000.0,2394000000.0,2097000000.0,-2.96,-2.93,-2.96,20442000000.0,,20442000000.0,111335110873.0,8.0,6.995,2533000000.0,1.938,1.0,4693000000.0,0.789,21259000000.0,297000000.0,63343000000.0,,801000000.0,29106000000.0,17922000000.0,11184000000.0,49782000000.0,11635000000.0,38147000000.0,93581110873.0,-3920000000.0,-10426000000.0,-55000000.0,4273000000.0,-682000000.0,3347000000.0,-10016000000.0,630000000.0,2753000000.0,-4000000.0,-3865000000.0,-3865000000.0,-3865000000.0,0.0,29000000.0,-0.65,2402000000.0,2291000000.0,814000000.0,-0.176,4.578,20.221,20.237,3295000000.0,0.0,71.64,3.585,3.587,3851000000.0,19012000000.0,5949000000.0,5949000000.0,1150000000.0,,,,,334000000.0,1252000000.0,1.0,1306268996.0,1307000000,1319000000.0,4.552,49024000000.0,0.0,5962000000.0,6794000000.0,37.509,20188000000.0
15,GILD,MRQ,2017-09-30,2017-09-30,2017-09-30,2021-08-05,249000000.0,64662000000.0,,35317000000.0,29345000000.0,,19.024,-129000000.0,11508000000.0,11508000000.0,1032000000.0,2712000000.0,3.68,1.586,29262000000.0,1747000000.0,27515000000.0,29262000000.0,0.0,297000000.0,0.0,0.025,0.52,3968000000.0,4265000000.0,0.655,4265000000.0,3968000000.0,3677000000.0,2.08,2.06,2.08,24845000000.0,,24845000000.0,123390142101.0,8.0,7.006,2565000000.0,1.964,1.0,5480000000.0,0.842,9514000000.0,291000000.0,63305000000.0,,1144000000.0,29852000000.0,16879000000.0,12973000000.0,39408000000.0,9597000000.0,29811000000.0,105806142101.0,2796000000.0,0.0,-89000000.0,2961000000.0,-682000000.0,2170000000.0,-2114000000.0,-1985000000.0,2694000000.0,46000000.0,2718000000.0,2718000000.0,2718000000.0,0.0,-6000000.0,0.417,1668000000.0,3812000000.0,696000000.0,0.25,4.259,9.12,9.144,3100000000.0,0.0,81.02,3.851,3.851,4122000000.0,23689000000.0,6512000000.0,6512000000.0,789000000.0,,,,,113000000.0,879000000.0,1.0,1305926217.0,1306000000,1319000000.0,4.986,55148000000.0,1147000000.0,959000000.0,2037000000.0,42.227,25720000000.0
16,GILD,MRQ,2017-06-30,2017-06-30,2017-06-30,2021-08-05,120000000.0,60263000000.0,,28592000000.0,31671000000.0,,17.35,-123000000.0,8712000000.0,8712000000.0,1126000000.0,3069000000.0,3.367,1.639,26296000000.0,0.0,26296000000.0,26296000000.0,0.0,298000000.0,0.0,0.028,0.52,4388000000.0,4686000000.0,0.656,4686000000.0,4388000000.0,4119000000.0,2.35,2.33,2.35,22677000000.0,,22677000000.0,108526236010.0,6.0,5.973,3403000000.0,2.604,1.0,6015000000.0,0.842,9723000000.0,269000000.0,59632000000.0,,1408000000.0,27864000000.0,12384000000.0,15480000000.0,37172000000.0,8492000000.0,28680000000.0,92490236010.0,-1573000000.0,0.0,-107000000.0,-30000000.0,-680000000.0,-880000000.0,-4246000000.0,-4123000000.0,3526000000.0,27000000.0,3073000000.0,3073000000.0,3073000000.0,0.0,-4000000.0,0.43,1761000000.0,4254000000.0,819000000.0,0.221,4.079,7.573,7.611,3012000000.0,0.0,70.78,3.249,3.25,4478000000.0,21823000000.0,7141000000.0,7141000000.0,864000000.0,,,,,102000000.0,897000000.0,1.0,1306728398.0,1307000000,1317000000.0,5.464,50540000000.0,1137000000.0,1046000000.0,1942000000.0,38.669,20100000000.0
17,GILD,MRQ,2017-03-31,2017-03-31,2017-03-31,2021-08-05,260000000.0,57701000000.0,,21424000000.0,36277000000.0,,15.628,-118000000.0,10285000000.0,10285000000.0,957000000.0,2699000000.0,2.587,1.8,26321000000.0,0.0,26321000000.0,26321000000.0,0.0,294000000.0,0.0,0.028,0.52,3881000000.0,4175000000.0,0.642,4175000000.0,3881000000.0,3620000000.0,2.07,2.05,2.07,20441000000.0,,20441000000.0,106892983848.0,6.0,5.812,2807000000.0,2.146,1.0,5548000000.0,0.853,9933000000.0,261000000.0,55522000000.0,,1474000000.0,23732000000.0,3830000000.0,19902000000.0,36784000000.0,8282000000.0,28502000000.0,88775983848.0,2056000000.0,0.0,-469000000.0,-30000000.0,-687000000.0,-1244000000.0,307000000.0,425000000.0,2925000000.0,68000000.0,2702000000.0,2702000000.0,2702000000.0,0.0,-3000000.0,0.415,1781000000.0,3767000000.0,944000000.0,0.251,4.343,7.025,7.097,2922000000.0,0.0,67.92,3.051,3.053,4034000000.0,19564000000.0,6505000000.0,6505000000.0,931000000.0,,,,,89000000.0,850000000.0,1.0,1307066900.0,1308000000,1320000000.0,4.973,47768000000.0,1208000000.0,918000000.0,1848000000.0,36.52,13142000000.0
18,GILD,MRQ,2016-12-31,2016-12-31,2016-12-31,2021-08-05,278000000.0,56977000000.0,,19588000000.0,37389000000.0,,14.363,-169000000.0,8229000000.0,8229000000.0,1075000000.0,3099000000.0,2.125,1.992,26346000000.0,0.0,26346000000.0,26346000000.0,0.0,292000000.0,0.0,0.026,0.47,4194000000.0,4486000000.0,0.613,4486000000.0,4194000000.0,3929000000.0,2.36,2.35,2.36,18887000000.0,,18887000000.0,111605029244.0,6.0,5.803,3370000000.0,2.563,1.0,6245000000.0,0.853,10143000000.0,265000000.0,55733000000.0,,1587000000.0,24151000000.0,3666000000.0,20485000000.0,37614000000.0,9218000000.0,28396000000.0,94343029244.0,-1580000000.0,0.0,-972000000.0,-730000000.0,-619000000.0,-2348000000.0,-2675000000.0,-2506000000.0,3539000000.0,-96000000.0,3108000000.0,3108000000.0,3108000000.0,0.0,-9000000.0,0.425,2200000000.0,4045000000.0,1206000000.0,0.199,4.995,6.988,7.104,2865000000.0,0.0,71.61,3.104,3.155,4514000000.0,18154000000.0,7320000000.0,7320000000.0,1208000000.0,,,,,102000000.0,992000000.0,1.0,1317456071.0,1315000000,1325000000.0,5.567,46834000000.0,0.0,821000000.0,1753000000.0,35.615,10370000000.0
19,GILD,MRQ,2016-09-30,2016-09-30,2016-09-30,2021-08-05,-108000000.0,56609000000.0,,21425000000.0,35184000000.0,,12.759,-198000000.0,9809000000.0,9809000000.0,1129000000.0,3325000000.0,1.935,2.327,27071000000.0,700000000.0,26371000000.0,27071000000.0,361000000.0,299000000.0,0.0,0.023,0.47,4523000000.0,4822000000.0,0.643,4822000000.0,4523000000.0,4281000000.0,2.52,2.49,2.52,16868000000.0,,16868000000.0,120053379650.0,6.0,5.803,4195000000.0,3.173,1.0,6371000000.0,0.849,10558000000.0,242000000.0,52240000000.0,,1900000000.0,21802000000.0,2457000000.0,19345000000.0,39249000000.0,11073000000.0,28176000000.0,104411379650.0,3324000000.0,0.0,-940000000.0,4939000000.0,-623000000.0,2797000000.0,-3917000000.0,-3719000000.0,4393000000.0,51000000.0,3330000000.0,3330000000.0,3330000000.0,0.0,-5000000.0,0.444,1972000000.0,4399000000.0,1052000000.0,0.187,6.19,6.926,7.206,2714000000.0,0.0,79.12,3.307,3.313,5075000000.0,16654000000.0,7500000000.0,7500000000.0,1141000000.0,,,,,95000000.0,831000000.0,1.0,1319658489.0,1322000000,1339000000.0,5.673,46051000000.0,1243000000.0,951000000.0,1621000000.0,34.834,10352000000.0
20,GILD,MRQ,2016-06-30,2016-06-30,2016-06-30,2021-08-05,-46000000.0,49980000000.0,,18353000000.0,31627000000.0,,11.637,-204000000.0,6485000000.0,6485000000.0,864000000.0,3497000000.0,1.757,2.18,22127000000.0,700000000.0,21427000000.0,22127000000.0,345000000.0,284000000.0,0.0,0.021,0.47,4626000000.0,4910000000.0,0.631,4910000000.0,4626000000.0,4399000000.0,2.62,2.58,2.62,15536000000.0,,15536000000.0,127607550031.0,6.0,5.856,4781000000.0,3.581,1.0,6912000000.0,0.889,10885000000.0,227000000.0,44293000000.0,,1862000000.0,18131000000.0,2267000000.0,15864000000.0,33865000000.0,10444000000.0,23421000000.0,111100550031.0,170000000.0,0.0,-973000000.0,90000000.0,-626000000.0,-1561000000.0,-3284000000.0,-3080000000.0,4985000000.0,30000000.0,3497000000.0,3497000000.0,3497000000.0,0.0,0.0,0.45,2374000000.0,4538000000.0,1122000000.0,0.179,7.151,6.797,7.191,2599000000.0,0.0,83.42,3.432,3.44,5752000000.0,14949000000.0,7776000000.0,7776000000.0,1484000000.0,,,,,95000000.0,890000000.0,1.0,1331821506.0,1335000000,1355000000.0,5.825,39095000000.0,1268000000.0,902000000.0,1527000000.0,29.285,7909000000.0
21,GILD,MRQ,2016-03-31,2016-03-31,2016-03-31,2021-08-05,-164000000.0,47765000000.0,,19267000000.0,28498000000.0,,9.688,-177000000.0,6315000000.0,6315000000.0,1193000000.0,3567000000.0,1.766,2.519,22822000000.0,1745000000.0,21077000000.0,22822000000.0,529000000.0,283000000.0,0.0,0.019,0.43,4731000000.0,5014000000.0,0.643,5014000000.0,4731000000.0,4501000000.0,2.58,2.53,2.58,13398000000.0,,13398000000.0,134885445175.0,6.0,5.916,3953000000.0,2.858,1.0,6601000000.0,0.847,11095000000.0,230000000.0,42267000000.0,,1880000000.0,15007000000.0,2004000000.0,13003000000.0,33746000000.0,10910000000.0,22836000000.0,125558445175.0,-6536000000.0,0.0,-7908000000.0,-31000000.0,-587000000.0,-8613000000.0,-2109000000.0,-1932000000.0,4130000000.0,56000000.0,3566000000.0,3566000000.0,3566000000.0,0.0,1000000.0,0.458,1950000000.0,4651000000.0,945000000.0,0.167,9.371,7.241,7.636,2431000000.0,0.0,91.86,3.823,3.869,6163000000.0,13045000000.0,7794000000.0,7794000000.0,1265000000.0,,,,,88000000.0,685000000.0,1.0,1366845691.0,1383000000,1412000000.0,5.636,36670000000.0,1122000000.0,935000000.0,1385000000.0,26.515,8357000000.0
22,GILD,MRQ,2015-12-31,2015-12-31,2015-12-31,2021-08-05,88000000.0,51716000000.0,,24762000000.0,26954000000.0,,12.925,-166000000.0,12851000000.0,12851000000.0,1062000000.0,4685000000.0,2.504,1.759,22055000000.0,982000000.0,21073000000.0,22055000000.0,440000000.0,278000000.0,0.0,0.013,0.43,5665000000.0,5943000000.0,0.699,5943000000.0,5665000000.0,5435000000.0,3.26,3.18,3.26,18534000000.0,,18534000000.0,154093023021.0,7.0,6.572,5629000000.0,3.925,1.0,7444000000.0,0.875,11419000000.0,230000000.0,39611000000.0,,1955000000.0,13357000000.0,1756000000.0,11601000000.0,32603000000.0,9890000000.0,22713000000.0,145833023021.0,-1114000000.0,0.0,-3013000000.0,-50000000.0,-614000000.0,-4465000000.0,-2438000000.0,-2272000000.0,5795000000.0,-6000000.0,4683000000.0,4683000000.0,4683000000.0,0.0,2000000.0,0.551,1823000000.0,5621000000.0,1178000000.0,0.132,7.868,8.054,8.18,2276000000.0,0.0,101.19,4.468,4.539,5854000000.0,18001000000.0,8506000000.0,8506000000.0,757000000.0,,,,,96000000.0,1066000000.0,1.0,1441180186.0,1434000000,1470000000.0,5.932,40297000000.0,1152000000.0,752000000.0,1243000000.0,28.101,14872000000.0
23,GILD,MRQ,2015-09-30,2015-09-30,2015-09-30,2021-08-05,167000000.0,50637000000.0,,25910000000.0,24727000000.0,,11.903,-286000000.0,13965000000.0,13965000000.0,1064000000.0,4592000000.0,2.768,1.877,22225000000.0,331000000.0,21894000000.0,22225000000.0,356000000.0,278000000.0,0.0,0.009,0.43,5645000000.0,5923000000.0,0.714,5923000000.0,5645000000.0,5480000000.0,3.14,3.06,3.14,17414000000.0,,17414000000.0,148594282866.0,7.0,6.704,3810000000.0,2.604,1.0,7231000000.0,0.872,11626000000.0,165000000.0,37911000000.0,,1988000000.0,11149000000.0,1749000000.0,9400000000.0,32693000000.0,9360000000.0,23333000000.0,143737282866.0,6548000000.0,0.0,-2971000000.0,9881000000.0,-627000000.0,6644000000.0,-4186000000.0,-3900000000.0,4096000000.0,-6000000.0,4600000000.0,4600000000.0,4600000000.0,0.0,-8000000.0,0.555,1646000000.0,5585000000.0,1239000000.0,0.137,8.254,8.499,8.584,2143000000.0,0.0,97.94,4.571,4.556,6105000000.0,16961000000.0,8295000000.0,8295000000.0,743000000.0,,,,,98000000.0,903000000.0,1.0,1467605502.0,1463000000,1503000000.0,5.67,39011000000.0,1185000000.0,880000000.0,1057000000.0,26.665,16550000000.0
24,GILD,MRQ,2015-06-30,2015-06-30,2015-06-30,2021-08-05,247000000.0,39167000000.0,,18093000000.0,21074000000.0,,11.065,-171000000.0,7417000000.0,7417000000.0,998000000.0,4497000000.0,2.027,1.383,12274000000.0,352000000.0,11922000000.0,12274000000.0,501000000.0,273000000.0,0.0,0.004,0.43,5646000000.0,5919000000.0,0.718,5919000000.0,5646000000.0,5506000000.0,3.05,2.92,3.05,16287000000.0,,16287000000.0,173789468138.0,9.0,8.693,5487000000.0,3.728,1.0,7246000000.0,0.879,11832000000.0,140000000.0,23267000000.0,,2039000000.0,7250000000.0,1194000000.0,6056000000.0,22533000000.0,8925000000.0,13608000000.0,172061468138.0,-3218000000.0,0.0,-816000000.0,-97000000.0,-633000000.0,-5341000000.0,-3552000000.0,-3381000000.0,5658000000.0,17000000.0,4492000000.0,4492000000.0,4492000000.0,0.0,5000000.0,0.545,1630000000.0,5616000000.0,1571000000.0,0.141,10.564,11.438,11.627,1899000000.0,0.0,117.08,5.894,5.903,5331000000.0,16038000000.0,8244000000.0,8244000000.0,818000000.0,,,,,96000000.0,812000000.0,1.0,1469605980.0,1472000000,1540000000.0,5.601,27335000000.0,1454000000.0,1014000000.0,1275000000.0,18.57,9168000000.0
25,GILD,MRQ,2015-03-31,2015-03-31,2015-03-31,2021-08-05,539000000.0,38321000000.0,,20062000000.0,18259000000.0,,11.546,-124000000.0,10635000000.0,10635000000.0,882000000.0,4332000000.0,2.701,1.207,12363000000.0,442000000.0,11921000000.0,12363000000.0,191000000.0,269000000.0,0.0,0.0,0.0,5393000000.0,5662000000.0,0.746,5662000000.0,5393000000.0,5240000000.0,2.91,2.76,2.91,17180000000.0,,17180000000.0,148531987153.0,8.0,7.921,5577000000.0,3.748,1.0,6712000000.0,0.884,12039000000.0,153000000.0,20582000000.0,,1908000000.0,3879000000.0,659000000.0,3220000000.0,20733000000.0,7428000000.0,13305000000.0,146154987153.0,608000000.0,0.0,-2883000000.0,-45000000.0,0.0,-2722000000.0,-2299000000.0,-2175000000.0,5701000000.0,-72000000.0,4333000000.0,4333000000.0,4333000000.0,0.0,-1000000.0,0.571,1341000000.0,5371000000.0,1011000000.0,0.0,8.507,10.288,10.428,1765000000.0,0.0,98.13,5.318,5.313,4835000000.0,13916000000.0,7594000000.0,7594000000.0,696000000.0,,,,,92000000.0,645000000.0,1.0,1489401683.0,1488000000,1569000000.0,5.103,26282000000.0,1233000000.0,907000000.0,852000000.0,17.663,12634000000.0
26,GILD,MRQ,2014-12-31,2014-12-31,2014-12-31,2021-08-05,301000000.0,34664000000.0,,17714000000.0,16950000000.0,,10.257,-167000000.0,10027000000.0,10027000000.0,1063000000.0,3462000000.0,3.075,1.222,12404000000.0,483000000.0,11921000000.0,12404000000.0,134000000.0,275000000.0,0.0,0.0,0.0,4385000000.0,4660000000.0,0.637,4660000000.0,4385000000.0,4255000000.0,2.31,2.17,2.31,15426000000.0,,15426000000.0,145407762029.0,9.0,8.888,2854000000.0,1.898,1.0,6251000000.0,0.855,12245000000.0,130000000.0,19035000000.0,,1386000000.0,1699000000.0,101000000.0,1598000000.0,18845000000.0,5761000000.0,13084000000.0,142206700029.0,3818000000.0,0.0,-1945000000.0,2962000000.0,0.0,1234000000.0,-405000000.0,-238000000.0,3021000000.0,-32000000.0,3487000000.0,3487000000.0,3487000000.0,0.0,-25000000.0,0.477,1921000000.0,4330000000.0,955000000.0,0.0,9.219,11.752,11.857,1674000000.0,0.0,94.26,5.713,5.764,4635000000.0,12732000000.0,7314000000.0,7314000000.0,1045000000.0,,,,,95000000.0,876000000.0,1.0,1508664333.0,1504000000,1602000000.0,4.863,22419000000.0,744000000.0,768000000.0,562000000.0,14.906,11953000000.0
27,GILD,MRQ,2014-09-30,2014-09-30,2014-09-30,2021-08-05,173962000.0,28844393000.0,,12562031000.0,16282362000.0,,8.961,-135000000.0,6209060000.0,6209060000.0,987000000.0,2724000000.0,2.075,1.104,9410122000.0,1477082000.0,7933040000.0,9410122000.0,116880000.0,268000000.0,0.0,0.0,0.0,3482000000.0,3750000000.0,0.621,3750000000.0,3482000000.0,3378000000.0,1.8,1.67,1.8,13566223000.0,,13566223000.0,161691413041.0,13.0,12.419,3909000000.0,2.582,1.0,5055000000.0,0.837,12478108000.0,104000000.0,13512395000.0,,1909584000.0,1482666000.0,107266000.0,1375400000.0,14980783000.0,6054952000.0,8925831000.0,160917320041.0,-2522000000.0,0.0,-1586000000.0,-105000000.0,0.0,-5772000000.0,-770000000.0,-635000000.0,4044000000.0,-24000000.0,2731000000.0,2731000000.0,2731000000.0,0.0,-7000000.0,0.452,1575000000.0,3480000000.0,1182917000.0,0.0,11.862,17.109,17.309,1509796000.0,0.0,106.45,7.775,7.787,2850367000.0,11247655000.0,6042000000.0,6042000000.0,630000000.0,,,,,100000000.0,945000000.0,1.0,1511670456.0,1514000000,1637000000.0,3.991,16366285000.0,1147425000.0,647000000.0,526648000.0,10.81,6507079000.0
28,GILD,MRQ,2014-06-30,2014-06-30,2014-06-30,2021-08-05,-41460000.0,31206164000.0,,15499339000.0,15706825000.0,,10.496,-91000000.0,8730522000.0,8730522000.0,925000000.0,3650000000.0,2.489,0.918,9504615000.0,1572079000.0,7932536000.0,9504615000.0,126284000.0,266000000.0,0.0,0.0,0.0,4414000000.0,4680000000.0,0.716,4680000000.0,4414000000.0,4312000000.0,2.39,2.2,2.39,16090629000.0,,16090629000.0,130723093491.0,13.0,12.455,4094000000.0,2.671,1.0,5610000000.0,0.858,12679880000.0,102000000.0,13072380000.0,,2068753000.0,850861000.0,68546000.0,782315000.0,14776822000.0,6227997000.0,8548825000.0,127323403491.0,2327000000.0,0.0,-1146000000.0,-311000000.0,0.0,-1371000000.0,-487000000.0,-396000000.0,4185000000.0,0.0,3656000000.0,3656000000.0,3656000000.0,0.0,-6000000.0,0.559,1198000000.0,4412000000.0,1162307000.0,0.0,7.913,17.06,17.06,1380776000.0,0.0,82.91,7.302,7.289,3436711000.0,10199576000.0,6535000000.0,6535000000.0,584000000.0,,,,,84000000.0,614000000.0,1.0,1535682107.0,1533000000,1664000000.0,4.263,18526284000.0,916848000.0,656000000.0,503520000.0,12.085,9271342000.0
29,GILD,MRQ,2014-03-31,2014-03-31,2014-03-31,2021-08-05,-95769000.0,28077692000.0,,12970629000.0,15107063000.0,,8.71,-164000000.0,6404153000.0,6404153000.0,813000000.0,2223000000.0,2.193,1.074,9803843000.0,1871811000.0,7932032000.0,9803843000.0,111792000.0,241000000.0,0.0,0.0,0.0,3029000000.0,3270000000.0,0.654,3270000000.0,3029000000.0,2953000000.0,1.45,1.33,1.45,13387322000.0,,13387322000.0,113523547486.0,17.0,16.109,1404000000.0,0.913,1.0,4186000000.0,0.837,12879391000.0,76000000.0,12683215000.0,,2140228000.0,454748000.0,64877000.0,389871000.0,14375498000.0,5914776000.0,8460722000.0,109000601486.0,4291000000.0,0.0,-341000000.0,3150000000.0,0.0,2884000000.0,-161000000.0,3000000.0,1568000000.0,0.0,2227000000.0,2227000000.0,2227000000.0,0.0,-4000000.0,0.445,1143000000.0,3043000000.0,1234507000.0,0.0,8.142,23.8,23.779,1303029000.0,0.0,70.86,7.974,7.968,3236195000.0,7734979000.0,4999000000.0,4999000000.0,595000000.0,,,,,83000000.0,548000000.0,1.0,1538252914.0,1537000000,1680000000.0,3.252,15198301000.0,855901000.0,726000000.0,460931000.0,9.888,7055853000.0
30,GILD,MRQ,2013-12-31,2013-12-31,2013-12-31,2021-08-05,-124000000.0,22579000000.0,,6997000000.0,15582000000.0,,7.405,-68690000.0,2113000000.0,2113000000.0,858021000.0,786456000.0,1.092,0.953,6636000000.0,2697000000.0,3939000000.0,6636000000.0,111000000.0,128255000.0,0.0,0.0,0.0,1190967000.0,1319222000.0,0.423,1319222000.0,1190967000.0,1117711000.0,0.51,0.46,0.51,11370000000.0,,11370000000.0,120457253861.0,27.0,24.694,658109000.0,0.429,1.0,2262117000.0,0.725,13069000000.0,73256000.0,7626000000.0,,1697000000.0,458000000.0,19000000.0,439000000.0,10834000000.0,6407000000.0,4427000000.0,115154517861.0,101958000.0,-355000.0,-327412000.0,-699087000.0,0.0,-845118000.0,216765000.0,285810000.0,726799000.0,3512000.0,791603000.0,791603000.0,791603000.0,0.0,-5147000.0,0.254,1065075000.0,1197042000.0,1256000000.0,0.0,10.128,37.449,37.363,1166000000.0,0.0,75.1,10.28,10.251,2182000000.0,6106000000.0,3120138000.0,3120138000.0,552222000.0,,,,,76519000.0,512853000.0,1.0,1533349106.0,1535459000,1711059000.0,2.032,9510000000.0,919000000.0,326108000.0,256000000.0,6.194,590000000.0
31,GILD,MRQ,2013-09-30,2013-09-30,2013-09-30,2021-08-05,-42070000.0,22468428000.0,,6968061000.0,15500367000.0,,7.104,-37180000.0,2010736000.0,2010736000.0,681868000.0,785216000.0,1.423,1.036,7313472000.0,1457379000.0,5856093000.0,7313472000.0,152676000.0,69242000.0,0.0,0.0,0.0,1157028000.0,1226270000.0,0.441,1226270000.0,1157028000.0,1083079000.0,0.51,0.47,0.51,10883610000.0,,10883610000.0,101366058940.0,23.0,21.366,715916000.0,0.467,1.0,2100965000.0,0.755,13222614000.0,73949000.0,9653426000.0,,1946048000.0,744821000.0,79758000.0,665063000.0,11275955000.0,4895124000.0,6380831000.0,96230457940.0,-191440000.0,0.0,-5691000.0,-37294000.0,0.0,-942233000.0,-8032000.0,29148000.0,753096000.0,5729000.0,788606000.0,788606000.0,788606000.0,0.0,-3390000.0,0.283,953104000.0,1147861000.0,1350402000.0,0.0,8.842,31.589,31.593,1133032000.0,0.0,62.87,9.019,9.028,1971926000.0,5735335000.0,2782833000.0,2782833000.0,546244000.0,,,,,63887000.0,406860000.0,1.0,1530626021.0,1532105000,1691898000.0,1.816,9245814000.0,864729000.0,294473000.0,248900000.0,6.035,2072937000.0
32,GILD,MRQ,2013-06-30,2013-06-30,2013-06-30,2021-08-05,30371000.0,22624374000.0,,7072529000.0,15551845000.0,,7.264,-45276000.0,2202176000.0,2202176000.0,684663000.0,767618000.0,1.433,1.017,7337777000.0,1488225000.0,5849552000.0,7337777000.0,140887000.0,73177000.0,0.0,0.0,0.0,1158594000.0,1231771000.0,0.445,1231771000.0,1158594000.0,1080586000.0,0.51,0.46,0.51,11092000000.0,,11092000000.0,84338628148.0,19.0,18.2,907728000.0,0.594,1.0,2082731000.0,0.753,13244159000.0,78008000.0,9578678000.0,,1935147000.0,773622000.0,85194000.0,688428000.0,11280990000.0,4937138000.0,6343852000.0,78204993148.0,338204000.0,0.0,60293000.0,-682474000.0,0.0,-557648000.0,-55477000.0,-10201000.0,953004000.0,-1675000.0,772605000.0,772605000.0,772605000.0,0.0,-4987000.0,0.279,928893000.0,1153838000.0,1390641000.0,0.0,7.051,26.661,26.565,1135993000.0,0.0,51.27,7.583,7.591,1895913000.0,5065839000.0,2767394000.0,2767394000.0,523902000.0,,,,,57668000.0,404991000.0,1.0,1525355825.0,1526945000,1694577000.0,1.812,9380215000.0,775590000.0,307981000.0,278879000.0,6.143,2135391000.0
33,GILD,MRQ,2013-03-31,2013-03-31,2013-03-31,2021-08-05,20806000.0,22211668000.0,,6663097000.0,15548571000.0,,6.673,-38854000.0,1863972000.0,1863972000.0,634448000.0,717710000.0,1.553,1.164,7997607000.0,942811000.0,7054796000.0,7997607000.0,156573000.0,74326000.0,0.0,0.0,0.0,1026411000.0,1100737000.0,0.435,1100737000.0,1026411000.0,944624000.0,0.47,0.43,0.47,10152231000.0,,10152231000.0,80926240831.0,19.0,17.853,633247000.0,0.416,1.0,1897187000.0,0.749,13265705000.0,81787000.0,10789383000.0,,1799618000.0,767058000.0,78804000.0,688254000.0,11819195000.0,4290215000.0,7528980000.0,74505889831.0,60278000.0,-378645000.0,3810000.0,-247145000.0,0.0,-199001000.0,-407256000.0,10243000.0,672101000.0,-5566000.0,722186000.0,722186000.0,722186000.0,0.0,-4476000.0,0.285,871928000.0,1025259000.0,1356372000.0,0.0,7.339,25.94,25.894,1125794000.0,0.0,48.94,7.487,7.482,1945189000.0,4301539000.0,2531635000.0,2531635000.0,497632000.0,,,,,59926000.0,374296000.0,1.0,1522392518.0,1521372000,1665060000.0,1.664,8945963000.0,762718000.0,222438000.0,247893000.0,5.88,2372882000.0
34,GILD,MRQ,2012-12-31,2012-12-31,2012-12-31,2021-08-05,-45615000.0,21239838000.0,,6156347000.0,15083491000.0,,6.129,-269825000.0,1803694000.0,1803694000.0,675455000.0,759360000.0,1.453,1.257,8224045000.0,1169490000.0,7054555000.0,8224045000.0,123694000.0,73425000.0,0.0,0.0,0.0,1112088000.0,1185513000.0,0.458,1185513000.0,1112088000.0,1026098000.0,0.5,0.47,0.5,9302592000.0,,9302592000.0,62869823691.0,16.0,14.727,436187000.0,0.287,1.0,1912313000.0,0.739,12797312000.0,85990000.0,10624980000.0,,1744982000.0,778392000.0,58556000.0,719836000.0,11696116000.0,4237897000.0,7458219000.0,55649256691.0,253067000.0,-364000.0,-84264000.0,-573566000.0,0.0,-510197000.0,50124000.0,320313000.0,706012000.0,7128000.0,762975000.0,762975000.0,762975000.0,0.0,-3615000.0,0.295,805505000.0,1106808000.0,1327339000.0,0.0,5.982,21.47,21.477,1100259000.0,0.0,36.725,5.736,5.735,1751388000.0,3704744000.0,2587768000.0,2587768000.0,439714000.0,,,,,59956000.0,365791000.0,1.0,1515296302.0,1517808000,1629056000.0,1.705,8442526000.0,742168000.0,263123000.0,139415000.0,5.562,1918450000.0
35,GILD,MRQ,2012-09-30,2012-09-30,2012-09-30,2021-08-05,28249000.0,20963829000.0,,5880379000.0,15083450000.0,,5.68,-66584000.0,1550710000.0,1550710000.0,597269000.0,671035000.0,1.225,1.42,8771277000.0,1730895000.0,7040382000.0,8771277000.0,119884000.0,70996000.0,0.0,0.0,0.0,1044879000.0,1115875000.0,0.46,1115875000.0,1044879000.0,955557000.0,0.45,0.43,0.45,8603642000.0,,8603642000.0,57656882069.0,15.0,14.222,678784000.0,0.448,1.0,1829328000.0,0.754,12814273000.0,89322000.0,10567975000.0,,1617369000.0,1100378000.0,144775000.0,955603000.0,12213667000.0,4802148000.0,7411519000.0,50183189069.0,-74790000.0,0.0,-56736000.0,-350016000.0,0.0,-307514000.0,-518044000.0,-451460000.0,745368000.0,5400000.0,675505000.0,675505000.0,675505000.0,0.0,-4470000.0,0.278,785414000.0,1043914000.0,1319670000.0,0.0,5.833,20.12,19.979,856184000.0,0.0,33.165,5.388,5.393,1766091000.0,3139393000.0,2426597000.0,2426597000.0,465831000.0,,,,,55545000.0,319583000.0,1.0,1513137014.0,1514770000,1584608000.0,1.602,8149556000.0,666916000.0,280052000.0,145742000.0,5.38,1078231000.0
36,GILD,MRQ,2012-06-30,2012-06-30,2012-06-30,2021-08-05,124377000.0,20501950000.0,,5844102000.0,14657848000.0,,5.286,-37392000.0,1625500000.0,1625500000.0,617345000.0,706074000.0,1.172,1.552,9099193000.0,1972816000.0,7126377000.0,9099193000.0,117322000.0,67412000.0,0.0,0.0,0.0,1063507000.0,1130919000.0,0.47,1130919000.0,1063507000.0,975089000.0,0.47,0.46,0.47,8002120000.0,,8002120000.0,46812340135.0,12.0,11.608,1253259000.0,0.828,1.0,1787841000.0,0.743,12830110000.0,88418000.0,10158859000.0,,1603401000.0,646174000.0,82044000.0,564130000.0,12418563000.0,4986674000.0,7431889000.0,38835463135.0,173558000.0,0.0,-171760000.0,-351539000.0,0.0,-474879000.0,-634964000.0,-597572000.0,1290651000.0,-7250000.0,711564000.0,711564000.0,711564000.0,0.0,-5490000.0,0.296,728749000.0,1059092000.0,1367353000.0,0.0,4.853,15.171,15.127,811799000.0,0.0,25.64,4.31,4.308,1702818000.0,2663077000.0,2405186000.0,2405186000.0,396244000.0,,,,,48919000.0,332505000.0,1.0,1514643648.0,1513902000,1561012000.0,1.589,7671840000.0,635967000.0,263525000.0,138502000.0,5.068,857428000.0
37,GILD,MRQ,2012-03-31,2012-03-31,2012-03-31,2021-08-05,33591000.0,19950386000.0,,5826532000.0,14123854000.0,,4.835,-23199000.0,1451942000.0,1451942000.0,580931000.0,437531000.0,1.391,1.721,9428819000.0,1351573000.0,8077246000.0,9428819000.0,126697000.0,66167000.0,0.0,0.0,0.0,770526000.0,836693000.0,0.367,836693000.0,770526000.0,673256000.0,0.29,0.28,0.29,7313612000.0,,7313612000.0,34725957538.0,9.0,8.661,429770000.0,0.284,1.0,1701518000.0,0.745,12845946000.0,97270000.0,10893413000.0,,1418033000.0,48168000.0,0.0,48168000.0,12586302000.0,4187904000.0,8398398000.0,37002428538.0,-8431835000.0,-10751636000.0,111760000.0,1794121000.0,0.0,1855590000.0,-10743116000.0,31719000.0,452969000.0,2722000.0,441956000.0,441956000.0,441956000.0,0.0,-4425000.0,0.194,901332000.0,800186000.0,1339257000.0,0.0,5.059,14.262,14.371,782867000.0,0.0,24.43,4.233,4.227,2163659000.0,2178639000.0,2282449000.0,2282449000.0,458211000.0,,,,,43580000.0,443121000.0,1.0,1514630722.0,1512572000,1554776000.0,1.509,7104440000.0,635406000.0,231300000.0,155146000.0,4.697,1638628000.0
38,GILD,MRQ,2011-12-31,2011-12-31,2011-12-31,2021-08-05,58200000.0,17303134000.0,,13918785000.0,3384349000.0,,4.567,-26110000.0,9883777000.0,9883777000.0,584447000.0,661759000.0,5.535,1.549,7607306000.0,1572000.0,7605734000.0,7607306000.0,106535000.0,73425000.0,0.0,0.0,0.0,897227000.0,970652000.0,0.441,970652000.0,897227000.0,822229000.0,0.45,0.44,0.45,6738856000.0,,6738856000.0,33728114766.0,9.0,8.082,951997000.0,0.645,1.0,1615931000.0,0.734,2066966000.0,74998000.0,10444907000.0,,1389983000.0,80195000.0,16491000.0,63704000.0,10435785000.0,2514790000.0,7920995000.0,30744128766.0,8974418000.0,0.0,-172799000.0,3673389000.0,0.0,3526620000.0,4440336000.0,4466446000.0,978107000.0,29355000.0,665145000.0,665145000.0,665145000.0,0.0,-3386000.0,0.302,748455000.0,867476000.0,1206052000.0,0.0,4.562,10.966,11.307,774406000.0,0.0,20.465,3.666,3.782,1951167000.0,1776760000.0,2200378000.0,2200378000.0,402236000.0,,,,,46667000.0,346219000.0,1.0,1502278464.0,1475592000,1504372000.0,1.491,15236168000.0,598614000.0,157084000.0,176238000.0,10.325,11403995000.0
39,GILD,MRQ,2011-09-30,2011-09-30,2011-09-30,2021-08-05,-15541000.0,12639898000.0,,6147267000.0,6492631000.0,,3.987,-64289000.0,909359000.0,909359000.0,531989000.0,737538000.0,2.764,1.047,3893345000.0,1587000.0,3891758000.0,3893345000.0,103377000.0,73001000.0,0.0,0.0,0.0,1021670000.0,1094671000.0,0.516,1094671000.0,1021670000.0,978573000.0,0.485,0.475,0.485,6116764000.0,,6116764000.0,32904871665.0,9.0,7.98,832817000.0,0.543,1.0,1589671000.0,0.749,2111003000.0,43097000.0,11288450000.0,,1337751000.0,4572757000.0,1347776000.0,3224981000.0,6406692000.0,2224431000.0,4182261000.0,29932459665.0,3580000.0,0.0,-841646000.0,-52000.0,0.0,-876199000.0,-80320000.0,-16031000.0,897106000.0,62993000.0,741124000.0,741124000.0,741124000.0,0.0,-3586000.0,0.349,585993000.0,1003678000.0,1063723000.0,0.0,4.894,10.814,11.054,761190000.0,0.0,19.4,3.658,3.637,1867092000.0,1321796000.0,2121660000.0,2121660000.0,290066000.0,,,,,45001000.0,295927000.0,1.0,1542910292.0,1534066000,1562624000.0,1.383,10528895000.0,561557000.0,237449000.0,150697000.0,6.863,3922836000.0
40,GILD,MRQ,2011-06-30,2011-06-30,2011-06-30,2021-08-05,-133279000.0,12694140000.0,,6219045000.0,6475095000.0,,3.852,-26635000.0,905779000.0,905779000.0,533863000.0,742459000.0,2.691,1.072,3878191000.0,7345000.0,3870846000.0,3878191000.0,90949000.0,74892000.0,0.0,0.0,0.0,1032464000.0,1107356000.0,0.518,1107356000.0,1032464000.0,986357000.0,0.475,0.465,0.475,6046845000.0,,6046845000.0,35259166255.0,9.0,8.61,916620000.0,0.584,1.0,1603390000.0,0.75,2128410000.0,46107000.0,11227301000.0,,1321615000.0,4593533000.0,1364539000.0,3228994000.0,6482809000.0,2310841000.0,4171968000.0,32591921255.0,-930199000.0,-367503000.0,-667130000.0,-650021000.0,0.0,-1371962000.0,-469790000.0,-75652000.0,943255000.0,-31702000.0,746227000.0,746227000.0,746227000.0,0.0,-3768000.0,0.349,586672000.0,1016718000.0,1102319000.0,0.0,5.39,11.931,12.215,721884000.0,0.0,20.705,4.074,4.063,1938645000.0,1395908000.0,2137253000.0,2137253000.0,282403000.0,,,,,49742000.0,304269000.0,1.0,1574108730.0,1569614000,1601600000.0,1.362,10565730000.0,606477000.0,240130000.0,122463000.0,6.731,3908204000.0
41,GILD,MRQ,2011-03-31,2011-03-31,2011-03-31,2021-08-05,-101182000.0,12987354000.0,,6851132000.0,6136222000.0,,3.735,-14870000.0,1835978000.0,1835978000.0,474111000.0,647303000.0,2.474,1.146,4503223000.0,653093000.0,3850130000.0,4503223000.0,127648000.0,80914000.0,0.0,0.0,0.0,919639000.0,1000553000.0,0.519,1000553000.0,919639000.0,878423000.0,0.41,0.4,0.41,5946253000.0,,5946253000.0,36351928431.0,10.0,8.953,805672000.0,0.506,1.0,1451983000.0,0.754,1629971000.0,41216000.0,11255863000.0,,1304457000.0,4520320000.0,1175321000.0,3344999000.0,6811993000.0,2768765000.0,4043228000.0,33774889431.0,928099000.0,-221105000.0,-489820000.0,985837000.0,0.0,485110000.0,-300381000.0,-64406000.0,820542000.0,-77172000.0,651141000.0,651141000.0,651141000.0,0.0,-3838000.0,0.338,550014000.0,901969000.0,981631000.0,0.0,5.68,12.521,13.068,703794000.0,0.0,21.235,4.336,4.34,1801212000.0,1320335000.0,1926094000.0,1926094000.0,254446000.0,,,,,47351000.0,295568000.0,1.0,1590529288.0,1592230000,1623714000.0,1.21,11357383000.0,697618000.0,227282000.0,115482000.0,7.133,4082367000.0
42,GILD,MRQ,2010-12-31,2010-12-31,2010-12-31,2021-08-05,30911000.0,11592630000.0,,5708082000.0,5884548000.0,,3.626,-23361000.0,907879000.0,907879000.0,496337000.0,626365000.0,2.316,0.933,3484918000.0,646345000.0,2838573000.0,3484918000.0,136019000.0,77517000.0,0.0,0.0,0.0,843199000.0,920716000.0,0.461,920716000.0,843199000.0,802577000.0,0.385,0.385,0.385,5863729000.0,,5863729000.0,31850185252.0,8.0,7.408,701482000.0,0.434,1.0,1502350000.0,0.752,1425592000.0,40622000.0,10279127000.0,,1203809000.0,4410192000.0,1190789000.0,3219403000.0,5470793000.0,2464950000.0,3005843000.0,29422084252.0,-115114000.0,0.0,-561141000.0,-197000.0,0.0,-459656000.0,-407816000.0,-384455000.0,724843000.0,27515000.0,629419000.0,629419000.0,629419000.0,0.0,-3054000.0,0.315,672969000.0,829381000.0,803025000.0,0.0,5.018,10.141,10.722,701235000.0,0.0,18.12,3.701,3.903,1621966000.0,1183730000.0,1998687000.0,1998687000.0,392760000.0,,,,,52519000.0,280209000.0,1.0,1623735334.0,1617158000,1645872000.0,1.236,10167038000.0,753142000.0,173158000.0,108887000.0,6.287,3243132000.0
43,GILD,MRQ,2010-09-30,2010-09-30,2010-09-30,2021-08-05,7485000.0,11455591000.0,,6031947000.0,5423644000.0,,3.425,-10806000.0,1022993000.0,1022993000.0,477584000.0,702163000.0,2.329,0.977,3451094000.0,632386000.0,2818708000.0,3451094000.0,135240000.0,69053000.0,0.0,0.0,0.0,997379000.0,1066432000.0,0.55,1066432000.0,997379000.0,963759000.0,0.425,0.415,0.425,5706314000.0,,5706314000.0,30067909387.0,7.0,6.649,728616000.0,0.437,1.0,1460072000.0,0.754,1576573000.0,33620000.0,9717011000.0,,1273389000.0,4028688000.0,1284538000.0,2744150000.0,5576819000.0,2590108000.0,2986711000.0,29863706387.0,-459646000.0,-91000000.0,-1375014000.0,1962467000.0,0.0,270450000.0,-1394129000.0,-1292323000.0,739422000.0,-75389000.0,704876000.0,704876000.0,704876000.0,0.0,-2713000.0,0.364,480999000.0,979073000.0,950813000.0,0.0,5.233,9.715,10.174,692032000.0,0.0,17.805,3.741,3.716,1670405000.0,1122030000.0,1937656000.0,1937656000.0,230440000.0,,,,,51067000.0,250559000.0,1.0,1677265172.0,1666012000,1694456000.0,1.163,9879018000.0,685563000.0,258883000.0,119507000.0,5.93,3441839000.0
44,GILD,MRQ,2010-06-30,2010-06-30,2010-06-30,2021-08-05,189624000.0,10496708000.0,,5709014000.0,4787694000.0,,3.721,-16051000.0,1482639000.0,1482639000.0,455525000.0,709127000.0,1.838,0.579,1686842000.0,1124230000.0,562612000.0,1686842000.0,155886000.0,58801000.0,0.0,0.0,0.0,1013846000.0,1072647000.0,0.557,1072647000.0,1013846000.0,996082000.0,0.405,0.395,0.405,6562495000.0,,6562495000.0,30746595600.0,7.0,6.95,683028000.0,0.387,1.0,1471699000.0,0.764,1494813000.0,17764000.0,6100375000.0,,1356606000.0,2734896000.0,518286000.0,2216610000.0,3796708000.0,3105723000.0,690985000.0,30506288600.0,545759000.0,0.0,-1650632000.0,494463000.0,0.0,-1165536000.0,932972000.0,949023000.0,699079000.0,79244000.0,712061000.0,712061000.0,712061000.0,0.0,-2934000.0,0.369,479072000.0,992627000.0,1066433000.0,0.0,4.649,10.028,10.082,695043000.0,0.0,17.14,3.888,3.852,1482900000.0,1831381000.0,1927224000.0,1927224000.0,231066000.0,,,,,48234000.0,248006000.0,1.0,1779830140.0,1763604000,1797506000.0,1.093,9001895000.0,622434000.0,284021000.0,90159000.0,5.104,2603291000.0
45,GILD,MRQ,2010-03-31,2010-03-31,2010-03-31,2021-08-05,83473000.0,10695998000.0,,5124228000.0,5571770000.0,,4.072,-11666000.0,936880000.0,936880000.0,440430000.0,852094000.0,2.715,0.435,1177187000.0,7088000.0,1170099000.0,1177187000.0,163729000.0,60106000.0,0.0,0.0,0.0,1179593000.0,1239699000.0,0.594,1239699000.0,1179593000.0,1162638000.0,0.475,0.46,0.475,7341996000.0,,7341996000.0,40964714493.0,10.0,9.8,658903000.0,0.365,1.0,1645423000.0,0.789,1509794000.0,16955000.0,7538860000.0,,1223945000.0,3683035000.0,715308000.0,2967727000.0,3193326000.0,1887651000.0,1305675000.0,41076642493.0,-336078000.0,0.0,-59158000.0,-19000.0,0.0,16032000.0,-1068778000.0,-1057112000.0,670569000.0,46099000.0,854901000.0,854901000.0,854901000.0,0.0,-2807000.0,0.41,484282000.0,1161141000.0,949084000.0,0.0,5.595,14.157,14.121,695601000.0,0.0,22.735,5.429,5.418,1491332000.0,2688679000.0,2085853000.0,2085853000.0,218664000.0,,,,,48687000.0,265618000.0,1.0,1806757972.0,1803212000,1856736000.0,1.157,9186204000.0,618921000.0,307737000.0,105287000.0,5.094,3236577000.0
46,GILD,MRQ,2009-12-31,2009-12-31,2009-12-31,2021-08-05,-5758000.0,9698559000.0,,4812558000.0,4886001000.0,,3.538,-26987000.0,1272958000.0,1272958000.0,473399000.0,799393000.0,2.571,0.502,1161030000.0,5587000.0,1155443000.0,1161030000.0,165747000.0,64110000.0,0.0,0.0,0.0,1079556000.0,1143666000.0,0.563,1143666000.0,1079556000.0,1062266000.0,0.445,0.43,0.445,6367065000.0,,6367065000.0,39261657957.0,11.0,10.346,928289000.0,0.516,1.0,1558980000.0,0.767,1524777000.0,17290000.0,6190223000.0,,1051771000.0,2631888000.0,384017000.0,2247871000.0,3193401000.0,1871631000.0,1321770000.0,38939756957.0,248359000.0,0.0,-180200000.0,-200090000.0,0.0,-324079000.0,-397684000.0,-370697000.0,955276000.0,14846000.0,802212000.0,802212000.0,802212000.0,0.0,-2819000.0,0.395,493542000.0,1065438000.0,810544000.0,0.0,6.116,14.774,14.869,699970000.0,0.0,21.635,5.554,5.583,1389534000.0,1995272000.0,2032379000.0,2032379000.0,239645000.0,,,,,43031000.0,253897000.0,1.0,1799850102.0,1799554000,1853692000.0,1.129,8173782000.0,670774000.0,260054000.0,255006000.0,4.542,2940927000.0
47,GILD,MRQ,2009-09-30,2009-09-30,2009-09-30,2021-08-05,-39199000.0,8936980000.0,,4297610000.0,4639370000.0,,3.125,-18125000.0,1024599000.0,1024599000.0,409700000.0,670478000.0,2.275,0.564,1346500000.0,205613000.0,1140887000.0,1346500000.0,93929000.0,57051000.0,0.0,0.0,0.0,910978000.0,968029000.0,0.537,968029000.0,910978000.0,893761000.0,0.375,0.36,0.375,5646538000.0,,5646538000.0,42539299915.0,13.0,12.424,842406000.0,0.466,1.0,1391689000.0,0.773,1555602000.0,17217000.0,5814030000.0,,1017827000.0,2267531000.0,330713000.0,1936818000.0,3184823000.0,1889249000.0,1295574000.0,42048150915.0,-16275000.0,0.0,-229416000.0,-205550000.0,0.0,-425325000.0,-426649000.0,-408524000.0,860531000.0,-24832000.0,673033000.0,673033000.0,673033000.0,0.0,-2555000.0,0.374,497283000.0,894406000.0,742684000.0,0.0,7.447,17.568,17.614,701371000.0,0.0,23.25,6.563,6.556,1339165000.0,1420613000.0,1801389000.0,1801389000.0,269856000.0,,,,,50428000.0,227427000.0,1.0,1808522620.0,1806638000,1864848000.0,0.997,7381378000.0,576618000.0,220728000.0,207293000.0,4.086,2408361000.0
48,GILD,MRQ,2009-06-30,2009-06-30,2009-06-30,2021-08-05,23293000.0,8387092000.0,,4001307000.0,4385785000.0,,2.865,-20874000.0,1040874000.0,1040874000.0,383045000.0,569145000.0,2.251,0.592,1532023000.0,405622000.0,1126401000.0,1532023000.0,99762000.0,52635000.0,0.0,0.0,0.0,776237000.0,828872000.0,0.503,828872000.0,776237000.0,757753000.0,0.315,0.305,0.315,5189851000.0,,5189851000.0,41909404356.0,14.0,13.082,602043000.0,0.332,1.0,1264110000.0,0.767,1570790000.0,18484000.0,5529569000.0,,969971000.0,1857572000.0,203394000.0,1654178000.0,3073123000.0,1777882000.0,1295241000.0,42455571356.0,-622772000.0,-1247816000.0,-177033000.0,94573000.0,0.0,-156293000.0,-1063178000.0,205512000.0,622917000.0,-26218000.0,571398000.0,571398000.0,571398000.0,0.0,-2253000.0,0.347,503049000.0,761061000.0,649999000.0,0.0,8.18,19.156,19.276,697426000.0,0.0,23.42,7.103,7.097,1242899000.0,1019839000.0,1647155000.0,1647155000.0,241638000.0,,,,,51451000.0,261411000.0,1.0,1812791262.0,1811222000,1868956000.0,0.909,6816302000.0,520097000.0,186355000.0,138732000.0,3.763,2223425000.0
49,GILD,MRQ,2009-03-31,2009-03-31,2009-03-31,2021-08-05,111644000.0,7519914000.0,,4615915000.0,2903999000.0,,2.64,-164071000.0,1663646000.0,1663646000.0,329414000.0,586576000.0,3.658,0.521,1117479000.0,5613000.0,1111866000.0,1117479000.0,99585000.0,39148000.0,0.0,0.0,0.0,815010000.0,854158000.0,0.558,854158000.0,815010000.0,798339000.0,0.325,0.315,0.325,4804089000.0,,4804089000.0,42041600165.0,15.0,13.857,477259000.0,0.262,1.0,1201046000.0,0.785,0.0,16671000.0,5711950000.0,,936727000.0,1945243000.0,396648000.0,1548595000.0,2502631000.0,1261797000.0,1240834000.0,42195417165.0,204344000.0,0.0,-189118000.0,-36000.0,0.0,-145741000.0,-328389000.0,-164318000.0,641330000.0,37144000.0,589112000.0,589112000.0,589112000.0,0.0,-2536000.0,0.385,392730000.0,808316000.0,578362000.0,0.0,8.783,20.289,20.405,679437000.0,0.0,23.16,7.524,7.514,1068000000.0,672956000.0,1530460000.0,1530460000.0,188779000.0,,,,,43956000.0,203951000.0,1.0,1821909204.0,1819560000,1884958000.0,0.841,7519914000.0,535917000.0,209227000.0,151950000.0,4.133,3354118000.0
50,GILD,MRQ,2008-12-31,2008-12-31,2008-12-31,2021-08-05,41240000.0,6936831000.0,,4278408000.0,2658423000.0,,2.345,-41660000.0,1459302000.0,1459302000.0,321531000.0,557594000.0,3.504,0.578,1103656000.0,5631000.0,1098025000.0,1103656000.0,117144000.0,40393000.0,0.0,0.0,0.0,732553000.0,772946000.0,0.541,772946000.0,732553000.0,716120000.0,0.305,0.295,0.305,4272573000.0,,4272573000.0,46659952592.0,17.0,16.078,536627000.0,0.294,1.0,1106674000.0,0.775,123008000.0,16433000.0,5237185000.0,,927868000.0,1780337000.0,330760000.0,1449577000.0,2471248000.0,1220992000.0,1250256000.0,46563467592.0,249878000.0,0.0,-683805000.0,-577000.0,0.0,-580423000.0,238575000.0,280235000.0,578287000.0,13439000.0,559963000.0,559963000.0,559963000.0,0.0,-2369000.0,0.392,395528000.0,711146000.0,601200000.0,0.0,10.898,23.53,23.786,528799000.0,0.0,25.57,8.727,8.824,1023397000.0,300314000.0,1428205000.0,1428205000.0,201863000.0,,,,,42734000.0,193665000.0,1.0,1821019460.0,1822180000,1884998000.0,0.784,6813823000.0,565928000.0,156157000.0,101345000.0,3.739,3057416000.0
51,GILD,MRQ,2008-09-30,2008-09-30,2008-09-30,2021-08-05,17190000.0,6974128000.0,,4326683000.0,2647445000.0,,2.262,-31398000.0,1209424000.0,1209424000.0,300183000.0,493693000.0,3.436,0.674,1305909000.0,6055000.0,1299854000.0,1305909000.0,96358000.0,48098000.0,0.0,0.0,0.0,699631000.0,747729000.0,0.545,747729000.0,699631000.0,683249000.0,0.27,0.26,0.27,4165910000.0,,4165910000.0,42159784404.0,16.0,15.416,487118000.0,0.265,1.0,1071085000.0,0.781,0.0,16382000.0,5811479000.0,,897623000.0,2046838000.0,709870000.0,1336968000.0,2808218000.0,1259134000.0,1549084000.0,41975721404.0,89825000.0,-4083000.0,-209227000.0,-3556000.0,0.0,-140954000.0,-319078000.0,-283597000.0,518516000.0,31341000.0,495853000.0,495853000.0,495853000.0,0.0,-2160000.0,0.362,377251000.0,693834000.0,631525000.0,0.0,10.076,23.448,23.521,512281000.0,0.0,22.815,8.391,8.399,1047205000.0,531001000.0,1371268000.0,1371268000.0,188062000.0,,,,,46422000.0,189189000.0,1.0,1839829998.0,1841614000,1921170000.0,0.745,6974128000.0,636835000.0,187396000.0,134116000.0,3.787,3067549000.0
52,GILD,MRQ,2008-06-30,2008-06-30,2008-06-30,2021-08-05,-11000.0,6517417000.0,,3669377000.0,2848040000.0,,2.044,-25198000.0,1119599000.0,1119599000.0,265684000.0,432623000.0,1.497,0.728,1303662000.0,1303662000.0,0.0,1303662000.0,96988000.0,37484000.0,0.0,0.0,0.0,621701000.0,659185000.0,0.516,659185000.0,621701000.0,605273000.0,0.235,0.225,0.235,3772225000.0,,3772225000.0,49422085618.0,20.0,19.144,415872000.0,0.225,1.0,1012441000.0,0.792,0.0,16428000.0,4250146000.0,,856287000.0,1788753000.0,228122000.0,1560631000.0,2745192000.0,2451334000.0,293858000.0,48844753618.0,396715000.0,-6768000.0,-79969000.0,-96000.0,0.0,-63470000.0,24900000.0,56866000.0,441070000.0,-5785000.0,434783000.0,434783000.0,434783000.0,0.0,-2160000.0,0.34,406926000.0,605515000.0,606245000.0,0.0,12.949,28.857,28.934,493012000.0,0.0,26.475,10.415,10.419,1021369000.0,265435000.0,1278125000.0,1278125000.0,176542000.0,,,,,41363000.0,219533000.0,1.0,1844938758.0,1845592000,1931326000.0,0.693,6517417000.0,635096000.0,170490000.0,148811000.0,3.531,1218043000.0
53,GILD,MRQ,2008-03-31,2008-03-31,2008-03-31,2021-08-05,-7931000.0,5879003000.0,,2948257000.0,2930746000.0,,1.794,-16749000.0,722884000.0,722884000.0,239848000.0,486425000.0,3.14,0.766,1300216000.0,216000.0,1300000000.0,1300216000.0,101438000.0,29635000.0,0.0,0.0,0.0,692621000.0,722256000.0,0.574,722256000.0,692621000.0,676620000.0,0.265,0.255,0.265,3329482000.0,,3329482000.0,48196872749.0,20.0,19.202,588762000.0,0.317,1.0,1018304000.0,0.809,0.0,16001000.0,5517330000.0,,661093000.0,1866120000.0,191311000.0,1674809000.0,2549521000.0,939005000.0,1610516000.0,47864672749.0,-245202000.0,0.0,-750456000.0,-97000.0,0.0,-689722000.0,-123216000.0,-106467000.0,605511000.0,-37775000.0,488300000.0,488300000.0,488300000.0,0.0,-1875000.0,0.388,350258000.0,668046000.0,396208000.0,0.0,14.376,28.734,28.628,455759000.0,0.0,25.765,10.733,10.724,979802000.0,-34616000.0,1258152000.0,1258152000.0,155301000.0,,,,,40425000.0,194957000.0,1.0,1857740064.0,1856208000,1933108000.0,0.678,5879003000.0,587935000.0,188320000.0,139822000.0,3.167,2009252000.0
54,GILD,MRQ,2007-12-31,2007-12-31,2007-12-31,2021-08-05,-4363000.0,5834716000.0,,3028292000.0,2806424000.0,,1.858,-14322000.0,968086000.0,968086000.0,215542000.0,362138000.0,4.113,0.686,1300286000.0,286000.0,1300000000.0,1300286000.0,92063000.0,59546000.0,0.0,0.0,0.0,546089000.0,605635000.0,0.553,605635000.0,546089000.0,493151000.0,0.2,0.19,0.2,3459990000.0,,3459990000.0,43540936076.0,19.0,18.258,401348000.0,0.216,1.0,879181000.0,0.803,0.0,52938000.0,5430641000.0,,599966000.0,1754336000.0,203892000.0,1550444000.0,2374726000.0,736275000.0,1638451000.0,42824819076.0,383958000.0,0.0,24422000.0,-82000.0,0.0,111653000.0,-129976000.0,-115654000.0,415670000.0,-13389000.0,371246000.0,371246000.0,371246000.0,0.0,-9108000.0,0.339,364696000.0,514485000.0,290333000.0,0.0,12.377,27.02,26.906,447696000.0,0.0,23.005,10.124,10.106,795127000.0,249080000.0,1094723000.0,1094723000.0,184648000.0,,,,,52891000.0,180048000.0,1.0,1861543972.0,1861950000,1938024000.0,0.588,5834716000.0,666801000.0,121905000.0,125232000.0,3.134,2292017000.0
55,GILD,MRQ,2007-09-30,2007-09-30,2007-09-30,2021-08-05,-13515000.0,5317575000.0,,2545043000.0,2772532000.0,,1.608,-17496000.0,584128000.0,584128000.0,198460000.0,398319000.0,3.681,0.783,1300245000.0,245000.0,1300000000.0,1300245000.0,96157000.0,15532000.0,0.0,0.0,0.0,579010000.0,594542000.0,0.562,594542000.0,579010000.0,576021000.0,0.215,0.21,0.215,2981845000.0,,2981845000.0,38458934576.0,176.0,141.072,233702000.0,0.126,1.0,860343000.0,0.813,129898000.0,2989000.0,5212355000.0,,565692000.0,1633923000.0,182637000.0,1451286000.0,2335730000.0,691439000.0,1644291000.0,37860277576.0,-117520000.0,-46443000.0,37863000.0,-129000.0,0.0,54152000.0,-400738000.0,-336799000.0,251198000.0,-22132000.0,398319000.0,398319000.0,398319000.0,0.0,0.0,0.376,313313000.0,547030000.0,264496000.0,0.0,12.697,-83.763,-80.137,441797000.0,0.0,20.435,9.384,9.39,803628000.0,-121556000.0,1058803000.0,1058803000.0,140357000.0,,,,,48170000.0,172956000.0,1.0,1852717278.0,1853926000,1918086000.0,0.571,5187677000.0,690765000.0,177702000.0,0.0,2.798,1853604000.0
56,GILD,MRQ,2007-06-30,2007-06-30,2007-06-30,2021-08-05,-6050000.0,4825780000.0,,2447174000.0,2378606000.0,,1.336,-21789000.0,701648000.0,701648000.0,183131000.0,407930000.0,3.255,0.939,1300305000.0,305000.0,1300000000.0,1300305000.0,84883000.0,14611000.0,0.0,0.0,0.0,572938000.0,587549000.0,0.561,587549000.0,572938000.0,570231000.0,0.22,0.21,0.22,2489063000.0,,2489063000.0,36697363891.0,-139.0,-170.795,489932000.0,0.263,1.0,864958000.0,0.825,130188000.0,2707000.0,4542524000.0,,573340000.0,1285435000.0,174776000.0,1110659000.0,2336717000.0,751725000.0,1584992000.0,36126198891.0,-27494000.0,0.0,-389987000.0,-111000.0,0.0,-355007000.0,-181322000.0,-159533000.0,511721000.0,-2886000.0,407930000.0,407930000.0,407930000.0,0.0,0.0,0.389,322110000.0,542848000.0,265264000.0,0.0,14.514,-40.03,-38.8,391016000.0,0.0,19.4,9.7,9.706,734512000.0,-519875000.0,1048089000.0,1048089000.0,135931000.0,,,,,54488000.0,186179000.0,1.0,1862180000.0,1863354000,1935856000.0,0.562,4695592000.0,543157000.0,162301000.0,60466000.0,2.52,1695449000.0
57,GILD,MRQ,2007-03-31,2007-03-31,2007-03-31,2021-08-05,-5051000.0,4615379000.0,,2440559000.0,2174820000.0,,1.285,-25041000.0,729142000.0,729142000.0,171638000.0,407407000.0,3.435,0.937,1300307000.0,307000.0,1300000000.0,1300307000.0,95987000.0,11671000.0,0.0,0.0,0.0,585401000.0,597072000.0,0.581,597072000.0,585401000.0,580854000.0,0.22,0.21,0.22,2382679000.0,,2382679000.0,36119229161.0,-83.0,-93.597,465452000.0,0.251,1.0,856792000.0,0.833,131409000.0,4547000.0,4344649000.0,,522410000.0,1131316000.0,196594000.0,934722000.0,2232700000.0,710486000.0,1522214000.0,35616489161.0,-86865000.0,0.0,83586000.0,-99137000.0,0.0,18219000.0,-590431000.0,-565390000.0,490493000.0,-5146000.0,407407000.0,407407000.0,407407000.0,0.0,0.0,0.396,296648000.0,560144000.0,297267000.0,0.0,14.948,-34.074,-33.326,377067000.0,0.0,19.163,10.595,10.568,692066000.0,-498031000.0,1028430000.0,1028430000.0,130090000.0,,,,,63458000.0,166558000.0,1.0,1858655664.0,1853880000,1925432000.0,0.555,4483970000.0,575747000.0,173447000.0,19395000.0,2.419,1730073000.0
58,GILD,MRQ,2006-12-31,2006-12-31,2006-12-31,2021-08-05,2221000.0,4085981000.0,,2429206000.0,1656775000.0,,0.987,-30213000.0,816007000.0,816007000.0,155289000.0,-1665647000.0,3.178,1.25,1318747000.0,18747000.0,1300000000.0,1318747000.0,78826000.0,11767000.0,0.0,0.0,0.0,-1518311000.0,-1506544000.0,-1.675,-1506544000.0,-1518311000.0,-1523661000.0,-0.91,-0.895,-0.91,1815718000.0,,1815718000.0,30657096461.0,-50.0,-53.731,449295000.0,0.244,1.0,743937000.0,0.827,0.0,5350000.0,3824445000.0,,564145000.0,573559000.0,120844000.0,452715000.0,2270263000.0,764276000.0,1505987000.0,29856561461.0,256427000.0,-2380005000.0,44068000.0,-40121000.0,0.0,19427000.0,-237470000.0,2172748000.0,479508000.0,-5038000.0,-1665647000.0,-1665647000.0,-1665647000.0,0.0,0.0,-1.852,2297196000.0,-1553259000.0,367029000.0,0.0,16.443,-25.09,-24.973,361299000.0,0.0,16.233,9.866,9.851,609320000.0,-891363000.0,899226000.0,899226000.0,111620000.0,,,,,40286000.0,147093000.0,1.0,1839307652.0,1840420000,1608484000.0,0.489,4085981000.0,550267000.0,141986000.0,26654000.0,2.22,1664930000.0
59,GILD,MRQ,2006-09-30,2006-09-30,2006-09-30,2021-08-05,6062000.0,5299132000.0,,4032400000.0,1266732000.0,,1.803,-41411000.0,559580000.0,559580000.0,109791000.0,-52164000.0,6.931,0.606,1360115000.0,60115000.0,1300000000.0,1360115000.0,54809000.0,11684000.0,0.0,0.0,0.0,95377000.0,107061000.0,0.143,107061000.0,95377000.0,89296000.0,-0.03,-0.03,-0.03,3298830000.0,,3298830000.0,31892767467.0,25.0,24.029,209347000.0,0.114,1.0,638942000.0,0.853,0.0,6081000.0,5517838000.0,,373266000.0,2644863000.0,2294368000.0,350495000.0,2000302000.0,581829000.0,1418473000.0,31416967467.0,-324869000.0,-356167000.0,45920000.0,-60142000.0,0.0,15058000.0,-587143000.0,-189565000.0,250758000.0,-3542000.0,-52164000.0,-52164000.0,-52164000.0,0.0,0.0,-0.07,581402000.0,57540000.0,207806000.0,0.0,9.524,41.486,41.729,288105000.0,0.0,17.192,11.482,11.497,585050000.0,774284000.0,748733000.0,748733000.0,93305000.0,,,,,47209000.0,132529000.0,1.0,1827364692.0,1829732000,1829732000.0,0.409,5299132000.0,353246000.0,141460000.0,0.0,2.896,3450571000.0
60,GILD,MRQ,2006-06-30,2006-06-30,2006-06-30,2021-08-05,-15369000.0,5179648000.0,,2491869000.0,2687779000.0,,1.747,-19326000.0,884449000.0,884449000.0,77883000.0,265150000.0,4.906,0.62,1360249000.0,60249000.0,1300000000.0,1360249000.0,47917000.0,12590000.0,0.0,0.0,0.0,403919000.0,416509000.0,0.608,416509000.0,403919000.0,398712000.0,0.145,0.14,0.145,3197914000.0,,3197914000.0,26894446755.0,19.0,17.988,246573000.0,0.135,1.0,607419000.0,0.886,0.0,5207000.0,5147480000.0,,318713000.0,2415217000.0,603134000.0,1812083000.0,1981734000.0,507968000.0,1473766000.0,26918749755.0,615772000.0,0.0,-275073000.0,1231098000.0,0.0,589999000.0,-224727000.0,-205401000.0,265899000.0,-15399000.0,265150000.0,265150000.0,265150000.0,0.0,0.0,0.387,242104000.0,365315000.0,153817000.0,0.0,8.418,27.227,27.389,253760000.0,0.0,14.79,10.85,10.91,489319000.0,826448000.0,685302000.0,685302000.0,90536000.0,,,,,86400000.0,151568000.0,1.0,1820064216.0,1830018000,1904868000.0,0.374,5179648000.0,312943000.0,133562000.0,58504000.0,2.83,1983901000.0
61,GILD,MRQ,2006-03-31,2006-03-31,2006-03-31,2021-08-05,-2473000.0,4036534000.0,,3375405000.0,661129000.0,,1.836,-14258000.0,268677000.0,268677000.0,90357000.0,262704000.0,8.0,0.191,244374000.0,60374000.0,184000000.0,244374000.0,44668000.0,11243000.0,0.0,0.0,0.0,401171000.0,412414000.0,0.595,412414000.0,401171000.0,397447000.0,0.142,0.138,0.142,3388413000.0,,3388413000.0,28356293052.0,21.0,20.649,207636000.0,0.112,1.0,602521000.0,0.87,0.0,3724000.0,3590328000.0,,224372000.0,2270944000.0,2270944000.0,0.0,648121000.0,421903000.0,226218000.0,28763350052.0,-439236000.0,0.0,43529000.0,-56132000.0,0.0,24777000.0,-689994000.0,-675736000.0,221894000.0,4087000.0,262704000.0,262704000.0,262704000.0,0.0,0.0,0.379,230869000.0,371652000.0,60209000.0,0.0,8.489,31.281,30.924,240587000.0,0.0,15.555,12.556,12.532,433633000.0,1072346000.0,692878000.0,692878000.0,88400000.0,,,,,-7748000.0,142469000.0,1.0,1849138544.0,1845700000,1927208000.0,0.375,4036534000.0,158068000.0,134743000.0,73710000.0,2.187,2953502000.0
62,GILD,MRQ,2005-12-31,2005-12-31,2005-12-31,2021-08-05,11578000.0,3766316000.0,,3092208000.0,674108000.0,,1.651,-13042000.0,707913000.0,707913000.0,74144000.0,281602000.0,6.648,0.244,60206000.0,60206000.0,0.0,60206000.0,51078000.0,11873000.0,0.0,0.0,0.0,379378000.0,391251000.0,0.642,391251000.0,379378000.0,378986000.0,0.155,0.148,0.155,3027778000.0,,3027778000.0,23480466540.0,20.0,19.6,323308000.0,0.176,1.0,535122000.0,0.878,0.0,392000.0,2653446000.0,,216903000.0,1603120000.0,1603120000.0,0.0,738538000.0,465163000.0,273375000.0,24072779540.0,189315000.0,0.0,36126000.0,298779000.0,0.0,334905000.0,-483011000.0,-469969000.0,336350000.0,1071000.0,281602000.0,281602000.0,281602000.0,0.0,0.0,0.462,175281000.0,359841000.0,70908000.0,0.0,7.951,29.577,29.206,242568000.0,0.0,13.143,11.868,11.775,396125000.0,809642000.0,609266000.0,609266000.0,68763000.0,,,,,89541000.0,106518000.0,1.0,1831674304.0,1834340000,1920352000.0,0.332,3766316000.0,151732000.0,97384000.0,95739000.0,2.053,2627045000.0
63,GILD,MRQ,2005-09-30,2005-09-30,2005-09-30,2021-08-05,9398000.0,2918685000.0,,2297715000.0,620970000.0,,1.435,-11286000.0,592722000.0,592722000.0,65498000.0,179232000.0,8.578,0.115,409000.0,118000.0,291000.0,409000.0,45288000.0,11332000.0,0.0,0.0,0.0,263600000.0,274932000.0,0.557,274932000.0,263600000.0,263574000.0,0.098,0.095,0.098,2618330000.0,,2618330000.0,21437865621.0,23.0,21.946,-158026000.0,-0.087,1.0,427953000.0,0.867,0.0,26000.0,2058506000.0,,174040000.0,1067554000.0,1067554000.0,0.0,300355000.0,267866000.0,32489000.0,22231049621.0,-275020000.0,0.0,29935000.0,-49000.0,0.0,29886000.0,-155874000.0,-144588000.0,-146740000.0,-2292000.0,179232000.0,179232000.0,179232000.0,0.0,0.0,0.363,179703000.0,248250000.0,33134000.0,0.0,8.491,34.598,34.338,238310000.0,0.0,12.19,12.428,12.433,400623000.0,528040000.0,493451000.0,493451000.0,78830000.0,,,,,19424000.0,100873000.0,1.0,1823712028.0,1824392000,1903860000.0,0.27,2918685000.0,30579000.0,84342000.0,6839000.0,1.6,2029849000.0
64,GILD,MRQ,2005-06-30,2005-06-30,2005-06-30,2021-08-05,12434000.0,2688114000.0,,2384820000.0,303294000.0,,1.321,-14748000.0,793618000.0,793618000.0,63269000.0,195967000.0,9.131,0.123,434000.0,141000.0,293000.0,434000.0,50439000.0,6435000.0,0.0,0.0,0.0,288199000.0,294634000.0,0.595,294634000.0,288199000.0,288184000.0,0.107,0.102,0.107,2392774000.0,,2392774000.0,19593681138.0,23.0,22.352,278458000.0,0.154,1.0,432000000.0,0.872,0.0,15000.0,1633740000.0,,166060000.0,995656000.0,995656000.0,0.0,295340000.0,261190000.0,34150000.0,19875202138.0,511677000.0,0.0,60191000.0,-237000.0,0.0,59954000.0,179514000.0,194262000.0,293206000.0,-20997000.0,195967000.0,195967000.0,195967000.0,0.0,0.0,0.396,154502000.0,277498000.0,57704000.0,0.0,8.306,34.472,34.048,237221000.0,0.0,10.998,12.258,12.288,371984000.0,348808000.0,495269000.0,495269000.0,59697000.0,,,,,60323000.0,94805000.0,1.0,1807247296.0,1811768000,1890380000.0,0.273,2688114000.0,44671000.0,92217000.0,17015000.0,1.484,2123630000.0
65,GILD,MRQ,2005-03-31,2005-03-31,2005-03-31,2021-08-05,-507000.0,2369483000.0,,2070244000.0,299239000.0,,1.147,-8875000.0,281941000.0,281941000.0,57415000.0,157113000.0,7.661,0.148,420000.0,161000.0,259000.0,420000.0,50650000.0,6137000.0,0.0,0.0,0.0,231057000.0,237194000.0,0.551,237194000.0,231057000.0,231048000.0,0.087,0.085,0.087,2063352000.0,,2063352000.0,15825276588.0,22.0,21.056,213951000.0,0.119,1.0,372999000.0,0.867,0.0,9000.0,1817743000.0,,135506000.0,1189826000.0,1189826000.0,0.0,306131000.0,270219000.0,35912000.0,16105770588.0,1032000.0,0.0,17031000.0,120000.0,0.0,17151000.0,-223107000.0,-214232000.0,222826000.0,-15838000.0,157113000.0,157113000.0,157113000.0,0.0,0.0,0.365,149522000.0,223477000.0,35862000.0,0.0,7.806,32.732,31.964,225428000.0,0.0,8.95,11.139,11.131,385444000.0,152841000.0,430414000.0,430414000.0,70434000.0,,,,,151000.0,79088000.0,1.0,1799527440.0,1798196000,1870476000.0,0.239,2369483000.0,67914000.0,73935000.0,38274000.0,1.318,1800025000.0
66,GILD,MRQ,2004-12-31,2004-12-31,2004-12-31,2021-08-05,-18692000.0,2155963000.0,,1849694000.0,306269000.0,,1.062,-22270000.0,280909000.0,280909000.0,48704000.0,110244000.0,7.298,0.152,415000.0,181000.0,234000.0,415000.0,51284000.0,6429000.0,0.0,0.0,0.0,163663000.0,170092000.0,0.46,170092000.0,163663000.0,162520000.0,0.062,0.062,0.062,1870872000.0,,1870872000.0,15191580383.0,23.0,22.075,98364000.0,0.056,1.0,320881000.0,0.868,0.0,1143000.0,1622016000.0,,135991000.0,973129000.0,973129000.0,0.0,285091000.0,253453000.0,31638000.0,15147737383.0,-20541000.0,0.0,22390000.0,-47000.0,0.0,22343000.0,-144218000.0,-121948000.0,120634000.0,-19300000.0,110244000.0,110244000.0,110244000.0,0.0,0.0,0.298,159885000.0,160996000.0,47552000.0,0.0,8.097,33.709,33.644,223106000.0,0.0,8.748,11.436,11.411,371245000.0,-4272000.0,369585000.0,369585000.0,70160000.0,,,,,11694000.0,89725000.0,1.0,1731664748.0,1761240000,1872176000.0,0.21,2155963000.0,98493000.0,52276000.0,8698000.0,1.224,1596241000.0
67,GILD,MRQ,2004-09-30,2004-09-30,2004-09-30,2021-08-05,521000.0,1985676000.0,,1707367000.0,278309000.0,,0.809,-10899000.0,301450000.0,301450000.0,40842000.0,113240000.0,7.849,0.423,345293000.0,0.0,345293000.0,345293000.0,43935000.0,6118000.0,0.0,0.0,0.0,168571000.0,174689000.0,0.536,174689000.0,168571000.0,166529000.0,0.065,0.062,0.065,1395272000.0,,1395272000.0,16213330825.0,27.0,26.377,155737000.0,0.09,1.0,285345000.0,0.875,0.0,2042000.0,1811993000.0,,116234000.0,846971000.0,846971000.0,0.0,590404000.0,217526000.0,372878000.0,16094589825.0,74887000.0,0.0,16646000.0,-22000.0,0.0,16624000.0,-110291000.0,-99392000.0,166636000.0,1918000.0,113240000.0,113240000.0,113240000.0,0.0,0.0,0.347,121575000.0,163770000.0,33551000.0,0.0,11.535,30.269,29.387,211809000.0,0.0,9.345,13.208,13.23,304298000.0,-114516000.0,326187000.0,326187000.0,49204000.0,,,,,4883000.0,72371000.0,1.0,1722267504.0,1725092000,1861896000.0,0.189,1985676000.0,137610000.0,53289000.0,23916000.0,1.151,1489841000.0
68,GILD,MRQ,2004-06-30,2004-06-30,2004-06-30,2021-08-05,2594000.0,1808467000.0,,1531776000.0,276691000.0,,0.738,-12819000.0,226563000.0,226563000.0,42092000.0,111459000.0,8.762,0.427,345304000.0,0.0,345304000.0,345304000.0,33761000.0,6011000.0,0.0,0.0,0.0,163606000.0,169617000.0,0.531,169617000.0,163606000.0,161535000.0,0.065,0.06,0.065,1267163000.0,,1267163000.0,14549337755.0,29.0,27.575,109669000.0,0.064,1.0,277630000.0,0.868,0.0,2071000.0,1752379000.0,,105963000.0,749025000.0,749025000.0,0.0,541304000.0,174829000.0,366475000.0,14359591755.0,70978000.0,0.0,28843000.0,-68000.0,0.0,28775000.0,-80374000.0,-67555000.0,122488000.0,89000.0,111459000.0,111459000.0,111459000.0,0.0,0.0,0.349,119432000.0,158198000.0,29986000.0,0.0,11.332,29.212,28.199,206789000.0,0.0,8.375,13.141,13.156,277305000.0,-227756000.0,319722000.0,319722000.0,45643000.0,,,,,6509000.0,73789000.0,1.0,1714578120.0,1716496000,1847916000.0,0.186,1808467000.0,168743000.0,50076000.0,16368000.0,1.054,1356947000.0
69,GILD,MRQ,2004-03-31,2004-03-31,2004-03-31,2021-08-05,7992000.0,1675522000.0,,1395014000.0,280508000.0,,0.662,-5378000.0,155585000.0,155585000.0,34949000.0,114428000.0,7.936,0.48,345331000.0,0.0,345331000.0,345331000.0,34662000.0,5850000.0,0.0,0.0,0.0,167927000.0,173777000.0,0.562,173777000.0,167927000.0,165838000.0,0.068,0.062,0.068,1132097000.0,,1132097000.0,12004887639.0,27.0,25.317,92828000.0,0.054,1.0,274178000.0,0.887,0.0,2089000.0,1689479000.0,,101252000.0,682057000.0,682057000.0,0.0,543425000.0,175789000.0,367636000.0,11854144639.0,-39134000.0,0.0,10917000.0,0.0,0.0,10917000.0,-152531000.0,-147153000.0,98206000.0,4274000.0,114428000.0,114428000.0,114428000.0,0.0,0.0,0.37,129755000.0,144423000.0,28105000.0,0.0,10.471,24.672,23.496,198951000.0,0.0,6.931,11.715,11.707,257491000.0,-339215000.0,309127000.0,309127000.0,58545000.0,,,,,0.0,71210000.0,1.0,1710246296.0,1709072000,1841608000.0,0.181,1675522000.0,206841000.0,51410000.0,14544000.0,0.98,1219225000.0
70,GILD,MRQ,2003-12-31,2003-12-31,2003-12-31,2021-08-05,4507000.0,1554722000.0,,1265898000.0,288824000.0,,0.614,-20928000.0,194719000.0,194719000.0,33277000.0,192583000.0,6.81,0.55,345462000.0,139000.0,345323000.0,345462000.0,26004000.0,6157000.0,0.0,0.0,0.0,90439000.0,96596000.0,0.367,96596000.0,90439000.0,85263000.0,0.12,0.12,0.12,1002974000.0,,1002974000.0,12294130210.0,-84.0,-98.529,78985000.0,0.048,1.0,230240000.0,0.874,0.0,5176000.0,1519570000.0,,98102000.0,512281000.0,512281000.0,0.0,551748000.0,185895000.0,365853000.0,11801980210.0,91402000.0,0.0,13818000.0,-5000.0,0.0,13813000.0,-15404000.0,5524000.0,99913000.0,-6920000.0,192583000.0,192583000.0,192583000.0,0.0,0.0,0.731,142263000.0,87977000.0,35649000.0,0.0,11.767,-163.91,-161.889,198200000.0,0.0,7.285,13.599,13.505,235217000.0,-453643000.0,263517000.0,263517000.0,58903000.0,,,,,132363000.0,73141000.0,1.0,1620038464.0,1633152000,1633152000.0,0.161,1554722000.0,250061000.0,-107320000.0,0.0,0.952,1080003000.0
71,GILD,MRQ,2003-09-30,2003-09-30,2003-09-30,2021-08-05,4601000.0,1168141000.0,,926997000.0,241144000.0,,0.259,-132868000.0,103317000.0,103317000.0,25936000.0,73096000.0,6.949,1.792,595467000.0,77000.0,595390000.0,595467000.0,28184000.0,5152000.0,0.0,0.0,0.0,82489000.0,87641000.0,0.437,87641000.0,82489000.0,76951000.0,0.045,0.043,0.045,418332000.0,,418332000.0,11710018112.0,-60.0,-65.988,-78558000.0,-0.049,1.0,174436000.0,0.871,0.0,5538000.0,1526889000.0,,81355000.0,517544000.0,517544000.0,0.0,749809000.0,133402000.0,616407000.0,11283956112.0,-66038000.0,0.0,20167000.0,50000.0,0.0,20217000.0,-140391000.0,-7523000.0,54310000.0,-174000.0,73096000.0,73096000.0,73096000.0,0.0,0.0,0.365,95263000.0,79173000.0,24685000.0,0.0,26.974,-49.252,-47.331,199550000.0,0.0,7.005,15.058,15.082,201056000.0,-646226000.0,200372000.0,200372000.0,35980000.0,,,,,0.0,59283000.0,1.0,1610843128.0,1613392000,1867456000.0,0.124,1168141000.0,0.0,3855000.0,0.0,0.724,793595000.0
72,GILD,MRQ,2003-06-30,2003-06-30,2003-06-30,2021-08-05,7712000.0,1074862000.0,,963771000.0,111091000.0,,0.204,-5143000.0,169355000.0,169355000.0,32106000.0,100372000.0,7.056,2.287,595417000.0,89000.0,595328000.0,595417000.0,24130000.0,4951000.0,0.0,0.0,0.0,111216000.0,116167000.0,0.486,116167000.0,111216000.0,105647000.0,0.062,0.058,0.062,327006000.0,,327006000.0,11590059455.0,-46.0,-48.986,54299000.0,0.034,1.0,206764000.0,0.866,0.0,5569000.0,1364335000.0,,63534000.0,512088000.0,512088000.0,0.0,747856000.0,136589000.0,611267000.0,11112119455.0,51878000.0,0.0,23462000.0,0.0,0.0,23462000.0,-23197000.0,-18054000.0,59442000.0,-7829000.0,100372000.0,100372000.0,100372000.0,0.0,0.0,0.42,98992000.0,107772000.0,23638000.0,0.0,33.981,-39.482,-38.792,70760000.0,0.0,6.944,16.27,16.286,200306000.0,-719322000.0,238870000.0,238870000.0,43318000.0,,,,,0.0,55674000.0,1.0,1600305232.0,1601888000,1842720000.0,0.149,1074862000.0,0.0,5275000.0,0.0,0.671,827182000.0
73,GILD,MRQ,2003-03-31,2003-03-31,2003-03-31,2021-08-05,5901000.0,942770000.0,,832453000.0,110317000.0,,0.127,-2670000.0,117477000.0,117477000.0,21372000.0,-438054000.0,6.403,3.686,595417000.0,149000.0,595268000.0,595417000.0,21244000.0,4599000.0,0.0,0.0,0.0,-429780000.0,-425181000.0,-2.575,-425181000.0,-429780000.0,-435394000.0,-0.276,-0.276,-0.276,201182000.0,,201182000.0,8313692128.0,-24.0,-25.539,18272000.0,0.012,1.0,143733000.0,0.871,0.0,5614000.0,1290698000.0,,56520000.0,494666000.0,494666000.0,0.0,741588000.0,130012000.0,611576000.0,8335156128.0,-499454000.0,-375507000.0,26359000.0,-1760000.0,0.0,24599000.0,-548353000.0,-170176000.0,20942000.0,3358000.0,-438054000.0,-438054000.0,-438054000.0,0.0,0.0,-2.653,577330000.0,-433597000.0,24096000.0,0.0,41.431,-23.018,-22.92,69529000.0,0.0,5.249,15.06,15.046,145980000.0,-819694000.0,165105000.0,165105000.0,41140000.0,,,,,0.0,47591000.0,1.0,1588026888.0,1586624000,1586624000.0,0.104,942770000.0,0.0,2660000.0,0.0,0.594,702441000.0
74,GILD,MRQ,2002-12-31,2002-12-31,2002-12-31,2021-08-05,2475000.0,1288183000.0,,1183760000.0,104423000.0,,0.362,-5075000.0,616931000.0,616931000.0,19552000.0,35479000.0,11.286,1.255,595467000.0,194000.0,595273000.0,595467000.0,24369000.0,3889000.0,0.0,0.0,0.0,40026000.0,43915000.0,0.303,43915000.0,40026000.0,36555000.0,0.021,0.02,0.021,571341000.0,,571341000.0,6816150892.0,78.0,67.037,30473000.0,0.019,1.0,125475000.0,0.865,0.0,3471000.0,1161827000.0,,51628000.0,325443000.0,325443000.0,0.0,716842000.0,104892000.0,611950000.0,6687202892.0,495323000.0,-50000000.0,13022000.0,336548000.0,0.0,349570000.0,120186000.0,175261000.0,35548000.0,-9981000.0,35479000.0,35479000.0,35479000.0,0.0,0.0,0.245,92636000.0,32839000.0,24406000.0,0.0,11.704,92.753,94.444,67727000.0,0.0,4.25,14.326,14.243,175036000.0,-381640000.0,145027000.0,145027000.0,42124000.0,,,,,350000.0,50512000.0,1.0,1573459504.0,1576320000,1659328000.0,0.092,1288183000.0,0.0,1076000.0,0.0,0.817,1078868000.0
75,GILD,MRQ,2002-09-30,2002-09-30,2002-09-30,2021-08-05,2469000.0,876227000.0,,788135000.0,88092000.0,,0.333,-4251000.0,121608000.0,121608000.0,20412000.0,20757000.0,9.221,0.676,250556000.0,263000.0,250293000.0,250556000.0,24784000.0,3748000.0,0.0,0.0,0.0,24752000.0,28500000.0,0.213,28500000.0,24752000.0,21307000.0,0.014,0.013,0.014,522829000.0,,522829000.0,6695640900.0,36.0,33.503,56515000.0,0.036,1.0,113572000.0,0.848,0.0,3445000.0,919699000.0,,38169000.0,503183000.0,503183000.0,0.0,353398000.0,85476000.0,267922000.0,6566662900.0,38451000.0,0.0,8122000.0,-428000.0,0.0,7694000.0,-27608000.0,-23357000.0,60766000.0,-2401000.0,20757000.0,20757000.0,20757000.0,0.0,0.0,0.155,77655000.0,35917000.0,17254000.0,0.0,12.56,39.042,38.102,65709000.0,0.0,4.191,16.579,16.604,114062000.0,-417119000.0,133984000.0,133984000.0,35338000.0,,,,,0.0,42317000.0,1.0,1566755240.0,1569120000,1649280000.0,0.085,876227000.0,0.0,550000.0,0.0,0.558,702659000.0
76,GILD,MRQ,2002-06-30,2002-06-30,2002-06-30,2021-08-05,-15090000.0,815972000.0,,726323000.0,89649000.0,,0.305,-5241000.0,122006000.0,122006000.0,17718000.0,19711000.0,8.783,0.714,250984000.0,687000.0,250297000.0,250984000.0,24084000.0,3433000.0,0.0,0.0,0.0,23804000.0,27237000.0,0.249,27237000.0,23804000.0,20349000.0,0.013,0.013,0.013,476036000.0,,476036000.0,6543013650.0,47.0,42.588,-4031000.0,-0.003,1.0,91645000.0,0.838,0.0,3455000.0,862258000.0,,42677000.0,437482000.0,437482000.0,0.0,339936000.0,82692000.0,257244000.0,6406671650.0,6920000.0,0.0,12001000.0,-444000.0,0.0,11557000.0,-3910000.0,1331000.0,1210000.0,-1937000.0,19711000.0,19711000.0,19711000.0,0.0,0.0,0.18,72451000.0,19194000.0,12488000.0,0.0,13.458,52.41,51.375,64671000.0,0.0,4.11,20.467,20.5,101462000.0,-437876000.0,109363000.0,109363000.0,30851000.0,,,,,0.0,41600000.0,1.0,1558800888.0,1561336000,1651080000.0,0.07,815972000.0,0.0,638000.0,0.0,0.523,643631000.0
77,GILD,MRQ,2002-03-31,2002-03-31,2002-03-31,2021-08-05,-2492000.0,787737000.0,,700644000.0,87093000.0,,0.295,-3030000.0,115086000.0,115086000.0,12042000.0,-3850000.0,10.142,0.724,251428000.0,1098000.0,250330000.0,251428000.0,11462000.0,3358000.0,0.0,0.0,0.0,-1332000.0,2026000.0,0.026,2026000.0,-1332000.0,-4814000.0,-0.003,-0.003,-0.003,456944000.0,,456944000.0,7071573784.0,81.0,69.755,-26145000.0,-0.017,1.0,66374000.0,0.846,0.0,3482000.0,854997000.0,,46196000.0,449583000.0,449583000.0,0.0,330793000.0,69082000.0,261711000.0,6982031784.0,-47253000.0,0.0,18241000.0,-453000.0,0.0,17788000.0,-42846000.0,-39816000.0,-23115000.0,920000.0,-3850000.0,-3850000.0,-3850000.0,0.0,0.0,-0.049,73317000.0,-6943000.0,9526000.0,0.0,15.28,99.539,97.799,62851000.0,0.0,4.499,27.451,27.422,76935000.0,-457587000.0,78416000.0,78416000.0,33554000.0,,,,,0.0,39763000.0,1.0,1551993728.0,1550400000,1550400000.0,0.051,787737000.0,0.0,-964000.0,0.0,0.508,631562000.0
78,GILD,MRQ,2001-12-31,2001-12-31,2001-12-31,2021-08-05,7448000.0,794786000.0,,707759000.0,87027000.0,,0.294,-9672000.0,123490000.0,123490000.0,13178000.0,131577000.0,8.834,0.757,251881000.0,1492000.0,250389000.0,251881000.0,11248000.0,3845000.0,0.0,0.0,0.0,138243000.0,142088000.0,1.912,142088000.0,138243000.0,134745000.0,0.086,0.084,0.086,452437000.0,,452437000.0,6521308408.0,93.0,76.652,-43889000.0,-0.029,1.0,61153000.0,0.823,0.0,3498000.0,843060000.0,,39280000.0,459361000.0,459361000.0,0.0,342349000.0,80117000.0,262232000.0,6305435408.0,86144000.0,130000000.0,17426000.0,-708000.0,0.0,16718000.0,104376000.0,-15952000.0,-34217000.0,-733000.0,131577000.0,131577000.0,131577000.0,0.0,0.0,1.77,86077000.0,-24924000.0,19174000.0,0.0,13.937,120.63,117.357,62828000.0,0.0,4.107,26.973,26.742,74228000.0,-453737000.0,74331000.0,74331000.0,44601000.0,,,,,1500000.0,41476000.0,1.0,1535102960.0,1536408000,1922840000.0,0.048,794786000.0,0.0,3168000.0,0.0,0.517,627642000.0
79,GILD,MRQ,2001-09-30,2001-09-30,2001-09-30,2021-08-05,6445000.0,632935000.0,,544607000.0,88328000.0,,0.196,-5622000.0,37346000.0,37346000.0,9208000.0,-25196000.0,7.591,1.123,253219000.0,2467000.0,250752000.0,253219000.0,11304000.0,3793000.0,0.0,0.0,0.0,-21509000.0,-17716000.0,-0.348,-17716000.0,-21509000.0,-25022000.0,-0.016,-0.016,-0.016,298139000.0,,298139000.0,5554823727.0,-65.0,-78.0,-36721000.0,-0.024,1.0,41707000.0,0.819,0.0,3513000.0,777064000.0,,31207000.0,403208000.0,403208000.0,0.0,334796000.0,71744000.0,263052000.0,5347724727.0,-9575000.0,14300000.0,4521000.0,-801000.0,0.0,3720000.0,17708000.0,9030000.0,-31099000.0,96000.0,-25196000.0,-25196000.0,-25196000.0,0.0,0.0,-0.495,77775000.0,-36068000.0,15261000.0,0.0,17.937,-54.741,-54.854,62925000.0,0.0,3.511,25.235,25.262,59402000.0,-585314000.0,50915000.0,50915000.0,45728000.0,,,,,0.0,32047000.0,1.0,1523297056.0,1524896000,1524896000.0,0.033,632935000.0,0.0,174000.0,0.0,0.415,472863000.0
80,GILD,MRQ,2001-06-30,2001-06-30,2001-06-30,2021-08-05,2025000.0,636662000.0,,546191000.0,90471000.0,,0.207,-7783000.0,46921000.0,46921000.0,10797000.0,-32387000.0,9.635,1.025,254020000.0,2609000.0,251411000.0,254020000.0,11070000.0,3608000.0,0.0,0.0,0.0,-28628000.0,-25020000.0,-0.494,-25020000.0,-28628000.0,-32064000.0,-0.021,-0.021,-0.021,314415000.0,,314415000.0,5687798036.0,-71.0,-84.406,-39198000.0,-0.026,1.0,39890000.0,0.787,0.0,3436000.0,787071000.0,,23720000.0,409101000.0,409101000.0,0.0,322247000.0,56690000.0,265557000.0,5510406036.0,-30482000.0,0.0,12464000.0,-775000.0,0.0,11689000.0,-10304000.0,-2521000.0,-31415000.0,-452000.0,-32387000.0,-32387000.0,-32387000.0,0.0,0.0,-0.639,73785000.0,-33895000.0,12146000.0,0.0,17.526,-61.289,-61.642,60141000.0,0.0,3.637,26.719,26.742,54354000.0,-560118000.0,50687000.0,50687000.0,44078000.0,,,,,0.0,29707000.0,1.0,1515148592.0,1516472000,1516472000.0,0.033,636662000.0,0.0,323000.0,0.0,0.42,489501000.0
81,GILD,MRQ,2001-03-31,2001-03-31,2001-03-31,2021-08-05,2405000.0,657545000.0,,570378000.0,87167000.0,,0.221,-3254000.0,77403000.0,77403000.0,10581000.0,-21723000.0,10.333,0.967,254795000.0,2854000.0,251941000.0,254795000.0,13492000.0,3445000.0,0.0,0.0,0.0,-17720000.0,-14275000.0,-0.247,-14275000.0,-17720000.0,-21253000.0,-0.014,-0.014,-0.014,334340000.0,,334340000.0,3124462705.0,-58.0,-75.699,-33502000.0,-0.022,1.0,47255000.0,0.817,0.0,3533000.0,779735000.0,,20537000.0,406407000.0,406407000.0,0.0,323205000.0,55202000.0,268003000.0,3066482705.0,-119889000.0,0.0,1900000.0,-477000.0,0.0,1423000.0,-91002000.0,-87748000.0,-30248000.0,-62000.0,-21723000.0,-21723000.0,-21723000.0,0.0,0.0,-0.376,73057000.0,-25802000.0,9908000.0,0.0,9.172,-49.815,-49.543,54975000.0,0.0,2.031,14.909,14.908,51187000.0,-527729000.0,57836000.0,57836000.0,51146000.0,,,,,0.0,21911000.0,1.0,1509653024.0,1509592000,1509592000.0,0.038,657545000.0,0.0,470000.0,0.0,0.436,515176000.0
82,GILD,MRQ,2000-12-31,2000-12-31,2000-12-31,2021-08-05,-901000.0,678099000.0,,593798000.0,84301000.0,,0.233,-4046000.0,197292000.0,197292000.0,7498000.0,-18385000.0,10.196,0.931,255272000.0,3034000.0,252238000.0,255272000.0,15085000.0,3321000.0,0.0,0.0,0.0,-17526000.0,-14205000.0,-0.271,-14205000.0,-17526000.0,-18232000.0,-0.013,-0.013,-0.013,351124000.0,,351124000.0,3864102498.0,-75.0,-98.564,-27454000.0,-0.018,1.0,44977000.0,0.857,0.0,706000.0,677841000.0,,20562000.0,315586000.0,315586000.0,0.0,326975000.0,58238000.0,268737000.0,3901466498.0,153918000.0,0.0,3884000.0,241056000.0,0.0,244940000.0,-68872000.0,-64826000.0,-23408000.0,1258000.0,-18385000.0,-18385000.0,-18385000.0,0.0,0.0,-0.35,66418000.0,-21441000.0,11605000.0,0.0,11.111,-68.717,-66.458,55174000.0,0.0,2.592,19.951,19.308,48814000.0,-506008000.0,52475000.0,52475000.0,43315000.0,,,,,0.0,23103000.0,1.0,1505268000.0,1506496000,1506496000.0,0.035,678099000.0,0.0,153000.0,0.0,0.45,535560000.0
83,GILD,MRQ,2000-09-30,2000-09-30,2000-09-30,2021-08-05,-1672000.0,435915000.0,,369840000.0,66075000.0,,0.255,-5602000.0,43374000.0,43374000.0,9383000.0,-17414000.0,7.304,0.159,6010000.0,2876000.0,3134000.0,6010000.0,7473000.0,2710000.0,0.0,0.0,0.0,-16596000.0,-13886000.0,-0.307,-13886000.0,-16596000.0,-17200000.0,-0.012,-0.012,-0.012,376100000.0,,376100000.0,5168634868.0,-126.0,-177.855,-15363000.0,-0.01,1.0,35856000.0,0.793,0.0,604000.0,347919000.0,,19227000.0,249825000.0,249825000.0,0.0,59815000.0,50632000.0,9183000.0,5125107868.0,634000.0,0.0,11462000.0,-738000.0,0.0,10724000.0,-1415000.0,4187000.0,-9761000.0,1086000.0,-17414000.0,-17414000.0,-17414000.0,0.0,0.0,-0.385,56647000.0,-20791000.0,6704000.0,0.0,13.627,-108.25,-103.883,54093000.0,0.0,3.428,26.713,26.353,46084000.0,-476743000.0,45239000.0,45239000.0,35318000.0,,,,,0.0,21329000.0,1.0,1495017792.0,1474848000,1474848000.0,0.031,435915000.0,0.0,214000.0,0.0,0.296,319208000.0
84,GILD,MRQ,2000-06-30,2000-06-30,2000-06-30,2021-08-05,-2962000.0,436537000.0,,371447000.0,65090000.0,,0.212,-2249000.0,42740000.0,42740000.0,8684000.0,-4036000.0,8.323,0.444,86267000.0,2889000.0,83378000.0,86267000.0,10302000.0,3084000.0,0.0,0.0,0.0,-1993000.0,1091000.0,0.022,1091000.0,-1993000.0,-3511000.0,-0.003,-0.003,-0.003,302207000.0,,302207000.0,3219047745.0,-61.0,-79.933,-1723000.0,-0.001,1.0,41445000.0,0.827,0.0,1518000.0,435434000.0,,20292000.0,252807000.0,252807000.0,0.0,134330000.0,44630000.0,89700000.0,3169310745.0,5444000.0,0.0,5109000.0,-811000.0,0.0,4298000.0,-353000.0,1896000.0,526000.0,973000.0,-4036000.0,-4036000.0,-4036000.0,0.0,0.0,-0.081,47080000.0,-5635000.0,4658000.0,0.0,10.487,-52.563,-52.924,51771000.0,0.0,2.223,17.131,17.144,46644000.0,-459179000.0,50129000.0,50129000.0,27460000.0,,,,,0.0,19620000.0,1.0,1425811104.0,1426912000,1426912000.0,0.035,436537000.0,0.0,525000.0,0.0,0.306,326817000.0
85,GILD,MRQ,2000-03-31,2000-03-31,2000-03-31,2021-08-05,-2999000.0,434322000.0,,367606000.0,66716000.0,,0.212,-3724000.0,37296000.0,37296000.0,7947000.0,-16941000.0,8.614,0.443,87033000.0,3017000.0,84016000.0,87033000.0,5565000.0,2893000.0,0.0,0.0,0.0,-15097000.0,-12204000.0,-0.256,-12204000.0,-15097000.0,-16634000.0,-0.012,-0.012,-0.012,301043000.0,,301043000.0,2854329919.0,-47.0,-59.553,-9283000.0,-0.007,1.0,39765000.0,0.833,0.0,1537000.0,441386000.0,,20986000.0,254496000.0,254496000.0,0.0,133279000.0,42673000.0,90606000.0,2813363919.0,-9715000.0,-2450000.0,9996000.0,-913000.0,0.0,9083000.0,-13563000.0,-7389000.0,-5559000.0,324000.0,-16941000.0,-16941000.0,-16941000.0,0.0,0.0,-0.355,44216000.0,-4451000.0,6570000.0,0.0,9.345,-41.403,-40.421,52224000.0,0.0,1.981,15.769,15.751,46666000.0,-454993000.0,47712000.0,47712000.0,26246000.0,,,,,0.0,17970000.0,1.0,1420442496.0,1418880000,1418880000.0,0.034,434322000.0,0.0,307000.0,0.0,0.306,324933000.0
86,GILD,MRQ,1999-12-31,1999-12-31,1999-12-31,2021-08-05,-2527000.0,436808000.0,,371981000.0,64827000.0,,0.211,-5102000.0,47011000.0,47011000.0,7801000.0,-8954000.0,7.77,0.469,87977000.0,3191000.0,84786000.0,87977000.0,4833000.0,3151000.0,0.0,0.0,0.0,-7213000.0,-4062000.0,-0.083,-4062000.0,-7213000.0,-8792000.0,-0.006,-0.006,-0.006,297292000.0,,297292000.0,2395974973.0,-41.0,-51.574,-13896000.0,-0.01,1.0,40975000.0,0.84,0.0,1579000.0,429897000.0,,20959000.0,247383000.0,247383000.0,0.0,139516000.0,47877000.0,91639000.0,2377693973.0,-23782000.0,-2450000.0,3981000.0,-1070000.0,0.0,2911000.0,-18551000.0,-10999000.0,-8794000.0,652000.0,-8954000.0,-8954000.0,-8954000.0,0.0,0.0,-0.184,51701000.0,-10726000.0,9481000.0,0.0,7.998,-35.762,-34.522,51398000.0,0.0,1.692,14.071,13.719,45599000.0,-449232000.0,48776000.0,48776000.0,31001000.0,,,,,2356000.0,20700000.0,1.0,1405619936.0,1406944000,1406944000.0,0.035,436808000.0,0.0,162000.0,0.0,0.31,324104000.0
87,GILD,MRQ,1999-09-30,1999-09-30,1999-09-30,2021-08-05,-2582000.0,449192000.0,,387678000.0,61514000.0,,0.216,-1637000.0,70793000.0,70793000.0,7258000.0,-30365000.0,6.82,0.498,89074000.0,3631000.0,85443000.0,89074000.0,5692000.0,3425000.0,0.0,0.0,0.0,-28522000.0,-25097000.0,-0.654,-25097000.0,-28522000.0,-30145000.0,-0.022,-0.022,-0.022,299799000.0,,299799000.0,1955761072.0,-29.0,-35.031,-23633000.0,-0.017,1.0,31132000.0,0.811,0.0,1623000.0,410632000.0,,20077000.0,236602000.0,236602000.0,0.0,149393000.0,56841000.0,92552000.0,2000117072.0,-45155000.0,0.0,10529000.0,-1958000.0,0.0,8571000.0,-32040000.0,-30403000.0,-21996000.0,310000.0,-30365000.0,-30365000.0,-30365000.0,0.0,0.0,-0.791,62350000.0,-31218000.0,10771000.0,0.0,6.672,-26.269,-35.192,49216000.0,0.0,2.006,12.297,17.154,46663000.0,-440278000.0,38390000.0,38390000.0,27730000.0,,,,,0.0,34620000.0,1.0,997098400.0,1390944000,1390944000.0,0.028,449192000.0,0.0,220000.0,0.0,0.323,330837000.0
88,GILD,MRQ,1999-06-30,1999-06-30,1999-06-30,2021-08-05,-1462000.0,272120000.0,,255449000.0,16671000.0,,0.182,-2021000.0,45339000.0,45339000.0,7088000.0,-11691000.0,9.455,0.111,983000.0,776000.0,207000.0,983000.0,3813000.0,3055000.0,0.0,0.0,0.0,-9621000.0,-6566000.0,-0.151,-6566000.0,-9621000.0,-11267000.0,-0.009,-0.009,-0.009,244895000.0,,244895000.0,1564782926.0,-44.0,-87.345,-21868000.0,-0.016,1.0,36449000.0,0.837,0.0,1646000.0,200746000.0,,0.0,195195000.0,195195000.0,0.0,27225000.0,27018000.0,207000.0,1622087926.0,-13530000.0,0.0,4789000.0,-1112000.0,0.0,3677000.0,2409000.0,4430000.0,-19847000.0,231000.0,-11691000.0,-11691000.0,-11691000.0,0.0,0.0,-0.269,48812000.0,-12363000.0,3558000.0,0.0,6.624,-37.226,-49.479,12460000.0,0.0,1.633,10.389,14.094,0.0,-249376000.0,43537000.0,43537000.0,27253000.0,,,,,0.0,21559000.0,1.0,993431840.0,1347680000,1347680000.0,0.032,272120000.0,0.0,424000.0,0.0,0.202,228431000.0
89,GILD,MRQ,1999-03-31,1999-03-31,1999-03-31,2021-08-05,-483000.0,288619000.0,,272043000.0,16576000.0,,0.194,-3715000.0,58448000.0,58448000.0,7399000.0,-15476000.0,9.282,0.115,1143000.0,768000.0,375000.0,1143000.0,5219000.0,2992000.0,0.0,0.0,0.0,-13724000.0,-10732000.0,-0.28,-10732000.0,-13724000.0,-15394000.0,-0.012,-0.012,-0.012,258936000.0,,258936000.0,1374093559.0,-33.0,-53.886,-15628000.0,-0.012,1.0,30877000.0,0.807,0.0,1670000.0,202006000.0,,0.0,205482000.0,205482000.0,0.0,29683000.0,29308000.0,375000.0,1405235559.0,28342000.0,0.0,9996000.0,-1180000.0,0.0,8816000.0,31880000.0,35595000.0,-11913000.0,-441000.0,-15476000.0,-15476000.0,-15476000.0,0.0,0.0,-0.404,47429000.0,-16552000.0,3459000.0,0.0,5.427,-30.073,-35.547,12132000.0,0.0,1.422,11.747,15.882,0.0,-234341000.0,38276000.0,38276000.0,25598000.0,,,,,0.0,21831000.0,1.0,988297536.0,1336192000,1336192000.0,0.029,288619000.0,0.0,82000.0,0.0,0.216,242735000.0
90,GILD,MRQ,1998-12-31,1998-12-31,1998-12-31,2021-08-05,-337000.0,487764000.0,,416889000.0,70875000.0,,0.252,-2300000.0,101136000.0,101136000.0,6412000.0,-18609000.0,7.271,0.462,93725000.0,4842000.0,88883000.0,93725000.0,3275000.0,3264000.0,0.0,0.0,0.0,-16699000.0,-13435000.0,-0.316,-13435000.0,-16699000.0,-18399000.0,-0.014,-0.014,-0.014,333699000.0,,333699000.0,1212013243.0,-33.0,-51.608,-14602000.0,-0.011,1.0,36039000.0,0.849,0.0,1700000.0,423019000.0,,16550000.0,247607000.0,247607000.0,0.0,154065000.0,57334000.0,96731000.0,1253619243.0,-8363000.0,-348000.0,3519000.0,-1352000.0,0.0,2167000.0,1479000.0,4127000.0,-12302000.0,293000.0,-18609000.0,-18609000.0,-18609000.0,0.0,0.0,-0.438,58155000.0,-22116000.0,7662000.0,0.0,3.757,-28.009,-37.739,51019000.0,0.0,1.283,8.296,11.144,43090000.0,-382746000.0,42451000.0,42451000.0,32268000.0,,,,,434000.0,25887000.0,1.0,977004768.0,1324864000,1324864000.0,0.032,487764000.0,0.0,210000.0,0.0,0.368,359555000.0
91,GILD,MRQ,1998-09-30,1998-09-30,1998-09-30,2021-08-05,1146000.0,316704000.0,,305571000.0,11133000.0,,0.215,-7656000.0,43167000.0,43167000.0,5769000.0,2202000.0,9.763,0.113,1561000.0,814000.0,747000.0,1561000.0,9558000.0,8585000.0,0.0,0.0,0.0,4233000.0,12818000.0,0.402,12818000.0,4233000.0,2464000.0,0.002,0.002,0.002,284659000.0,,284659000.0,624056477.0,-9.0,-13.27,-34185000.0,-0.026,1.0,26097000.0,0.819,0.0,1769000.0,243800000.0,,0.0,252694000.0,252694000.0,0.0,32045000.0,31298000.0,747000.0,659271477.0,33163000.0,10100000.0,11422000.0,-4500000.0,0.0,6922000.0,52490000.0,50046000.0,-26529000.0,280000.0,2202000.0,2202000.0,2202000.0,0.0,0.0,0.069,47652000.0,-21555000.0,2700000.0,0.0,2.316,-8.523,-10.729,9731000.0,0.0,0.676,4.265,5.777,0.0,-202264000.0,31866000.0,31866000.0,28584000.0,,,,,0.0,19068000.0,1.0,975343840.0,1321152000,1384960000.0,0.024,316704000.0,0.0,262000.0,0.0,0.24,274273000.0
92,GILD,MRQ,1998-06-30,1998-06-30,1998-06-30,2021-08-05,181000.0,333305000.0,,321792000.0,11513000.0,,0.31,-206000.0,37021000.0,37021000.0,114000.0,-14844000.0,10.082,0.109,1806000.0,871000.0,935000.0,1806000.0,9129000.0,693000.0,0.0,0.0,0.0,-14844000.0,-14151000.0,-2.011,-14151000.0,-14844000.0,-14844000.0,-0.015,-0.015,-0.015,300453000.0,,300453000.0,936575567.0,-11.0,-13.488,-5919000.0,-0.006,1.0,6922000.0,0.984,0.0,0.0,266173000.0,,0.0,275620000.0,275620000.0,0.0,32852000.0,31917000.0,935000.0,968365567.0,2708000.0,0.0,3887000.0,-718000.0,0.0,3169000.0,5252000.0,5458000.0,-5713000.0,0.0,-14844000.0,-14844000.0,-14844000.0,0.0,0.0,-2.11,26773000.0,-19851000.0,3730000.0,0.0,3.223,-10.774,-13.358,10052000.0,0.0,1.002,7.585,7.608,0.0,-184706000.0,7036000.0,7036000.0,18330000.0,,,,,0.0,8443000.0,1.0,966553280.0,969440000,969440000.0,0.007,333305000.0,0.0,0.0,0.0,0.344,289875000.0
93,GILD,MRQ,1998-03-31,1998-03-31,1998-03-31,2021-08-05,216000.0,349421000.0,,337406000.0,12015000.0,,0.323,-848000.0,34313000.0,34313000.0,230000.0,-7384000.0,9.149,0.122,2523000.0,1394000.0,1129000.0,2523000.0,12628000.0,689000.0,0.0,0.0,0.0,-7384000.0,-6695000.0,-0.494,-6695000.0,-7384000.0,-7384000.0,-0.008,-0.008,-0.008,311415000.0,,311415000.0,1055927424.0,-16.0,-20.389,-7628000.0,-0.008,1.0,13330000.0,0.983,0.0,0.0,280754000.0,,0.0,281114000.0,281114000.0,0.0,38006000.0,36877000.0,1129000.0,1084733424.0,2323000.0,0.0,1544000.0,-660000.0,0.0,884000.0,8219000.0,9067000.0,-6780000.0,0.0,-7384000.0,-7384000.0,-7384000.0,0.0,0.0,-0.545,25672000.0,-12342000.0,3547000.0,0.0,3.483,-14.997,-19.737,10506000.0,0.0,1.125,7.729,7.721,0.0,-169863000.0,13560000.0,13560000.0,18930000.0,,,,,0.0,6742000.0,1.0,964207488.0,963296000,963296000.0,0.014,349421000.0,0.0,0.0,0.0,0.363,300529000.0
94,GILD,MRQ,1997-12-31,1997-12-31,1997-12-31,2021-08-05,344000.0,352069000.0,,340258000.0,11811000.0,,0.251,-10721000.0,31990000.0,31990000.0,20651000.0,-57324000.0,10.19,0.109,3184000.0,1853000.0,1331000.0,3184000.0,9541000.0,12949000.0,0.0,0.0,0.0,-51947000.0,-38998000.0,-0.382,-38998000.0,-51947000.0,-57002000.0,-0.041,-0.041,-0.041,317347000.0,,317347000.0,,,,-57520000.0,-0.046,1.0,81479000.0,0.798,0.0,5055000.0,289872000.0,,0.0,290308000.0,290308000.0,0.0,34722000.0,33391000.0,1331000.0,1152529263.0,4027000.0,2683000.0,5782000.0,59972000.0,0.0,65754000.0,-16129000.0,-8091000.0,-46799000.0,1201000.0,-57324000.0,-57324000.0,-57324000.0,0.0,0.0,-0.561,141183000.0,-59704000.0,3303000.0,0.0,3.632,-15.811,-20.609,10313000.0,0.0,1.195,8.714,11.404,0.0,-162479000.0,102130000.0,102130000.0,73051000.0,,,,,0.0,52101000.0,1.0,964207488.0,1261824000,1261824000.0,0.081,352069000.0,0.0,322000.0,0.0,0.279,306867000.0
95,GILD,MRQ,1997-09-30,1997-09-30,1997-09-30,2021-08-05,,,,,,,,-446000.0,,,180000.0,-10331000.0,,,,,,,,738000.0,,0.0,0.0,-10331000.0,-9593000.0,-1.943,-9593000.0,-10331000.0,-10331000.0,-0.011,-0.011,-0.011,,,,,,,-9798000.0,-0.01,1.0,4757000.0,0.964,,0.0,,,,,,,,,,,-93291000.0,0.0,5088000.0,-863000.0,0.0,4225000.0,-88164000.0,-87718000.0,-9352000.0,0.0,-10331000.0,-10331000.0,-10331000.0,0.0,0.0,-2.093,19837000.0,-15080000.0,,0.0,,,,,0.0,1.387,,,,,4937000.0,4937000.0,13604000.0,,,,,0.0,6233000.0,1.0,,940992000,940992000.0,0.005,,,0.0,,,
96,GILD,MRQ,1997-06-30,1997-06-30,1997-06-30,2021-08-05,,,,,,,,-879000.0,,,328000.0,2711000.0,,,,,,,,786000.0,,0.0,0.0,2711000.0,3497000.0,0.177,3497000.0,2711000.0,2711000.0,0.003,0.003,0.003,,,,,,,-1717000.0,-0.002,1.0,19398000.0,0.983,,0.0,,,,,,,,,,,34219000.0,0.0,2030000.0,-840000.0,0.0,41190000.0,-6133000.0,-5254000.0,-838000.0,0.0,2711000.0,2711000.0,2711000.0,0.0,0.0,0.137,20842000.0,-1444000.0,,0.0,,,,,0.0,0.863,,,,,19726000.0,19726000.0,14696000.0,,,,,0.0,6146000.0,1.0,,931424000,993824000.0,0.021,,,0.0,,,
97,GILD,MRQ,1997-03-31,1997-03-31,1997-03-31,2021-08-05,,,,,,,,-1786000.0,,,487000.0,-7948000.0,,,,,,,,753000.0,,0.0,0.0,-7948000.0,-7195000.0,-1.316,-7195000.0,-7948000.0,-7948000.0,-0.008,-0.008,-0.008,,,,,,,748000.0,0.001,1.0,4979000.0,0.911,,0.0,,,,,,,,,,,-27242000.0,0.0,2103000.0,-823000.0,0.0,1280000.0,-31056000.0,-29270000.0,2534000.0,0.0,-7948000.0,-7948000.0,-7948000.0,0.0,0.0,-1.454,16973000.0,-11994000.0,,0.0,,,,,0.0,0.715,,,,,5466000.0,5466000.0,10826000.0,,,,,0.0,6147000.0,1.0,,925760000,925760000.0,0.006,,,0.0,,,
98,GILD,MRQ,1996-12-31,1996-12-31,1996-12-31,2021-08-05,89000.0,310673000.0,,300253000.0,10420000.0,,0.328,,131984000.0,131984000.0,,,18.65,0.065,6545000.0,3631000.0,2914000.0,6545000.0,527000.0,,0.0,0.0,0.0,,,,,,,,,,291660000.0,,291660000.0,,,,,,1.0,,,0.0,,169135000.0,,0.0,163979000.0,163979000.0,0.0,19013000.0,16099000.0,2914000.0,,,,,,,,,,,,,,,,,,,,2501000.0,,,,-32.552,9172000.0,,0.781,,20.785,0.0,-134486000.0,,,,,,,,,,1.0,,889152000,,,310673000.0,0.0,,0.0,0.349,284154000.0
0,GILD,MRT,2021-06-30,2021-06-30,2021-06-30,2021-08-05,39000000.0,67984000000.0,66190250000.0,13925000000.0,54059000000.0,0.402,15.7,-620000000.0,4893000000.0,4893000000.0,5290000000.0,5136000000.0,1.363,2.45,30175000000.0,2261000000.0,27914000000.0,30175000000.0,0.0,1774000000.0,0.0,0.04,2.78,7762000000.0,9536000000.0,0.358,9536000000.0,7762000000.0,6746000000.0,4.12,4.11,4.12,19703000000.0,18575500000.0,19703000000.0,112463708511.0,14.0,11.794,8472000000.0,6.751,1.0,21348000000.0,0.801,42675000000.0,1016000000.0,40377000000.0,43262000000.0,1772000000.0,2468000000.0,1632000000.0,836000000.0,48274000000.0,10214000000.0,38060000000.0,86362708511.0,-1853000000.0,-22285000000.0,-409000000.0,4934000000.0,-3530000000.0,847000000.0,-11867000000.0,11256000000.0,9092000000.0,75000000.0,5162000000.0,5162000000.0,5162000000.0,0.0,-26000000.0,0.194,11560000000.0,9788000000.0,608000000.0,0.675,4.383,16.73,16.714,4996000000.0,0.0,68.86,3.242,3.244,4149000000.0,15392000000.0,26638000000.0,26638000000.0,4925000000.0,0.078,0.278,0.179,0.291,639000000.0,5242000000.0,1.0,1254178166.0,1255000000,1260000000.0,21.225,25309000000.0,0.0,1584000000.0,4596000000.0,20.167,3711000000.0
1,GILD,MRT,2021-03-31,2021-03-31,2021-03-31,2021-08-05,38000000.0,67492000000.0,63177750000.0,13278000000.0,54214000000.0,0.405,15.089,-644000000.0,4065000000.0,4065000000.0,4964000000.0,273000000.0,1.368,2.561,30166000000.0,2259000000.0,27907000000.0,30166000000.0,0.0,1604000000.0,0.0,0.043,2.75,2958000000.0,4562000000.0,0.178,4562000000.0,2958000000.0,1958000000.0,0.25,0.24,0.25,18952000000.0,18156500000.0,18952000000.0,106618615672.0,36.0,23.371,8698000000.0,6.925,1.0,20600000000.0,0.806,43115000000.0,1000000000.0,40773000000.0,44513750000.0,1779000000.0,2180000000.0,1601000000.0,579000000.0,48528000000.0,9705000000.0,38823000000.0,81213615672.0,-5986000000.0,-26934000000.0,-397000000.0,4934000000.0,-3492000000.0,904000000.0,-16313000000.0,11478000000.0,9342000000.0,81000000.0,301000000.0,301000000.0,301000000.0,0.0,-28000000.0,0.012,16041000000.0,4559000000.0,570000000.0,11.0,4.285,269.813,258.52,4990000000.0,0.0,64.63,3.177,3.175,3925000000.0,14821000000.0,25564000000.0,25564000000.0,5090000000.0,0.005,0.017,0.066,0.116,641000000.0,5130000000.0,1.0,1256593156.0,1256000000,1262000000.0,20.354,24377000000.0,0.0,1657000000.0,5022000000.0,19.408,3573000000.0
2,GILD,MRT,2020-12-31,2020-12-31,2020-12-31,2021-08-05,-60000000.0,68407000000.0,61240000000.0,15996000000.0,52411000000.0,0.403,14.481,-650000000.0,5997000000.0,5997000000.0,4572000000.0,89000000.0,1.404,2.757,31402000000.0,2757000000.0,28645000000.0,31402000000.0,0.0,1480000000.0,0.0,0.047,2.72,2687000000.0,4167000000.0,0.169,4167000000.0,2687000000.0,1703000000.0,0.1,0.1,0.1,18202000000.0,18935250000.0,18202000000.0,89434549961.0,33.0,21.463,7518000000.0,5.981,1.0,20117000000.0,0.815,41234000000.0,984000000.0,41181000000.0,46142750000.0,1683000000.0,1913000000.0,1411000000.0,502000000.0,50186000000.0,11397000000.0,38789000000.0,73030549961.0,-5634000000.0,-25742000000.0,-1327000000.0,5684000000.0,-3449000000.0,770000000.0,-14615000000.0,11948000000.0,8168000000.0,43000000.0,123000000.0,123000000.0,123000000.0,0.0,-34000000.0,0.005,16046000000.0,4071000000.0,844000000.0,27.2,4.012,593.744,582.6,4967000000.0,0.0,58.26,2.958,2.966,4892000000.0,14381000000.0,24689000000.0,24689000000.0,5039000000.0,0.002,0.006,0.058,0.109,643000000.0,5151000000.0,1.0,1253528149.0,1257000000,1263000000.0,19.641,27173000000.0,0.0,1580000000.0,5016000000.0,21.617,4599000000.0
3,GILD,MRT,2020-09-30,2020-09-30,2020-09-30,2021-08-05,23000000.0,60878000000.0,59545000000.0,30926000000.0,29952000000.0,0.389,13.9,-672000000.0,12886000000.0,12886000000.0,4857000000.0,1234000000.0,3.252,2.488,29290000000.0,1498000000.0,27792000000.0,29290000000.0,0.0,1403000000.0,0.0,0.042,2.67,2750000000.0,4153000000.0,0.179,4153000000.0,2750000000.0,1790000000.0,0.98,0.97,0.98,17445000000.0,20016000000.0,17445000000.0,96578842940.0,35.0,23.255,8160000000.0,6.502,1.0,18290000000.0,0.79,17056000000.0,960000000.0,50717000000.0,47579250000.0,1008000000.0,13163000000.0,11089000000.0,2074000000.0,43407000000.0,9509000000.0,33898000000.0,79222842940.0,3412000000.0,-5804000000.0,-1413000000.0,4689000000.0,-3392000000.0,-257000000.0,-5207000000.0,1538000000.0,8832000000.0,44000000.0,1268000000.0,1268000000.0,1268000000.0,0.0,-34000000.0,0.055,15777000000.0,2513000000.0,527000000.0,2.724,4.541,62.479,64.48,4810000000.0,0.0,63.19,3.423,3.426,3913000000.0,13709000000.0,23147000000.0,23147000000.0,4560000000.0,0.021,0.063,0.058,0.119,639000000.0,4625000000.0,1.0,1253724370.0,1255000000,1261000000.0,18.444,43822000000.0,0.0,522000000.0,5020000000.0,34.918,21417000000.0
4,GILD,MRT,2020-06-30,2020-06-30,2020-06-30,2021-08-05,70000000.0,55934000000.0,59112000000.0,24643000000.0,31291000000.0,0.375,14.364,-717000000.0,6746000000.0,6746000000.0,4751000000.0,-287000000.0,2.333,2.096,24102000000.0,2999000000.0,21103000000.0,24102000000.0,0.0,1395000000.0,0.0,0.034,2.62,434000000.0,1829000000.0,0.082,1829000000.0,434000000.0,-540000000.0,-0.23,-0.24,-0.23,18027000000.0,20805750000.0,18027000000.0,110557489396.0,255.0,60.447,8510000000.0,6.781,1.0,17423000000.0,0.786,17342000000.0,974000000.0,45384000000.0,46328000000.0,1052000000.0,14444000000.0,12168000000.0,2276000000.0,37792000000.0,10564000000.0,27228000000.0,96511489396.0,-4494000000.0,-8816000000.0,-1429000000.0,-2000000000.0,-3335000000.0,-6896000000.0,-6777000000.0,3040000000.0,9227000000.0,-48000000.0,-257000000.0,-257000000.0,-257000000.0,0.0,-30000000.0,-0.012,18384000000.0,-961000000.0,532000000.0,-11.391,5.354,-375.531,-334.522,4653000000.0,0.0,76.94,4.352,4.355,3194000000.0,14445000000.0,22174000000.0,22174000000.0,4432000000.0,-0.004,-0.012,0.009,0.02,628000000.0,4571000000.0,1.0,1254373400.0,1255000000,1255000000.0,17.669,38592000000.0,0.0,-283000000.0,5107000000.0,30.751,14079000000.0
5,GILD,MRT,2020-03-31,2020-03-31,2020-03-31,2021-08-05,46000000.0,59741000000.0,60931000000.0,26950000000.0,32791000000.0,0.373,17.486,-759000000.0,10051000000.0,10051000000.0,4687000000.0,4934000000.0,3.035,1.702,24097000000.0,1999000000.0,22098000000.0,24097000000.0,0.0,1394000000.0,0.0,0.034,2.57,5823000000.0,7217000000.0,0.318,7217000000.0,5823000000.0,4841000000.0,3.91,3.89,3.91,22067000000.0,21953000000.0,22067000000.0,107431476403.0,18.0,14.886,8244000000.0,6.532,1.0,18029000000.0,0.794,17619000000.0,982000000.0,47289000000.0,47437750000.0,986000000.0,14263000000.0,10734000000.0,3529000000.0,37562000000.0,8879000000.0,28683000000.0,94469476403.0,-6876000000.0,-4314000000.0,-1960000000.0,-2500000000.0,-3279000000.0,-7879000000.0,-7917000000.0,-2676000000.0,9003000000.0,-83000000.0,4962000000.0,4962000000.0,4962000000.0,0.0,-28000000.0,0.218,13577000000.0,4452000000.0,590000000.0,0.657,4.281,19.039,19.12,4564000000.0,0.0,74.76,4.159,4.153,3907000000.0,18709000000.0,22716000000.0,22716000000.0,4128000000.0,0.081,0.226,0.123,0.256,634000000.0,4427000000.0,1.0,1263636656.0,1262000000,1270000000.0,18.0,42122000000.0,0.0,-121000000.0,5595000000.0,33.377,18071000000.0
6,GILD,MRT,2019-12-31,2019-12-31,2019-12-31,2021-08-05,85000000.0,61627000000.0,61705000000.0,30296000000.0,31331000000.0,0.364,17.736,-825000000.0,11631000000.0,11631000000.0,4675000000.0,5364000000.0,3.104,1.73,24593000000.0,2499000000.0,22094000000.0,24593000000.0,0.0,1404000000.0,0.0,0.039,2.52,6177000000.0,7581000000.0,0.338,7581000000.0,6177000000.0,5182000000.0,4.24,4.22,4.24,22525000000.0,21924000000.0,22525000000.0,97323161868.0,16.0,12.838,8319000000.0,6.55,1.0,17774000000.0,0.792,17903000000.0,995000000.0,46927000000.0,46499500000.0,922000000.0,14209000000.0,12721000000.0,1488000000.0,38977000000.0,9759000000.0,29218000000.0,82209161868.0,-6309000000.0,-4251000000.0,-1540000000.0,-2750000000.0,-3222000000.0,-7634000000.0,-7817000000.0,-2307000000.0,9144000000.0,-2000000.0,5386000000.0,5386000000.0,5386000000.0,0.0,-22000000.0,0.24,13487000000.0,4287000000.0,713000000.0,0.594,3.65,15.263,15.325,4502000000.0,0.0,64.98,3.662,3.676,3582000000.0,19388000000.0,22449000000.0,22449000000.0,4055000000.0,0.087,0.246,0.133,0.275,636000000.0,4381000000.0,1.0,1265145612.0,1270000000,1277000000.0,17.676,43724000000.0,0.0,-204000000.0,6115000000.0,34.428,20537000000.0
7,GILD,MRT,2019-09-30,2019-09-30,2019-09-30,2021-08-05,117000000.0,59146000000.0,62217000000.0,28361000000.0,30785000000.0,0.359,16.262,-870000000.0,9474000000.0,9474000000.0,4562000000.0,2678000000.0,2.964,1.864,24588000000.0,2498000000.0,22090000000.0,24588000000.0,0.0,1412000000.0,0.0,0.039,2.46,5299000000.0,6711000000.0,0.3,6711000000.0,5299000000.0,4290000000.0,2.12,2.11,2.12,20604000000.0,21639500000.0,20604000000.0,95110948386.0,18.0,14.172,8039000000.0,6.345,1.0,17803000000.0,0.796,18981000000.0,1009000000.0,45712000000.0,45417000000.0,882000000.0,15577000000.0,13382000000.0,2195000000.0,38410000000.0,9567000000.0,28843000000.0,80267948386.0,-5095000000.0,-4251000000.0,-2374000000.0,-2750000000.0,-3157000000.0,-8408000000.0,-5513000000.0,18000000.0,8909000000.0,-83000000.0,2693000000.0,2693000000.0,2693000000.0,0.0,-15000000.0,0.12,13465000000.0,4338000000.0,632000000.0,1.16,3.896,29.806,29.896,4377000000.0,0.0,63.38,3.589,3.591,3315000000.0,17616000000.0,22365000000.0,22365000000.0,3934000000.0,0.043,0.124,0.117,0.237,654000000.0,4308000000.0,1.0,1266455481.0,1267000000,1267000000.0,17.652,40165000000.0,0.0,1597000000.0,5852000000.0,31.701,18794000000.0
8,GILD,MRT,2019-06-30,2019-06-30,2019-06-30,2021-08-05,102000000.0,63210000000.0,63506750000.0,33727000000.0,29483000000.0,0.352,17.808,-837000000.0,11240000000.0,11240000000.0,4613000000.0,5945000000.0,3.764,1.789,26083000000.0,1999000000.0,24084000000.0,26083000000.0,0.0,1423000000.0,0.0,0.036,2.4,9473000000.0,10896000000.0,0.487,10896000000.0,9473000000.0,8450000000.0,4.66,4.63,4.66,22616000000.0,22203750000.0,22616000000.0,95557233640.0,10.0,8.77,7639000000.0,6.015,1.0,17744000000.0,0.794,19269000000.0,1023000000.0,49823000000.0,45615500000.0,884000000.0,18994000000.0,15943000000.0,3051000000.0,40459000000.0,8961000000.0,31498000000.0,85906233640.0,-1994000000.0,-239000000.0,-2562000000.0,-3000000000.0,-3095000000.0,-8794000000.0,-1647000000.0,-270000000.0,8476000000.0,-29000000.0,5955000000.0,5955000000.0,5955000000.0,0.0,-10000000.0,0.266,9310000000.0,8434000000.0,617000000.0,0.515,3.798,14.426,14.498,4249000000.0,0.0,67.56,3.842,3.838,3396000000.0,19829000000.0,22357000000.0,22357000000.0,3843000000.0,0.094,0.268,0.208,0.424,690000000.0,4204000000.0,1.0,1271554672.0,1270000000,1277000000.0,17.604,43941000000.0,0.0,2495000000.0,5837000000.0,34.599,24766000000.0
9,GILD,MRT,2019-03-31,2019-03-31,2019-03-31,2021-08-05,130000000.0,62837000000.0,64043000000.0,34024000000.0,28813000000.0,0.349,17.203,-949000000.0,16927000000.0,16927000000.0,4809000000.0,5889000000.0,3.621,1.856,26578000000.0,2498000000.0,24080000000.0,26578000000.0,0.0,1431000000.0,0.0,0.036,2.34,9160000000.0,10591000000.0,0.475,10591000000.0,9160000000.0,8119000000.0,4.58,4.55,4.58,21951000000.0,21967750000.0,21951000000.0,92302941376.0,10.0,8.715,6758000000.0,5.296,1.0,17511000000.0,0.785,19555000000.0,1041000000.0,43536000000.0,45572000000.0,898000000.0,13198000000.0,10977000000.0,2221000000.0,40746000000.0,9397000000.0,31349000000.0,82920941376.0,9284000000.0,0.0,-2414000000.0,-2500000000.0,-3035000000.0,-8089000000.0,9757000000.0,11191000000.0,7707000000.0,-91000000.0,5892000000.0,5892000000.0,5892000000.0,0.0,-3000000.0,0.264,9227000000.0,8284000000.0,577000000.0,0.511,3.778,14.073,14.194,4116000000.0,0.0,65.01,3.715,3.717,3283000000.0,19326000000.0,22320000000.0,22320000000.0,4040000000.0,0.092,0.268,0.201,0.41,768000000.0,4089000000.0,1.0,1275510558.0,1276000000,1283000000.0,17.492,43282000000.0,0.0,2227000000.0,5809000000.0,33.92,24627000000.0
10,GILD,MRT,2018-12-31,2018-12-31,2018-12-31,2021-08-05,80000000.0,63675000000.0,64679000000.0,35836000000.0,27839000000.0,0.342,16.477,-924000000.0,17940000000.0,17940000000.0,4853000000.0,5460000000.0,3.379,1.97,27322000000.0,2748000000.0,24574000000.0,27322000000.0,0.0,1429000000.0,0.0,0.036,2.28,8871000000.0,10300000000.0,0.465,10300000000.0,8871000000.0,7794000000.0,4.2,4.17,4.2,21387000000.0,21627750000.0,21387000000.0,93663906731.0,11.0,9.094,7476000000.0,5.76,1.0,17274000000.0,0.781,19855000000.0,1077000000.0,42597000000.0,48478000000.0,814000000.0,13572000000.0,12149000000.0,1423000000.0,42141000000.0,10605000000.0,31536000000.0,80915906731.0,10352000000.0,0.0,-2611000000.0,-6250000000.0,-2971000000.0,-12318000000.0,14355000000.0,15469000000.0,8400000000.0,-85000000.0,5455000000.0,5455000000.0,5455000000.0,0.0,5000000.0,0.247,9074000000.0,8200000000.0,790000000.0,0.543,3.783,14.833,14.893,4006000000.0,0.0,62.55,3.657,3.669,3327000000.0,19024000000.0,22127000000.0,22127000000.0,3920000000.0,0.084,0.252,0.183,0.401,845000000.0,4056000000.0,1.0,1293619612.0,1298000000,1308000000.0,17.047,43820000000.0,0.0,2339000000.0,5922000000.0,33.76,25231000000.0
11,GILD,MRT,2018-09-30,2018-09-30,2018-09-30,2021-08-05,36000000.0,64305000000.0,66331000000.0,34918000000.0,29387000000.0,0.336,17.64,-896000000.0,14569000000.0,14569000000.0,4539000000.0,1621000000.0,3.452,1.806,27317000000.0,2747000000.0,24570000000.0,27317000000.0,0.0,1468000000.0,0.0,0.029,2.23,9992000000.0,11460000000.0,0.514,11460000000.0,9992000000.0,8875000000.0,1.24,1.23,1.24,22861000000.0,21391500000.0,22861000000.0,115916457186.0,12.0,10.115,7912000000.0,6.105,1.0,17742000000.0,0.796,20431000000.0,1117000000.0,46506000000.0,53664500000.0,816000000.0,16275000000.0,13897000000.0,2378000000.0,41298000000.0,10116000000.0,31182000000.0,100090457186.0,3061000000.0,-10426000000.0,-1754000000.0,-1977000000.0,-2917000000.0,-7301000000.0,1604000000.0,12934000000.0,8808000000.0,-50000000.0,1587000000.0,1587000000.0,1587000000.0,0.0,34000000.0,0.071,8395000000.0,9347000000.0,580000000.0,1.798,4.378,63.069,62.266,3791000000.0,0.0,77.21,4.492,4.491,3465000000.0,20706000000.0,22281000000.0,22281000000.0,4218000000.0,0.024,0.074,0.186,0.448,1004000000.0,4177000000.0,1.0,1296340593.0,1296000000,1307000000.0,17.192,43874000000.0,0.0,7288000000.0,6018000000.0,33.853,24802000000.0
12,GILD,MRT,2018-06-30,2018-06-30,2018-06-30,2021-08-05,2000000.0,65355000000.0,66420250000.0,32728000000.0,32627000000.0,0.349,16.696,-858000000.0,13234000000.0,13234000000.0,4485000000.0,2234000000.0,2.999,2.013,29060000000.0,2998000000.0,26062000000.0,29060000000.0,0.0,1407000000.0,0.0,0.031,2.18,11034000000.0,12441000000.0,0.536,12441000000.0,11034000000.0,9890000000.0,1.7,1.69,1.7,21672000000.0,21887500000.0,21672000000.0,113521477339.0,10.0,9.125,8432000000.0,6.496,1.0,18712000000.0,0.807,20620000000.0,1144000000.0,49649000000.0,57864250000.0,859000000.0,18422000000.0,12683000000.0,5739000000.0,43621000000.0,10912000000.0,32709000000.0,92110477339.0,4522000000.0,-10426000000.0,-1474000000.0,2734000000.0,-2857000000.0,-2230000000.0,-2535000000.0,8851000000.0,9290000000.0,-3000000.0,2208000000.0,2208000000.0,2208000000.0,0.0,26000000.0,0.095,8176000000.0,10536000000.0,623000000.0,1.282,4.25,41.717,41.671,3659000000.0,0.0,70.84,3.971,3.964,3541000000.0,19825000000.0,23197000000.0,23197000000.0,4068000000.0,0.033,0.101,0.191,0.476,919000000.0,4108000000.0,1.0,1300260832.0,1298000000,1308000000.0,17.871,44735000000.0,0.0,7682000000.0,6001000000.0,34.465,21816000000.0
13,GILD,MRT,2018-03-31,2018-03-31,2018-03-31,2021-08-05,-170000000.0,65381000000.0,65147250000.0,30258000000.0,35123000000.0,0.379,15.754,-684000000.0,7643000000.0,7643000000.0,4415000000.0,3484000000.0,2.836,2.172,29054000000.0,2497000000.0,26557000000.0,29054000000.0,0.0,1349000000.0,0.0,0.028,2.13,13072000000.0,14421000000.0,0.584,14421000000.0,13072000000.0,11925000000.0,2.65,2.63,2.65,20591000000.0,22138750000.0,20591000000.0,124712471010.0,10.0,8.648,10559000000.0,8.079,1.0,20275000000.0,0.821,20962000000.0,1147000000.0,55160000000.0,60360000000.0,885000000.0,24459000000.0,16355000000.0,8104000000.0,44730000000.0,10670000000.0,34060000000.0,98758471010.0,-2642000000.0,-10426000000.0,-1179000000.0,2704000000.0,-2797000000.0,-1958000000.0,-12022000000.0,-892000000.0,11243000000.0,95000000.0,3464000000.0,3464000000.0,3464000000.0,0.0,20000000.0,0.14,7765000000.0,12510000000.0,711000000.0,0.804,4.796,28.51,28.449,3415000000.0,0.0,75.39,4.0,3.991,3775000000.0,19196000000.0,24690000000.0,24690000000.0,3740000000.0,0.053,0.156,0.217,0.529,769000000.0,4025000000.0,1.0,1309967781.0,1307000000,1320000000.0,18.891,44419000000.0,0.0,8461000000.0,6832000000.0,33.985,19588000000.0
14,GILD,MRT,2017-12-31,2017-12-31,2017-12-31,2021-08-05,165000000.0,70283000000.0,63227250000.0,31823000000.0,38460000000.0,0.413,15.64,-590000000.0,7588000000.0,7588000000.0,4371000000.0,4644000000.0,2.735,2.435,33542000000.0,2747000000.0,30795000000.0,33542000000.0,0.0,1286000000.0,0.0,0.029,2.08,14631000000.0,15917000000.0,0.61,15917000000.0,14631000000.0,13513000000.0,3.54,3.51,3.54,20442000000.0,22101250000.0,20442000000.0,111335110873.0,8.0,6.995,11308000000.0,8.652,1.0,21736000000.0,0.833,21259000000.0,1118000000.0,63343000000.0,60450500000.0,801000000.0,29106000000.0,17922000000.0,11184000000.0,49782000000.0,11635000000.0,38147000000.0,93581110873.0,-641000000.0,-10426000000.0,-720000000.0,7174000000.0,-2731000000.0,3393000000.0,-16069000000.0,-5053000000.0,11898000000.0,137000000.0,4628000000.0,4628000000.0,4628000000.0,0.0,16000000.0,0.177,7612000000.0,14124000000.0,814000000.0,0.588,4.578,20.221,20.237,3295000000.0,0.0,71.64,3.585,3.587,3851000000.0,19012000000.0,26107000000.0,26107000000.0,3734000000.0,0.073,0.209,0.242,0.56,638000000.0,3878000000.0,1.0,1306268996.0,1307000000,1319000000.0,19.975,49024000000.0,0.0,8885000000.0,6794000000.0,37.509,20188000000.0
15,GILD,MRT,2017-09-30,2017-09-30,2017-09-30,2021-08-05,249000000.0,64662000000.0,59900750000.0,35317000000.0,29345000000.0,0.459,19.024,-539000000.0,11508000000.0,11508000000.0,4190000000.0,11579000000.0,3.68,1.586,29262000000.0,1747000000.0,27515000000.0,29262000000.0,0.0,1181000000.0,0.0,0.025,2.03,16431000000.0,17612000000.0,0.641,17612000000.0,16431000000.0,15345000000.0,8.86,8.79,8.86,24845000000.0,21712500000.0,24845000000.0,123390142101.0,8.0,7.006,12145000000.0,9.299,1.0,23288000000.0,0.848,9514000000.0,1086000000.0,63305000000.0,58548000000.0,1144000000.0,29852000000.0,16879000000.0,12973000000.0,39408000000.0,9597000000.0,29811000000.0,105806142101.0,1699000000.0,0.0,-1637000000.0,2171000000.0,-2668000000.0,-2302000000.0,-8728000000.0,-8189000000.0,12684000000.0,45000000.0,11601000000.0,11601000000.0,11601000000.0,0.0,-22000000.0,0.422,7410000000.0,15878000000.0,696000000.0,0.229,4.259,9.12,9.144,3100000000.0,0.0,81.02,3.851,3.851,4122000000.0,23689000000.0,27478000000.0,27478000000.0,3792000000.0,0.194,0.534,0.281,0.598,406000000.0,3618000000.0,1.0,1305926217.0,1306000000,1319000000.0,21.04,55148000000.0,1147000000.0,3744000000.0,2037000000.0,42.227,25720000000.0
16,GILD,MRT,2017-06-30,2017-06-30,2017-06-30,2021-08-05,120000000.0,60263000000.0,57887500000.0,28592000000.0,31671000000.0,0.492,17.35,-608000000.0,8712000000.0,8712000000.0,4287000000.0,12192000000.0,3.367,1.639,26296000000.0,0.0,26296000000.0,26296000000.0,0.0,1183000000.0,0.0,0.028,1.98,16986000000.0,18169000000.0,0.638,18169000000.0,16986000000.0,15949000000.0,9.3,9.22,9.3,22677000000.0,19718250000.0,22677000000.0,108526236010.0,6.0,5.973,13775000000.0,10.539,1.0,24179000000.0,0.849,9723000000.0,1037000000.0,59632000000.0,55781750000.0,1408000000.0,27864000000.0,12384000000.0,15480000000.0,37172000000.0,8492000000.0,28680000000.0,92490236010.0,2227000000.0,0.0,-2488000000.0,4149000000.0,-2609000000.0,-1675000000.0,-10531000000.0,-9923000000.0,14383000000.0,50000000.0,12213000000.0,12213000000.0,12213000000.0,0.0,-21000000.0,0.429,7714000000.0,16465000000.0,819000000.0,0.213,4.079,7.573,7.611,3012000000.0,0.0,70.78,3.249,3.25,4478000000.0,21823000000.0,28466000000.0,28466000000.0,4144000000.0,0.211,0.619,0.305,0.597,388000000.0,3570000000.0,1.0,1306728398.0,1307000000,1317000000.0,21.78,50540000000.0,1137000000.0,3736000000.0,1942000000.0,38.669,20100000000.0
17,GILD,MRT,2017-03-31,2017-03-31,2017-03-31,2021-08-05,260000000.0,57701000000.0,55316750000.0,21424000000.0,36277000000.0,0.526,15.628,-689000000.0,10285000000.0,10285000000.0,4025000000.0,12620000000.0,2.587,1.8,26321000000.0,0.0,26321000000.0,26321000000.0,0.0,1169000000.0,0.0,0.028,1.93,17224000000.0,18393000000.0,0.632,18393000000.0,17224000000.0,16229000000.0,9.57,9.47,9.57,20441000000.0,17933000000.0,20441000000.0,106892983848.0,6.0,5.812,15153000000.0,11.585,1.0,25076000000.0,0.862,9933000000.0,995000000.0,55522000000.0,51947000000.0,1474000000.0,23732000000.0,3830000000.0,19902000000.0,36784000000.0,8282000000.0,28502000000.0,88775983848.0,3970000000.0,0.0,-3354000000.0,4269000000.0,-2555000000.0,-2356000000.0,-9569000000.0,-8880000000.0,15842000000.0,53000000.0,12637000000.0,12637000000.0,12637000000.0,0.0,-17000000.0,0.434,8327000000.0,16749000000.0,944000000.0,0.202,4.343,7.025,7.097,2922000000.0,0.0,67.92,3.051,3.053,4034000000.0,19564000000.0,29101000000.0,29101000000.0,4764000000.0,0.228,0.705,0.332,0.592,381000000.0,3563000000.0,1.0,1307066900.0,1308000000,1320000000.0,22.248,47768000000.0,1208000000.0,3592000000.0,1848000000.0,36.52,13142000000.0
18,GILD,MRT,2016-12-31,2016-12-31,2016-12-31,2021-08-05,278000000.0,56977000000.0,52832750000.0,19588000000.0,37389000000.0,0.575,14.105,-748000000.0,8229000000.0,8229000000.0,4261000000.0,13488000000.0,2.125,1.992,26346000000.0,0.0,26346000000.0,26346000000.0,0.0,1158000000.0,0.0,0.026,1.84,18074000000.0,19232000000.0,0.633,19232000000.0,18074000000.0,17110000000.0,10.08,9.94,10.08,18887000000.0,16172250000.0,18887000000.0,111605029244.0,6.0,5.803,16299000000.0,12.173,1.0,26129000000.0,0.86,10143000000.0,964000000.0,55733000000.0,48633250000.0,1587000000.0,24151000000.0,3666000000.0,20485000000.0,37614000000.0,9218000000.0,28396000000.0,94343029244.0,-4622000000.0,0.0,-10793000000.0,4268000000.0,-2455000000.0,-9725000000.0,-11985000000.0,-11237000000.0,17047000000.0,41000000.0,13501000000.0,13501000000.0,13501000000.0,0.0,-13000000.0,0.444,8496000000.0,17633000000.0,1206000000.0,0.183,4.995,6.988,7.104,2865000000.0,0.0,71.61,3.104,3.155,4514000000.0,18154000000.0,30390000000.0,30390000000.0,5098000000.0,0.256,0.835,0.372,0.595,380000000.0,3398000000.0,1.0,1317456071.0,1339000000,1358000000.0,22.696,46834000000.0,0.0,3609000000.0,1753000000.0,34.977,10370000000.0
19,GILD,MRT,2016-09-30,2016-09-30,2016-09-30,2021-08-05,-108000000.0,56609000000.0,51517500000.0,21425000000.0,35184000000.0,0.613,12.759,-745000000.0,9809000000.0,9809000000.0,4248000000.0,15074000000.0,1.935,2.327,27071000000.0,700000000.0,26371000000.0,27071000000.0,361000000.0,1144000000.0,0.0,0.023,1.8,19545000000.0,20689000000.0,0.655,20689000000.0,19545000000.0,18616000000.0,10.98,10.78,10.98,16868000000.0,16084000000.0,16868000000.0,120053379650.0,6.0,5.803,18558000000.0,14.038,1.0,27328000000.0,0.865,10558000000.0,929000000.0,52240000000.0,44602750000.0,1900000000.0,21802000000.0,2457000000.0,19345000000.0,39249000000.0,11073000000.0,28176000000.0,104411379650.0,-4156000000.0,0.0,-12834000000.0,4948000000.0,-2450000000.0,-11842000000.0,-11748000000.0,-11003000000.0,19303000000.0,131000000.0,15076000000.0,15076000000.0,15076000000.0,0.0,-2000000.0,0.477,8119000000.0,19209000000.0,1052000000.0,0.164,6.19,6.926,7.206,2714000000.0,0.0,79.12,3.307,3.313,5075000000.0,16654000000.0,31576000000.0,31576000000.0,4647000000.0,0.293,0.937,0.438,0.619,374000000.0,3472000000.0,1.0,1319658489.0,1322000000,1339000000.0,23.885,46051000000.0,1243000000.0,3540000000.0,1621000000.0,34.834,10352000000.0
20,GILD,MRT,2016-06-30,2016-06-30,2016-06-30,2021-08-05,-46000000.0,49980000000.0,50024500000.0,18353000000.0,31627000000.0,0.647,11.637,-833000000.0,6485000000.0,6485000000.0,4183000000.0,16341000000.0,1.757,2.18,22127000000.0,700000000.0,21427000000.0,22127000000.0,345000000.0,1123000000.0,0.0,0.021,1.76,20667000000.0,21790000000.0,0.673,21790000000.0,20667000000.0,19815000000.0,11.6,11.35,11.6,15536000000.0,16220500000.0,15536000000.0,127607550031.0,6.0,5.856,18173000000.0,13.613,1.0,28188000000.0,0.871,10885000000.0,852000000.0,44293000000.0,41020500000.0,1862000000.0,18131000000.0,2267000000.0,15864000000.0,33865000000.0,10444000000.0,23421000000.0,111100550031.0,-932000000.0,0.0,-14865000000.0,9890000000.0,-2454000000.0,-7995000000.0,-12017000000.0,-11184000000.0,19006000000.0,74000000.0,16346000000.0,16346000000.0,16346000000.0,0.0,-5000000.0,0.505,7793000000.0,20395000000.0,1122000000.0,0.152,7.151,6.797,7.191,2599000000.0,0.0,83.42,3.432,3.44,5752000000.0,14949000000.0,32371000000.0,32371000000.0,4249000000.0,0.327,1.008,0.504,0.638,377000000.0,3544000000.0,1.0,1331821506.0,1335000000,1355000000.0,24.248,39095000000.0,1268000000.0,3469000000.0,1527000000.0,29.285,7909000000.0
21,GILD,MRT,2016-03-31,2016-03-31,2016-03-31,2021-08-05,-164000000.0,47765000000.0,47321250000.0,19267000000.0,28498000000.0,0.694,9.688,-800000000.0,6315000000.0,6315000000.0,4317000000.0,17341000000.0,1.766,2.519,22822000000.0,1745000000.0,21077000000.0,22822000000.0,529000000.0,1112000000.0,0.0,0.019,1.72,21687000000.0,22799000000.0,0.694,22799000000.0,21687000000.0,20922000000.0,12.03,11.69,12.03,13398000000.0,16408250000.0,13398000000.0,134885445175.0,6.0,5.916,18879000000.0,13.651,1.0,28522000000.0,0.869,11095000000.0,765000000.0,42267000000.0,35764000000.0,1880000000.0,15007000000.0,2004000000.0,13003000000.0,33746000000.0,10910000000.0,22836000000.0,125558445175.0,-4320000000.0,0.0,-14708000000.0,9703000000.0,-2461000000.0,-11775000000.0,-12285000000.0,-11485000000.0,19679000000.0,61000000.0,17341000000.0,17341000000.0,17341000000.0,0.0,0.0,0.528,7049000000.0,21473000000.0,945000000.0,0.143,9.371,7.241,7.636,2431000000.0,0.0,91.86,3.823,3.869,6163000000.0,13045000000.0,32839000000.0,32839000000.0,3583000000.0,0.366,1.057,0.606,0.66,378000000.0,3466000000.0,1.0,1366845691.0,1383000000,1412000000.0,23.745,36670000000.0,1122000000.0,3581000000.0,1385000000.0,26.515,8357000000.0
22,GILD,MRT,2015-12-31,2015-12-31,2015-12-31,2021-08-05,88000000.0,51716000000.0,44960250000.0,24762000000.0,26954000000.0,0.726,12.66,-747000000.0,12851000000.0,12851000000.0,4006000000.0,18106000000.0,2.504,1.759,22055000000.0,982000000.0,21073000000.0,22055000000.0,440000000.0,1098000000.0,0.0,0.013,1.29,22349000000.0,23447000000.0,0.718,23447000000.0,22349000000.0,21661000000.0,12.37,11.91,12.37,18534000000.0,17353750000.0,18534000000.0,154093023021.0,7.0,6.572,20503000000.0,14.005,1.0,28633000000.0,0.877,11419000000.0,688000000.0,39611000000.0,30342750000.0,1955000000.0,13357000000.0,1756000000.0,11601000000.0,32603000000.0,9890000000.0,22713000000.0,145833023021.0,2824000000.0,0.0,-9683000000.0,9689000000.0,-1874000000.0,-5884000000.0,-12475000000.0,-11728000000.0,21250000000.0,-67000000.0,18108000000.0,18108000000.0,18108000000.0,0.0,-2000000.0,0.555,6440000000.0,22193000000.0,1178000000.0,0.104,7.868,8.054,8.18,2276000000.0,0.0,101.19,4.468,4.539,5854000000.0,18001000000.0,32639000000.0,32639000000.0,3014000000.0,0.403,1.043,0.737,0.685,382000000.0,3426000000.0,1.0,1441180186.0,1464000000,1521000000.0,22.294,40297000000.0,1152000000.0,3553000000.0,1243000000.0,27.525,14872000000.0
23,GILD,MRT,2015-09-30,2015-09-30,2015-09-30,2021-08-05,167000000.0,50637000000.0,40697250000.0,25910000000.0,24727000000.0,0.773,11.903,-748000000.0,13965000000.0,13965000000.0,4007000000.0,16883000000.0,2.768,1.877,22225000000.0,331000000.0,21894000000.0,22225000000.0,356000000.0,1095000000.0,0.0,0.009,0.86,21069000000.0,22164000000.0,0.705,22164000000.0,21069000000.0,20481000000.0,11.41,10.91,11.41,17414000000.0,16576750000.0,17414000000.0,148594282866.0,7.0,6.704,17728000000.0,12.118,1.0,27440000000.0,0.873,11626000000.0,588000000.0,37911000000.0,25198750000.0,1988000000.0,11149000000.0,1749000000.0,9400000000.0,32693000000.0,9360000000.0,23333000000.0,143737282866.0,7756000000.0,0.0,-8615000000.0,12701000000.0,-1260000000.0,-185000000.0,-10442000000.0,-9694000000.0,18476000000.0,-93000000.0,16912000000.0,16912000000.0,16912000000.0,0.0,-29000000.0,0.538,6538000000.0,20902000000.0,1239000000.0,0.075,8.254,8.499,8.584,2143000000.0,0.0,97.94,4.571,4.556,6105000000.0,16961000000.0,31447000000.0,31447000000.0,3302000000.0,0.416,1.02,0.836,0.67,381000000.0,3236000000.0,1.0,1467605502.0,1463000000,1503000000.0,21.495,39011000000.0,1185000000.0,3569000000.0,1057000000.0,26.665,16550000000.0
24,GILD,MRT,2015-06-30,2015-06-30,2015-06-30,2021-08-05,247000000.0,39167000000.0,35249098250.0,18093000000.0,21074000000.0,0.828,11.065,-597000000.0,7417000000.0,7417000000.0,3930000000.0,15015000000.0,2.027,1.383,12274000000.0,352000000.0,11922000000.0,12274000000.0,501000000.0,1085000000.0,0.0,0.004,0.43,18906000000.0,19991000000.0,0.685,19991000000.0,18906000000.0,18379000000.0,10.07,9.52,10.07,16287000000.0,15614805750.0,16287000000.0,173789468138.0,9.0,8.693,17827000000.0,12.111,1.0,25264000000.0,0.865,11832000000.0,527000000.0,23267000000.0,19099098750.0,2039000000.0,7250000000.0,1194000000.0,6056000000.0,22533000000.0,8925000000.0,13608000000.0,172061468138.0,-1314000000.0,0.0,-7230000000.0,2715000000.0,-633000000.0,-12601000000.0,-7026000000.0,-6429000000.0,18424000000.0,-111000000.0,15043000000.0,15043000000.0,15043000000.0,0.0,-28000000.0,0.515,6467000000.0,18797000000.0,1571000000.0,0.043,10.564,11.438,11.627,1899000000.0,0.0,117.08,5.894,5.903,5331000000.0,16038000000.0,29194000000.0,29194000000.0,3189000000.0,0.427,0.963,0.99,0.648,383000000.0,3278000000.0,1.0,1469605980.0,1472000000,1540000000.0,19.833,27335000000.0,1454000000.0,3336000000.0,1275000000.0,18.57,9168000000.0
25,GILD,MRT,2015-03-31,2015-03-31,2015-03-31,2021-08-05,539000000.0,38321000000.0,33258889250.0,20062000000.0,18259000000.0,0.826,11.546,-517000000.0,10635000000.0,10635000000.0,3857000000.0,14168000000.0,2.701,1.207,12363000000.0,442000000.0,11921000000.0,12363000000.0,191000000.0,1078000000.0,0.0,0.0,0.0,17674000000.0,18752000000.0,0.682,18752000000.0,17674000000.0,17185000000.0,9.41,8.8,9.41,17180000000.0,15565713000.0,17180000000.0,148531987153.0,8.0,7.921,16434000000.0,11.044,1.0,23628000000.0,0.86,12039000000.0,489000000.0,20582000000.0,16550443750.0,1908000000.0,3879000000.0,659000000.0,3220000000.0,20733000000.0,7428000000.0,13305000000.0,146154987153.0,4231000000.0,0.0,-7560000000.0,2501000000.0,0.0,-8631000000.0,-3961000000.0,-3444000000.0,16951000000.0,-128000000.0,14207000000.0,14207000000.0,14207000000.0,0.0,-39000000.0,0.517,6035000000.0,17593000000.0,1011000000.0,0.0,8.507,10.288,10.428,1765000000.0,0.0,98.13,5.318,5.313,4835000000.0,13916000000.0,27485000000.0,27485000000.0,2955000000.0,0.427,0.913,1.068,0.643,371000000.0,3080000000.0,1.0,1489401683.0,1488000000,1569000000.0,18.471,26282000000.0,1233000000.0,2978000000.0,852000000.0,17.663,12634000000.0
26,GILD,MRT,2014-12-31,2014-12-31,2014-12-31,2021-08-05,301000000.0,34664000000.0,30698062250.0,17714000000.0,16950000000.0,0.811,10.135,-557000000.0,10027000000.0,10027000000.0,3788000000.0,12059000000.0,3.075,1.222,12404000000.0,483000000.0,11921000000.0,12404000000.0,134000000.0,1050000000.0,0.0,0.0,0.0,15310000000.0,16360000000.0,0.657,16360000000.0,15310000000.0,14898000000.0,7.95,7.35,7.95,15426000000.0,14617543500.0,15426000000.0,145407762029.0,9.0,8.888,12261000000.0,8.056,1.0,21102000000.0,0.848,12245000000.0,412000000.0,19035000000.0,14575747500.0,1386000000.0,1699000000.0,101000000.0,1598000000.0,18845000000.0,5761000000.0,13084000000.0,142206700029.0,7914000000.0,0.0,-5018000000.0,5696000000.0,0.0,-3025000000.0,-1823000000.0,-1266000000.0,12818000000.0,-56000000.0,12101000000.0,12101000000.0,12101000000.0,0.0,-42000000.0,0.486,5837000000.0,15265000000.0,955000000.0,0.0,9.219,11.752,11.857,1674000000.0,0.0,94.26,5.713,5.764,4635000000.0,12732000000.0,24890000000.0,24890000000.0,2854000000.0,0.394,0.828,1.05,0.615,362000000.0,2983000000.0,1.0,1508664333.0,1522000000,1647000000.0,16.353,22419000000.0,744000000.0,2797000000.0,562000000.0,14.73,11953000000.0
27,GILD,MRT,2014-09-30,2014-09-30,2014-09-30,2021-08-05,173962000.0,28844393000.0,27676812250.0,12562031000.0,16282362000.0,0.748,8.961,-458690000.0,6209060000.0,6209060000.0,3583021000.0,9383456000.0,2.075,1.104,9410122000.0,1477082000.0,7933040000.0,9410122000.0,116880000.0,903255000.0,0.0,0.0,0.0,12115967000.0,13019222000.0,0.629,13019222000.0,12115967000.0,11760711000.0,6.15,5.66,6.15,13566223000.0,13603543500.0,13566223000.0,161691413041.0,13.0,12.419,10065109000.0,6.648,1.0,17113117000.0,0.827,12478108000.0,355256000.0,13512395000.0,11723497500.0,1909584000.0,1482666000.0,107266000.0,1375400000.0,14980783000.0,6054952000.0,8925831000.0,160917320041.0,4197958000.0,-355000.0,-3400412000.0,2034913000.0,0.0,-5104118000.0,-1201235000.0,-742190000.0,10523799000.0,-20488000.0,9405603000.0,9405603000.0,9405603000.0,0.0,-22147000.0,0.454,4981075000.0,12132042000.0,1182917000.0,0.0,11.862,17.109,17.309,1509796000.0,0.0,106.45,7.775,7.787,2850367000.0,11247655000.0,20696138000.0,20696138000.0,2361222000.0,0.34,0.691,1.033,0.585,343519000.0,2619853000.0,1.0,1511670456.0,1514000000,1637000000.0,13.67,16366285000.0,1147425000.0,2355108000.0,526648000.0,10.81,6507079000.0
28,GILD,MRT,2014-06-30,2014-06-30,2014-06-30,2021-08-05,-41460000.0,31206164000.0,26082821000.0,15499339000.0,15706825000.0,0.669,10.496,-360870000.0,8730522000.0,8730522000.0,3277889000.0,7444672000.0,2.489,0.918,9504615000.0,1572079000.0,7932536000.0,9504615000.0,126284000.0,704497000.0,0.0,0.0,0.0,9790995000.0,10495492000.0,0.602,10495492000.0,9790995000.0,9465790000.0,4.86,4.46,4.86,16090629000.0,12932890250.0,16090629000.0,130723093491.0,13.0,12.455,6872025000.0,4.483,1.0,14159082000.0,0.812,12679880000.0,325205000.0,13072380000.0,10758755250.0,2068753000.0,850861000.0,68546000.0,782315000.0,14776822000.0,6227997000.0,8548825000.0,127323403491.0,6528518000.0,-355000.0,-1820103000.0,2102619000.0,0.0,-274351000.0,-439267000.0,-78042000.0,7232895000.0,9241000.0,7463209000.0,7463209000.0,7463209000.0,0.0,-18537000.0,0.428,4359179000.0,9799903000.0,1162307000.0,0.0,7.913,17.06,17.06,1380776000.0,0.0,82.91,7.302,7.289,3436711000.0,10199576000.0,17436971000.0,17436971000.0,2277466000.0,0.286,0.577,0.91,0.562,307406000.0,2081713000.0,1.0,1535682107.0,1533000000,1664000000.0,11.374,18526284000.0,916848000.0,2002581000.0,503520000.0,12.085,9271342000.0
29,GILD,MRT,2014-03-31,2014-03-31,2014-03-31,2021-08-05,-95769000.0,28077692000.0,23937373500.0,12970629000.0,15107063000.0,0.571,8.71,-315146000.0,6404153000.0,6404153000.0,3037552000.0,4562290000.0,2.193,1.074,9803843000.0,1871811000.0,7932032000.0,9803843000.0,111792000.0,511674000.0,0.0,0.0,0.0,6535589000.0,7047263000.0,0.516,7047263000.0,6535589000.0,6234376000.0,2.98,2.72,2.98,13387322000.0,11683233000.0,13387322000.0,113523547486.0,17.0,16.109,3685753000.0,2.398,1.0,10631813000.0,0.778,12879391000.0,301213000.0,12683215000.0,9885329750.0,2140228000.0,454748000.0,64877000.0,389871000.0,14375498000.0,5914776000.0,8460722000.0,109000601486.0,4539722000.0,-355000.0,-613810000.0,1731145000.0,0.0,539001000.0,-7744000.0,307757000.0,4000899000.0,7566000.0,4579814000.0,4579814000.0,4579814000.0,0.0,-17524000.0,0.335,4090072000.0,6541741000.0,1234507000.0,0.0,8.142,23.8,23.779,1303029000.0,0.0,70.86,7.974,7.968,3236195000.0,7734979000.0,13669365000.0,13669365000.0,2217368000.0,0.191,0.392,0.661,0.478,281074000.0,1872704000.0,1.0,1538252914.0,1537000000,1680000000.0,8.894,15198301000.0,855901000.0,1654562000.0,460931000.0,9.888,7055853000.0
30,GILD,MRT,2013-12-31,2013-12-31,2013-12-31,2021-08-05,-124000000.0,22579000000.0,22470867500.0,6997000000.0,15582000000.0,0.499,7.436,-190000000.0,2113000000.0,2113000000.0,2859000000.0,3057000000.0,1.092,0.953,6636000000.0,2697000000.0,3939000000.0,6636000000.0,111000000.0,345000000.0,0.0,0.0,0.0,4533000000.0,4878000000.0,0.435,4878000000.0,4533000000.0,4226000000.0,2.01,1.81,2.01,11370000000.0,10874460250.0,11370000000.0,120457253861.0,27.0,24.694,2915000000.0,1.906,1.0,8343000000.0,0.745,13069000000.0,307000000.0,7626000000.0,9411871750.0,1697000000.0,458000000.0,19000000.0,439000000.0,10834000000.0,6407000000.0,4427000000.0,115154517861.0,309000000.0,-379000000.0,-269000000.0,-1666000000.0,0.0,-2544000000.0,-254000000.0,315000000.0,3105000000.0,2000000.0,3075000000.0,3075000000.0,3075000000.0,0.0,-18000000.0,0.275,3819000000.0,4524000000.0,1256000000.0,0.0,10.128,37.449,37.363,1166000000.0,0.0,75.1,10.28,10.251,2182000000.0,6106000000.0,11202000000.0,11202000000.0,2120000000.0,0.137,0.283,0.482,0.405,258000000.0,1699000000.0,1.0,1533349106.0,1529000000,1695000000.0,7.326,9510000000.0,919000000.0,1151000000.0,256000000.0,6.22,590000000.0
31,GILD,MRT,2013-09-30,2013-09-30,2013-09-30,2021-08-05,-42070000.0,22468428000.0,22136077000.0,6968061000.0,15500367000.0,0.482,7.104,-391135000.0,2010736000.0,2010736000.0,2676434000.0,3029904000.0,1.423,1.036,7313472000.0,1457379000.0,5856093000.0,7313472000.0,152676000.0,290170000.0,0.0,0.0,0.0,4454121000.0,4744291000.0,0.445,4744291000.0,4454121000.0,4134387000.0,1.99,1.83,1.99,10883610000.0,10357608250.0,10883610000.0,101366058940.0,23.0,21.366,2693078000.0,1.758,1.0,7993196000.0,0.749,13222614000.0,319734000.0,9653426000.0,10161616750.0,1946048000.0,744821000.0,79758000.0,665063000.0,11275955000.0,4895124000.0,6380831000.0,96230457940.0,460109000.0,-379009000.0,-25852000.0,-1540479000.0,0.0,-2209079000.0,-420641000.0,349503000.0,3084213000.0,5616000.0,3046372000.0,3046372000.0,3046372000.0,0.0,-16468000.0,0.286,3559430000.0,4433766000.0,1350402000.0,0.0,8.842,31.589,31.593,1133032000.0,0.0,62.87,9.019,9.028,1971926000.0,5735335000.0,10669630000.0,10669630000.0,2007492000.0,0.138,0.294,0.438,0.417,241437000.0,1551938000.0,1.0,1530626021.0,1532105000,1691898000.0,6.964,9245814000.0,864729000.0,1088015000.0,248900000.0,6.035,2072937000.0
32,GILD,MRT,2013-06-30,2013-06-30,2013-06-30,2021-08-05,30371000.0,22624374000.0,21759927250.0,7072529000.0,15551845000.0,0.474,7.264,-420539000.0,2202176000.0,2202176000.0,2591835000.0,2915723000.0,1.433,1.017,7337777000.0,1488225000.0,5849552000.0,7337777000.0,140887000.0,291924000.0,0.0,0.0,0.0,4341972000.0,4633896000.0,0.449,4633896000.0,4341972000.0,4006865000.0,1.93,1.79,1.93,11092000000.0,9787616250.0,11092000000.0,84338628148.0,19.0,18.2,2655946000.0,1.739,1.0,7721559000.0,0.749,13244159000.0,335107000.0,9578678000.0,10390254000.0,1935147000.0,773622000.0,85194000.0,688428000.0,11280990000.0,4937138000.0,6343852000.0,78204993148.0,576759000.0,-379009000.0,-76897000.0,-1853201000.0,0.0,-1574360000.0,-930653000.0,-131105000.0,3076485000.0,5287000.0,2933271000.0,2933271000.0,2933271000.0,0.0,-17548000.0,0.284,3391740000.0,4329819000.0,1390641000.0,0.0,7.051,26.661,26.565,1135993000.0,0.0,51.27,7.583,7.591,1895913000.0,5065839000.0,10313394000.0,10313394000.0,1927079000.0,0.135,0.3,0.418,0.421,233095000.0,1464661000.0,1.0,1525355825.0,1526945000,1694577000.0,6.754,9380215000.0,775590000.0,1073594000.0,278879000.0,6.143,2135391000.0
33,GILD,MRT,2013-03-31,2013-03-31,2013-03-31,2021-08-05,20806000.0,22211668000.0,21229321250.0,6663097000.0,15548571000.0,0.469,6.673,-412655000.0,1863972000.0,1863972000.0,2524517000.0,2854179000.0,1.553,1.164,7997607000.0,942811000.0,7054796000.0,7997607000.0,156573000.0,286159000.0,0.0,0.0,0.0,4246885000.0,4533044000.0,0.456,4533044000.0,4246885000.0,3901368000.0,1.89,1.79,1.89,10152231000.0,9015146250.0,10152231000.0,80926240831.0,19.0,17.853,3001477000.0,1.973,1.0,7426669000.0,0.746,13265705000.0,345517000.0,10789383000.0,10535299250.0,1799618000.0,767058000.0,78804000.0,688254000.0,11819195000.0,4290215000.0,7528980000.0,74505889831.0,412113000.0,-379009000.0,-308950000.0,-1522266000.0,0.0,-1491591000.0,-1510140000.0,-718476000.0,3414132000.0,-288000.0,2872230000.0,2872230000.0,2872230000.0,0.0,-18051000.0,0.289,3191596000.0,4235073000.0,1356372000.0,0.0,7.339,25.94,25.894,1125794000.0,0.0,48.94,7.487,7.482,1945189000.0,4301539000.0,9951186000.0,9951186000.0,1799421000.0,0.135,0.319,0.403,0.427,224346000.0,1392175000.0,1.0,1522392518.0,1521372000,1665060000.0,6.541,8945963000.0,762718000.0,1029138000.0,247893000.0,5.88,2372882000.0
34,GILD,MRT,2012-12-31,2012-12-31,2012-12-31,2021-08-05,-45615000.0,21239838000.0,20664000750.0,6156347000.0,15083491000.0,0.47,6.14,-397000000.0,1803694000.0,1803694000.0,2471000000.0,2574000000.0,1.453,1.257,8224045000.0,1169490000.0,7054555000.0,8224045000.0,123694000.0,278000000.0,0.0,0.0,0.0,3991000000.0,4269000000.0,0.44,4269000000.0,3991000000.0,3630000000.0,1.71,1.64,1.71,9302592000.0,8305491500.0,9302592000.0,62869823691.0,16.0,14.727,2798000000.0,1.847,1.0,7231000000.0,0.745,12797312000.0,361000000.0,10624980000.0,10561306750.0,1744982000.0,778392000.0,58556000.0,719836000.0,11696116000.0,4237897000.0,7458219000.0,55649256691.0,-8080000000.0,-10752000000.0,-201000000.0,519000000.0,0.0,563000000.0,-11846000000.0,-697000000.0,3195000000.0,8000000.0,2592000000.0,2592000000.0,2592000000.0,0.0,-18000000.0,0.267,3221000000.0,4010000000.0,1327339000.0,0.0,5.982,21.47,21.477,1100259000.0,0.0,36.725,5.736,5.735,1751388000.0,3704744000.0,9702000000.0,9702000000.0,1760000000.0,0.125,0.312,0.378,0.411,208000000.0,1461000000.0,1.0,1515296302.0,1515000000,1583000000.0,6.404,8442526000.0,742168000.0,1038000000.0,139415000.0,5.573,1918450000.0
35,GILD,MRT,2012-09-30,2012-09-30,2012-09-30,2021-08-05,28249000.0,20963829000.0,19679824750.0,5880379000.0,15083450000.0,0.473,5.68,-153285000.0,1550710000.0,1550710000.0,2379992000.0,2476399000.0,1.225,1.42,8771277000.0,1730895000.0,7040382000.0,8771277000.0,119884000.0,278000000.0,0.0,0.0,0.0,3776139000.0,4054139000.0,0.435,4054139000.0,3776139000.0,3426131000.0,1.66,1.61,1.66,8603642000.0,7664557500.0,8603642000.0,57656882069.0,15.0,14.222,3313810000.0,2.188,1.0,6934618000.0,0.744,12814273000.0,350008000.0,10567975000.0,10516288500.0,1617369000.0,1100378000.0,144775000.0,955603000.0,12213667000.0,4802148000.0,7411519000.0,50183189069.0,641351000.0,-10751636000.0,-289535000.0,4765955000.0,0.0,4599817000.0,-7455788000.0,3449133000.0,3467095000.0,30227000.0,2494170000.0,2494170000.0,2494170000.0,0.0,-17771000.0,0.268,3163950000.0,3770668000.0,1319670000.0,0.0,5.833,20.12,19.979,856184000.0,0.0,33.165,5.388,5.393,1766091000.0,3139393000.0,9314610000.0,9314610000.0,1722522000.0,0.127,0.325,0.359,0.405,194711000.0,1441428000.0,1.0,1513137014.0,1514770000,1584608000.0,6.149,8149556000.0,666916000.0,931961000.0,145742000.0,5.38,1078231000.0
36,GILD,MRT,2012-06-30,2012-06-30,2012-06-30,2021-08-05,124377000.0,20501950000.0,17598842000.0,5844102000.0,14657848000.0,0.512,5.286,-150990000.0,1625500000.0,1625500000.0,2314712000.0,2542902000.0,1.172,1.552,9099193000.0,1972816000.0,7126377000.0,9099193000.0,117322000.0,280005000.0,0.0,0.0,0.0,3752930000.0,4032935000.0,0.448,4032935000.0,3752930000.0,3449147000.0,1.695,1.655,1.695,8002120000.0,7042838000.0,8002120000.0,46812340135.0,12.0,11.608,3467843000.0,2.291,1.0,6694961000.0,0.743,12830110000.0,303783000.0,10158859000.0,10696407250.0,1603401000.0,646174000.0,82044000.0,564130000.0,12418563000.0,4986674000.0,7431889000.0,38835463135.0,719721000.0,-10751636000.0,-1074445000.0,5115919000.0,0.0,4031132000.0,-7018064000.0,3884562000.0,3618833000.0,87820000.0,2559789000.0,2559789000.0,2559789000.0,0.0,-16887000.0,0.284,2964529000.0,3730432000.0,1367353000.0,0.0,4.853,15.171,15.127,811799000.0,0.0,25.64,4.31,4.308,1702818000.0,2663077000.0,9009673000.0,9009673000.0,1546757000.0,0.145,0.363,0.351,0.417,184167000.0,1417772000.0,1.0,1514643648.0,1513902000,1561012000.0,5.951,7671840000.0,635967000.0,889358000.0,138502000.0,5.068,857428000.0
37,GILD,MRT,2012-03-31,2012-03-31,2012-03-31,2021-08-05,33591000.0,19950386000.0,15646889500.0,5826532000.0,14123854000.0,0.559,4.835,-140233000.0,1451942000.0,1451942000.0,2231230000.0,2579287000.0,1.391,1.721,9428819000.0,1351573000.0,8077246000.0,9428819000.0,126697000.0,287485000.0,0.0,0.0,0.0,3721887000.0,4009372000.0,0.459,4009372000.0,3721887000.0,3460415000.0,1.7,1.66,1.7,7313612000.0,6554019250.0,7313612000.0,34725957538.0,9.0,8.661,3131204000.0,2.07,1.0,6510510000.0,0.745,12845946000.0,261472000.0,10893413000.0,10963517750.0,1418033000.0,48168000.0,0.0,48168000.0,12586302000.0,4187904000.0,8398398000.0,37002428538.0,-384036000.0,-11119139000.0,-1569815000.0,4817437000.0,0.0,3134049000.0,-6852890000.0,4406482000.0,3271437000.0,63368000.0,2594452000.0,2594452000.0,2594452000.0,0.0,-15165000.0,0.297,2822452000.0,3688058000.0,1339257000.0,0.0,5.059,14.262,14.371,782867000.0,0.0,24.43,4.233,4.227,2163659000.0,2178639000.0,8741740000.0,8741740000.0,1432916000.0,0.166,0.396,0.339,0.426,184990000.0,1389536000.0,1.0,1514630722.0,1512572000,1554776000.0,5.779,7104440000.0,635406000.0,865963000.0,155146000.0,4.697,1638628000.0
38,GILD,MRT,2011-12-31,2011-12-31,2011-12-31,2021-08-05,58200000.0,17303134000.0,13906131500.0,13918785000.0,3384349000.0,0.603,4.348,-131904000.0,9883777000.0,9883777000.0,2124410000.0,2789059000.0,5.535,1.549,7607306000.0,1572000.0,7605734000.0,7607306000.0,106535000.0,302232000.0,0.0,0.0,0.0,3871000000.0,4173232000.0,0.498,4173232000.0,3871000000.0,3665582000.0,1.81,1.77,1.81,6738856000.0,6212179500.0,6738856000.0,33728114766.0,9.0,8.082,3507106000.0,2.263,1.0,6260975000.0,0.747,2066966000.0,205418000.0,10444907000.0,11054130250.0,1389983000.0,80195000.0,16491000.0,63704000.0,10435785000.0,2514790000.0,7920995000.0,30744128766.0,8975898000.0,-588608000.0,-2171395000.0,4009153000.0,0.0,1763569000.0,3589845000.0,4310357000.0,3639010000.0,-16526000.0,2803637000.0,2803637000.0,2803637000.0,0.0,-14578000.0,0.334,2471134000.0,3789841000.0,1206052000.0,0.0,4.562,10.966,11.307,774406000.0,0.0,20.465,3.666,3.782,1951167000.0,1776760000.0,8385385000.0,8385385000.0,1229151000.0,0.202,0.451,0.35,0.462,188761000.0,1241983000.0,1.0,1502278464.0,1549806000,1580236000.0,5.411,15236168000.0,598614000.0,861945000.0,176238000.0,9.831,11403995000.0
39,GILD,MRT,2011-09-30,2011-09-30,2011-09-30,2021-08-05,-15541000.0,12639898000.0,12478505500.0,6147267000.0,6492631000.0,0.656,3.987,-129155000.0,909359000.0,909359000.0,2036300000.0,2753665000.0,2.764,1.047,3893345000.0,1587000.0,3891758000.0,3893345000.0,103377000.0,306324000.0,0.0,0.0,0.0,3816972000.0,4123296000.0,0.504,4123296000.0,3816972000.0,3645930000.0,1.755,1.725,1.755,6116764000.0,5993397750.0,6116764000.0,32904871665.0,9.0,7.98,3256591000.0,2.123,1.0,6147394000.0,0.751,2111003000.0,171042000.0,11288450000.0,11012685250.0,1337751000.0,4572757000.0,1347776000.0,3224981000.0,6406692000.0,2224431000.0,4182261000.0,29932459665.0,-113634000.0,-588608000.0,-2559737000.0,335567000.0,0.0,-2222707000.0,-1258307000.0,-540544000.0,3385746000.0,-18366000.0,2767911000.0,2767911000.0,2767911000.0,0.0,-14246000.0,0.338,2395648000.0,3751746000.0,1063723000.0,0.0,4.894,10.814,11.054,761190000.0,0.0,19.4,3.658,3.637,1867092000.0,1321796000.0,8183694000.0,8183694000.0,1219675000.0,0.222,0.462,0.347,0.466,194613000.0,1175973000.0,1.0,1542910292.0,1534066000,1562624000.0,5.335,10528895000.0,561557000.0,878019000.0,150697000.0,6.863,3922836000.0
40,GILD,MRT,2011-06-30,2011-06-30,2011-06-30,2021-08-05,-133279000.0,12694140000.0,12182428750.0,6219045000.0,6475095000.0,0.657,3.852,-75672000.0,905779000.0,905779000.0,1981895000.0,2718290000.0,2.691,1.072,3878191000.0,7345000.0,3870846000.0,3878191000.0,90949000.0,302376000.0,0.0,0.0,0.0,3792681000.0,4095057000.0,0.512,4095057000.0,3792681000.0,3631116000.0,1.695,1.665,1.695,6046845000.0,5890785250.0,6046845000.0,35259166255.0,9.0,8.61,3152390000.0,2.008,1.0,6017795000.0,0.752,2128410000.0,161565000.0,11227301000.0,10619825500.0,1321615000.0,4593533000.0,1364539000.0,3228994000.0,6482809000.0,2310841000.0,4171968000.0,32591921255.0,-576860000.0,-679608000.0,-3093105000.0,2298086000.0,0.0,-1076058000.0,-2572116000.0,-1816836000.0,3228062000.0,-156748000.0,2731663000.0,2731663000.0,2731663000.0,0.0,-13373000.0,0.341,2290654000.0,3727141000.0,1102319000.0,0.0,5.39,11.931,12.215,721884000.0,0.0,20.705,4.074,4.063,1938645000.0,1395908000.0,7999690000.0,7999690000.0,1160049000.0,0.224,0.464,0.357,0.474,200679000.0,1130605000.0,1.0,1574108730.0,1569614000,1601600000.0,5.097,10565730000.0,606477000.0,899453000.0,122463000.0,6.731,3908204000.0
41,GILD,MRT,2011-03-31,2011-03-31,2011-03-31,2021-08-05,-101182000.0,12987354000.0,11633070750.0,6851132000.0,6136222000.0,0.67,3.735,-65088000.0,1835978000.0,1835978000.0,1903557000.0,2684958000.0,2.474,1.146,4503223000.0,653093000.0,3850130000.0,4503223000.0,127648000.0,286285000.0,0.0,0.0,0.0,3774063000.0,4060348000.0,0.521,4060348000.0,3774063000.0,3640841000.0,1.625,1.595,1.625,5946253000.0,6019697750.0,5946253000.0,36351928431.0,10.0,8.953,2918798000.0,1.833,1.0,5886104000.0,0.756,1629971000.0,133222000.0,11255863000.0,9338094000.0,1304457000.0,4520320000.0,1175321000.0,3344999000.0,6811993000.0,2768765000.0,4043228000.0,33774889431.0,899098000.0,-312105000.0,-4076607000.0,3442570000.0,0.0,-869632000.0,-1169354000.0,-792161000.0,2983886000.0,-45802000.0,2697497000.0,2697497000.0,2697497000.0,0.0,-12539000.0,0.346,2183054000.0,3703050000.0,981631000.0,0.0,5.68,12.521,13.068,703794000.0,0.0,21.235,4.336,4.34,1801212000.0,1320335000.0,7789661000.0,7789661000.0,1108712000.0,0.232,0.448,0.404,0.484,199171000.0,1074342000.0,1.0,1590529288.0,1592230000,1623714000.0,4.892,11357383000.0,697618000.0,943344000.0,115482000.0,7.133,4082367000.0
42,GILD,MRT,2010-12-31,2010-12-31,2010-12-31,2021-08-05,30911000.0,11592630000.0,11060231750.0,5708082000.0,5884548000.0,0.719,3.425,-61884000.0,907879000.0,907879000.0,1869876000.0,2889749000.0,2.316,0.933,3484918000.0,646345000.0,2838573000.0,3484918000.0,136019000.0,265477000.0,0.0,0.0,0.0,4034017000.0,4299494000.0,0.541,4299494000.0,4034017000.0,3925056000.0,1.69,1.66,1.69,5863729000.0,6368633500.0,5863729000.0,31850185252.0,8.0,7.408,2772029000.0,1.619,1.0,6079544000.0,0.765,1425592000.0,108961000.0,10279127000.0,8408843250.0,1203809000.0,4410192000.0,1190789000.0,3219403000.0,5470793000.0,2464950000.0,3005843000.0,29422084252.0,-365079000.0,-91000000.0,-3645945000.0,2456714000.0,0.0,-1338710000.0,-1937751000.0,-1784867000.0,2833913000.0,77469000.0,2901257000.0,2901257000.0,2901257000.0,0.0,-11508000.0,0.365,2117322000.0,3962222000.0,803025000.0,0.0,5.018,10.141,10.722,701235000.0,0.0,18.12,3.701,3.903,1621966000.0,1183730000.0,7949420000.0,7949420000.0,1072930000.0,0.262,0.456,0.48,0.507,200507000.0,1044392000.0,1.0,1623735334.0,1712120000,1746792000.0,4.643,10167038000.0,753142000.0,1023799000.0,108887000.0,5.938,3243132000.0
43,GILD,MRT,2010-09-30,2010-09-30,2010-09-30,2021-08-05,7485000.0,11455591000.0,10586714000.0,6031947000.0,5423644000.0,0.754,3.425,-65510000.0,1022993000.0,1022993000.0,1846938000.0,3062777000.0,2.329,0.977,3451094000.0,632386000.0,2818708000.0,3451094000.0,135240000.0,252070000.0,0.0,0.0,0.0,4270374000.0,4522444000.0,0.567,4522444000.0,4270374000.0,4184745000.0,1.75,1.7,1.75,5706314000.0,6494467500.0,5706314000.0,30067909387.0,7.0,6.649,2998836000.0,1.8,1.0,6136174000.0,0.769,1576573000.0,85629000.0,9717011000.0,7386617250.0,1273389000.0,4028688000.0,1284538000.0,2744150000.0,5576819000.0,2590108000.0,2986711000.0,29863706387.0,-1606000.0,-91000000.0,-3265004000.0,2256821000.0,0.0,-1203133000.0,-1927619000.0,-1771109000.0,3064346000.0,64800000.0,3074050000.0,3074050000.0,3074050000.0,0.0,-11273000.0,0.385,1937895000.0,4198279000.0,950813000.0,0.0,5.233,9.715,10.174,692032000.0,0.0,17.805,3.741,3.716,1670405000.0,1122030000.0,7983112000.0,7983112000.0,919815000.0,0.29,0.473,0.578,0.535,191019000.0,1018080000.0,1.0,1677265172.0,1666012000,1694456000.0,4.792,9879018000.0,685563000.0,1110695000.0,119507000.0,5.93,3441839000.0
44,GILD,MRT,2010-06-30,2010-06-30,2010-06-30,2021-08-05,189624000.0,10496708000.0,9957061250.0,5709014000.0,4787694000.0,0.788,3.721,-72829000.0,1482639000.0,1482639000.0,1779054000.0,3031092000.0,1.838,0.579,1686842000.0,1124230000.0,562612000.0,1686842000.0,155886000.0,240068000.0,0.0,0.0,0.0,4183973000.0,4424041000.0,0.564,4424041000.0,4183973000.0,4114747000.0,1.7,1.645,1.7,6562495000.0,6479523500.0,6562495000.0,30746595600.0,7.0,6.95,3112626000.0,1.765,1.0,6067791000.0,0.773,1494813000.0,69226000.0,6100375000.0,6410872000.0,1356606000.0,2734896000.0,518286000.0,2216610000.0,3796708000.0,3105723000.0,690985000.0,30506288600.0,441765000.0,0.0,-2119406000.0,88804000.0,0.0,-1898908000.0,-960139000.0,-887310000.0,3185455000.0,115357000.0,3042207000.0,3042207000.0,3042207000.0,0.0,-11115000.0,0.388,1954179000.0,4113612000.0,1066433000.0,0.0,4.649,10.028,10.082,695043000.0,0.0,17.14,3.888,3.852,1482900000.0,1831381000.0,7846845000.0,7846845000.0,959231000.0,0.306,0.47,0.653,0.533,190380000.0,994948000.0,1.0,1779830140.0,1763604000,1797506000.0,4.449,9001895000.0,622434000.0,1072540000.0,90159000.0,5.104,2603291000.0
45,GILD,MRT,2010-03-31,2010-03-31,2010-03-31,2021-08-05,83473000.0,10695998000.0,9429657250.0,5124228000.0,5571770000.0,0.802,4.072,-77652000.0,936880000.0,936880000.0,1706574000.0,2891110000.0,2.715,0.435,1177187000.0,7088000.0,1170099000.0,1177187000.0,163729000.0,233902000.0,0.0,0.0,0.0,3946364000.0,4180266000.0,0.552,4180266000.0,3946364000.0,3876418000.0,1.61,1.555,1.61,7341996000.0,6136362500.0,7341996000.0,40964714493.0,10.0,9.8,3031641000.0,1.681,1.0,5860202000.0,0.774,1509794000.0,69946000.0,7538860000.0,6268170500.0,1223945000.0,3683035000.0,715308000.0,2967727000.0,3193326000.0,1887651000.0,1305675000.0,41076642493.0,-726766000.0,-1247816000.0,-645807000.0,-311086000.0,0.0,-889665000.0,-2956289000.0,-1630821000.0,3109293000.0,9895000.0,2901544000.0,2901544000.0,2901544000.0,0.0,-10434000.0,0.383,1978156000.0,3882046000.0,949084000.0,0.0,5.595,14.157,14.121,695601000.0,0.0,22.735,5.429,5.418,1491332000.0,2688679000.0,7566776000.0,7566776000.0,969803000.0,0.308,0.473,0.63,0.522,193597000.0,1008353000.0,1.0,1806757972.0,1803212000,1856736000.0,4.196,9186204000.0,618921000.0,974874000.0,105287000.0,5.094,3236577000.0
46,GILD,MRT,2009-12-31,2009-12-31,2009-12-31,2021-08-05,-5758000.0,9698559000.0,8635636250.0,4812558000.0,4886001000.0,0.812,3.519,-230057000.0,1272958000.0,1272958000.0,1595558000.0,2625592000.0,2.571,0.502,1161030000.0,5587000.0,1155443000.0,1161030000.0,165747000.0,212944000.0,0.0,0.0,0.0,3581781000.0,3794725000.0,0.541,3794725000.0,3581781000.0,3512119000.0,1.455,1.41,1.455,6367065000.0,5501885750.0,6367065000.0,39261657957.0,11.0,10.346,2849997000.0,1.575,1.0,5415825000.0,0.772,1524777000.0,69662000.0,6190223000.0,5811443000.0,1051771000.0,2631888000.0,384017000.0,2247871000.0,3193401000.0,1871631000.0,1321770000.0,38939756957.0,-186344000.0,-1247816000.0,-775767000.0,-311103000.0,0.0,-1051438000.0,-2215900000.0,-738027000.0,3080054000.0,940000.0,2635755000.0,2635755000.0,2635755000.0,0.0,-10163000.0,0.376,1886604000.0,3529221000.0,810544000.0,0.0,6.116,14.774,14.869,699970000.0,0.0,21.635,5.554,5.583,1389534000.0,1995272000.0,7011383000.0,7011383000.0,939918000.0,0.305,0.479,0.616,0.511,188866000.0,946686000.0,1.0,1799850102.0,1809208000,1868218000.0,3.875,8173782000.0,670774000.0,876364000.0,255006000.0,4.518,2940927000.0
47,GILD,MRT,2009-09-30,2009-09-30,2009-09-30,2021-08-05,-39199000.0,8936980000.0,7945204250.0,4297610000.0,4639370000.0,0.806,3.125,-244730000.0,1024599000.0,1024599000.0,1443690000.0,2383793000.0,2.275,0.564,1346500000.0,205613000.0,1140887000.0,1346500000.0,93929000.0,189227000.0,0.0,0.0,0.0,3234778000.0,3424005000.0,0.534,3424005000.0,3234778000.0,3165973000.0,1.32,1.275,1.32,5646538000.0,4978262750.0,5646538000.0,42539299915.0,13.0,12.424,2458335000.0,1.361,1.0,4963519000.0,0.775,1555602000.0,68805000.0,5814030000.0,5573183500.0,1017827000.0,2267531000.0,330713000.0,1936818000.0,3184823000.0,1889249000.0,1295574000.0,42048150915.0,-184825000.0,-1247816000.0,-1279372000.0,-111590000.0,0.0,-1307782000.0,-1579641000.0,-87095000.0,2703065000.0,-467000.0,2393506000.0,2393506000.0,2393506000.0,0.0,-9713000.0,0.374,1788590000.0,3174929000.0,742684000.0,0.0,7.447,17.568,17.614,701371000.0,0.0,23.25,6.563,6.556,1339165000.0,1420613000.0,6407209000.0,6407209000.0,902136000.0,0.301,0.481,0.58,0.505,188569000.0,886454000.0,1.0,1808522620.0,1806638000,1864848000.0,3.546,7381378000.0,576618000.0,772467000.0,207293000.0,4.086,2408361000.0
48,GILD,MRT,2009-06-30,2009-06-30,2009-06-30,2021-08-05,23293000.0,8387092000.0,7454491250.0,4001307000.0,4385785000.0,0.802,2.865,-258003000.0,1040874000.0,1040874000.0,1334173000.0,2207008000.0,2.251,0.592,1532023000.0,405622000.0,1126401000.0,1532023000.0,99762000.0,180274000.0,0.0,0.0,0.0,3023431000.0,3203705000.0,0.536,3203705000.0,3023431000.0,2955461000.0,1.215,1.175,1.215,5189851000.0,4608105750.0,5189851000.0,41909404356.0,14.0,13.082,2103047000.0,1.161,1.0,4642915000.0,0.777,1570790000.0,67970000.0,5529569000.0,5572545750.0,969971000.0,1857572000.0,203394000.0,1654178000.0,3073123000.0,1777882000.0,1295241000.0,42455571356.0,-78725000.0,-1251899000.0,-1259183000.0,90404000.0,0.0,-1023411000.0,-1472070000.0,37832000.0,2361050000.0,55706000.0,2216326000.0,2216326000.0,2216326000.0,0.0,-9318000.0,0.371,1668558000.0,2974357000.0,649999000.0,0.0,8.18,19.156,19.276,697426000.0,0.0,23.42,7.103,7.097,1242899000.0,1019839000.0,5977088000.0,5977088000.0,820342000.0,0.297,0.481,0.543,0.506,184563000.0,848216000.0,1.0,1812791262.0,1811222000,1868956000.0,3.3,6816302000.0,520097000.0,739135000.0,138732000.0,3.763,2223425000.0
49,GILD,MRT,2009-03-31,2009-03-31,2009-03-31,2021-08-05,111644000.0,7519914000.0,6987072500.0,4615915000.0,2903999000.0,0.803,2.64,-262327000.0,1663646000.0,1663646000.0,1216812000.0,2070486000.0,3.658,0.521,1117479000.0,5613000.0,1111866000.0,1117479000.0,99585000.0,165123000.0,0.0,0.0,0.0,2868895000.0,3034018000.0,0.541,3034018000.0,2868895000.0,2802981000.0,1.135,1.095,1.135,4804089000.0,4253699250.0,4804089000.0,42041600165.0,15.0,13.857,1916876000.0,1.053,1.0,4391246000.0,0.783,0.0,65914000.0,5711950000.0,5252690000.0,936727000.0,1945243000.0,396648000.0,1548595000.0,2502631000.0,1261797000.0,1240834000.0,42195417165.0,940762000.0,-10851000.0,-1162119000.0,-4265000.0,0.0,-930588000.0,-383992000.0,-110814000.0,2179203000.0,76139000.0,2079711000.0,2079711000.0,2079711000.0,0.0,-9225000.0,0.371,1572435000.0,2818811000.0,578362000.0,0.0,8.783,20.289,20.405,679437000.0,0.0,23.16,7.524,7.514,1068000000.0,672956000.0,5608058000.0,5608058000.0,755246000.0,0.298,0.489,0.546,0.512,174475000.0,806338000.0,1.0,1821909204.0,1819560000,1884958000.0,3.082,7519914000.0,535917000.0,723270000.0,151950000.0,4.133,3354118000.0
50,GILD,MRT,2008-12-31,2008-12-31,2008-12-31,2021-08-05,41240000.0,6936831000.0,6576844750.0,4278408000.0,2658423000.0,0.811,2.32,-115005000.0,1459302000.0,1459302000.0,1127246000.0,1970335000.0,3.504,0.578,1103656000.0,5631000.0,1098025000.0,1103656000.0,117144000.0,155610000.0,0.0,0.0,0.0,2746506000.0,2902116000.0,0.544,2902116000.0,2746506000.0,2681262000.0,1.075,1.03,1.075,4272573000.0,3885047500.0,4272573000.0,46659952592.0,17.0,16.078,2028379000.0,1.102,1.0,4208504000.0,0.789,123008000.0,65244000.0,5237185000.0,5204035000.0,927868000.0,1780337000.0,330760000.0,1449577000.0,2471248000.0,1220992000.0,1250256000.0,46563467592.0,491216000.0,-10851000.0,-1723457000.0,-4326000.0,0.0,-1474569000.0,-178819000.0,-52963000.0,2143384000.0,1220000.0,1978899000.0,1978899000.0,1978899000.0,0.0,-8564000.0,0.371,1529963000.0,2678541000.0,601200000.0,0.0,10.898,23.53,23.786,528799000.0,0.0,25.57,8.727,8.824,1023397000.0,300314000.0,5335750000.0,5335750000.0,721768000.0,0.301,0.509,0.528,0.515,170944000.0,797344000.0,1.0,1821019460.0,1841386000,1917650000.0,2.898,6813823000.0,565928000.0,702363000.0,101345000.0,3.7,3057416000.0
51,GILD,MRT,2008-09-30,2008-09-30,2008-09-30,2021-08-05,17190000.0,6974128000.0,6301316000.0,4326683000.0,2647445000.0,0.794,2.262,-87667000.0,1209424000.0,1209424000.0,1021257000.0,1774879000.0,3.436,0.674,1305909000.0,6055000.0,1299854000.0,1305909000.0,96358000.0,174763000.0,0.0,0.0,0.0,2560042000.0,2734805000.0,0.547,2734805000.0,2560042000.0,2458293000.0,0.97,0.93,0.97,4165910000.0,3681901750.0,4165910000.0,42159784404.0,16.0,15.416,1893100000.0,1.028,1.0,3981011000.0,0.796,0.0,101749000.0,5811479000.0,5252399000.0,897623000.0,2046838000.0,709870000.0,1336968000.0,2808218000.0,1259134000.0,1549084000.0,41975721404.0,625296000.0,-10851000.0,-1015230000.0,-3831000.0,0.0,-782493000.0,-547370000.0,-448852000.0,1980767000.0,-25608000.0,1790182000.0,1790182000.0,1790182000.0,0.0,-15303000.0,0.358,1499131000.0,2481880000.0,631525000.0,0.0,10.076,23.448,23.521,512281000.0,0.0,22.815,8.391,8.399,1047205000.0,531001000.0,5002268000.0,5002268000.0,704553000.0,0.284,0.486,0.487,0.512,181101000.0,783727000.0,1.0,1839829998.0,1841614000,1921170000.0,2.716,6974128000.0,636835000.0,668111000.0,134116000.0,3.787,3067549000.0
52,GILD,MRT,2008-06-30,2008-06-30,2008-06-30,2021-08-05,-11000.0,6517417000.0,5887177750.0,3669377000.0,2848040000.0,0.797,2.044,-73765000.0,1119599000.0,1119599000.0,919534000.0,1679505000.0,1.497,0.728,1303662000.0,1303662000.0,0.0,1303662000.0,96988000.0,142197000.0,0.0,0.0,0.0,2439421000.0,2581618000.0,0.55,2581618000.0,2439421000.0,2351065000.0,0.915,0.88,0.915,3772225000.0,3385885500.0,3772225000.0,49422085618.0,20.0,19.144,1639684000.0,0.888,1.0,3770269000.0,0.804,0.0,88356000.0,4250146000.0,5102618000.0,856287000.0,1788753000.0,228122000.0,1560631000.0,2745192000.0,2451334000.0,293858000.0,48844753618.0,417951000.0,-53211000.0,-768140000.0,-404000.0,0.0,-587387000.0,-629030000.0,-502054000.0,1713449000.0,-79081000.0,1692648000.0,1692648000.0,1692648000.0,0.0,-13143000.0,0.361,1435193000.0,2335076000.0,606245000.0,0.0,12.949,28.857,28.934,493012000.0,0.0,26.475,10.415,10.419,1021369000.0,265435000.0,4689803000.0,4689803000.0,656848000.0,0.288,0.5,0.478,0.52,182849000.0,767494000.0,1.0,1844938758.0,1845592000,1931326000.0,2.541,6517417000.0,635096000.0,658417000.0,148811000.0,3.531,1218043000.0
53,GILD,MRT,2008-03-31,2008-03-31,2008-03-31,2021-08-05,-7931000.0,5879003000.0,5464268500.0,2948257000.0,2930746000.0,0.816,1.794,-70356000.0,722884000.0,722884000.0,836981000.0,1654812000.0,3.14,0.766,1300216000.0,216000.0,1300000000.0,1300216000.0,101438000.0,119324000.0,0.0,0.0,0.0,2390658000.0,2509982000.0,0.563,2509982000.0,2390658000.0,2316023000.0,0.9,0.865,0.9,3329482000.0,3065095000.0,3329482000.0,48196872749.0,20.0,19.202,1713744000.0,0.923,1.0,3622786000.0,0.812,0.0,74635000.0,5517330000.0,5175712500.0,661093000.0,1866120000.0,191311000.0,1674809000.0,2549521000.0,939005000.0,1610516000.0,47864672749.0,-6258000.0,-46443000.0,-1078158000.0,-419000.0,0.0,-878924000.0,-835252000.0,-718453000.0,1784100000.0,-76182000.0,1665795000.0,1665795000.0,1665795000.0,0.0,-10983000.0,0.374,1350377000.0,2272409000.0,396208000.0,0.0,14.376,28.734,28.628,455759000.0,0.0,25.765,10.733,10.724,979802000.0,-34616000.0,4459767000.0,4459767000.0,616237000.0,0.305,0.543,0.462,0.536,195974000.0,734140000.0,1.0,1857740064.0,1856208000,1933108000.0,2.403,5879003000.0,587935000.0,650228000.0,139822000.0,3.167,2009252000.0
54,GILD,MRT,2007-12-31,2007-12-31,2007-12-31,2021-08-05,-4363000.0,5834716000.0,5148362500.0,3028292000.0,2806424000.0,0.822,1.862,-78648000.0,968086000.0,968086000.0,768771000.0,1575794000.0,4.113,0.686,1300286000.0,286000.0,1300000000.0,1300286000.0,92063000.0,101360000.0,0.0,0.0,0.0,2283438000.0,2384798000.0,0.564,2384798000.0,2283438000.0,2220257000.0,0.855,0.82,0.855,3459990000.0,2828394250.0,3459990000.0,43540936076.0,19.0,18.258,1590434000.0,0.856,1.0,3461274000.0,0.818,0.0,63181000.0,5430641000.0,4882542250.0,599966000.0,1754336000.0,203892000.0,1550444000.0,2374726000.0,736275000.0,1638451000.0,42824819076.0,152079000.0,-46443000.0,-244116000.0,-99459000.0,0.0,-170983000.0,-1302467000.0,-1177376000.0,1669082000.0,-43553000.0,1584902000.0,1584902000.0,1584902000.0,0.0,-9108000.0,0.375,1296767000.0,2164507000.0,290333000.0,0.0,12.377,27.02,26.906,447696000.0,0.0,23.005,10.124,10.106,795127000.0,249080000.0,4230045000.0,4230045000.0,591026000.0,0.308,0.56,0.468,0.54,219007000.0,705741000.0,1.0,1861543972.0,1858266000,1928712000.0,2.276,5834716000.0,666801000.0,635355000.0,125232000.0,3.14,2292017000.0
55,GILD,MRT,2007-09-30,2007-09-30,2007-09-30,2021-08-05,-13515000.0,5317575000.0,4711178750.0,2545043000.0,2772532000.0,0.856,1.608,-94539000.0,584128000.0,584128000.0,708518000.0,-451991000.0,3.681,0.783,1300245000.0,245000.0,1300000000.0,1300245000.0,96157000.0,53581000.0,0.0,0.0,0.0,219038000.0,272619000.0,0.068,272619000.0,219038000.0,203445000.0,-0.255,-0.265,-0.255,2981845000.0,2417326250.0,2981845000.0,38458934576.0,176.0,141.072,1638381000.0,0.884,1.0,3326030000.0,0.824,129898000.0,15593000.0,5212355000.0,4480993250.0,565692000.0,1633923000.0,182637000.0,1451286000.0,2335730000.0,691439000.0,1644291000.0,37860277576.0,24548000.0,-2426448000.0,-224470000.0,-139498000.0,0.0,-263209000.0,-1409961000.0,1111026000.0,1732920000.0,-35202000.0,-451991000.0,-451991000.0,-451991000.0,0.0,0.0,-0.112,3229267000.0,96763000.0,264496000.0,0.0,12.697,-83.763,-80.137,441797000.0,0.0,20.435,9.384,9.39,803628000.0,-121556000.0,4034548000.0,4034548000.0,517998000.0,-0.096,-0.187,0.049,0.054,206402000.0,672786000.0,1.0,1852717278.0,1853926000,1918086000.0,2.176,5187677000.0,690765000.0,655436000.0,0.0,2.798,1853604000.0
56,GILD,MRT,2007-06-30,2007-06-30,2007-06-30,2021-08-05,-6050000.0,4825780000.0,4706568000.0,2447174000.0,2378606000.0,0.791,1.336,-118454000.0,701648000.0,701648000.0,619849000.0,-902474000.0,3.255,0.939,1300305000.0,305000.0,1300000000.0,1300305000.0,84883000.0,49733000.0,0.0,0.0,0.0,-264595000.0,-214862000.0,-0.058,-214862000.0,-264595000.0,-283280000.0,-0.5,-0.505,-0.5,2489063000.0,2496572500.0,2489063000.0,36697363891.0,-139.0,-170.795,1614026000.0,0.866,1.0,3104629000.0,0.834,130188000.0,18685000.0,4542524000.0,4557364000.0,573340000.0,1285435000.0,174776000.0,1110659000.0,2336717000.0,751725000.0,1584992000.0,36126198891.0,-182801000.0,-2736172000.0,-216413000.0,-199511000.0,0.0,-302303000.0,-1596366000.0,1258260000.0,1732480000.0,-16612000.0,-902474000.0,-902474000.0,-902474000.0,0.0,0.0,-0.242,3497356000.0,-392727000.0,265264000.0,0.0,14.514,-40.03,-38.8,391016000.0,0.0,19.4,9.7,9.706,734512000.0,-519875000.0,3724478000.0,3724478000.0,470946000.0,-0.192,-0.361,-0.058,-0.071,205441000.0,632359000.0,1.0,1862180000.0,1863354000,1935856000.0,1.999,4695592000.0,543157000.0,619194000.0,60466000.0,2.52,1695449000.0
57,GILD,MRT,2007-03-31,2007-03-31,2007-03-31,2021-08-05,-5051000.0,4615379000.0,4795035000.0,2440559000.0,2174820000.0,0.701,1.285,-115991000.0,729142000.0,729142000.0,514601000.0,-1045254000.0,3.435,0.937,1300307000.0,307000.0,1300000000.0,1300307000.0,95987000.0,47712000.0,0.0,0.0,0.0,-433614000.0,-385902000.0,-0.115,-385902000.0,-433614000.0,-454799000.0,-0.575,-0.575,-0.575,2382679000.0,2673785250.0,2382679000.0,36119229161.0,-83.0,-93.597,1370667000.0,0.739,1.0,2847090000.0,0.847,131409000.0,21185000.0,4344649000.0,4708603000.0,522410000.0,1131316000.0,196594000.0,934722000.0,2232700000.0,710486000.0,1522214000.0,35616489161.0,460465000.0,-2736172000.0,-101499000.0,1031698000.0,0.0,642703000.0,-1639771000.0,1212392000.0,1486658000.0,-29125000.0,-1045254000.0,-1045254000.0,-1045254000.0,0.0,0.0,-0.311,3417350000.0,-570260000.0,297267000.0,0.0,14.948,-34.074,-33.326,377067000.0,0.0,19.163,10.595,10.568,692066000.0,-498031000.0,3361691000.0,3361691000.0,425551000.0,-0.218,-0.391,-0.092,-0.129,237353000.0,597748000.0,1.0,1858655664.0,1853880000,1925432000.0,1.813,4483970000.0,575747000.0,590455000.0,19395000.0,2.419,1730073000.0
58,GILD,MRT,2006-12-31,2006-12-31,2006-12-31,2021-08-05,2221000.0,4085981000.0,4650323750.0,2429206000.0,1656775000.0,0.651,0.989,-105208000.0,816007000.0,816007000.0,433320000.0,-1189957000.0,3.178,1.25,1318747000.0,18747000.0,1300000000.0,1318747000.0,78826000.0,47284000.0,0.0,0.0,0.0,-617845000.0,-570561000.0,-0.189,-570561000.0,-617845000.0,-638207000.0,-0.65,-0.65,-0.65,1815718000.0,2925218750.0,1815718000.0,30657096461.0,-50.0,-53.731,1112851000.0,0.606,1.0,2592819000.0,0.857,0.0,20362000.0,3824445000.0,4520022750.0,564145000.0,573559000.0,120844000.0,452715000.0,2270263000.0,764276000.0,1505987000.0,29856561461.0,108094000.0,-2736172000.0,-141556000.0,1074703000.0,0.0,649261000.0,-1739334000.0,1102046000.0,1218059000.0,-19892000.0,-1189957000.0,-1189957000.0,-1189957000.0,0.0,0.0,-0.393,3351572000.0,-758753000.0,367029000.0,0.0,16.443,-25.09,-24.973,361299000.0,0.0,16.233,9.866,9.851,609320000.0,-891363000.0,3026139000.0,3026139000.0,383861000.0,-0.256,-0.407,-0.137,-0.204,166147000.0,573660000.0,1.0,1839307652.0,1836424000,1836424000.0,1.648,4085981000.0,550267000.0,551750000.0,26654000.0,2.225,1664930000.0
59,GILD,MRT,2006-09-30,2006-09-30,2006-09-30,2021-08-05,6062000.0,5299132000.0,4570407500.0,4032400000.0,1266732000.0,0.599,1.803,-88037000.0,559580000.0,559580000.0,352175000.0,757292000.0,6.931,0.606,1360115000.0,60115000.0,1300000000.0,1360115000.0,54809000.0,47390000.0,0.0,0.0,0.0,1279845000.0,1327235000.0,0.485,1327235000.0,1279845000.0,1264441000.0,0.412,0.395,0.412,3298830000.0,3228233750.0,3298830000.0,31892767467.0,25.0,24.029,986864000.0,0.539,1.0,2384004000.0,0.871,0.0,15404000.0,5517838000.0,4227273000.0,373266000.0,2644863000.0,2294368000.0,350495000.0,2000302000.0,581829000.0,1418473000.0,31416967467.0,40982000.0,-356167000.0,-149498000.0,1413603000.0,0.0,964739000.0,-1984875000.0,-1540671000.0,1074901000.0,-13783000.0,757292000.0,757292000.0,757292000.0,0.0,0.0,0.277,1229656000.0,1154348000.0,207806000.0,0.0,9.524,41.486,41.729,288105000.0,0.0,17.192,11.482,11.497,585050000.0,774284000.0,2736179000.0,2736179000.0,341004000.0,0.166,0.235,0.303,0.468,215402000.0,533084000.0,1.0,1827364692.0,1829732000,1829732000.0,1.495,5299132000.0,353246000.0,507149000.0,0.0,2.896,3450571000.0
60,GILD,MRT,2006-06-30,2006-06-30,2006-06-30,2021-08-05,-15369000.0,5179648000.0,3975295750.0,2491869000.0,2687779000.0,0.624,1.747,-57912000.0,884449000.0,884449000.0,307882000.0,988688000.0,4.906,0.62,1360249000.0,60249000.0,1300000000.0,1360249000.0,47917000.0,47038000.0,0.0,0.0,0.0,1448068000.0,1495106000.0,0.603,1495106000.0,1448068000.0,1438719000.0,0.54,0.52,0.54,3197914000.0,3058108750.0,3197914000.0,26894446755.0,19.0,17.988,619491000.0,0.339,1.0,2173015000.0,0.876,0.0,9349000.0,5147480000.0,3362440000.0,318713000.0,2415217000.0,603134000.0,1812083000.0,1981734000.0,507968000.0,1473766000.0,26918749755.0,90831000.0,0.0,-165483000.0,1473696000.0,0.0,979567000.0,-1553606000.0,-1495694000.0,677403000.0,-12533000.0,988688000.0,988688000.0,988688000.0,0.0,0.0,0.399,827957000.0,1345058000.0,153817000.0,0.0,8.418,27.227,27.389,253760000.0,0.0,14.79,10.85,10.91,489319000.0,826448000.0,2480897000.0,2480897000.0,326529000.0,0.249,0.323,0.431,0.584,187617000.0,501428000.0,1.0,1820064216.0,1830018000,1904868000.0,1.356,5179648000.0,312943000.0,450031000.0,58504000.0,2.83,1983901000.0
61,GILD,MRT,2006-03-31,2006-03-31,2006-03-31,2021-08-05,-2473000.0,4036534000.0,3352412250.0,3375405000.0,661129000.0,0.683,1.836,-53334000.0,268677000.0,268677000.0,293268000.0,919505000.0,8.0,0.191,244374000.0,60374000.0,184000000.0,244374000.0,44668000.0,40883000.0,0.0,0.0,0.0,1332348000.0,1373231000.0,0.599,1373231000.0,1332348000.0,1328191000.0,0.503,0.482,0.503,3388413000.0,2856823750.0,3388413000.0,28356293052.0,21.0,20.649,651376000.0,0.353,1.0,1997596000.0,0.872,0.0,4157000.0,3590328000.0,2484005000.0,224372000.0,2270944000.0,2270944000.0,0.0,648121000.0,421903000.0,226218000.0,28763350052.0,-13264000.0,0.0,169781000.0,242361000.0,0.0,449522000.0,-1149365000.0,-1096031000.0,704710000.0,-18131000.0,919505000.0,919505000.0,919505000.0,0.0,0.0,0.401,740355000.0,1257241000.0,60209000.0,0.0,8.489,31.281,30.924,240587000.0,0.0,15.555,12.556,12.532,433633000.0,1072346000.0,2290864000.0,2290864000.0,295690000.0,0.274,0.322,0.536,0.582,161540000.0,444665000.0,1.0,1849138544.0,1845700000,1927208000.0,1.241,4036534000.0,158068000.0,408686000.0,73710000.0,2.187,2953502000.0
62,GILD,MRT,2005-12-31,2005-12-31,2005-12-31,2021-08-05,11578000.0,3766316000.0,2935649500.0,3092208000.0,674108000.0,0.691,1.666,-47951000.0,707913000.0,707913000.0,260326000.0,813914000.0,6.648,0.244,60206000.0,60206000.0,0.0,60206000.0,51078000.0,35777000.0,0.0,0.0,0.0,1162234000.0,1198011000.0,0.591,1198011000.0,1162234000.0,1161792000.0,0.45,0.43,0.45,3027778000.0,2525558500.0,3027778000.0,23480466540.0,20.0,19.6,657691000.0,0.362,1.0,1768074000.0,0.872,0.0,442000.0,2653446000.0,2040858750.0,216903000.0,1603120000.0,1603120000.0,0.0,738538000.0,465163000.0,273375000.0,24072779540.0,427004000.0,0.0,143283000.0,298613000.0,0.0,441896000.0,-682478000.0,-634527000.0,705642000.0,-38056000.0,813914000.0,813914000.0,813914000.0,0.0,0.0,0.401,659007000.0,1109067000.0,70908000.0,0.0,7.951,29.577,29.206,242568000.0,0.0,13.143,11.868,11.775,396125000.0,809642000.0,2028400000.0,2028400000.0,277724000.0,0.277,0.322,0.569,0.573,169439000.0,381283000.0,1.0,1831674304.0,1817354000,1897138000.0,1.116,3766316000.0,151732000.0,347878000.0,95739000.0,2.072,2627045000.0
63,GILD,MRT,2005-09-30,2005-09-30,2005-09-30,2021-08-05,9398000.0,2918685000.0,2533061250.0,2297715000.0,620970000.0,0.706,1.435,-57179000.0,592722000.0,592722000.0,234886000.0,642556000.0,8.578,0.115,409000.0,118000.0,291000.0,409000.0,45288000.0,30333000.0,0.0,0.0,0.0,946519000.0,976852000.0,0.546,976852000.0,946519000.0,945326000.0,0.355,0.345,0.355,2618330000.0,2236332000.0,2618330000.0,21437865621.0,23.0,21.946,432747000.0,0.237,1.0,1553833000.0,0.869,0.0,1193000.0,2058506000.0,1783001250.0,174040000.0,1067554000.0,1067554000.0,0.0,300355000.0,267866000.0,32489000.0,22231049621.0,217148000.0,0.0,129547000.0,-213000.0,0.0,129334000.0,-343685000.0,-286506000.0,489926000.0,-58427000.0,642556000.0,642556000.0,642556000.0,0.0,0.0,0.359,643612000.0,910221000.0,33134000.0,0.0,8.491,34.598,34.338,238310000.0,0.0,12.19,12.428,12.433,400623000.0,528040000.0,1788719000.0,1788719000.0,279121000.0,0.254,0.287,0.531,0.529,91592000.0,364491000.0,1.0,1823712028.0,1824392000,1903860000.0,0.98,2918685000.0,30579000.0,302770000.0,6839000.0,1.6,2029849000.0
64,GILD,MRT,2005-06-30,2005-06-30,2005-06-30,2021-08-05,12434000.0,2688114000.0,2299809000.0,2384820000.0,303294000.0,0.705,1.321,-56792000.0,793618000.0,793618000.0,210230000.0,576564000.0,9.131,0.123,434000.0,141000.0,293000.0,434000.0,50439000.0,25119000.0,0.0,0.0,0.0,851490000.0,876609000.0,0.541,876609000.0,851490000.0,848281000.0,0.323,0.312,0.323,2392774000.0,1930567500.0,2392774000.0,19593681138.0,23.0,22.352,746510000.0,0.412,1.0,1411225000.0,0.87,0.0,3209000.0,1633740000.0,1721373000.0,166060000.0,995656000.0,995656000.0,0.0,295340000.0,261190000.0,34150000.0,19875202138.0,567055000.0,0.0,116258000.0,-186000.0,0.0,116072000.0,-298102000.0,-241310000.0,803302000.0,-54217000.0,576564000.0,576564000.0,576564000.0,0.0,0.0,0.356,585484000.0,825741000.0,57704000.0,0.0,8.306,34.472,34.048,237221000.0,0.0,10.998,12.258,12.288,371984000.0,348808000.0,1621455000.0,1621455000.0,249495000.0,0.251,0.299,0.495,0.525,77051000.0,335989000.0,1.0,1807247296.0,1811768000,1890380000.0,0.895,2688114000.0,44671000.0,271717000.0,17015000.0,1.484,2123630000.0
65,GILD,MRT,2005-03-31,2005-03-31,2005-03-31,2021-08-05,-507000.0,2369483000.0,2079897250.0,2070244000.0,299239000.0,0.695,1.147,-54863000.0,281941000.0,281941000.0,189053000.0,492056000.0,7.661,0.148,420000.0,161000.0,259000.0,420000.0,50650000.0,24695000.0,0.0,0.0,0.0,726897000.0,751592000.0,0.52,751592000.0,726897000.0,721632000.0,0.28,0.27,0.28,2063352000.0,1649164750.0,2063352000.0,15825276588.0,22.0,21.056,577721000.0,0.321,1.0,1256855000.0,0.869,0.0,5265000.0,1817743000.0,1751032750.0,135506000.0,1189826000.0,1189826000.0,0.0,306131000.0,270219000.0,35912000.0,16105770588.0,126356000.0,0.0,84910000.0,-17000.0,0.0,84893000.0,-557990000.0,-503127000.0,632584000.0,-33131000.0,492056000.0,492056000.0,492056000.0,0.0,0.0,0.34,550414000.0,706441000.0,35862000.0,0.0,7.806,32.732,31.964,225428000.0,0.0,8.95,11.139,11.131,385444000.0,152841000.0,1445908000.0,1445908000.0,235441000.0,0.237,0.298,0.415,0.503,23237000.0,314973000.0,1.0,1799527440.0,1798196000,1870476000.0,0.804,2369483000.0,67914000.0,229576000.0,38274000.0,1.318,1800025000.0
66,GILD,MRT,2004-12-31,2004-12-31,2004-12-31,2021-08-05,-18692000.0,2155963000.0,1906407000.0,1849694000.0,306269000.0,0.695,1.083,-51366000.0,280909000.0,280909000.0,166587000.0,449371000.0,7.298,0.152,415000.0,181000.0,234000.0,415000.0,51284000.0,24408000.0,0.0,0.0,0.0,663767000.0,688175000.0,0.52,688175000.0,663767000.0,656422000.0,0.26,0.247,0.26,1870872000.0,1416351000.0,1870872000.0,15191580383.0,23.0,22.075,456598000.0,0.264,1.0,1158034000.0,0.874,0.0,7345000.0,1622016000.0,1718966750.0,135991000.0,973129000.0,973129000.0,0.0,285091000.0,253453000.0,31638000.0,15147737383.0,86190000.0,0.0,78796000.0,-137000.0,0.0,78659000.0,-487414000.0,-436048000.0,507964000.0,-13019000.0,449371000.0,449371000.0,449371000.0,0.0,0.0,0.339,530647000.0,627387000.0,47552000.0,0.0,8.097,33.709,33.644,223106000.0,0.0,8.748,11.436,11.411,371245000.0,-4272000.0,1324621000.0,1324621000.0,223552000.0,0.236,0.317,0.386,0.501,23086000.0,307095000.0,1.0,1731664748.0,1728000000,1856984000.0,0.767,2155963000.0,98493000.0,207051000.0,8698000.0,1.248,1596241000.0
67,GILD,MRT,2004-09-30,2004-09-30,2004-09-30,2021-08-05,521000.0,1985676000.0,1756096750.0,1707367000.0,278309000.0,0.694,0.809,-50024000.0,301450000.0,301450000.0,151160000.0,531710000.0,7.849,0.423,345293000.0,0.0,345293000.0,345293000.0,43935000.0,24136000.0,0.0,0.0,0.0,590543000.0,614679000.0,0.504,614679000.0,590543000.0,579165000.0,0.318,0.305,0.318,1395272000.0,1199376500.0,1395272000.0,16213330825.0,27.0,26.377,437219000.0,0.253,1.0,1067393000.0,0.876,0.0,11378000.0,1811993000.0,1693355250.0,116234000.0,846971000.0,846971000.0,0.0,590404000.0,217526000.0,372878000.0,16094589825.0,198133000.0,0.0,70224000.0,-95000.0,0.0,70129000.0,-358600000.0,-308576000.0,487243000.0,-639000.0,531710000.0,531710000.0,531710000.0,0.0,0.0,0.436,513025000.0,554368000.0,33551000.0,0.0,11.535,30.269,29.387,211809000.0,0.0,9.345,13.208,13.23,304298000.0,-114516000.0,1218553000.0,1218553000.0,212295000.0,0.303,0.443,0.349,0.485,143755000.0,290511000.0,1.0,1722267504.0,1725092000,1861896000.0,0.706,1985676000.0,137610000.0,47455000.0,23916000.0,1.151,1489841000.0
68,GILD,MRT,2004-06-30,2004-06-30,2004-06-30,2021-08-05,2594000.0,1808467000.0,1551713000.0,1531776000.0,276691000.0,0.704,0.738,-171993000.0,226563000.0,226563000.0,136254000.0,491566000.0,8.762,0.427,345304000.0,0.0,345304000.0,345304000.0,33761000.0,23170000.0,0.0,0.0,0.0,504461000.0,527631000.0,0.483,527631000.0,504461000.0,489587000.0,0.297,0.285,0.297,1267163000.0,955141500.0,1267163000.0,14549337755.0,29.0,27.575,202924000.0,0.118,1.0,956484000.0,0.875,0.0,14874000.0,1752379000.0,1622079250.0,105963000.0,749025000.0,749025000.0,0.0,541304000.0,174829000.0,366475000.0,14359591755.0,57208000.0,0.0,73745000.0,-23000.0,0.0,73722000.0,-388700000.0,-216707000.0,374917000.0,-2731000.0,491566000.0,491566000.0,491566000.0,0.0,0.0,0.45,486713000.0,469771000.0,29986000.0,0.0,11.332,29.212,28.199,206789000.0,0.0,8.375,13.141,13.156,277305000.0,-227756000.0,1092738000.0,1092738000.0,199071000.0,0.317,0.515,0.311,0.462,138872000.0,277423000.0,1.0,1714578120.0,1716496000,1847916000.0,0.637,1808467000.0,168743000.0,-1979000.0,16368000.0,1.054,1356947000.0
69,GILD,MRT,2004-03-31,2004-03-31,2004-03-31,2021-08-05,7992000.0,1675522000.0,1368311750.0,1395014000.0,280508000.0,0.74,0.662,-164317000.0,155585000.0,155585000.0,126268000.0,480479000.0,7.936,0.48,345331000.0,0.0,345331000.0,345331000.0,34662000.0,22110000.0,0.0,0.0,0.0,452071000.0,474181000.0,0.469,474181000.0,452071000.0,433699000.0,0.295,0.283,0.295,1132097000.0,720102250.0,1132097000.0,12004887639.0,27.0,25.317,147554000.0,0.086,1.0,885618000.0,0.875,0.0,18372000.0,1689479000.0,1525068250.0,101252000.0,682057000.0,682057000.0,0.0,543425000.0,175789000.0,367636000.0,11854144639.0,38108000.0,0.0,68364000.0,45000.0,0.0,68409000.0,-331523000.0,-167206000.0,311871000.0,-10649000.0,480479000.0,480479000.0,480479000.0,0.0,0.0,0.475,466273000.0,419345000.0,28105000.0,0.0,10.471,24.672,23.496,198951000.0,0.0,6.931,11.715,11.707,257491000.0,-339215000.0,1011886000.0,1011886000.0,196746000.0,0.351,0.667,0.296,0.447,132363000.0,259308000.0,1.0,1710246296.0,1709072000,1841608000.0,0.592,1675522000.0,206841000.0,-46780000.0,14544000.0,0.98,1219225000.0
70,GILD,MRT,2003-12-31,2003-12-31,2003-12-31,2021-08-05,4507000.0,1554722000.0,1185123750.0,1265898000.0,288824000.0,0.732,0.623,-161609000.0,194719000.0,194719000.0,112691000.0,-72003000.0,6.81,0.55,345462000.0,139000.0,345323000.0,345462000.0,26004000.0,20859000.0,0.0,0.0,0.0,-145636000.0,-124777000.0,-0.144,-124777000.0,-145636000.0,-167533000.0,-0.045,-0.045,-0.045,1002974000.0,487373500.0,1002974000.0,12294130210.0,-84.0,-98.529,72998000.0,0.045,1.0,755173000.0,0.87,0.0,21897000.0,1519570000.0,1425373000.0,98102000.0,512281000.0,512281000.0,0.0,551748000.0,185895000.0,365853000.0,11801980210.0,-422212000.0,-375507000.0,83806000.0,-1715000.0,0.0,82091000.0,-727345000.0,-190229000.0,234607000.0,-11565000.0,-72003000.0,-72003000.0,-72003000.0,0.0,0.0,-0.083,913848000.0,-158675000.0,35649000.0,0.0,11.767,-163.91,-161.889,198200000.0,0.0,7.285,13.599,13.505,235217000.0,-453643000.0,867864000.0,867864000.0,181764000.0,-0.061,-0.148,-0.102,-0.168,132363000.0,233266000.0,1.0,1620038464.0,1608840000,1608840000.0,0.539,1554722000.0,250061000.0,-95530000.0,0.0,0.966,1080003000.0
71,GILD,MRT,2003-09-30,2003-09-30,2003-09-30,2021-08-05,4601000.0,1168141000.0,1118489000.0,926997000.0,241144000.0,0.67,0.259,-145756000.0,103317000.0,103317000.0,98966000.0,-229107000.0,6.949,1.792,595467000.0,77000.0,595390000.0,595467000.0,28184000.0,18591000.0,0.0,0.0,0.0,-196049000.0,-177458000.0,-0.237,-177458000.0,-196049000.0,-216241000.0,-0.148,-0.156,-0.148,418332000.0,379465250.0,418332000.0,11710018112.0,-60.0,-65.988,24486000.0,0.015,1.0,650408000.0,0.868,0.0,20192000.0,1526889000.0,1335937250.0,81355000.0,517544000.0,517544000.0,0.0,749809000.0,133402000.0,616407000.0,11283956112.0,-18291000.0,-425507000.0,83010000.0,334838000.0,0.0,417848000.0,-591755000.0,-20492000.0,170242000.0,-14626000.0,-229107000.0,-229107000.0,-229107000.0,0.0,0.0,-0.306,864221000.0,-213813000.0,24685000.0,0.0,26.974,-49.252,-47.331,199550000.0,0.0,7.005,15.058,15.082,201056000.0,-646226000.0,749374000.0,749374000.0,162562000.0,-0.205,-0.604,-0.147,-0.262,350000.0,213060000.0,1.0,1610843128.0,1613392000,1867456000.0,0.464,1168141000.0,0.0,12866000.0,0.0,0.724,793595000.0
72,GILD,MRT,2003-06-30,2003-06-30,2003-06-30,2021-08-05,7712000.0,1074862000.0,1045510500.0,963771000.0,111091000.0,0.653,0.204,-17139000.0,169355000.0,169355000.0,93442000.0,-281446000.0,7.056,2.287,595417000.0,89000.0,595328000.0,595417000.0,24130000.0,17187000.0,0.0,0.0,0.0,-253786000.0,-236599000.0,-0.346,-236599000.0,-253786000.0,-271885000.0,-0.179,-0.186,-0.179,327006000.0,405589500.0,327006000.0,11590059455.0,-46.0,-48.986,159559000.0,0.1,1.0,589544000.0,0.863,0.0,18099000.0,1364335000.0,1184139750.0,63534000.0,512088000.0,512088000.0,0.0,747856000.0,136589000.0,611267000.0,11112119455.0,86198000.0,-425507000.0,70965000.0,334360000.0,0.0,405325000.0,-478972000.0,-36326000.0,176698000.0,-16853000.0,-281446000.0,-281446000.0,-281446000.0,0.0,0.0,-0.412,846613000.0,-257069000.0,23638000.0,0.0,33.981,-39.482,-38.792,70760000.0,0.0,6.944,16.27,16.286,200306000.0,-719322000.0,682986000.0,682986000.0,161920000.0,-0.269,-0.694,-0.214,-0.372,350000.0,196094000.0,1.0,1600305232.0,1601888000,1842720000.0,0.426,1074862000.0,0.0,9561000.0,0.0,0.671,827182000.0
73,GILD,MRT,2003-03-31,2003-03-31,2003-03-31,2021-08-05,5901000.0,942770000.0,980788000.0,832453000.0,110317000.0,0.564,0.127,-17237000.0,117477000.0,117477000.0,79054000.0,-362107000.0,6.403,3.686,595417000.0,149000.0,595268000.0,595417000.0,21244000.0,15669000.0,0.0,0.0,0.0,-341198000.0,-325529000.0,-0.588,-325529000.0,-341198000.0,-357183000.0,-0.229,-0.231,-0.229,201182000.0,442847000.0,201182000.0,8313692128.0,-24.0,-25.539,101229000.0,0.064,1.0,474425000.0,0.857,0.0,15985000.0,1290698000.0,1058620500.0,56520000.0,494666000.0,494666000.0,0.0,741588000.0,130012000.0,611576000.0,8335156128.0,41240000.0,-425507000.0,59504000.0,333916000.0,0.0,393420000.0,-459685000.0,-16941000.0,118466000.0,-10961000.0,-362107000.0,-362107000.0,-362107000.0,0.0,0.0,-0.654,820072000.0,-345647000.0,24096000.0,0.0,41.431,-23.018,-22.92,69529000.0,0.0,5.249,15.06,15.046,145980000.0,-819694000.0,553479000.0,553479000.0,149453000.0,-0.369,-0.818,-0.322,-0.616,350000.0,182020000.0,1.0,1588026888.0,1586624000,1586624000.0,0.349,942770000.0,0.0,4924000.0,0.0,0.594,702441000.0
74,GILD,MRT,2002-12-31,2002-12-31,2002-12-31,2021-08-05,2475000.0,1288183000.0,942029750.0,1183760000.0,104423000.0,0.496,0.365,-17597000.0,616931000.0,616931000.0,69724000.0,72097000.0,11.286,1.255,595467000.0,194000.0,595273000.0,595467000.0,24369000.0,14428000.0,0.0,0.0,0.0,87250000.0,101678000.0,0.218,101678000.0,87250000.0,73397000.0,0.045,0.043,0.045,571341000.0,506787500.0,571341000.0,6816150892.0,78.0,67.037,56812000.0,0.036,1.0,397066000.0,0.851,0.0,13853000.0,1161827000.0,949695250.0,51628000.0,325443000.0,325443000.0,0.0,716842000.0,104892000.0,611950000.0,6687202892.0,493441000.0,-50000000.0,51386000.0,335223000.0,0.0,386609000.0,45822000.0,113419000.0,74409000.0,-13399000.0,72097000.0,72097000.0,72097000.0,0.0,0.0,0.154,316059000.0,81007000.0,24406000.0,0.0,11.704,92.753,94.444,67727000.0,0.0,4.25,14.326,14.243,175036000.0,-381640000.0,466790000.0,466790000.0,141867000.0,0.077,0.142,0.092,0.187,350000.0,174192000.0,1.0,1573459504.0,1564344000,1651816000.0,0.298,1288183000.0,0.0,1300000.0,0.0,0.823,1078868000.0
75,GILD,MRT,2002-09-30,2002-09-30,2002-09-30,2021-08-05,2469000.0,876227000.0,818680500.0,788135000.0,88092000.0,0.484,0.333,-22194000.0,121608000.0,121608000.0,63350000.0,168195000.0,9.221,0.676,250556000.0,263000.0,250293000.0,250556000.0,24784000.0,14384000.0,0.0,0.0,0.0,185467000.0,199851000.0,0.505,199851000.0,185467000.0,171587000.0,0.11,0.106,0.11,522829000.0,477061500.0,522829000.0,6695640900.0,36.0,33.503,-17550000.0,-0.011,1.0,332744000.0,0.84,0.0,13880000.0,919699000.0,870003500.0,38169000.0,503183000.0,503183000.0,0.0,353398000.0,85476000.0,267922000.0,6566662900.0,84262000.0,130000000.0,55790000.0,-2033000.0,0.0,53757000.0,30012000.0,-77794000.0,4644000.0,-4151000.0,168195000.0,168195000.0,168195000.0,0.0,0.0,0.425,309500000.0,23244000.0,17254000.0,0.0,12.56,39.042,38.102,65709000.0,0.0,4.191,16.579,16.604,114062000.0,-417119000.0,396094000.0,396094000.0,144344000.0,0.205,0.353,0.213,0.468,1500000.0,165156000.0,1.0,1566755240.0,1569120000,1649280000.0,0.252,876227000.0,0.0,3392000.0,0.0,0.558,702659000.0
76,GILD,MRT,2002-06-30,2002-06-30,2002-06-30,2021-08-05,-15090000.0,815972000.0,757857500.0,726323000.0,89649000.0,0.413,0.305,-23565000.0,122006000.0,122006000.0,52146000.0,122242000.0,8.783,0.714,250984000.0,687000.0,250297000.0,250984000.0,24084000.0,14429000.0,0.0,0.0,0.0,139206000.0,153635000.0,0.491,153635000.0,139206000.0,125258000.0,0.08,0.077,0.08,476036000.0,420889000.0,476036000.0,6543013650.0,47.0,42.588,-110786000.0,-0.071,1.0,260879000.0,0.833,0.0,13948000.0,862258000.0,834344750.0,42677000.0,437482000.0,437482000.0,0.0,339936000.0,82692000.0,257244000.0,6406671650.0,36236000.0,144300000.0,52189000.0,-2406000.0,0.0,49783000.0,75328000.0,-45407000.0,-87221000.0,-1654000.0,122242000.0,122242000.0,122242000.0,0.0,0.0,0.391,309620000.0,-48741000.0,12488000.0,0.0,13.458,52.41,51.375,64671000.0,0.0,4.11,20.467,20.5,101462000.0,-437876000.0,313025000.0,313025000.0,154734000.0,0.161,0.29,0.167,0.445,1500000.0,154886000.0,1.0,1558800888.0,1561336000,1651080000.0,0.2,815972000.0,0.0,3016000.0,0.0,0.523,643631000.0
77,GILD,MRT,2002-03-31,2002-03-31,2002-03-31,2021-08-05,-2492000.0,787737000.0,713030000.0,700644000.0,87093000.0,0.357,0.295,-26107000.0,115086000.0,115086000.0,45225000.0,70144000.0,10.142,0.724,251428000.0,1098000.0,250330000.0,251428000.0,11462000.0,14604000.0,0.0,0.0,0.0,86774000.0,101378000.0,0.399,101378000.0,86774000.0,72845000.0,0.046,0.044,0.046,456944000.0,380483750.0,456944000.0,7071573784.0,81.0,69.755,-145953000.0,-0.094,1.0,209124000.0,0.822,0.0,13929000.0,854997000.0,815548000.0,46196000.0,449583000.0,449583000.0,0.0,330793000.0,69082000.0,261711000.0,6982031784.0,-1166000.0,144300000.0,52652000.0,-2737000.0,0.0,49915000.0,68934000.0,-49259000.0,-119846000.0,-169000.0,70144000.0,70144000.0,70144000.0,0.0,0.0,0.276,310954000.0,-101830000.0,9526000.0,0.0,15.28,99.539,97.799,62851000.0,0.0,4.499,27.451,27.422,76935000.0,-457587000.0,254349000.0,254349000.0,167961000.0,0.098,0.184,0.106,0.341,1500000.0,142993000.0,1.0,1551993728.0,1550400000,1550400000.0,0.164,787737000.0,0.0,2701000.0,0.0,0.508,631562000.0
78,GILD,MRT,2001-12-31,2001-12-31,2001-12-31,2021-08-05,7448000.0,794786000.0,680482000.0,707759000.0,87027000.0,0.344,0.297,-26331000.0,123490000.0,123490000.0,43764000.0,52271000.0,8.834,0.757,251881000.0,1492000.0,250389000.0,251881000.0,11248000.0,14691000.0,0.0,0.0,0.0,70386000.0,85077000.0,0.364,85077000.0,70386000.0,56406000.0,0.035,0.033,0.035,452437000.0,349832750.0,452437000.0,6521308408.0,93.0,76.652,-153310000.0,-0.101,1.0,190005000.0,0.813,0.0,13980000.0,843060000.0,796732500.0,39280000.0,459361000.0,459361000.0,0.0,342349000.0,80117000.0,262232000.0,6305435408.0,-73802000.0,144300000.0,36311000.0,-2761000.0,0.0,33550000.0,20778000.0,-97191000.0,-126979000.0,-1151000.0,52271000.0,52271000.0,52271000.0,0.0,0.0,0.224,310694000.0,-120689000.0,19174000.0,0.0,13.937,120.63,117.357,62828000.0,0.0,4.107,26.973,26.742,74228000.0,-453737000.0,233769000.0,233769000.0,185553000.0,0.077,0.149,0.088,0.301,1500000.0,125141000.0,1.0,1535102960.0,1521960000,1618568000.0,0.154,794786000.0,0.0,4135000.0,0.0,0.522,627642000.0
79,GILD,MRT,2001-09-30,2001-09-30,2001-09-30,2021-08-05,6445000.0,632935000.0,651310250.0,544607000.0,88328000.0,0.325,0.196,-20705000.0,37346000.0,37346000.0,38084000.0,-97691000.0,7.591,1.123,253219000.0,2467000.0,250752000.0,253219000.0,11304000.0,14167000.0,0.0,0.0,0.0,-85383000.0,-71216000.0,-0.336,-71216000.0,-85383000.0,-96571000.0,-0.064,-0.064,-0.064,298139000.0,324504500.0,298139000.0,5554823727.0,-65.0,-78.0,-136875000.0,-0.09,1.0,173829000.0,0.82,0.0,11188000.0,777064000.0,755427750.0,31207000.0,403208000.0,403208000.0,0.0,334796000.0,71744000.0,263052000.0,5347724727.0,-6028000.0,14300000.0,22769000.0,239003000.0,0.0,261772000.0,-152470000.0,-146065000.0,-116170000.0,840000.0,-97691000.0,-97691000.0,-97691000.0,0.0,0.0,-0.461,291035000.0,-117206000.0,15261000.0,0.0,17.937,-54.741,-54.854,62925000.0,0.0,3.511,25.235,25.262,59402000.0,-585314000.0,211913000.0,211913000.0,184267000.0,-0.15,-0.301,-0.113,-0.403,0.0,106768000.0,1.0,1523297056.0,1524896000,1524896000.0,0.139,632935000.0,0.0,1120000.0,0.0,0.415,472863000.0
80,GILD,MRT,2001-06-30,2001-06-30,2001-06-30,2021-08-05,2025000.0,636662000.0,602055250.0,546191000.0,90471000.0,0.343,0.207,-20685000.0,46921000.0,46921000.0,38259000.0,-89909000.0,9.635,1.025,254020000.0,2609000.0,251411000.0,254020000.0,11070000.0,13084000.0,0.0,0.0,0.0,-80470000.0,-67386000.0,-0.327,-67386000.0,-80470000.0,-88749000.0,-0.059,-0.059,-0.059,314415000.0,343994750.0,314415000.0,5687798036.0,-71.0,-84.406,-115517000.0,-0.076,1.0,167978000.0,0.814,0.0,8279000.0,787071000.0,648141500.0,23720000.0,409101000.0,409101000.0,0.0,322247000.0,56690000.0,265557000.0,5510406036.0,4181000.0,0.0,29710000.0,239066000.0,0.0,268776000.0,-171593000.0,-150908000.0,-94832000.0,1830000.0,-89909000.0,-89909000.0,-89909000.0,0.0,0.0,-0.436,269907000.0,-101929000.0,12146000.0,0.0,17.526,-61.289,-61.642,60141000.0,0.0,3.637,26.719,26.742,54354000.0,-560118000.0,206237000.0,206237000.0,173857000.0,-0.149,-0.261,-0.124,-0.39,0.0,96050000.0,1.0,1515148592.0,1516472000,1516472000.0,0.136,636662000.0,0.0,1160000.0,0.0,0.42,489501000.0
81,GILD,MRT,2001-03-31,2001-03-31,2001-03-31,2021-08-05,2405000.0,657545000.0,552024000.0,570378000.0,87167000.0,0.373,0.221,-15151000.0,77403000.0,77403000.0,36146000.0,-61558000.0,10.333,0.967,254795000.0,2854000.0,251941000.0,254795000.0,13492000.0,12560000.0,0.0,0.0,0.0,-53835000.0,-41275000.0,-0.201,-41275000.0,-53835000.0,-60196000.0,-0.041,-0.041,-0.041,334340000.0,340942750.0,334340000.0,3124462705.0,-58.0,-75.699,-78042000.0,-0.052,1.0,169533000.0,0.824,0.0,6361000.0,779735000.0,560232250.0,20537000.0,406407000.0,406407000.0,0.0,323205000.0,55202000.0,268003000.0,3066482705.0,40107000.0,0.0,22355000.0,239030000.0,0.0,261385000.0,-161642000.0,-146491000.0,-62891000.0,3255000.0,-61558000.0,-61558000.0,-61558000.0,0.0,0.0,-0.299,243202000.0,-73669000.0,9908000.0,0.0,9.172,-49.815,-49.543,54975000.0,0.0,2.031,14.909,14.908,51187000.0,-527729000.0,205679000.0,205679000.0,157239000.0,-0.112,-0.181,-0.096,-0.262,0.0,85963000.0,1.0,1509653024.0,1509592000,1509592000.0,0.136,657545000.0,0.0,1362000.0,0.0,0.436,515176000.0
82,GILD,MRT,2000-12-31,2000-12-31,2000-12-31,2021-08-05,-901000.0,678099000.0,496218250.0,593798000.0,84301000.0,0.394,0.241,-15621000.0,197292000.0,197292000.0,33512000.0,-56776000.0,10.196,0.931,255272000.0,3034000.0,252238000.0,255272000.0,15085000.0,12008000.0,0.0,0.0,0.0,-51212000.0,-39204000.0,-0.2,-39204000.0,-51212000.0,-55577000.0,-0.039,-0.039,-0.039,351124000.0,332618500.0,351124000.0,3864102498.0,-75.0,-98.564,-53823000.0,-0.037,1.0,162043000.0,0.829,0.0,4365000.0,677841000.0,475645000.0,20562000.0,315586000.0,315586000.0,0.0,326975000.0,58238000.0,268737000.0,3901466498.0,150281000.0,-2450000.0,30451000.0,238594000.0,0.0,269045000.0,-84203000.0,-66132000.0,-38202000.0,3641000.0,-56776000.0,-56776000.0,-56776000.0,0.0,0.0,-0.29,214361000.0,-52318000.0,11605000.0,0.0,11.111,-68.717,-66.458,55174000.0,0.0,2.592,19.951,19.308,48814000.0,-506008000.0,195555000.0,195555000.0,132339000.0,-0.114,-0.171,-0.108,-0.262,0.0,82022000.0,1.0,1505268000.0,1456792000,1456792000.0,0.134,678099000.0,0.0,1199000.0,0.0,0.465,535560000.0
83,GILD,MRT,2000-09-30,2000-09-30,2000-09-30,2021-08-05,-1672000.0,435915000.0,435895500.0,369840000.0,66075000.0,0.44,0.255,-16677000.0,43374000.0,43374000.0,33815000.0,-47345000.0,7.304,0.159,6010000.0,2876000.0,3134000.0,6010000.0,7473000.0,11838000.0,0.0,0.0,0.0,-40899000.0,-29061000.0,-0.151,-29061000.0,-40899000.0,-46137000.0,-0.033,-0.033,-0.033,376100000.0,319160500.0,376100000.0,5168634868.0,-126.0,-177.855,-40265000.0,-0.027,1.0,158041000.0,0.824,0.0,5238000.0,347919000.0,413659000.0,19227000.0,249825000.0,249825000.0,0.0,59815000.0,50632000.0,9183000.0,5125107868.0,-27419000.0,-4900000.0,30548000.0,-3532000.0,0.0,27016000.0,-33882000.0,-12305000.0,-23588000.0,3035000.0,-47345000.0,-47345000.0,-47345000.0,0.0,0.0,-0.247,199644000.0,-41603000.0,6704000.0,0.0,13.627,-108.25,-103.883,54093000.0,0.0,3.428,26.713,26.353,46084000.0,-476743000.0,191856000.0,191856000.0,120025000.0,-0.109,-0.148,-0.099,-0.213,2356000.0,79619000.0,1.0,1495017792.0,1474848000,1474848000.0,0.13,435915000.0,0.0,1208000.0,0.0,0.296,319208000.0
84,GILD,MRT,2000-06-30,2000-06-30,2000-06-30,2021-08-05,-2962000.0,436537000.0,439214750.0,371447000.0,65090000.0,0.421,0.212,-12712000.0,42740000.0,42740000.0,31690000.0,-60296000.0,8.323,0.444,86267000.0,2889000.0,83378000.0,86267000.0,10302000.0,12553000.0,0.0,0.0,0.0,-52825000.0,-40272000.0,-0.218,-40272000.0,-52825000.0,-59082000.0,-0.042,-0.042,-0.042,302207000.0,300085250.0,302207000.0,3219047745.0,-61.0,-79.933,-48535000.0,-0.034,1.0,153317000.0,0.829,0.0,6257000.0,435434000.0,429337250.0,20292000.0,252807000.0,252807000.0,0.0,134330000.0,44630000.0,89700000.0,3169310745.0,-73208000.0,-4900000.0,29615000.0,-4752000.0,0.0,24863000.0,-64507000.0,-46895000.0,-35823000.0,2259000.0,-60296000.0,-60296000.0,-60296000.0,0.0,0.0,-0.326,205347000.0,-52030000.0,4658000.0,0.0,10.487,-52.563,-52.924,51771000.0,0.0,2.223,17.131,17.144,46644000.0,-459179000.0,185007000.0,185007000.0,112437000.0,-0.137,-0.201,-0.123,-0.286,2356000.0,92910000.0,1.0,1425811104.0,1426912000,1426912000.0,0.13,436537000.0,0.0,1214000.0,0.0,0.306,326817000.0
85,GILD,MRT,2000-03-31,2000-03-31,2000-03-31,2021-08-05,-2999000.0,434322000.0,398110500.0,367606000.0,66716000.0,0.448,0.212,-12484000.0,37296000.0,37296000.0,30094000.0,-67951000.0,8.614,0.443,87033000.0,3017000.0,84016000.0,87033000.0,5565000.0,12524000.0,0.0,0.0,0.0,-60453000.0,-47929000.0,-0.269,-47929000.0,-60453000.0,-66838000.0,-0.049,-0.049,-0.049,301043000.0,285757250.0,301043000.0,2854329919.0,-47.0,-59.553,-68680000.0,-0.048,1.0,148321000.0,0.831,0.0,6385000.0,441386000.0,370665250.0,20986000.0,254496000.0,254496000.0,0.0,133279000.0,42673000.0,90606000.0,2813363919.0,-92182000.0,-4900000.0,29295000.0,-5053000.0,0.0,24242000.0,-61745000.0,-44361000.0,-56196000.0,1517000.0,-67951000.0,-67951000.0,-67951000.0,0.0,0.0,-0.381,207079000.0,-58758000.0,6570000.0,0.0,9.345,-41.403,-40.421,52224000.0,0.0,1.981,15.769,15.751,46666000.0,-454993000.0,178415000.0,178415000.0,112230000.0,-0.171,-0.238,-0.163,-0.339,2356000.0,94849000.0,1.0,1420442496.0,1418880000,1418880000.0,0.126,434322000.0,0.0,1113000.0,0.0,0.306,324933000.0
86,GILD,MRT,1999-12-31,1999-12-31,1999-12-31,2021-08-05,-2527000.0,436808000.0,361684750.0,371981000.0,64827000.0,0.467,0.217,-12475000.0,47011000.0,47011000.0,29546000.0,-66486000.0,7.77,0.469,87977000.0,3191000.0,84786000.0,87977000.0,4833000.0,12623000.0,0.0,0.0,0.0,-59080000.0,-46457000.0,-0.275,-46457000.0,-59080000.0,-65598000.0,-0.049,-0.049,-0.049,297292000.0,275230500.0,297292000.0,2395974973.0,-41.0,-51.574,-75025000.0,-0.055,1.0,139433000.0,0.825,0.0,6518000.0,429897000.0,310820250.0,20959000.0,247383000.0,247383000.0,0.0,139516000.0,47877000.0,91639000.0,2377693973.0,-54125000.0,-2450000.0,29295000.0,-5320000.0,0.0,23975000.0,-16302000.0,-1377000.0,-62550000.0,752000.0,-66486000.0,-66486000.0,-66486000.0,0.0,0.0,-0.393,210292000.0,-70859000.0,9481000.0,0.0,7.998,-35.762,-34.522,51398000.0,0.0,1.692,14.071,13.719,45599000.0,-449232000.0,168979000.0,168979000.0,110873000.0,-0.184,-0.242,-0.19,-0.35,2356000.0,99419000.0,1.0,1405619936.0,1370440000,1370440000.0,0.123,436808000.0,0.0,888000.0,0.0,0.319,324104000.0
87,GILD,MRT,1999-09-30,1999-09-30,1999-09-30,2021-08-05,-2582000.0,449192000.0,374423750.0,387678000.0,61514000.0,0.434,0.216,-9673000.0,70793000.0,70793000.0,28157000.0,-76141000.0,6.82,0.498,89074000.0,3631000.0,85443000.0,89074000.0,5692000.0,12736000.0,0.0,0.0,0.0,-68566000.0,-55830000.0,-0.343,-55830000.0,-68566000.0,-75205000.0,-0.057,-0.057,-0.057,299799000.0,284332250.0,299799000.0,1955761072.0,-29.0,-35.031,-75731000.0,-0.054,1.0,134497000.0,0.827,0.0,6639000.0,410632000.0,309100750.0,20077000.0,236602000.0,236602000.0,0.0,149393000.0,56841000.0,92552000.0,2000117072.0,-38706000.0,-348000.0,28833000.0,-5602000.0,0.0,23231000.0,3728000.0,13749000.0,-66058000.0,393000.0,-76141000.0,-76141000.0,-76141000.0,0.0,0.0,-0.468,216746000.0,-82249000.0,10771000.0,0.0,6.672,-26.269,-35.192,49216000.0,0.0,2.006,12.297,17.154,46663000.0,-440278000.0,162654000.0,162654000.0,112849000.0,-0.203,-0.268,-0.222,-0.422,434000.0,103897000.0,1.0,997098400.0,1390944000,1390944000.0,0.117,449192000.0,0.0,936000.0,0.0,0.323,330837000.0
88,GILD,MRT,1999-06-30,1999-06-30,1999-06-30,2021-08-05,-1462000.0,272120000.0,341301750.0,255449000.0,16671000.0,0.457,0.182,-15692000.0,45339000.0,45339000.0,26668000.0,-43574000.0,9.455,0.111,983000.0,776000.0,207000.0,983000.0,3813000.0,17896000.0,0.0,0.0,0.0,-35811000.0,-17915000.0,-0.115,-17915000.0,-35811000.0,-42596000.0,-0.033,-0.033,-0.033,244895000.0,280547250.0,244895000.0,1564782926.0,-44.0,-87.345,-86283000.0,-0.064,1.0,129462000.0,0.829,0.0,6785000.0,200746000.0,267392750.0,0.0,195195000.0,195195000.0,0.0,27225000.0,27018000.0,207000.0,1622087926.0,39612000.0,9752000.0,29726000.0,-8144000.0,0.0,21582000.0,88258000.0,94198000.0,-70591000.0,363000.0,-43574000.0,-43574000.0,-43574000.0,0.0,0.0,-0.279,202048000.0,-72586000.0,3558000.0,0.0,6.624,-37.226,-49.479,12460000.0,0.0,1.633,10.389,14.094,0.0,-249376000.0,156130000.0,156130000.0,113703000.0,-0.128,-0.155,-0.134,-0.229,434000.0,88345000.0,1.0,993431840.0,1347680000,1347680000.0,0.116,272120000.0,0.0,978000.0,0.0,0.202,228431000.0
89,GILD,MRT,1999-03-31,1999-03-31,1999-03-31,2021-08-05,-483000.0,288619000.0,356598000.0,272043000.0,16576000.0,0.335,0.194,-13877000.0,58448000.0,58448000.0,19694000.0,-46727000.0,9.282,0.115,1143000.0,768000.0,375000.0,1143000.0,5219000.0,15534000.0,0.0,0.0,0.0,-41034000.0,-25500000.0,-0.213,-25500000.0,-41034000.0,-46173000.0,-0.04,-0.04,-0.04,258936000.0,294436750.0,258936000.0,1374093559.0,-33.0,-53.886,-70334000.0,-0.053,1.0,99935000.0,0.835,0.0,5139000.0,202006000.0,283749500.0,0.0,205482000.0,205482000.0,0.0,29683000.0,29308000.0,375000.0,1405235559.0,55850000.0,9752000.0,28824000.0,-7750000.0,0.0,21074000.0,91101000.0,95226000.0,-56457000.0,132000.0,-46727000.0,-46727000.0,-46727000.0,0.0,0.0,-0.391,180009000.0,-80074000.0,3459000.0,0.0,5.427,-30.073,-35.547,12132000.0,0.0,1.422,11.747,15.882,0.0,-234341000.0,119629000.0,119629000.0,104780000.0,-0.131,-0.159,-0.145,-0.343,434000.0,75229000.0,1.0,988297536.0,1336192000,1336192000.0,0.09,288619000.0,0.0,554000.0,0.0,0.216,242735000.0
90,GILD,MRT,1998-12-31,1998-12-31,1998-12-31,2021-08-05,-337000.0,487764000.0,371798500.0,416889000.0,70875000.0,0.406,0.254,-11010000.0,101136000.0,101136000.0,23357000.0,-44758000.0,7.271,0.462,93725000.0,4842000.0,88883000.0,93725000.0,3275000.0,13231000.0,0.0,0.0,0.0,-36716000.0,-23485000.0,-0.155,-23485000.0,-36716000.0,-43899000.0,-0.034,-0.034,-0.034,333699000.0,307556500.0,333699000.0,1212013243.0,-33.0,-51.608,-62334000.0,-0.047,1.0,127762000.0,0.845,0.0,7183000.0,423019000.0,303436500.0,16550000.0,247607000.0,247607000.0,0.0,154065000.0,57334000.0,96731000.0,1253619243.0,29831000.0,9752000.0,20372000.0,-7230000.0,0.0,13142000.0,67440000.0,68698000.0,-51324000.0,573000.0,-44758000.0,-44758000.0,-44758000.0,0.0,0.0,-0.296,207274000.0,-79512000.0,7662000.0,0.0,3.757,-28.009,-37.739,51019000.0,0.0,1.283,8.296,11.144,43090000.0,-382746000.0,151119000.0,151119000.0,124827000.0,-0.12,-0.146,-0.121,-0.243,434000.0,82447000.0,1.0,977004768.0,1312480000,1312480000.0,0.115,487764000.0,0.0,859000.0,0.0,0.372,359555000.0
91,GILD,MRT,1998-09-30,1998-09-30,1998-09-30,2021-08-05,1146000.0,316704000.0,337874750.0,305571000.0,11133000.0,0.458,0.215,-19431000.0,43167000.0,43167000.0,26764000.0,-77350000.0,9.763,0.113,1561000.0,814000.0,747000.0,1561000.0,9558000.0,22916000.0,0.0,0.0,0.0,-69942000.0,-47026000.0,-0.304,-47026000.0,-69942000.0,-76766000.0,-0.063,-0.063,-0.063,284659000.0,303468500.0,284659000.0,624056477.0,-9.0,-13.27,-105252000.0,-0.08,1.0,127828000.0,0.827,0.0,6824000.0,243800000.0,270149750.0,0.0,252694000.0,252694000.0,0.0,32045000.0,31298000.0,747000.0,659271477.0,42221000.0,12783000.0,22635000.0,54094000.0,0.0,76729000.0,49832000.0,56480000.0,-85821000.0,1481000.0,-77350000.0,-77350000.0,-77350000.0,0.0,0.0,-0.5,241280000.0,-113452000.0,2700000.0,0.0,2.316,-8.523,-10.729,9731000.0,0.0,0.676,4.265,5.777,0.0,-202264000.0,154592000.0,154592000.0,138895000.0,-0.229,-0.255,-0.259,-0.452,0.0,86354000.0,1.0,975343840.0,1321152000,1384960000.0,0.117,316704000.0,0.0,584000.0,0.0,0.24,274273000.0
92,GILD,MRT,1998-06-30,1998-06-30,1998-06-30,2021-08-05,181000.0,333305000.0,,321792000.0,11513000.0,,0.31,-12221000.0,37021000.0,37021000.0,21175000.0,-89883000.0,10.082,0.109,1806000.0,871000.0,935000.0,1806000.0,9129000.0,15069000.0,0.0,0.0,0.0,-84506000.0,-69437000.0,-0.544,-69437000.0,-84506000.0,-89561000.0,-0.075,-0.075,-0.075,300453000.0,,300453000.0,936575567.0,-11.0,-13.488,-80865000.0,-0.083,1.0,106488000.0,0.834,0.0,5055000.0,266173000.0,,0.0,275620000.0,275620000.0,0.0,32852000.0,31917000.0,935000.0,968365567.0,-84233000.0,2683000.0,16301000.0,57731000.0,0.0,74032000.0,-90822000.0,-81284000.0,-68644000.0,1201000.0,-89883000.0,-89883000.0,-89883000.0,0.0,0.0,-0.704,213465000.0,-106977000.0,3730000.0,0.0,3.223,-10.774,-13.358,10052000.0,0.0,1.002,7.585,7.608,0.0,-184706000.0,127663000.0,127663000.0,123915000.0,,,,-0.662,0.0,73519000.0,1.0,966553280.0,969440000,969440000.0,0.132,333305000.0,0.0,322000.0,0.0,0.344,289875000.0
93,GILD,MRT,1998-03-31,1998-03-31,1998-03-31,2021-08-05,216000.0,349421000.0,,337406000.0,12015000.0,,0.323,-12894000.0,34313000.0,34313000.0,21389000.0,-72328000.0,9.149,0.122,2523000.0,1394000.0,1129000.0,2523000.0,12628000.0,15162000.0,0.0,0.0,0.0,-66951000.0,-51789000.0,-0.369,-51789000.0,-66951000.0,-72006000.0,-0.057,-0.057,-0.057,311415000.0,,311415000.0,1055927424.0,-16.0,-20.389,-76663000.0,-0.08,1.0,118964000.0,0.848,0.0,5055000.0,280754000.0,,0.0,281114000.0,281114000.0,0.0,38006000.0,36877000.0,1129000.0,1084733424.0,-52722000.0,2683000.0,14444000.0,57609000.0,0.0,112053000.0,-102207000.0,-91996000.0,-63769000.0,1201000.0,-72328000.0,-72328000.0,-72328000.0,0.0,0.0,-0.515,207534000.0,-88570000.0,3547000.0,0.0,3.483,-14.997,-19.737,10506000.0,0.0,1.125,7.729,7.721,0.0,-169863000.0,140353000.0,140353000.0,120281000.0,,,,-0.477,0.0,71222000.0,1.0,964207488.0,963296000,963296000.0,0.146,349421000.0,0.0,322000.0,0.0,0.363,300529000.0
94,GILD,MRT,1997-12-31,1997-12-31,1997-12-31,2021-08-05,344000.0,352069000.0,331371000.0,340258000.0,11811000.0,0.399,0.251,-13832000.0,31990000.0,31990000.0,21646000.0,-72893000.0,10.19,0.109,3184000.0,1853000.0,1331000.0,3184000.0,9541000.0,15226000.0,0.0,0.0,0.0,-67516000.0,-52290000.0,-0.395,-52290000.0,-67516000.0,-72571000.0,-0.058,-0.058,-0.058,317347000.0,304503500.0,317347000.0,,,,-68287000.0,-0.054,1.0,110612000.0,0.836,0.0,5055000.0,289872000.0,229503500.0,0.0,290308000.0,290308000.0,0.0,34722000.0,33391000.0,1331000.0,1152529263.0,-82287000.0,2683000.0,15003000.0,57446000.0,0.0,112449000.0,-141482000.0,-130333000.0,-54455000.0,1201000.0,-72893000.0,-72893000.0,-72893000.0,0.0,0.0,-0.551,198834000.0,-88222000.0,3303000.0,0.0,3.632,-15.811,-20.609,10313000.0,0.0,1.195,8.714,11.404,0.0,-162479000.0,132258000.0,132258000.0,112177000.0,-0.22,-0.239,-0.294,-0.51,0.0,70626000.0,1.0,964207488.0,1261824000,1261824000.0,0.105,352069000.0,0.0,322000.0,0.0,0.279,306867000.0
95,GILD,MRT,1997-09-30,1997-09-30,1997-09-30,2021-08-05,,,,,,,,,,,,,,,,,,,,,,0.0,0.0,,,,,,,,,,,,,,,,,,1.0,,,,,,,,,,,,,,,,,,,,,,,,,,,,,,,,,,,,,,,,1.387,,,,,,,,,,,,,,1.0,,940992000,,,,,,,,
96,GILD,MRT,1997-06-30,1997-06-30,1997-06-30,2021-08-05,,,,,,,,,,,,,,,,,,,,,,0.0,0.0,,,,,,,,,,,,,,,,,,1.0,,,,,,,,,,,,,,,,,,,,,,,,,,,,,,,,,,,,,,,,0.863,,,,,,,,,,,,,,1.0,,931424000,,,,,,,,
97,GILD,MRT,1997-03-31,1997-03-31,1997-03-31,2021-08-05,,,,,,,,,,,,,,,,,,,,,,0.0,0.0,,,,,,,,,,,,,,,,,,1.0,,,,,,,,,,,,,,,,,,,,,,,,,,,,,,,,,,,,,,,,0.715,,,,,,,,,,,,,,1.0,,925760000,,,,,,,,
98,GILD,MRT,1996-12-31,1996-12-31,1996-12-31,2021-08-05,89000.0,310673000.0,,300253000.0,10420000.0,,0.328,-3727000.0,131984000.0,131984000.0,910000.0,-21732000.0,18.65,0.065,6545000.0,3631000.0,2914000.0,6545000.0,527000.0,3773000.0,0.0,0.0,0.0,-21021000.0,-17248000.0,-0.516,-17248000.0,-21021000.0,-21732000.0,-0.024,-0.024,-0.024,291660000.0,,291660000.0,,,,-20191000.0,-0.023,1.0,32510000.0,0.973,0.0,711000.0,169135000.0,,0.0,163979000.0,163979000.0,0.0,19013000.0,16099000.0,2914000.0,,104564000.0,0.0,160416000.0,157000.0,0.0,160573000.0,-39545000.0,-35818000.0,-16464000.0,0.0,-21732000.0,-21732000.0,-21732000.0,0.0,0.0,-0.65,68573000.0,-36063000.0,2501000.0,0.0,,,-32.552,9172000.0,0.0,0.781,,20.785,0.0,-134486000.0,33420000.0,33420000.0,41881000.0,,,,-0.629,706000.0,26692000.0,1.0,,889152000,889152000.0,0.038,310673000.0,0.0,0.0,0.0,0.349,284154000.0
