None,ticker,dimension,calendardate,datekey,reportperiod,lastupdated,accoci,assets,assetsavg,assetsc,assetsnc,assetturnover,bvps,capex,cashneq,cashnequsd,cor,consolinc,currentratio,de,debt,debtc,debtnc,debtusd,deferredrev,depamor,deposits,divyield,dps,ebit,ebitda,ebitdamargin,ebitdausd,ebitusd,ebt,eps,epsdil,epsusd,equity,equityavg,equityusd,ev,evebit,evebitda,fcf,fcfps,fxusd,gp,grossmargin,intangibles,intexp,invcap,invcapavg,inventory,investments,investmentsc,investmentsnc,liabilities,liabilitiesc,liabilitiesnc,marketcap,ncf,ncfbus,ncfcommon,ncfdebt,ncfdiv,ncff,ncfi,ncfinv,ncfo,ncfx,netinc,netinccmn,netinccmnusd,netincdis,netincnci,netmargin,opex,opinc,payables,payoutratio,pb,pe,pe1,ppnenet,prefdivis,price,ps,ps1,receivables,retearn,revenue,revenueusd,rnd,roa,roe,roic,ros,sbcomp,sgna,sharefactor,sharesbas,shareswa,shareswadil,sps,tangibles,taxassets,taxexp,taxliabilities,tbvps,workingcapital
0,ABKFQ,ARY,2012-12-31,2013-03-22,2012-12-31,2020-09-30,625385000,27007164000,26984932750.0,,,0.025,-12.919,0.0,46127000,46127000,683630000.0,-259354000.0,,-7.743,17647173000,,,17647173000,2778401000,3066000.0,0,0.0,0.0,-141509000.0,-138443000.0,-0.202,-138443000.0,-141509000.0,-253829000.0,-0.85,-0.85,-0.85,-3907527000,-4012400500.0,-3907527000,17643387125,-125.0,-127.442,-613898000.0,-2.03,1.0,2059000.0,0.003,0,112320000.0,44608210000,44122725250.0,0,24217145000,,,30254131000,,,42341125,27838000.0,0.0,0.0,-396244000.0,0.0,-396244000.0,1037980000.0,1078241000.0,-613898000.0,0.0,-256678000.0,-256678000.0,-256678000.0,0.0,-2676000.0,-0.374,146244000.0,-144185000.0,94552000,0.0,-0.011,-0.165,-0.165,0,0.0,0.14,0.062,0.062,1621382000,-6297264000,685689000.0,685689000.0,0.0,-0.01,0.064,-0.003,-0.206,0.0,139029000.0,1.0,302436610,302468867,302468867.0,2.267,27007164000,0,2849000.0,98364000,89.289,
1,ABKFQ,ARY,2011-12-31,2012-03-22,2011-12-31,2020-09-30,463259000,27113695000,27522752500.0,,,0.011,-12.607,0.0,20639000,20639000,1859455000.0,-1960371000.0,,-7.937,16742608000,,,16742608000,3457157000,3733000.0,0,0.0,0.0,-1754917000.0,-1751184000.0,-5.921,-1751184000.0,-1754917000.0,-1883009000.0,-6.48,-6.48,-6.48,-3812975000,-3031068000.0,-3812975000,16734066261,-10.0,-9.556,3557000.0,0.012,1.0,-1563691000.0,-5.287,0,128092000.0,43835664000,44460699750.0,0,23600046000,,,30263228000,,,12097261,6502000.0,0.0,0.0,-258241000.0,0.0,-225081000.0,228026000.0,224126000.0,3557000.0,0.0,-1960431000.0,-1960431000.0,-1960431000.0,0.0,60000.0,-6.628,191166000.0,-1754857000.0,117220000,0.0,-0.003,-0.006,-0.006,0,0.0,0.04,0.041,0.041,2066643000,-6039922000,295764000.0,295764000.0,0.0,-0.071,0.647,-0.039,-5.934,-15459000.0,141305000.0,1.0,302431515,302439299,302439299.0,0.978,27113695000,0,77422000.0,95709000,89.65,
2,ABKFQ,ARY,2010-12-31,2011-03-16,2010-12-31,2020-09-30,291774000,29047113000,31561703500.0,,,0.014,-6.822,0.0,14095000,14095000,795309000.0,-753136000.0,,-15.136,18004517000,,,18004517000,4007886000,3645000.0,0,0.0,0.0,-650786000.0,-647141000.0,-1.491,-647141000.0,-650786000.0,-753064000.0,-2.56,-2.56,-2.56,-2008536000,-2022149250.0,-2008536000,18035786322,-28.0,-27.87,-2087013000.0,-7.088,1.0,-361174000.0,-0.832,0,102278000.0,47037535000,50560360750.0,0,25077715000,,,30401341000,,,45364322,-102582000.0,0.0,0.0,-398891000.0,0.0,-487277000.0,2471708000.0,2455817000.0,-2087013000.0,0.0,-753199000.0,-753199000.0,-753199000.0,0.0,63000.0,-1.735,272705000.0,-633879000.0,141450000,0.0,-0.023,-0.06,-0.059,0,0.0,0.15,0.104,0.102,2446101000,-4042335000,434135000.0,434135000.0,0.0,-0.024,0.372,-0.013,-1.499,5364000.0,198423000.0,1.0,302428811,294423698,294423698.0,1.475,29047113000,0,135000.0,22534000,98.658,
3,ABKFQ,ARY,2009-12-31,2010-04-09,2009-12-31,2020-09-30,-24827000,18886367000,19303246250.0,,,0.203,-7.953,0.0,113230000,113230000,2838569000.0,-14616000.0,,-8.969,4640184000,,,4640184000,5687114000,2983000.0,0,0.0,0.0,844534000.0,847517000.0,0.217,847517000.0,844534000.0,724908000.0,-0.05,-0.05,-0.05,-2287785000,-3618368000.0,-2287785000,4844172196,6.0,5.716,-1850752000.0,-6.434,1.0,1072632000.0,0.274,0,119626000.0,23413321000,22142026750.0,0,12551444000,,,20520012000,,,317218196,5419000.0,1013260000.0,0.0,-2764714000.0,0.0,-2729287000.0,4585458000.0,3567605000.0,-1850752000.0,0.0,-14613000.0,-14613000.0,-14613000.0,0.0,-3000.0,-0.004,193970000.0,878662000.0,293917000,0.0,-0.139,-21.708,-22.0,0,0.0,1.1,0.081,0.081,3721264000,-3878015000,3911201000.0,3911201000.0,0.0,-0.001,0.004,0.038,0.216,14078000.0,175810000.0,1.0,288380178,287671222,287671222.0,13.596,18886367000,432688000,739521000.0,0,65.653,
4,ABKFQ,ARY,2008-12-31,2009-03-16,2008-12-31,2020-09-30,-1670198000,17256398000,21374229000.0,,,-0.129,-15.045,0.0,107811000,107811000,2253818000.0,-5609248000.0,,-5.562,1868690000,,,1868690000,2382152000,3161000.0,0,0.0,0.0,-5504229000.0,-5501068000.0,1.998,-5501068000.0,-5504229000.0,-5618455000.0,-22.31,-22.31,-22.31,-3782309000,-361003500.0,-3782309000,1950527082,0.0,-0.355,-1423051000.0,-5.661,1.0,-5007304000.0,1.819,0,114226000.0,19017277000,23160102250.0,0,13278879000,,,21038707000,,,189648082,-16122000.0,0.0,1180942000.0,-5149589000.0,-15804000.0,-3842767000.0,5249696000.0,5125117000.0,-1423051000.0,0.0,-5609248000.0,-5609248000.0,-5609248000.0,0.0,0.0,2.037,261948000.0,-5269252000.0,25853000,0.0,-0.05,-0.034,-0.03,0,0.0,0.66,-0.069,-0.06,15483000,-3550768000,-2753486000.0,-2753486000.0,0.0,-0.262,15.538,-0.238,1.999,17414000.0,216196000.0,1.0,287345579,251391680,251391680.0,-10.953,17256398000,2320168000,-9207000.0,0,68.643,
5,ABKFQ,ARY,2007-12-31,2008-02-29,2007-12-31,2020-09-30,-22138000,23565011000,21679925750.0,,,-0.194,22.15,0.0,123933000,123933000,260731000.0,-3248157000.0,,9.336,1769945000,,,1769945000,3123860000,2695000.0,0,0.0,0.0,-5061176000.0,-5058481000.0,1.2,-5058481000.0,-5061176000.0,-5146916000.0,-31.56,-31.56,-31.56,2279893000,4990203250.0,2279893000,2778211663,-1.0,-0.549,945384000.0,9.185,1.0,-4475657000.0,1.062,0,85740000.0,25211023000,23280877000.0,0,20253880000,,,21285118000,,,1132199663,92065000.0,0.0,-422098000.0,1070709000.0,-79566000.0,564868000.0,-1418187000.0,-1424782000.0,945384000.0,0.0,-3248157000.0,-3248157000.0,-3248157000.0,0.0,0.0,0.771,165514000.0,-4641171000.0,33080000,0.0,0.497,-0.349,-0.353,0,0.0,11.14,-0.269,-0.272,11068000,2107773000,-4214926000.0,-4214926000.0,0.0,-0.15,-0.651,-0.217,1.201,37339000.0,139344000.0,1.0,101633722,102929122,102929122.0,-40.95,23565011000,2116380000,-1898759000.0,97826000,228.944,
6,ABKFQ,ARY,2006-12-31,2007-03-01,2006-12-31,2020-09-30,197576000,20267813000,20322164000.0,,,0.09,58.017,0.0,31868000,31868000,20004000.0,875911000.0,,2.277,991804000,,,991804000,3037544000,2865000.0,0,0.0,0.0,1285507000.0,1288372000.0,0.703,1288372000.0,1285507000.0,1210213000.0,8.22,8.15,8.22,6184189000,5823653500.0,6184189000,10048356982,8.0,7.799,903133000.0,8.473,1.0,1812100000.0,0.989,0,75294000.0,21227749000,22230667250.0,0,19351350000,,,14083624000,,,9088420982,4249000.0,0.0,-65690000.0,732304000.0,-69910000.0,613221000.0,-1512105000.0,-1568332000.0,903133000.0,0.0,875911000.0,875911000.0,875911000.0,0.0,0.0,0.478,166689000.0,1645411000.0,116057000,0.0,1.47,10.376,10.802,0,0.0,88.79,4.961,5.166,12857000,5454575000,1832104000.0,1832104000.0,0.0,0.043,0.15,0.058,0.702,37199000.0,154300000.0,1.0,102358610,106593409,107536339.0,17.188,20267813000,0,334302000.0,313403000,190.141,
7,ABKFQ,ARY,2005-12-31,2006-03-13,2005-12-31,2020-09-30,202312000,19725140000,19235785250.0,,,0.086,49.614,0.0,28295000,28295000,197306000.0,751010000.0,,2.672,2233582000,,,2233582000,2954718000,4287000.0,0,0.0,0.0,1078660000.0,1082947000.0,0.652,1082947000.0,1078660000.0,1022764000.0,6.94,6.87,6.94,5372207000,5243126000.0,5372207000,10512198626,10.0,9.707,1007498000.0,9.305,1.0,1464401000.0,0.881,0,55896000.0,21930427000,21167397750.0,0,18846471000,,,14352933000,,,8306911626,8338000.0,0.0,-277298000.0,788995000.0,-58805000.0,465032000.0,-1464192000.0,-1413507000.0,1007498000.0,0.0,751010000.0,751010000.0,751010000.0,0.0,0.0,0.452,146486000.0,1317915000.0,35387000,0.0,1.546,11.061,11.343,0,0.0,78.72,4.999,5.13,2161000,4692701000,1661707000.0,1661707000.0,0.0,0.039,0.143,0.051,0.649,0.0,132803000.0,1.0,105524792,108280281,109394985.0,15.346,19725140000,0,271754000.0,274713000,182.167,
8,ABKFQ,ARY,2004-12-31,2005-03-15,2004-12-31,2020-09-30,296814000,18585258000,17471657250.0,,,0.081,45.842,0.0,19957000,19957000,74744000.0,724551000.0,,2.699,1866207000,,,1866207000,2778893000,2890000.0,0,0.0,0.0,1029815000.0,1032705000.0,0.734,1032705000.0,1029815000.0,975493000.0,6.61,6.53,6.61,5024457000,4706759000.0,5024457000,10430934681,10.0,10.101,949702000.0,8.665,1.0,1331964000.0,0.947,0,54322000.0,20431508000,18677237500.0,0,17825092000,,,13560801000,,,8584684681,-4582000.0,3676000.0,22281000.0,672540000.0,-50910000.0,655275000.0,-1609559000.0,-1606820000.0,949702000.0,0.0,724551000.0,724551000.0,724551000.0,1289000.0,0.0,0.515,131917000.0,1200047000.0,18254000,0.0,1.709,11.848,11.921,0,0.0,78.8,6.103,6.14,1319000,4032089000,1406708000.0,1406708000.0,0.0,0.041,0.154,0.055,0.732,0.0,117246000.0,1.0,108942699,109602601,110898854.0,12.835,18585258000,0,250942000.0,233779000,169.569,
9,ABKFQ,ARY,2003-12-31,2004-03-15,2003-12-31,2020-09-30,266919000,16747314000,16558497500.0,,,0.077,39.929,0.0,24449000,24449000,53400000.0,618915000.0,,2.936,1017275000,,,1017275000,2545490000,3165000.0,0,0.0,0.0,894606000.0,897771000.0,0.706,897771000.0,894606000.0,840405000.0,5.81,5.66,5.81,4254558000,4037214750.0,4254558000,8925720998,10.0,9.942,1003615000.0,9.419,1.0,1218808000.0,0.958,0,54201000.0,17740140000,17562599250.0,0,14668285000,,,12492756000,,,7932894998,-1367000.0,0.0,42296000.0,29185000.0,-44739000.0,69099000.0,-1074081000.0,-1074911000.0,1003615000.0,0.0,618915000.0,618915000.0,618915000.0,9184000.0,0.0,0.486,118700000.0,1100108000.0,18213000,0.0,1.865,12.817,12.632,0,0.0,73.39,6.236,6.147,4425000,3380098000,1272208000.0,1272208000.0,0.0,0.037,0.153,0.051,0.703,0.0,106597000.0,1.0,108092315,106553103,109409776.0,11.94,16747314000,0,221490000.0,214234000,157.173,
10,ABKFQ,ARY,2002-12-31,2003-03-28,2002-12-31,2020-09-30,265427000,15355538000,14186704250.0,,,0.069,34.215,0.0,25816000,25816000,26700000.0,432594000.0,,3.236,748950000,,,748950000,2128847000,3466000.0,0,0.0,0.0,607914000.0,611380000.0,0.629,611380000.0,607914000.0,564190000.0,4.08,3.97,4.08,3625179000,3415177250.0,3625179000,6143274208,10.0,10.048,805488000.0,7.602,1.0,945118000.0,0.973,0,43724000.0,16078672000,15120446750.0,0,13643937000,,,11730359000,,,5420140208,-50764000.0,0.0,13865000.0,1684990000.0,-40251000.0,1650152000.0,-2506404000.0,-2468948000.0,805488000.0,0.0,432594000.0,432594000.0,432594000.0,0.0,0.0,0.445,105900000.0,839218000.0,95084000,0.0,1.495,12.529,12.525,0,0.0,51.1,5.577,5.571,7105000,2820281000,971818000.0,971818000.0,0.0,0.03,0.127,0.04,0.626,0.0,83718000.0,1.0,106069280,105951603,109066046.0,9.172,15355538000,0,131596000.0,230448000,144.93,
11,ABKFQ,ARY,2001-12-31,2002-03-26,2001-12-31,2020-09-30,62476000,12267695000,11169203500.0,,,0.065,28.226,0.0,76580000,76580000,41815000.0,432906000.0,,3.112,1044315000,,,1044315000,1780272000,3479000.0,0,0.0,0.0,609169000.0,612648000.0,0.845,612648000.0,609169000.0,568727000.0,4.1,3.97,4.1,2983688000,2866409000.0,2983688000,6898640568,11.0,11.26,671831000.0,6.356,1.0,683105000.0,0.942,0,40442000.0,13235430000,11681310250.0,0,11200244000,,,9284007000,,,5930905568,31152000.0,0.0,-2589000.0,807759000.0,-35937000.0,760765000.0,-1401444000.0,-1414024000.0,671831000.0,0.0,432906000.0,432906000.0,432906000.0,0.0,0.0,0.597,73936000.0,609169000.0,73061000,0.0,1.988,13.7,13.659,0,0.0,56.0,8.181,8.166,15282000,2403473000,724920000.0,724920000.0,0.0,0.039,0.151,0.052,0.84,0.0,67989000.0,1.0,105909028,105705957,108948133.0,6.858,12267695000,0,135821000.0,221222000,116.055,
12,ABKFQ,ARY,2000-12-31,2001-03-28,2000-12-31,2020-09-30,45154000,10120300000,10543966000.0,,,0.059,24.717,0.0,45428000,45428000,39805000.0,366172000.0,,2.898,424061000,,,424061000,1546290000,3614000.0,0,0.0,0.0,519601000.0,523215000.0,0.842,523215000.0,519601000.0,482124000.0,3.49,3.41,3.49,2596114000,2337358250.0,2596114000,6716698160,13.0,12.837,481328000.0,4.583,1.0,581505000.0,0.936,0,37477000.0,10498933000,10938298750.0,0,9274909000,,,7524186000,,,6338065160,31840000.0,0.0,14308000.0,-1208068000.0,-32213000.0,-1225973000.0,776485000.0,783038000.0,481328000.0,0.0,366172000.0,366172000.0,366172000.0,0.0,0.0,0.589,61904000.0,519601000.0,14827000,0.0,2.441,17.309,17.189,0,0.0,59.99,10.201,10.141,9680000,2035209000,621310000.0,621310000.0,0.0,0.035,0.157,0.048,0.836,0.0,55235000.0,1.0,105652028,105031473,107415430.0,5.915,10120300000,0,115952000.0,131663000,96.355,
13,ABKFQ,ARY,1999-12-31,2000-03-30,1999-12-31,2020-09-30,-187540000,11345096000,11273613250.0,,,0.047,19.247,0.0,13588000,13588000,36824000.0,307917000.0,,4.621,423995000,,,423995000,1431076000,2969000.0,0,0.0,0.0,441183000.0,444152000.0,0.833,444152000.0,441183000.0,404658000.0,2.933,2.873,2.933,2018450000,2046563250.0,2018450000,3834401253,9.0,8.633,454400000.0,4.333,1.0,496493000.0,0.931,0,36525000.0,11755503000,11686966000.0,0,9751023000,,,9326646000,,,3423994253,5349000.0,0.0,-108000.0,210716000.0,-29366000.0,181242000.0,-630293000.0,-615702000.0,454400000.0,0.0,307917000.0,307917000.0,307917000.0,0.0,0.0,0.577,55310000.0,441183000.0,1093873000,0.0,1.696,11.12,11.152,0,0.0,32.708,6.42,6.432,778787000,1713446000,533317000.0,533317000.0,0.0,0.027,0.15,0.038,0.827,0.0,48804000.0,1.0,104682638,104869721,107049315.0,5.086,11345096000,57377000,96741000.0,24831000,108.183,
14,ABKFQ,ARY,1998-12-31,1999-03-30,1998-12-31,2020-09-30,159313000,11212311000,10413093000.0,,,0.044,19.98,0.0,8239000,8239000,41540000.0,253994000.0,,4.349,423929000,,,423929000,1294214000,2460000.0,0,0.0,0.0,361673000.0,364133000.0,0.797,364133000.0,361673000.0,328912000.0,2.42,2.373,2.42,2096090000,2021152750.0,2096090000,4198810397,12.0,11.531,337657000.0,3.219,1.0,415496000.0,0.909,0,32761000.0,11628001000,10772767500.0,0,9674602000,,,9116221000,,,3783120397,-1017000.0,0.0,-6772000.0,1756356000.0,-26571000.0,1723013000.0,-2061687000.0,-2012209000.0,337657000.0,0.0,253994000.0,253994000.0,253994000.0,0.0,0.0,0.556,53823000.0,361673000.0,1083175000,0.0,1.805,14.895,14.893,0,0.0,36.042,8.278,8.273,843013000,1449832000,457036000.0,457036000.0,0.0,0.024,0.126,0.034,0.791,0.0,46720000.0,1.0,104965181,104909565,106995080.0,4.356,11212311000,0,74918000.0,152731000,106.876,
15,ABKFQ,ARY,1997-12-31,1998-03-31,1997-12-31,2020-09-30,135223000,8249722000,,,,,17.836,0.0,9256000,9256000,30847000.0,223030000.0,,3.406,223864000,,,223864000,1178990000,1925000.0,0,0.0,0.0,307342000.0,309267000.0,0.81,309267000.0,307342000.0,285996000.0,2.127,2.087,2.127,1872482000,,1872482000,4311708167,14.0,13.942,324517000.0,3.091,1.0,350915000.0,0.919,0,21346000.0,8464330000,,0,7503780000,,,6377240000,,,4097100167,1522000.0,-120006000.0,-11228000.0,1599673000.0,-24165000.0,1564280000.0,-1887275000.0,-1753148000.0,324517000.0,0.0,223030000.0,223030000.0,223030000.0,0.0,0.0,0.584,43573000.0,307342000.0,359816000,0.0,2.188,18.37,18.316,0,0.0,38.958,10.732,10.713,293506000,1262740000,381762000.0,381762000.0,0.0,,,,0.805,0.0,40672000.0,1.0,105166217,104982746,106841021.0,3.636,8249722000,0,62966000.0,144244000,78.582,
0,ABKFQ,ARQ,2012-12-31,2013-03-22,2012-12-31,2020-09-30,625385000,27007164000,,,,,-12.919,0.0,46127000,46127000,-36716000.0,143301000.0,,-7.743,17647173000,,,17647173000,2778401000,772000.0,0,0.0,0.0,169027000.0,169799000.0,0.997,169799000.0,169027000.0,145669000.0,0.47,0.47,0.47,-3907527000,,-3907527000,17643387125,-125.0,-127.442,-208298000.0,-0.689,1.0,207068000.0,1.216,0,23358000.0,44608210000,,0,24217145000,,,30254131000,,,42341125,-46228000.0,0.0,0.0,-59543000.0,0.0,-59543000.0,221613000.0,199145000.0,-208298000.0,0.0,143576000.0,143576000.0,143576000.0,0.0,-275000.0,0.843,38316000.0,168752000.0,94552000,0.0,-0.011,-0.165,-0.165,0,0.0,0.14,0.062,0.062,1621382000,-6297264000,170352000.0,170352000.0,0.0,,,,,0.0,35581000.0,1.0,302436610,302469962,302469962.0,0.563,27007164000,0,2093000.0,98364000,89.289,
1,ABKFQ,ARQ,2012-09-30,2012-11-14,2012-09-30,2020-09-30,527969000,26947892000,,,,,-13.715,0.0,94858000,94858000,-18745000.0,157373000.0,,-7.336,17364981000,,,17364981000,2985542000,748000.0,0,0.0,0.0,181479000.0,182227000.0,0.924,182227000.0,181479000.0,158211000.0,0.52,0.52,0.52,-4148519000,,-4148519000,17276171722,-14.0,-14.024,-441029000.0,-1.458,1.0,215907000.0,1.095,0,23268000.0,44218015000,,0,23896432000,,,30435405000,,,6048722,41053000.0,0.0,0.0,-32985000.0,0.0,-32985000.0,515067000.0,570453000.0,-441029000.0,0.0,157544000.0,157544000.0,157544000.0,0.0,-171000.0,0.799,34599000.0,181308000.0,109098000,0.0,-0.001,-0.004,-0.004,0,0.0,0.02,0.014,0.014,1765835000,-6440840000,197162000.0,197162000.0,0.0,,,,,0.0,33347000.0,1.0,302436107,302469966,302582276.0,0.652,26947892000,0,667000.0,97379000,89.093,
2,ABKFQ,ARQ,2012-06-30,2012-08-09,2012-06-30,2020-09-30,417593000,26611791000,,,,,-14.601,0.0,53788000,53788000,741411000.0,-813350000.0,,-6.876,16653159000,,,16653159000,3138275000,726000.0,0,0.0,0.0,-779474000.0,-778748000.0,130.64,-778748000.0,-779474000.0,-811329000.0,-2.68,-2.68,-2.68,-4416439000,,-4416439000,16605419722,-12.0,-12.009,-4921000.0,-0.016,1.0,-747372000.0,125.377,0,31855000.0,43211162000,,0,23438285000,,,30367170000,,,6048722,9081000.0,0.0,0.0,-296016000.0,0.0,-296016000.0,310018000.0,317446000.0,-4921000.0,0.0,-811118000.0,-811118000.0,-811118000.0,0.0,-2232000.0,136.071,34334000.0,-781706000.0,103607000,0.0,-0.001,-0.004,-0.004,0,0.0,0.02,0.023,0.023,1941887000,-6598384000,-5961000.0,-5961000.0,0.0,,,,,0.0,33567000.0,1.0,302436107,302469196,302469196.0,-0.02,26611791000,0,-211000.0,96752000,87.982,
3,ABKFQ,ARQ,2012-03-31,2012-05-10,2012-03-31,2020-09-30,445797000,27372884000,,,,,-11.826,0.0,44728000,44728000,-2320000.0,253322000.0,,-8.467,17125358000,,,17125358000,3291152000,820000.0,0,0.0,0.0,287459000.0,288279000.0,0.889,288279000.0,287459000.0,253620000.0,0.84,0.84,0.84,-3577117000,,-3577117000,17089702946,-25.0,-25.325,40350000.0,0.133,1.0,326456000.0,1.007,0,33839000.0,44453514000,,0,24082905000,,,30286526000,,,9072945,23932000.0,0.0,0.0,-7700000.0,0.0,-7700000.0,-8718000.0,-8803000.0,40350000.0,0.0,253320000.0,253320000.0,253320000.0,0.0,2000.0,0.782,38995000.0,287461000.0,137499000,0.0,-0.003,-0.01,-0.01,0,0.0,0.03,0.022,0.022,2025721000,-5786940000,324136000.0,324136000.0,0.0,,,,,0.0,36534000.0,1.0,302431515,302466328,302580597.0,1.072,27372884000,0,300000.0,97449000,90.499,
4,ABKFQ,ARQ,2011-12-31,2012-03-22,2011-12-31,2020-09-30,463259000,27113695000,,,,,-12.606,0.0,20639000,20639000,803648000.0,-963198000.0,,-7.937,16742608000,,,16742608000,3457157000,809000.0,0,0.0,0.0,-924448000.0,-923639000.0,11.343,-923639000.0,-924448000.0,-963694000.0,-3.18,-3.18,-3.18,-3812975000,,-3812975000,16734066261,-10.0,-9.556,-195341000.0,-0.646,1.0,-885079000.0,10.869,0,39246000.0,43835664000,,0,23600046000,,,30263228000,,,12097261,-5317000.0,0.0,0.0,-43697000.0,0.0,-8097000.0,198121000.0,199621000.0,-195341000.0,0.0,-963213000.0,-963213000.0,-963213000.0,0.0,15000.0,11.829,45512000.0,-930591000.0,117220000,0.0,-0.003,-0.006,-0.006,0,0.0,0.04,0.041,0.041,2066643000,-6039922000,-81431000.0,-81431000.0,0.0,,,,,0.0,46753000.0,1.0,302431515,302467559,302467559.0,-0.269,27113695000,0,-481000.0,95709000,89.642,
5,ABKFQ,ARQ,2011-09-30,2011-11-09,2011-09-30,2020-09-30,478218000,27626582000,,,,,-9.372,0.0,66629000,66629000,-60238000.0,-75509000.0,,-10.515,17122315000,,,17122315000,3520801000,738000.0,0,0.0,0.0,30635000.0,31373000.0,1.22,31373000.0,30635000.0,-496000.0,-0.25,-0.25,-0.25,-2834802000,,-2834802000,17067783152,-18.0,-18.356,-8665000.0,-0.029,1.0,85955000.0,3.342,254163000,31131000.0,44428105000,,0,23650347000,,,29807158000,,,12097152,3937000.0,0.0,0.0,-1396000.0,0.0,-1396000.0,13998000.0,12744000.0,-8665000.0,0.0,-75507000.0,-75507000.0,-75507000.0,0.0,-2000.0,-2.936,53379000.0,32576000.0,128324000,0.0,-0.004,-0.011,-0.011,0,0.0,0.04,0.021,0.021,2139278000,-5076708000,25717000.0,25717000.0,0.0,,,,,0.0,40340000.0,1.0,302428811,302467255,302467255.0,0.085,27372419000,0,75011000.0,98532000,90.497,
6,ABKFQ,ARQ,2011-06-30,2011-08-09,2011-06-30,2020-09-30,509300000,27940429000,,,,,-9.02,0.0,68198000,68198000,196398000.0,-102418000.0,,-11.001,17977141000,,,17977141000,3408568000,1406000.0,0,0.0,0.0,-72244000.0,-70838000.0,-0.478,-70838000.0,-72244000.0,-101890000.0,-0.34,-0.34,-0.34,-2728213000,,-2728213000,17933137305,-22.0,-21.69,124748000.0,0.412,1.0,-48203000.0,-0.325,318180000,29646000.0,45531192000,,0,24023521000,,,30014410000,,,24194305,9753000.0,0.0,0.0,-123499000.0,0.0,-123499000.0,8504000.0,5145000.0,124748000.0,0.0,-102432000.0,-102432000.0,-102432000.0,0.0,14000.0,-0.691,22003000.0,-70206000.0,139736000,0.0,-0.009,-0.026,-0.026,0,0.0,0.08,0.027,0.027,1959143000,-5001201000,148195000.0,148195000.0,0.0,,,,,-15567000.0,11836000.0,1.0,302428811,302467255,302467255.0,0.49,27622249000,0,542000.0,23435000,91.323,
7,ABKFQ,ARQ,2011-03-31,2011-05-10,2011-03-31,2020-09-30,371235000,27410304000,,,,,-9.09,0.0,12316000,12316000,919647000.0,-819246000.0,,-10.736,16649850000,,,16649850000,3821726000,780000.0,0,0.0,0.0,-788860000.0,-788080000.0,-3.877,-788080000.0,-788860000.0,-816929000.0,-2.71,-2.71,-2.71,-2748282000,,-2748282000,16682898322,-21.0,-21.494,82815000.0,0.274,1.0,-716364000.0,-3.524,0,28069000.0,44047838000,,0,23465966000,,,29504201000,,,45364322,-1871000.0,0.0,0.0,-89649000.0,0.0,-92089000.0,7403000.0,6616000.0,82815000.0,0.0,-819279000.0,-819279000.0,-819279000.0,0.0,33000.0,-4.03,70272000.0,-786636000.0,210609000,0.0,-0.017,-0.051,-0.051,0,0.0,0.15,0.04,0.04,2368369000,-4898771000,203283000.0,203283000.0,0.0,,,,,108000.0,42376000.0,1.0,302428811,302355243,302355243.0,0.672,27410304000,0,2350000.0,24884000,90.656,
8,ABKFQ,ARQ,2010-12-31,2011-03-16,2010-12-31,2020-09-30,291774000,29047113000,,,,,-6.761,0.0,14095000,14095000,217435000.0,-81519000.0,,-15.136,18004517000,,,18004517000,4007886000,959000.0,0,0.0,0.0,-103244000.0,-102285000.0,-0.536,-102285000.0,-103244000.0,-81510000.0,-0.27,-0.27,-0.27,-2008536000,,-2008536000,18035786322,-28.0,-27.87,77817000.0,0.262,1.0,-26487000.0,-0.139,0,-21734000.0,47037535000,,0,25077715000,,,30401341000,,,45364322,-60176000.0,0.0,0.0,-109529000.0,0.0,-116529000.0,-21464000.0,-25031000.0,77817000.0,0.0,-81595000.0,-81595000.0,-81595000.0,0.0,76000.0,-0.427,73579000.0,-100066000.0,141450000,0.0,-0.023,-0.06,-0.059,0,0.0,0.15,0.104,0.102,2446101000,-4042335000,190948000.0,190948000.0,0.0,,,,,1114000.0,47796000.0,1.0,302428811,297067988,297067988.0,0.643,29047113000,0,85000.0,22534000,97.779,
9,ABKFQ,ARQ,2010-09-30,2010-11-15,2010-09-30,2020-09-30,347738000,31328239000,,,,,-6.195,0.0,71625000,71625000,165396000.0,76019000.0,,-17.385,19158361000,,,19158361000,4442271000,968000.0,0,0.0,0.0,133441000.0,134409000.0,0.372,134409000.0,133441000.0,76071000.0,0.25,0.25,0.25,-1872111000,,-1872111000,19144137323,-44.0,-44.738,188403000.0,0.623,1.0,195760000.0,0.542,0,57370000.0,50414975000,,0,26245530000,,,32545819000,,,57401323,12996000.0,0.0,0.0,-77509000.0,0.0,-72419000.0,-102988000.0,-104461000.0,188403000.0,0.0,76006000.0,76006000.0,76006000.0,0.0,13000.0,0.21,58355000.0,137405000.0,185211000,0.0,-0.031,-0.506,-0.475,0,0.0,0.19,0.071,0.071,2825389000,-3978701000,361156000.0,361156000.0,0.0,,,,,1238000.0,41200000.0,1.0,302112225,302177506,302177506.0,1.195,31328239000,0,65000.0,22449000,103.675,
10,ABKFQ,ARQ,2010-06-30,2010-08-09,2010-06-30,2020-09-30,219939000,30055785000,,,,,-7.161,0.0,58654000,58654000,323326000.0,-57574000.0,,-15.155,18333329000,,,18333329000,4714527000,972000.0,0,0.0,0.0,-21198000.0,-20226000.0,-0.053,-20226000.0,-21198000.0,-57681000.0,-0.2,-0.2,-0.2,-2077105000,,-2077105000,18546572737,11.0,11.432,-2780331000.0,-9.586,1.0,57844000.0,0.152,0,36483000.0,48330460000,,0,25138320000,,,31478464000,,,271897737,-58131000.0,0.0,0.0,-181892000.0,0.0,-267556000.0,2989756000.0,2982359000.0,-2780331000.0,0.0,-57559000.0,-57559000.0,-57559000.0,0.0,-15000.0,-0.151,74700000.0,-16856000.0,248891000,0.0,-0.131,0.136,0.13,0,0.0,0.9,0.087,0.083,2803834000,-4031055000,381170000.0,381170000.0,0.0,,,,,1421000.0,58931000.0,1.0,302108597,290050931,290050931.0,1.314,30055785000,0,-122000.0,22384000,103.622,
11,ABKFQ,ARQ,2010-03-31,2010-05-17,2010-03-31,2020-09-30,119660000,35815677000,,,,,-7.392,0.0,215749000,215749000,89152000.0,-690062000.0,,-17.501,20858545000,,,20858545000,4926807000,746000.0,0,0.0,0.0,-659785000.0,-659039000.0,1.32,-659039000.0,-659785000.0,-689944000.0,-2.39,-2.39,-2.39,-2130845000,,-2130845000,21063831809,-169.0,-172.951,427098000.0,1.482,1.0,-588291000.0,1.179,0,30159000.0,56458473000,,0,30707240000,,,37292462000,,,421035809,2729000.0,0.0,0.0,-29961000.0,0.0,-30773000.0,-393596000.0,-397050000.0,427098000.0,0.0,-690051000.0,-690051000.0,-690051000.0,0.0,-11000.0,1.382,66071000.0,-654362000.0,623706000,0.0,-0.198,-1.347,-1.315,0,0.0,1.46,0.184,0.184,2983541000,-3972754000,-499139000.0,-499139000.0,0.0,,,,,1591000.0,50496000.0,1.0,288380691,288244846,288244846.0,-1.732,35815677000,0,107000.0,22506000,124.254,
12,ABKFQ,ARQ,2009-12-31,2010-04-09,2009-12-31,2020-09-30,-24827000,18886367000,,,,,-7.951,0.0,113230000,113230000,400844000.0,558124000.0,,-8.969,4640184000,,,4640184000,5687114000,760000.0,0,0.0,0.0,116180000.0,116940000.0,0.206,116940000.0,116180000.0,86155000.0,1.94,1.94,1.94,-2287785000,,-2287785000,4844172196,6.0,5.716,-515013000.0,-1.79,1.0,165757000.0,0.293,0,30025000.0,23413321000,,0,12551444000,,,20520012000,,,317218196,-36324000.0,0.0,0.0,-254523000.0,0.0,-254886000.0,733575000.0,732684000.0,-515013000.0,0.0,558111000.0,558111000.0,558111000.0,0.0,13000.0,0.985,42966000.0,122791000.0,293917000,0.0,-0.139,-21.708,-22.0,0,0.0,1.1,0.081,0.081,3721264000,-3878015000,566601000.0,566601000.0,0.0,,,,,763000.0,42273000.0,1.0,288380178,287743072,287743072.0,1.969,18886367000,432688000,-471956000.0,0,65.636,
13,ABKFQ,ARQ,2009-09-30,2009-11-09,2009-09-30,2020-09-30,6372000,18099056000,,,,,-9.795,0.0,149554000,149554000,461871000.0,2188243000.0,,-7.168,2751625000,,,2751625000,6100656000,769000.0,0,0.0,0.0,2183891000.0,2184660000.0,0.812,2184660000.0,2183891000.0,2153973000.0,7.58,7.58,7.58,-2828444000,,-2828444000,2941426484,-6.0,-5.859,-608031000.0,-2.106,1.0,2227640000.0,0.828,0,29918000.0,20701127000,,0,11624367000,,,20273597000,,,339355484,-980705000.0,0.0,0.0,-1103023000.0,0.0,-1186592000.0,813918000.0,816630000.0,-608031000.0,0.0,2188257000.0,2188257000.0,2188257000.0,0.0,-14000.0,0.814,37330000.0,2190310000.0,352409000,0.0,-0.12,-0.116,-0.111,0,0.0,1.18,0.108,0.108,4070114000,-4448113000,2689511000.0,2689511000.0,0.0,,,,,4805000.0,28039000.0,1.0,287589393,288770269,288770269.0,9.314,18099056000,0,-34284000.0,69423000,62.676,
14,ABKFQ,ARQ,2009-06-30,2009-08-10,2009-06-30,2020-09-30,-224665000,20045165000,,,,,-18.701,0.0,1130259000,1130259000,1233277000.0,-2368783000.0,,-4.579,3640243000,,,3640243000,6594046000,744000.0,0,0.0,0.0,-1765096000.0,-1764352000.0,3.719,-1764352000.0,-1765096000.0,-1794933000.0,-8.24,-8.24,-8.24,-5379132000,,-5379132000,2846429833,0.0,-0.497,-344050000.0,-1.196,1.0,-1707709000.0,3.599,0,29837000.0,22555149000,,0,12061398000,,,24631609000,,,336445833,1022393000.0,1013260000.0,0.0,-444839000.0,0.0,-421226000.0,1787669000.0,864617000.0,-344050000.0,0.0,-2368794000.0,-2368794000.0,-2368794000.0,0.0,11000.0,4.993,49065000.0,-1756774000.0,584690000,0.0,-0.063,-0.045,-0.044,0,0.0,1.17,-0.18,-0.18,4462846000,-6630047000,-474432000.0,-474432000.0,0.0,,,,,3350000.0,48861000.0,1.0,287560541,287639234,287639234.0,-1.649,20045165000,296044000,573861000.0,0,69.689,
15,ABKFQ,ARQ,2009-03-31,2009-05-18,2009-03-31,2020-09-30,-1092253000,20182397000,,,,,-13.834,0.0,107866000,107866000,742577000.0,-392200000.0,,-5.874,1823979000,,,1823979000,6929790000,710000.0,0,0.0,0.0,309559000.0,310269000.0,0.275,310269000.0,309559000.0,279713000.0,-1.36,-1.36,-1.36,-3978111000,,-3978111000,2124149253,-1.0,-0.876,-383658000.0,-1.334,1.0,386944000.0,0.343,0,29846000.0,21898510000,,0,11804490000,,,23367864000,,,408036253,55000.0,0.0,0.0,-962329000.0,0.0,-866583000.0,1250296000.0,1153674000.0,-383658000.0,0.0,-392187000.0,-392187000.0,-392187000.0,0.0,-13000.0,-0.347,64609000.0,322335000.0,668608000,0.0,-0.103,-0.094,-0.091,0,0.0,1.42,-6.654,-6.659,4483547000,-4341164000,1129521000.0,1129521000.0,0.0,,,,,5160000.0,56637000.0,1.0,287349474,287565182,287565182.0,3.928,20182397000,1337067000,671900000.0,0,70.184,
16,ABKFQ,ARQ,2008-12-31,2009-03-16,2008-12-31,2020-09-30,-1670198000,17256398000,,,,,-13.144,0.0,107811000,107811000,932346000.0,-2340817000.0,,-5.562,1868690000,,,1868690000,2382152000,746000.0,0,0.0,0.0,-1233343000.0,-1232597000.0,6.095,-1232597000.0,-1233343000.0,-1263147000.0,-8.65,-8.65,-8.65,-3782309000,,-3782309000,1950527082,0.0,-0.355,-638038000.0,-2.217,1.0,-1134582000.0,5.61,0,29804000.0,19017277000,,0,13278879000,,,21038707000,,,189648082,15431000.0,0.0,-18000.0,-2276812000.0,-2880000.0,-2091528000.0,2744997000.0,2625103000.0,-638038000.0,0.0,-2340817000.0,-2340817000.0,-2340817000.0,0.0,0.0,11.575,60749000.0,-1195331000.0,25853000,0.0,-0.05,-0.034,-0.03,0,0.0,0.66,-0.069,-0.06,15483000,-3550768000,-202236000.0,-202236000.0,0.0,,,,,-29000.0,58365000.0,1.0,287345579,287769938,287769938.0,-0.703,17256398000,2320168000,1077670000.0,0,59.966,
17,ABKFQ,ARQ,2008-09-30,2008-11-10,2008-09-30,2020-09-30,-1116627000,20446175000,,,,,-3.084,0.0,92380000,92380000,611069000.0,-2431222000.0,,-24.053,1895858000,,,1895858000,2547414000,809000.0,0,0.0,0.0,-3041939000.0,-3041130000.0,1.311,-3041130000.0,-3041939000.0,-3071909000.0,-8.45,-8.45,-8.45,-886912000,,-886912000,2254443987,0.0,-0.239,-899749000.0,-3.128,1.0,-2931502000.0,1.263,0,29970000.0,22249653000,,0,15490483000,,,21333087000,,,450965987,-13216000.0,0.0,-405000.0,-1684914000.0,-2880000.0,-1696718000.0,2583251000.0,2554414000.0,-899749000.0,0.0,-2431222000.0,-2431222000.0,-2431222000.0,0.0,0.0,1.048,60389000.0,-2991891000.0,21428000,0.0,-0.508,-0.069,-0.032,0,0.0,1.57,-0.061,-0.062,165626000,-1205956000,-2320433000.0,-2320433000.0,0.0,,,,,7970000.0,46896000.0,1.0,287239482,287599495,287599495.0,-8.068,20446175000,3659092000,-640687000.0,0,71.093,
18,ABKFQ,ARQ,2008-06-30,2008-08-11,2008-06-30,2020-09-30,-727721000,22875081000,,,,,6.743,0.0,105596000,105596000,-335915000.0,823134000.0,,10.795,1892778000,,,1892778000,2786546000,805000.0,0,0.0,0.0,1537460000.0,1538265000.0,1.155,1538265000.0,1537460000.0,1507385000.0,2.86,2.8,2.86,1939469000,,1939469000,2986662494,0.0,-0.436,-26514000.0,-0.092,1.0,1667737000.0,1.252,0,30075000.0,24662263000,,0,18885916000,,,20935612000,,,1199480494,6367000.0,0.0,-759000.0,-406711000.0,-2876000.0,-444956000.0,477837000.0,477366000.0,-26514000.0,0.0,823134000.0,823134000.0,823134000.0,0.0,0.0,0.618,72363000.0,1595374000.0,17677000,0.0,0.618,-0.268,-0.095,0,0.0,4.18,-0.225,-0.226,29171000,1268866000,1331822000.0,1331822000.0,0.0,,,,,8245000.0,61953000.0,1.0,286957056,287633868,294857435.0,4.63,22875081000,2819515000,684251000.0,0,79.528,
19,ABKFQ,ARQ,2008-03-31,2008-05-12,2008-03-31,2020-09-30,-554578000,24919262000,,,,,9.052,0.0,99229000,99229000,1138710000.0,-1660343000.0,,18.381,1891183000,,,1891183000,3059295000,801000.0,0,0.0,0.0,-2766407000.0,-2765606000.0,1.77,-2765606000.0,-2766407000.0,-2790784000.0,-11.69,-11.69,-11.69,1285738000,,1285738000,3033944163,0.0,-0.373,141250000.0,0.994,1.0,-2701349000.0,1.729,0,24377000.0,26711216000,,0,20169681000,,,23633524000,,,1241990163,-24704000.0,0.0,1182124000.0,-781152000.0,-7168000.0,390435000.0,-556389000.0,-531766000.0,141250000.0,0.0,-1660343000.0,-1660343000.0,-1660343000.0,0.0,0.0,1.063,65058000.0,-2766407000.0,108030000,0.0,0.966,-0.242,-0.096,0,0.0,4.33,-0.199,-0.099,20111000,449801000,-1562639000.0,-1562639000.0,0.0,,,,,1228000.0,65058000.0,1.0,286833756,142032462,142032462.0,-11.002,24919262000,3560396000,-1130441000.0,174044000,175.448,
20,ABKFQ,ARQ,2007-12-31,2008-02-29,2007-12-31,2020-09-30,-22138000,23565011000,,,,,22.308,0.0,123933000,123933000,-108520000.0,-3273924000.0,,9.336,1769945000,,,1769945000,3123860000,685000.0,0,0.0,0.0,-5151183000.0,-5150498000.0,1.076,-5150498000.0,-5151183000.0,-5173311000.0,-31.81,-31.81,-31.81,2279893000,,2279893000,2778211663,-1.0,-0.549,117496000.0,1.15,1.0,-4679831000.0,0.977,0,22128000.0,25211023000,,0,20253880000,,,21285118000,,,1132199663,97119000.0,0.0,-6000.0,-449578000.0,-21325000.0,-539642000.0,519265000.0,516920000.0,117496000.0,0.0,-3273924000.0,-3273924000.0,-3273924000.0,0.0,0.0,0.684,51347000.0,-4731178000.0,33080000,0.0,0.497,-0.349,-0.353,0,0.0,11.14,-0.269,-0.272,11068000,2107773000,-4788351000.0,-4788351000.0,0.0,,,,,5019000.0,25177000.0,1.0,101633722,102201463,99903148.0,-46.852,23565011000,2116380000,-1899387000.0,97826000,230.574,
21,ABKFQ,ARQ,2007-09-30,2007-11-09,2007-09-30,2020-09-30,71300000,21981091000,,,,,55.23,0.0,26814000,26814000,134246000.0,-360613000.0,,2.891,1669944000,,,1669944000,3128278000,663000.0,0,0.0,0.0,-472663000.0,-472000000.0,1.568,-472000000.0,-472663000.0,-494895000.0,-3.53,-3.53,-3.53,5649912000,,5649912000,4299671094,11.0,10.911,383695000.0,3.751,1.0,-435230000.0,1.446,0,22232000.0,23624221000,,0,20916985000,,,16331179000,,,2656541094,-8915000.0,0.0,-18824000.0,668765000.0,-21322000.0,608588000.0,-1001198000.0,-1002443000.0,383695000.0,0.0,-360613000.0,-360613000.0,-360613000.0,0.0,0.0,1.198,37433000.0,-472663000.0,55258000,0.0,0.47,11.629,12.457,0,0.0,26.16,2.682,2.702,97816000,5387639000,-300984000.0,-300984000.0,0.0,,,,,8222000.0,37433000.0,1.0,101549736,102297811,102297811.0,-2.942,21981091000,21319000,-134282000.0,32312000,214.874,
22,ABKFQ,ARQ,2007-06-30,2007-08-09,2007-06-30,2020-09-30,69341000,21061741000,,,,,58.912,0.0,35729000,35729000,121337000.0,173037000.0,,2.486,1664705000,,,1664705000,3061673000,669000.0,0,0.0,0.0,254141000.0,254810000.0,0.618,254810000.0,254141000.0,232050000.0,1.69,1.67,1.69,6041829000,,6041829000,8684178706,7.0,7.338,141217000.0,1.377,1.0,291243000.0,0.706,0,22091000.0,22690717000,,0,20074351000,,,15019912000,,,7055202706,4240000.0,0.0,629000.0,788365000.0,-18382000.0,854483000.0,-991460000.0,-991900000.0,141217000.0,0.0,173037000.0,173037000.0,173037000.0,0.0,0.0,0.419,37102000.0,254141000.0,188048000,0.0,1.168,8.791,9.109,0,0.0,69.5,4.028,4.069,48979000,5773888000,412580000.0,412580000.0,0.0,,,,,12212000.0,37102000.0,1.0,101513708,102557554,103442086.0,4.023,21061741000,0,59013000.0,232344000,205.365,
23,ABKFQ,ARQ,2007-03-31,2007-05-10,2007-03-31,2020-09-30,187605000,20111860000,,,,,57.234,0.0,31489000,31489000,113668000.0,213343000.0,,2.358,1517176000,,,1517176000,3045911000,678000.0,0,0.0,0.0,308529000.0,309207000.0,0.67,309207000.0,308529000.0,289240000.0,2.04,2.02,2.04,5989179000,,5989179000,11060808393,9.0,8.67,302976000.0,2.895,1.0,348161000.0,0.754,0,19289000.0,21597547000,,0,19222909000,,,14122681000,,,9575121393,-379000.0,0.0,-403897000.0,63157000.0,-18537000.0,-358561000.0,55206000.0,52641000.0,302976000.0,0.0,213343000.0,213343000.0,213343000.0,0.0,0.0,0.462,39632000.0,308529000.0,65154000,0.0,1.599,11.03,11.484,0,0.0,93.94,5.204,5.343,1743000,5626344000,461829000.0,461829000.0,0.0,,,,,11886000.0,39632000.0,1.0,101928054,104643529,105600555.0,4.413,20111860000,0,75897000.0,380706000,192.194,
24,ABKFQ,ARQ,2006-12-31,2007-03-01,2006-12-31,2020-09-30,197576000,20267813000,,,,,57.946,0.0,31868000,31868000,-300355000.0,202678000.0,,2.277,991804000,,,991804000,3037544000,738000.0,0,0.0,0.0,301330000.0,302068000.0,0.725,302068000.0,301330000.0,284460000.0,1.9,1.89,1.9,6184189000,,6184189000,10048356982,8.0,7.799,274296000.0,2.57,1.0,717285000.0,1.72,0,16870000.0,21227749000,,0,19351350000,,,14083624000,,,9088420982,-9638000.0,0.0,-47577000.0,206193000.0,-19103000.0,144303000.0,-428237000.0,-434889000.0,274296000.0,0.0,202678000.0,202678000.0,202678000.0,0.0,0.0,0.486,56051000.0,661234000.0,116057000,0.0,1.47,10.376,10.802,0,0.0,88.79,4.961,5.166,12857000,5454575000,416930000.0,416930000.0,0.0,,,,,18262000.0,43662000.0,1.0,102358610,106724068,107724187.0,3.907,20267813000,0,81782000.0,313403000,189.909,
25,ABKFQ,ARQ,2006-09-30,2006-11-08,2006-09-30,2020-09-30,199752000,21010691000,,,,,56.269,0.0,42182000,42182000,110456000.0,213523000.0,,2.499,2270303000,,,2270303000,3030641000,696000.0,0,0.0,0.0,316623000.0,317319000.0,0.689,317319000.0,316623000.0,297149000.0,2.0,1.98,2.0,6005317000,,6005317000,11213204160,9.0,8.723,105970000.0,0.993,1.0,349851000.0,0.76,0,19474000.0,23238812000,,0,20132931000,,,15005374000,,,8985083160,9387000.0,0.0,13031000.0,172905000.0,-19074000.0,156781000.0,-253364000.0,-249507000.0,105970000.0,0.0,213523000.0,213523000.0,213523000.0,0.0,0.0,0.464,33228000.0,316623000.0,23552000,0.0,1.496,10.24,10.278,0,0.0,84.69,4.87,4.899,1909000,5265443000,460307000.0,460307000.0,0.0,,,,,5466000.0,33228000.0,1.0,106093791,106725567,107737122.0,4.313,21010691000,0,83626000.0,290509000,196.867,
26,ABKFQ,ARQ,2006-06-30,2006-08-09,2006-06-30,2020-09-30,42323000,20273770000,,,,,52.873,0.0,32795000,32795000,24780000.0,238570000.0,,2.601,2184061000,,,2184061000,3042128000,756000.0,0,0.0,0.0,346438000.0,347194000.0,0.693,347194000.0,346438000.0,326963000.0,2.24,2.22,2.24,5630221000,,5630221000,10927660481,9.0,9.031,216633000.0,2.034,1.0,476145000.0,0.951,0,19475000.0,22425036000,,0,19421005000,,,14643549000,,,8776394481,6298000.0,0.0,2195000.0,304400000.0,-15866000.0,304310000.0,-514645000.0,-558641000.0,216633000.0,0.0,238570000.0,238570000.0,238570000.0,0.0,0.0,0.476,39174000.0,436971000.0,182825000,0.0,1.559,10.46,10.529,0,0.0,82.86,4.815,4.84,2578000,5083048000,500925000.0,500925000.0,0.0,,,,,5066000.0,35871000.0,1.0,105918350,106485245,107450639.0,4.704,20273770000,0,88393000.0,220156000,190.39,
27,ABKFQ,ARQ,2006-03-31,2006-05-10,2006-03-31,2020-09-30,117205000,19736382000,,,,,51.437,0.0,26497000,26497000,12750000.0,221140000.0,,2.605,2321187000,,,2321187000,2966959000,675000.0,0,0.0,0.0,321116000.0,321791000.0,0.709,321791000.0,321116000.0,301641000.0,2.08,2.06,2.08,5474887000,,5474887000,11102291181,10.0,9.751,306234000.0,2.877,1.0,441192000.0,0.972,0,19475000.0,22031072000,,0,18931981000,,,14261495000,,,8807601181,-1798000.0,0.0,-33339000.0,48806000.0,-15867000.0,7827000.0,-315859000.0,-325295000.0,306234000.0,0.0,221140000.0,221140000.0,221140000.0,0.0,0.0,0.487,45111000.0,396081000.0,185733000,0.0,1.609,11.197,11.35,0,0.0,83.31,5.106,5.141,23295000,4864748000,453942000.0,453942000.0,0.0,,,,,8405000.0,41539000.0,1.0,105720816,106438758,107430787.0,4.265,19736382000,0,80501000.0,289363000,185.425,
28,ABKFQ,ARQ,2005-12-31,2006-03-13,2005-12-31,2020-09-30,202312000,19725140000,,,,,50.469,0.0,28295000,28295000,28033000.0,204252000.0,,2.672,2233582000,,,2233582000,2954718000,1068000.0,0,0.0,0.0,298147000.0,299215000.0,0.696,299215000.0,298147000.0,282904000.0,1.92,1.9,1.92,5372207000,,5372207000,10512198626,10.0,9.707,299382000.0,2.813,1.0,401715000.0,0.935,0,15243000.0,21930427000,,0,18846471000,,,14352933000,,,8306911626,-173000.0,0.0,16240000.0,622588000.0,-15801000.0,625088000.0,-924643000.0,-855040000.0,299382000.0,0.0,204252000.0,204252000.0,204252000.0,0.0,0.0,0.475,35094000.0,366621000.0,35387000,0.0,1.546,11.061,11.343,0,0.0,78.72,4.999,5.13,2161000,4692701000,429748000.0,429748000.0,0.0,,,,,0.0,31573000.0,1.0,105524792,106445910,107214837.0,4.037,19725140000,0,78652000.0,274713000,185.307,
29,ABKFQ,ARQ,2005-09-30,2005-11-09,2005-09-30,2020-09-30,235502000,19062301000,,,,,48.365,0.0,28468000,28468000,100749000.0,175117000.0,,2.67,1860727000,,,1860727000,2875956000,1239000.0,0,0.0,0.0,240605000.0,241844000.0,0.552,241844000.0,240605000.0,226978000.0,1.63,1.61,1.63,5193995000,,5193995000,9587742370,9.0,9.105,225991000.0,2.104,1.0,337511000.0,0.77,0,13627000.0,20894560000,,0,18236795000,,,13868306000,,,7755483370,-8092000.0,0.0,-160749000.0,-182225000.0,-15955000.0,-338058000.0,103975000.0,93200000.0,225991000.0,0.0,175117000.0,175117000.0,175117000.0,0.0,0.0,0.4,34304000.0,303207000.0,162451000,0.0,1.493,10.544,10.939,0,0.0,73.73,4.856,4.958,1136000,4520475000,438260000.0,438260000.0,0.0,,,,,0.0,31392000.0,1.0,105187622,107392176,108484035.0,4.081,19062301000,0,51861000.0,267826000,177.502,
30,ABKFQ,ARQ,2005-06-30,2005-08-09,2005-06-30,2020-09-30,338521000,19529924000,,,,,48.516,0.0,36560000,36560000,33473000.0,186098000.0,,2.69,1878277000,,,1878277000,2892168000,1332000.0,0,0.0,0.0,274423000.0,275755000.0,0.684,275755000.0,274423000.0,260910000.0,1.71,1.69,1.71,5293074000,,5293074000,9236155672,9.0,8.626,194936000.0,1.787,1.0,369406000.0,0.917,0,13513000.0,21371641000,,0,18663938000,,,14236850000,,,7394438672,-5139000.0,0.0,-133225000.0,396896000.0,-13433000.0,234813000.0,-434888000.0,-439278000.0,194936000.0,0.0,186098000.0,186098000.0,186098000.0,0.0,0.0,0.462,37584000.0,331822000.0,162186000,0.0,1.397,9.94,10.196,0,0.0,69.13,4.894,4.991,49491000,4368225000,402879000.0,402879000.0,0.0,,,,,0.0,34153000.0,1.0,106964251,109098498,110327148.0,3.693,19529924000,0,74812000.0,307556000,179.012,
31,ABKFQ,ARQ,2005-03-31,2005-05-10,2005-03-31,2020-09-30,206212000,18625776000,,,,,46.403,0.0,41699000,41699000,35051000.0,185543000.0,,2.643,1888886000,,,1888886000,2788930000,648000.0,0,0.0,0.0,265485000.0,266133000.0,0.681,266133000.0,265485000.0,251972000.0,1.68,1.66,1.68,5113228000,,5113228000,9543408541,9.0,9.059,287189000.0,2.606,1.0,355769000.0,0.91,0,13513000.0,20472963000,,0,17723611000,,,13512548000,,,7696221541,21742000.0,0.0,436000.0,-48264000.0,-13616000.0,-56811000.0,-208636000.0,-212389000.0,287189000.0,0.0,185543000.0,185543000.0,185543000.0,0.0,0.0,0.475,39504000.0,316265000.0,171253000,0.0,1.505,10.422,10.545,0,0.0,71.07,5.271,5.363,79898000,4203859000,390820000.0,390820000.0,0.0,,,,,0.0,35685000.0,1.0,108290721,110191422,111772811.0,3.547,18625776000,0,66429000.0,254771000,169.031,
32,ABKFQ,ARQ,2004-12-31,2005-03-15,2004-12-31,2020-09-30,296814000,18585258000,,,,,45.675,0.0,19957000,19957000,19700000.0,188771000.0,,2.699,1866207000,,,1866207000,2778893000,660000.0,0,0.0,0.0,268667000.0,269327000.0,0.738,269327000.0,268667000.0,255153000.0,1.72,1.69,1.72,5024457000,,5024457000,10430934681,10.0,10.101,247333000.0,2.248,1.0,345471000.0,0.946,0,13514000.0,20431508000,,0,17825092000,,,13560801000,,,8584684681,-5881000.0,0.0,-6369000.0,1172289000.0,-13595000.0,1148026000.0,-1401240000.0,-1390003000.0,247333000.0,0.0,188771000.0,188771000.0,188771000.0,0.0,0.0,0.517,32967000.0,312504000.0,18254000,0.0,1.709,11.848,11.921,0,0.0,78.8,6.103,6.14,1319000,4032089000,365171000.0,365171000.0,0.0,,,,,0.0,28721000.0,1.0,108942699,110003872,111263624.0,3.32,18585258000,0,66382000.0,233779000,168.951,
33,ABKFQ,ARQ,2004-09-30,2004-11-09,2004-09-30,2020-09-30,285192000,16992417000,,,,,43.808,0.0,25838000,25838000,18439000.0,183459000.0,,2.534,1085121000,,,1085121000,2731657000,710000.0,0,0.0,0.0,258813000.0,259523000.0,0.737,259523000.0,258813000.0,245091000.0,1.67,1.65,1.67,4808838000,,4808838000,9686399795,10.0,9.684,161384000.0,1.47,1.0,333692000.0,0.948,0,13722000.0,18051700000,,0,14968213000,,,12183579000,,,8627116795,-7416000.0,3676000.0,15758000.0,-213430000.0,-13561000.0,-230088000.0,61288000.0,78930000.0,161384000.0,0.0,183459000.0,183459000.0,183459000.0,959000.0,0.0,0.521,32184000.0,301508000.0,84215000,0.0,1.794,12.421,12.366,0,0.0,79.39,6.294,6.358,173973000,3860248000,352131000.0,352131000.0,0.0,,,,,0.0,28835000.0,1.0,108667550,109771249,111107367.0,3.208,16992417000,0,61632000.0,226399000,154.798,
34,ABKFQ,ARQ,2004-06-30,2004-08-09,2004-06-30,2020-09-30,120035000,16851506000,,,,,41.178,0.0,33164000,33164000,18201000.0,180710000.0,,2.775,1015007000,,,1015007000,2727315000,742000.0,0,0.0,0.0,257733000.0,258475000.0,0.734,258475000.0,257733000.0,244272000.0,1.67,1.63,1.67,4464213000,,4464213000,8508718479,9.0,8.757,322050000.0,2.971,1.0,333825000.0,0.948,0,13461000.0,17833349000,,0,14835440000,,,12387293000,,,7526875479,13118000.0,0.0,1656000.0,-224830000.0,-11924000.0,-226263000.0,-82669000.0,-98729000.0,322050000.0,0.0,180710000.0,180710000.0,180710000.0,186000.0,0.0,0.513,35228000.0,298597000.0,288260000,0.0,1.686,11.222,11.104,0,0.0,69.4,5.605,5.603,152192000,3698656000,352026000.0,352026000.0,0.0,,,,,0.0,31847000.0,1.0,108456419,108412326,110924314.0,3.247,16851506000,0,63562000.0,149689000,155.439,
35,ABKFQ,ARQ,2004-03-31,2004-05-10,2004-03-31,2020-09-30,353500000,17457448000,,,,,42.03,0.0,20046000,20046000,18404000.0,171611000.0,,2.854,954991000,,,954991000,2576080000,778000.0,0,0.0,0.0,244602000.0,245380000.0,0.727,245380000.0,244602000.0,230977000.0,1.59,1.55,1.59,4529528000,,4529528000,8067820485,9.0,8.507,218935000.0,2.032,1.0,318976000.0,0.945,0,13625000.0,18392393000,,0,15148000000,,,12927920000,,,7132875485,-4403000.0,0.0,11236000.0,-61489000.0,-11830000.0,-36400000.0,-186938000.0,-197018000.0,218935000.0,0.0,171611000.0,171611000.0,171611000.0,144000.0,0.0,0.509,31538000.0,287438000.0,175702000,0.0,1.575,10.93,10.769,0,0.0,65.8,5.421,5.389,17823000,3534042000,337380000.0,337380000.0,0.0,,,,,0.0,27843000.0,1.0,108402363,107769564,110397003.0,3.131,17457448000,0,59366000.0,282050000,161.989,
36,ABKFQ,ARQ,2003-12-31,2004-03-15,2003-12-31,2020-09-30,266919000,16747314000,,,,,39.778,0.0,24449000,24449000,16800000.0,158752000.0,,2.936,1017275000,,,1017275000,2545490000,799000.0,0,0.0,0.0,236121000.0,236920000.0,0.72,236920000.0,236121000.0,222661000.0,1.49,1.45,1.49,4254558000,,4254558000,8925720998,10.0,9.942,207959000.0,1.944,1.0,312257000.0,0.949,0,13460000.0,17740140000,,0,14668285000,,,12492756000,,,7932894998,-12552000.0,0.0,14249000.0,159998000.0,-11760000.0,208379000.0,-428890000.0,-436428000.0,207959000.0,0.0,158752000.0,158752000.0,158752000.0,9184000.0,0.0,0.482,20116000.0,292141000.0,18213000,0.0,1.865,12.817,12.632,0,0.0,73.39,6.236,6.147,4425000,3380098000,329057000.0,329057000.0,0.0,,,,,0.0,27185000.0,1.0,108092315,106956405,109797505.0,3.077,16747314000,0,63909000.0,214234000,156.581,
37,ABKFQ,ARQ,2003-09-30,2003-11-14,2003-09-30,2020-09-30,271493000,16344435000,,,,,38.297,0.0,37001000,37001000,15900000.0,159669000.0,,2.997,936359000,,,936359000,2470122000,752000.0,0,0.0,0.0,230131000.0,230883000.0,0.712,230883000.0,230131000.0,216381000.0,1.5,1.45,1.5,4089287000,,4089287000,8303355224,11.0,11.142,286867000.0,2.687,1.0,308534000.0,0.951,0,13750000.0,17243793000,,0,14533679000,,,12255148000,,,7403997224,10021000.0,0.0,4673000.0,-195528000.0,-11748000.0,-203667000.0,-73179000.0,-75115000.0,286867000.0,0.0,159669000.0,159669000.0,159669000.0,0.0,0.0,0.492,32513000.0,276021000.0,388573000,0.0,1.811,14.12,14.055,0,0.0,69.29,5.714,5.71,96925000,3235642000,324434000.0,324434000.0,0.0,,,,,0.0,25733000.0,1.0,106855206,106779009,109944141.0,3.038,16344435000,0,56712000.0,229742000,153.068,
38,ABKFQ,ARQ,2003-06-30,2003-08-14,2003-06-30,2020-09-30,378273000,16797299000,,,,,37.974,0.0,26980000,26980000,10900000.0,162571000.0,,3.156,932138000,,,932138000,2371250000,794000.0,0,0.0,0.0,234451000.0,235245000.0,0.724,235245000.0,234451000.0,219914000.0,1.53,1.48,1.53,4041502000,,4041502000,7981250721,11.0,11.34,332081000.0,3.12,1.0,314085000.0,0.966,0,14537000.0,17702457000,,0,14797004000,,,12755797000,,,7076092721,-24076000.0,0.0,21014000.0,-461365000.0,-10629000.0,-451975000.0,95818000.0,91196000.0,332081000.0,0.0,162571000.0,162571000.0,162571000.0,0.0,0.0,0.5,29474000.0,284611000.0,462659000,0.0,1.751,14.256,14.197,0,0.0,66.3,5.938,5.921,80934000,3088365000,324985000.0,324985000.0,0.0,,,,,0.0,23240000.0,1.0,106728397,106428045,109417451.0,3.054,16797299000,0,57343000.0,273892000,157.828,
39,ABKFQ,ARQ,2003-03-31,2003-05-15,2003-03-31,2020-09-30,272776000,16344942000,,,,,35.488,0.0,51056000,51056000,9800000.0,137923000.0,,3.343,1270121000,,,1270121000,2163232000,820000.0,0,0.0,0.0,193903000.0,194723000.0,0.663,194723000.0,193903000.0,181449000.0,1.3,1.27,1.3,3763512000,,3763512000,7624714016,12.0,11.928,176708000.0,1.666,1.0,283932000.0,0.967,0,12454000.0,17564007000,,0,14526420000,,,12581430000,,,6405649016,25240000.0,0.0,2360000.0,526080000.0,-10602000.0,516362000.0,-667830000.0,-654564000.0,176708000.0,0.0,137923000.0,137923000.0,137923000.0,0.0,0.0,0.47,36597000.0,247335000.0,151893000,0.0,1.702,14.123,14.117,0,0.0,60.28,5.994,5.982,37133000,2946246000,293732000.0,293732000.0,0.0,,,,,0.0,30439000.0,1.0,106264914,106050379,108737211.0,2.77,16344942000,0,43526000.0,250649000,154.124,
40,ABKFQ,ARQ,2002-12-31,2003-03-28,2002-12-31,2020-09-30,265427000,15355538000,,,,,34.205,0.0,25816000,25816000,-7215000.0,64190000.0,,3.236,748950000,,,748950000,2128847000,858000.0,0,0.0,0.0,83539000.0,84397000.0,0.239,84397000.0,83539000.0,72071000.0,0.6,0.59,0.6,3625179000,,3625179000,6143274208,10.0,10.048,323492000.0,3.052,1.0,359747000.0,1.02,0,11468000.0,16078672000,,0,13643937000,,,11730359000,,,5420140208,-6526000.0,0.0,10184000.0,964244000.0,-10597000.0,962348000.0,-1292366000.0,-1284020000.0,323492000.0,0.0,64190000.0,64190000.0,64190000.0,0.0,0.0,0.182,44904000.0,314843000.0,95084000,0.0,1.495,12.529,12.525,0,0.0,51.1,5.577,5.571,7105000,2820281000,352532000.0,352532000.0,0.0,,,,,0.0,28087000.0,1.0,106069280,105984429,108818777.0,3.326,15355538000,0,7881000.0,230448000,144.885,
41,ABKFQ,ARQ,2002-09-30,2002-11-14,2002-09-30,2020-09-30,319793000,14688079000,,,,,34.195,0.0,32342000,32342000,11480000.0,131691000.0,,3.057,1073212000,,,1073212000,1926789000,884000.0,0,0.0,0.0,188570000.0,189454000.0,0.86,189454000.0,188570000.0,177796000.0,1.24,1.21,1.24,3620124000,,3620124000,6973515585,10.0,10.032,271112000.0,2.561,1.0,208921000.0,0.948,0,10774000.0,15728949000,,0,12536708000,,,11067955000,,,5932645585,-4789000.0,0.0,-21901000.0,-182806000.0,-10590000.0,-216499000.0,-59402000.0,-31978000.0,271112000.0,0.0,131691000.0,131691000.0,131691000.0,0.0,0.0,0.598,20351000.0,188570000.0,252284000,0.0,1.639,12.228,12.196,0,0.0,55.98,7.273,7.265,531720000,2772509000,220401000.0,220401000.0,0.0,,,,,0.0,18467000.0,1.0,105977949,105865884,108959876.0,2.082,14688079000,0,46105000.0,307605000,138.742,
42,ABKFQ,ARQ,2002-06-30,2002-08-14,2002-06-30,2020-09-30,158746000,13869466000,,,,,31.672,0.0,37131000,37131000,11599000.0,119761000.0,,3.126,1021472000,,,1021472000,1869659000,871000.0,0,0.0,0.0,169758000.0,170629000.0,0.845,170629000.0,169758000.0,158942000.0,1.13,1.09,1.13,3361201000,,3361201000,7297115807,11.0,11.053,104348000.0,0.983,1.0,190376000.0,0.943,0,10816000.0,14853807000,,0,12571354000,,,10508265000,,,6312774807,-19665000.0,0.0,9269000.0,553747000.0,-9552000.0,548304000.0,-672317000.0,-676009000.0,104348000.0,0.0,119761000.0,119761000.0,119761000.0,0.0,0.0,0.593,20618000.0,169758000.0,167858000,0.0,1.878,13.591,13.55,0,0.0,59.62,8.128,8.146,10712000,2652042000,201975000.0,201975000.0,0.0,,,,,0.0,18603000.0,1.0,105883509,106124220,109515722.0,1.903,13869466000,0,39181000.0,201964000,130.691,
43,ABKFQ,ARQ,2002-03-31,2002-05-13,2002-03-31,2020-09-30,14823000,12833734000,,,,,28.859,0.0,56796000,56796000,10836000.0,116952000.0,,3.202,1043421000,,,1043421000,1806564000,853000.0,0,0.0,0.0,166047000.0,166900000.0,0.848,166900000.0,166047000.0,155381000.0,1.11,1.07,1.11,3054205000,,3054205000,7992088807,13.0,12.486,106536000.0,1.007,1.0,186074000.0,0.945,0,10666000.0,13820359000,,0,11801623000,,,9779529000,,,7005463807,-19784000.0,0.0,16313000.0,349805000.0,-9512000.0,355999000.0,-482319000.0,-476941000.0,106536000.0,0.0,116952000.0,116952000.0,116952000.0,0.0,0.0,0.594,20027000.0,166047000.0,279438000,0.0,2.294,15.487,15.408,0,0.0,66.1,9.288,9.275,12702000,2500605000,196910000.0,196910000.0,0.0,,,,,0.0,18561000.0,1.0,105982811,105831879,109153901.0,1.861,12833734000,0,38429000.0,149598000,121.265,
44,ABKFQ,ARQ,2001-12-31,2002-03-26,2001-12-31,2020-09-30,62476000,12267695000,,,,,28.265,0.0,76580000,76580000,10688000.0,116746000.0,,3.112,1044315000,,,1044315000,1780272000,849000.0,0,0.0,0.0,167273000.0,168122000.0,0.856,168122000.0,167273000.0,155169000.0,1.11,1.07,1.11,2983688000,,2983688000,6898640568,11.0,11.26,164339000.0,1.557,1.0,185758000.0,0.946,0,12104000.0,13235430000,,0,11200244000,,,9284007000,,,5930905568,-34847000.0,0.0,145000.0,588910000.0,-9498000.0,571089000.0,-770275000.0,-794119000.0,164339000.0,0.0,116746000.0,116746000.0,116746000.0,0.0,0.0,0.594,18893000.0,166865000.0,73061000,0.0,1.988,13.7,13.659,0,0.0,56.0,8.181,8.166,15282000,2403473000,196446000.0,196446000.0,0.0,,,,,0.0,17318000.0,1.0,105909028,105562866,108849724.0,1.861,12267695000,0,38423000.0,221222000,116.212,
45,ABKFQ,ARQ,2001-09-30,2001-11-14,2001-09-30,2020-09-30,136651000,11410503000,,,,,28.019,0.0,111427000,111427000,10123000.0,111008000.0,,2.85,416633000,,,416633000,1719890000,869000.0,0,0.0,0.0,153692000.0,154561000.0,0.852,154561000.0,153692000.0,144322000.0,1.05,1.02,1.05,2963942000,,2963942000,5788706811,10.0,9.924,181498000.0,1.716,1.0,171215000.0,0.944,0,9370000.0,11715709000,,0,10216021000,,,8446561000,,,5483500811,76210000.0,0.0,-13295000.0,79660000.0,-9528000.0,56837000.0,-162125000.0,-156326000.0,181498000.0,0.0,111008000.0,111008000.0,111008000.0,0.0,0.0,0.612,17523000.0,153692000.0,180482000,0.0,1.85,13.273,13.279,0,0.0,51.96,7.916,7.935,74818000,2303313000,181338000.0,181338000.0,0.0,,,,,0.0,16602000.0,1.0,105533118,105781745,109077058.0,1.714,11410503000,0,33314000.0,227389000,107.868,
46,ABKFQ,ARQ,2001-06-30,2001-08-10,2001-06-30,2020-09-30,44222000,10809016000,,,,,26.364,0.0,35217000,35217000,10773000.0,107637000.0,,2.875,424094000,,,424094000,1681159000,848000.0,0,0.0,0.0,149631000.0,150479000.0,0.838,150479000.0,149631000.0,140146000.0,1.02,0.99,1.02,2789764000,,2789764000,6524844742,12.0,11.685,210648000.0,1.991,1.0,168771000.0,0.94,0,9485000.0,11197893000,,0,9927109000,,,8019252000,,,6135967742,-2251000.0,0.0,2913000.0,342664000.0,-8463000.0,337114000.0,-550013000.0,-546324000.0,210648000.0,0.0,107637000.0,107637000.0,107637000.0,0.0,0.0,0.6,19140000.0,149631000.0,192727000,0.0,2.199,15.611,15.539,0,0.0,57.96,9.226,9.222,67682000,2212762000,179544000.0,179544000.0,0.0,,,,,0.0,17426000.0,1.0,105865558,105816151,109051506.0,1.697,10809016000,0,32509000.0,144869000,102.149,
47,ABKFQ,ARQ,2001-03-31,2001-05-15,2001-03-31,2020-09-30,82453000,10189600000,,,,,25.82,0.0,37468000,37468000,10231000.0,97515000.0,,2.735,424077000,,,424077000,1554199000,913000.0,0,0.0,0.0,138573000.0,139486000.0,0.832,139486000.0,138573000.0,129090000.0,0.92,0.9,0.92,2728242000,,2728242000,6040879305,11.0,11.179,115346000.0,1.092,1.0,157361000.0,0.939,0,9483000.0,10576209000,,0,9329026000,,,7461358000,,,5654270305,-7960000.0,0.0,7648000.0,-203475000.0,-8448000.0,-204275000.0,80969000.0,82745000.0,115346000.0,0.0,97515000.0,97515000.0,97515000.0,0.0,0.0,0.582,18380000.0,138981000.0,84671000,0.0,2.072,14.956,14.86,0,0.0,53.45,8.793,8.783,28969000,2117877000,167592000.0,167592000.0,0.0,,,,,0.0,16643000.0,1.0,105786161,105663065,108844261.0,1.586,10189600000,0,31575000.0,180114000,96.435,
48,ABKFQ,ARQ,2000-12-31,2001-03-28,2000-12-31,2020-09-30,45154000,10120300000,,,,,24.613,0.0,45428000,45428000,10485000.0,96986000.0,,2.898,424061000,,,424061000,1546290000,906000.0,0,0.0,0.0,137844000.0,138750000.0,0.845,138750000.0,137844000.0,128520000.0,0.923,0.897,0.923,2596114000,,2596114000,6716698160,13.0,12.837,155198000.0,1.471,1.0,153762000.0,0.936,0,9324000.0,10498933000,,0,9274909000,,,7524186000,,,6338065160,30573000.0,0.0,5002000.0,-329163000.0,-8438000.0,-332599000.0,207974000.0,210086000.0,155198000.0,0.0,96986000.0,96986000.0,96986000.0,0.0,0.0,0.59,15918000.0,137844000.0,14827000,0.0,2.441,17.309,17.189,0,0.0,59.99,10.201,10.141,9680000,2035209000,164247000.0,164247000.0,0.0,,,,,0.0,14673000.0,1.0,105652028,105477113,108506287.0,1.557,10120300000,0,31534000.0,131663000,95.948,
49,ABKFQ,ARQ,2000-09-30,2000-11-13,2000-09-30,2020-09-30,-85869000,10114724000,,,,,22.572,0.0,14855000,14855000,9716000.0,90908000.0,,3.263,424044000,,,424044000,1497541000,950000.0,0,0.0,0.0,128734000.0,129684000.0,0.844,129684000.0,128734000.0,119340000.0,0.867,0.847,0.867,2372544000,,2372544000,5468119102,11.0,10.811,152650000.0,1.452,1.0,143952000.0,0.937,0,9394000.0,10523913000,,0,9293587000,,,7742180000,,,5058930102,2884000.0,0.0,12735000.0,-131479000.0,-8400000.0,-127144000.0,-22622000.0,-19792000.0,152650000.0,0.0,90908000.0,90908000.0,90908000.0,0.0,0.0,0.592,15218000.0,128734000.0,80313000,0.0,2.132,14.326,14.243,0,0.0,48.042,8.413,8.398,72279000,1948822000,153668000.0,153668000.0,0.0,,,,,0.0,13208000.0,1.0,105302961,105111708,107732178.0,1.462,10114724000,0,28432000.0,43423000,96.228,
50,ABKFQ,ARQ,2000-06-30,2000-08-11,2000-06-30,2020-09-30,-132416000,10798233000,,,,,21.291,0.0,11971000,11971000,9876000.0,92640000.0,,3.842,424028000,,,424028000,1441946000,890000.0,0,0.0,0.0,131550000.0,132440000.0,0.841,132440000.0,131550000.0,122170000.0,0.887,0.867,0.887,2230054000,,2230054000,5101427557,10.0,10.381,82161000.0,0.784,1.0,147645000.0,0.937,0,9380000.0,11210290000,,0,9263331000,,,8568179000,,,4689370557,-34589000.0,0.0,1775000.0,-753778000.0,-7677000.0,-759680000.0,642930000.0,642543000.0,82161000.0,0.0,92640000.0,92640000.0,92640000.0,0.0,0.0,0.588,16095000.0,131550000.0,608095000,0.0,2.103,13.71,13.698,0,0.0,44.75,8.018,8.015,761888000,1871599000,157521000.0,157521000.0,0.0,,,,,0.0,13876000.0,1.0,104790404,104743016,106889822.0,1.504,10798233000,10590000,29530000.0,21239000,103.093,
51,ABKFQ,ARQ,2000-03-31,2000-05-12,2000-03-31,2020-09-30,-126192000,11142607000,,,,,20.523,0.0,46560000,46560000,9728000.0,85638000.0,,4.181,424012000,,,424012000,1417729000,868000.0,0,0.0,0.0,121473000.0,122341000.0,0.839,122341000.0,121473000.0,112094000.0,0.82,0.8,0.82,2150721000,,2150721000,3685551872,8.0,7.998,91319000.0,0.871,1.0,136146000.0,0.933,0,9379000.0,11520059000,,0,9856612000,,,8991886000,,,3308099872,32972000.0,0.0,-5204000.0,6352000.0,-7698000.0,-6550000.0,-51797000.0,-49799000.0,91319000.0,0.0,85638000.0,85638000.0,85638000.0,0.0,0.0,0.587,14673000.0,121473000.0,551566000,0.0,1.538,10.326,10.321,0,0.0,31.583,6.006,6.009,542452000,1789260000,145874000.0,145874000.0,0.0,,,,,0.0,13478000.0,1.0,104741960,104794053,106804643.0,1.392,11142607000,10402000,26456000.0,32627000,106.329,
52,ABKFQ,ARQ,1999-12-31,2000-03-30,1999-12-31,2020-09-30,-187540000,11345096000,,,,,19.239,0.0,13588000,13588000,8894000.0,83952000.0,,4.621,423995000,,,423995000,1431076000,802000.0,0,0.0,0.0,120542000.0,121344000.0,0.841,121344000.0,120542000.0,111339000.0,0.8,0.78,0.8,2018450000,,2018450000,3834401253,9.0,8.633,155496000.0,1.482,1.0,135352000.0,0.938,0,9203000.0,11755503000,,0,9751023000,,,9326646000,,,3423994253,1874000.0,0.0,2030000.0,-157878000.0,-7694000.0,-163542000.0,9920000.0,34379000.0,155496000.0,0.0,83952000.0,83952000.0,83952000.0,0.0,0.0,0.582,14810000.0,120542000.0,1093873000,0.0,1.696,11.12,11.152,0,0.0,32.708,6.42,6.432,778787000,1713446000,144246000.0,144246000.0,0.0,,,,,0.0,13039000.0,1.0,104682638,104916476,107041319.0,1.375,11345096000,57377000,27387000.0,24831000,108.135,
53,ABKFQ,ARQ,1999-09-30,1999-11-12,1999-09-30,2020-09-30,-98964000,11325663000,,,,,19.331,0.0,11714000,11714000,9174000.0,79802000.0,,4.587,423979000,,,423979000,1365545000,760000.0,0,0.0,0.0,114528000.0,115288000.0,0.84,115288000.0,114528000.0,105383000.0,0.76,0.747,0.76,2027197000,,2027197000,4432681268,11.0,10.769,126780000.0,1.209,1.0,128024000.0,0.933,0,9145000.0,11737928000,,0,9881759000,,,9298466000,,,4020416268,3405000.0,0.0,965000.0,220048000.0,-7689000.0,213324000.0,-336699000.0,-338357000.0,126780000.0,0.0,79802000.0,79802000.0,79802000.0,0.0,0.0,0.582,13496000.0,114528000.0,724210000,0.0,1.983,14.051,14.026,0,0.0,38.333,7.988,7.987,781030000,1638325000,137198000.0,137198000.0,0.0,,,,,0.0,11976000.0,1.0,104880434,104867457,107005526.0,1.308,11325663000,4872000,25581000.0,26370000,108.0,
54,ABKFQ,ARQ,1999-06-30,1999-08-13,1999-06-30,2020-09-30,-18437000,11081799000,,,,,19.505,0.0,8309000,8309000,9279000.0,70969000.0,,4.42,423962000,,,423962000,1339268000,736000.0,0,0.0,0.0,101079000.0,101815000.0,0.824,101815000.0,101079000.0,91985000.0,0.68,0.667,0.68,2044468000,,2044468000,4421964670,11.0,11.288,81941000.0,0.782,1.0,114223000.0,0.925,0,9094000.0,11497452000,,0,9634870000,,,9037331000,,,4006311670,-551000.0,0.0,3763000.0,2963000.0,-6986000.0,-260000.0,-82232000.0,-82185000.0,81941000.0,0.0,70969000.0,70969000.0,70969000.0,0.0,0.0,0.575,13144000.0,101079000.0,635593000,0.0,1.96,14.745,14.696,0,0.0,38.208,8.287,8.284,817031000,1577902000,123502000.0,123502000.0,0.0,,,,,0.0,11872000.0,1.0,104854404,104816186,106963667.0,1.178,11081799000,0,21016000.0,57733000,105.726,
55,ABKFQ,ARQ,1999-03-31,1999-05-12,1999-03-31,2020-09-30,100395000,11341895000,,,,,19.986,0.0,8860000,8860000,9477000.0,73194000.0,,4.411,423946000,,,423946000,1315320000,671000.0,0,0.0,0.0,105034000.0,105705000.0,0.823,105705000.0,105034000.0,95951000.0,0.7,0.687,0.7,2096138000,,2096138000,4587054534,12.0,12.146,90183000.0,0.86,1.0,118894000.0,0.926,0,9083000.0,11756981000,,0,9822042000,,,9245757000,,,4171968534,621000.0,0.0,-6866000.0,145583000.0,-6997000.0,131720000.0,-221282000.0,-229539000.0,90183000.0,0.0,73194000.0,73194000.0,73194000.0,0.0,0.0,0.57,13860000.0,105034000.0,1067779000,0.0,1.99,15.952,15.933,0,0.0,39.833,8.872,8.884,906660000,1515336000,128371000.0,128371000.0,0.0,,,,,0.0,11917000.0,1.0,104735621,104878763,107003409.0,1.224,11341895000,0,22757000.0,140853000,108.143,
56,ABKFQ,ARQ,1998-12-31,1999-03-30,1998-12-31,2020-09-30,159313000,11212311000,,,,,19.997,0.0,8239000,8239000,12757000.0,62158000.0,,4.349,423929000,,,423929000,1294214000,675000.0,0,0.0,0.0,88116000.0,88791000.0,0.777,88791000.0,88116000.0,79003000.0,0.593,0.587,0.593,2096090000,,2096090000,4198810397,12.0,11.531,81831000.0,0.781,1.0,101484000.0,0.888,0,9113000.0,11628001000,,0,9674602000,,,9116221000,,,3783120397,-1383000.0,0.0,12626000.0,284358000.0,-6977000.0,290007000.0,-373221000.0,-362627000.0,81831000.0,0.0,62158000.0,62158000.0,62158000.0,0.0,0.0,0.544,13368000.0,88116000.0,1083175000,0.0,1.805,14.895,14.893,0,0.0,36.042,8.278,8.273,843013000,1449832000,114241000.0,114241000.0,0.0,,,,,0.0,11668000.0,1.0,104965181,104821257,106188401.0,1.09,11212311000,0,16845000.0,152731000,106.966,
57,ABKFQ,ARQ,1998-09-30,1998-11-13,1998-09-30,2020-09-30,205963000,11091706000,,,,,19.902,0.0,9622000,9622000,9737000.0,65382000.0,,4.321,423913000,,,423913000,1251619000,993000.0,0,0.0,0.0,94453000.0,95446000.0,0.813,95446000.0,94453000.0,85199000.0,0.627,0.613,0.627,2084383000,,2084383000,4426540120,,,122081000.0,1.166,1.0,107620000.0,0.917,0,9254000.0,11505997000,,0,9275126000,,,9007323000,,,4012249120,-18868000.0,0.0,-13408000.0,360030000.0,-7001000.0,339621000.0,-480570000.0,-459824000.0,122081000.0,0.0,65382000.0,65382000.0,65382000.0,0.0,0.0,0.557,13167000.0,94453000.0,1020852000,0.0,1.925,,,0,0.0,38.375,,,1156486000,1410184000,117357000.0,117357000.0,0.0,,,,,0.0,11844000.0,1.0,104553723,104734548,107084586.0,1.121,11091706000,0,19817000.0,178499000,105.903,
58,ABKFQ,ARQ,1998-06-30,1998-08-14,1998-06-30,2020-09-30,153516000,10235140000,,,,,18.948,0.0,28490000,28490000,10026000.0,60796000.0,,4.143,423897000,,,423897000,1220701000,415000.0,0,0.0,0.0,87295000.0,87710000.0,0.796,87710000.0,87295000.0,78513000.0,0.58,0.567,0.58,1989934000,,1989934000,4214184377,,,60156000.0,0.573,1.0,100229000.0,0.909,0,8782000.0,10630547000,,0,8865609000,,,8245206000,,,3818777377,17920000.0,0.0,-6234000.0,492277000.0,-6293000.0,479750000.0,-521986000.0,-505685000.0,60156000.0,0.0,60796000.0,60796000.0,60796000.0,0.0,0.0,0.551,12934000.0,87295000.0,1000907000,0.0,1.919,,,0,0.0,36.375,,,752199000,1355957000,110255000.0,110255000.0,0.0,,,,,0.0,11190000.0,1.0,104983571,105022766,107498493.0,1.05,10235140000,0,17717000.0,142741000,97.456,
59,ABKFQ,ARQ,1998-03-31,1998-05-15,1998-03-31,2020-09-30,129571000,9113215000,,,,,18.22,0.0,10570000,10570000,9020000.0,65658000.0,,3.761,223880000,,,223880000,1194701000,377000.0,0,0.0,0.0,91809000.0,92186000.0,0.8,92186000.0,91809000.0,86197000.0,0.627,0.613,0.627,1914204000,,1914204000,4098466610,,,73589000.0,0.7,1.0,106163000.0,0.922,0,5612000.0,9326525000,,0,8293359000,,,7199011000,,,3885156610,1314000.0,0.0,244000.0,619691000.0,-6300000.0,613635000.0,-685910000.0,-684073000.0,73589000.0,0.0,65658000.0,65658000.0,65658000.0,0.0,0.0,0.57,14354000.0,91809000.0,450975000,0.0,2.03,,,0,0.0,36.958,,,281055000,1306180000,115183000.0,115183000.0,0.0,,,,,0.0,12018000.0,1.0,105122624,105059693,107448039.0,1.096,9113215000,0,20539000.0,148104000,86.743,
60,ABKFQ,ARQ,1997-12-31,1998-03-31,1997-12-31,2020-09-30,135223000,8249722000,,,,,17.836,,9256000,9256000,,,,3.406,223864000,,,223864000,1178990000,,0,0.0,0.0,,,,,,,,,,1872482000,,1872482000,4311708167,14.0,13.942,,,1.0,,,0,,8464330000,,0,7503780000,,,6377240000,,,4097100167,,,,,,,,,,,,,,,,,,,359816000,,2.188,18.37,18.316,0,,38.958,10.732,10.713,293506000,1262740000,,,,,,,,,,1.0,105166217,104982746,,,8249722000,0,,144244000,78.582,
0,ABKFQ,ART,2012-12-31,2013-03-22,2012-12-31,2020-09-30,625385000,27007164000,26984932750.0,,,0.025,-12.919,0.0,46127000,46127000,683630000.0,-259354000.0,,-7.743,17647173000,,,17647173000,2778401000,3066000.0,0,0.0,0.0,-141509000.0,-138443000.0,-0.202,-138443000.0,-141509000.0,-253829000.0,-0.85,-0.85,-0.85,-3907527000,-4012400500.0,-3907527000,17643387125,-125.0,-127.442,-613898000.0,-2.03,1.0,2059000.0,0.003,0,112320000.0,44608210000,44122725250.0,0,24217145000,,,30254131000,,,42341125,27838000.0,0.0,0.0,-396244000.0,0.0,-396244000.0,1037980000.0,1078241000.0,-613898000.0,0.0,-256678000.0,-256678000.0,-256678000.0,0.0,-2676000.0,-0.374,146244000.0,-144185000.0,94552000,0.0,-0.011,-0.165,-0.165,0,0.0,0.14,0.062,0.062,1621382000,-6297264000,685689000.0,685689000.0,0.0,-0.01,0.064,-0.003,-0.206,0.0,139029000.0,1.0,302436610,302468867,302468867.0,2.267,27007164000,0,2849000.0,98364000,89.289,
1,ABKFQ,ART,2012-09-30,2012-11-14,2012-09-30,2020-09-30,527969000,26947892000,27011565500.0,,,0.016,-13.715,0.0,94858000,94858000,1523994000.0,-1365853000.0,,-7.336,17364981000,,,17364981000,2985542000,3103000.0,0,0.0,0.0,-1234984000.0,-1231881000.0,-2.839,-1231881000.0,-1234984000.0,-1363192000.0,-4.5,-4.5,-4.5,-4148519000,-3988762500.0,-4148519000,17276171722,-14.0,-14.024,-600941000.0,-1.987,1.0,-1090088000.0,-2.512,0,128208000.0,44218015000,43929588750.0,0,23896432000,,,30435405000,,,6048722,68749000.0,0.0,0.0,-380398000.0,0.0,-344798000.0,1014488000.0,1078717000.0,-600941000.0,0.0,-1363467000.0,-1363467000.0,-1363467000.0,0.0,-2386000.0,-3.142,153440000.0,-1243528000.0,109098000,0.0,-0.001,-0.004,-0.004,0,0.0,0.02,0.014,0.014,1765835000,-6440840000,433906000.0,433906000.0,0.0,-0.05,0.342,-0.028,-2.846,0.0,150201000.0,1.0,302436107,302469966,302582276.0,1.435,26947892000,0,275000.0,97379000,89.093,
2,ABKFQ,ART,2012-06-30,2012-08-09,2012-06-30,2020-09-30,417593000,26611791000,27181238000.0,,,0.01,-14.601,0.0,53788000,53788000,1482501000.0,-1598735000.0,,-6.876,16653159000,,,16653159000,3138275000,3093000.0,0,0.0,0.0,-1385828000.0,-1382735000.0,-5.268,-1382735000.0,-1385828000.0,-1521899000.0,-5.27,-5.27,-5.27,-4416439000,-3660333250.0,-4416439000,16605419722,-12.0,-12.009,-168577000.0,-0.557,1.0,-1220040000.0,-4.648,0,136071000.0,43211162000,43982111250.0,0,23438285000,,,30367170000,,,6048722,31633000.0,0.0,0.0,-348809000.0,0.0,-313209000.0,513419000.0,521008000.0,-168577000.0,0.0,-1596518000.0,-1596518000.0,-1596518000.0,0.0,-2217000.0,-6.083,172220000.0,-1392260000.0,103607000,0.0,-0.001,-0.004,-0.004,0,0.0,0.02,0.023,0.023,1941887000,-6598384000,262461000.0,262461000.0,0.0,-0.059,0.436,-0.032,-5.28,0.0,157194000.0,1.0,302436107,302469196,302469196.0,0.868,26611791000,0,74619000.0,96752000,87.982,
3,ABKFQ,ART,2012-03-31,2012-05-10,2012-03-31,2020-09-30,445797000,27372884000,27513397500.0,,,0.015,-11.826,0.0,44728000,44728000,937488000.0,-887803000.0,,-8.467,17125358000,,,17125358000,3291152000,3773000.0,0,0.0,0.0,-678598000.0,-674825000.0,-1.62,-674825000.0,-678598000.0,-812460000.0,-2.93,-2.93,-2.93,-3577117000,-3238276750.0,-3577117000,17089702946,-25.0,-25.325,-38908000.0,-0.129,1.0,-520871000.0,-1.25,0,133862000.0,44453514000,44562118750.0,0,24082905000,,,30286526000,,,9072945,32305000.0,0.0,0.0,-176292000.0,0.0,-140692000.0,211905000.0,208707000.0,-38908000.0,0.0,-887832000.0,-887832000.0,-887832000.0,0.0,29000.0,-2.131,159889000.0,-680760000.0,137499000,0.0,-0.003,-0.01,-0.01,0,0.0,0.03,0.022,0.022,2025721000,-5786940000,416617000.0,416617000.0,0.0,-0.032,0.274,-0.015,-1.629,-15567000.0,135463000.0,1.0,302431515,302466328,302580597.0,1.377,27372884000,0,75372000.0,97449000,90.499,
4,ABKFQ,ART,2011-12-31,2012-03-22,2011-12-31,2020-09-30,463259000,27113695000,27522752500.0,,,0.011,-12.607,0.0,20639000,20639000,1859455000.0,-1960371000.0,,-7.937,16742608000,,,16742608000,3457157000,3733000.0,0,0.0,0.0,-1754917000.0,-1751184000.0,-5.921,-1751184000.0,-1754917000.0,-1883009000.0,-6.48,-6.48,-6.48,-3812975000,-3031068000.0,-3812975000,16734066261,-10.0,-9.556,3557000.0,0.012,1.0,-1563691000.0,-5.287,0,128092000.0,43835664000,44460699750.0,0,23600046000,,,30263228000,,,12097261,6502000.0,0.0,0.0,-258241000.0,0.0,-225081000.0,228026000.0,224126000.0,3557000.0,0.0,-1960431000.0,-1960431000.0,-1960431000.0,0.0,60000.0,-6.628,191166000.0,-1754857000.0,117220000,0.0,-0.003,-0.006,-0.006,0,0.0,0.04,0.041,0.041,2066643000,-6039922000,295764000.0,295764000.0,0.0,-0.071,0.647,-0.039,-5.934,-15459000.0,141305000.0,1.0,302431515,302439299,302439299.0,0.978,27113695000,0,77422000.0,95709000,89.65,
5,ABKFQ,ART,2011-09-30,2011-11-09,2011-09-30,2020-09-30,478218000,27626582000,28006107000.0,,,0.02,-9.372,0.0,66629000,66629000,1273242000.0,-1078692000.0,,-10.515,17122315000,,,17122315000,3520801000,3883000.0,0,0.0,0.0,-933713000.0,-929830000.0,-1.637,-929830000.0,-933713000.0,-1000825000.0,-3.57,-3.57,-3.57,-2834802000,-2579958250.0,-2834802000,17067783152,-18.0,-18.356,276715000.0,0.915,1.0,-705099000.0,-1.241,254163000,67112000.0,44428105000,45261167500.0,0,23650347000,,,29807158000,,,12097152,-48357000.0,0.0,0.0,-324073000.0,0.0,-333513000.0,8441000.0,-526000.0,276715000.0,0.0,-1078813000.0,-1078813000.0,-1078813000.0,0.0,121000.0,-1.899,219233000.0,-924332000.0,128324000,0.0,-0.004,-0.011,-0.011,0,0.0,0.04,0.021,0.021,2139278000,-5076708000,568143000.0,568143000.0,0.0,-0.039,0.418,-0.021,-1.643,-14345000.0,142348000.0,1.0,302428811,302467255,302467255.0,1.878,27372419000,0,77988000.0,98532000,90.497,
6,ABKFQ,ART,2011-06-30,2011-08-09,2011-06-30,2020-09-30,509300000,27940429000,28931521250.0,,,0.031,-9.02,0.0,68198000,68198000,1498876000.0,-927164000.0,,-11.001,17977141000,,,17977141000,3408568000,4113000.0,0,0.0,0.0,-830907000.0,-826794000.0,-0.915,-826794000.0,-830907000.0,-924258000.0,-3.07,-3.07,-3.07,-2728213000,-2339285500.0,-2728213000,17933137305,-22.0,-21.69,473783000.0,1.566,1.0,-595294000.0,-0.659,318180000,93351000.0,45531192000,46757885000.0,0,24023521000,,,30014410000,,,24194305,-39298000.0,0.0,0.0,-400186000.0,0.0,-404536000.0,-108545000.0,-117731000.0,473783000.0,0.0,-927300000.0,-927300000.0,-927300000.0,0.0,136000.0,-1.026,224209000.0,-819503000.0,139736000,0.0,-0.009,-0.026,-0.026,0,0.0,0.08,0.027,0.027,1959143000,-5001201000,903582000.0,903582000.0,0.0,-0.032,0.396,-0.018,-0.92,-13107000.0,143208000.0,1.0,302428811,302467255,302467255.0,2.987,27622249000,0,3042000.0,23435000,91.323,
7,ABKFQ,ART,2011-03-31,2011-05-10,2011-03-31,2020-09-30,371235000,27410304000,29460360250.0,,,0.039,-9.09,0.0,12316000,12316000,1625804000.0,-882320000.0,,-10.736,16649850000,,,16649850000,3821726000,3679000.0,0,0.0,0.0,-779861000.0,-776182000.0,-0.683,-776182000.0,-779861000.0,-880049000.0,-2.93,-2.93,-2.93,-2748282000,-2176508500.0,-2748282000,16682898322,-21.0,-21.494,-2431296000.0,-8.041,1.0,-489247000.0,-0.43,0,100188000.0,44047838000,47457702000.0,0,23465966000,,,29504201000,,,45364322,-107182000.0,0.0,0.0,-458579000.0,0.0,-548593000.0,2872707000.0,2859483000.0,-2431296000.0,0.0,-882427000.0,-882427000.0,-882427000.0,0.0,107000.0,-0.776,276906000.0,-766153000.0,210609000,0.0,-0.017,-0.051,-0.051,0,0.0,0.15,0.04,0.04,2368369000,-4898771000,1136557000.0,1136557000.0,0.0,-0.03,0.405,-0.016,-0.686,3881000.0,190303000.0,1.0,302428811,302355243,302355243.0,3.759,27410304000,0,2378000.0,24884000,90.656,
8,ABKFQ,ART,2010-12-31,2011-03-16,2010-12-31,2020-09-30,291774000,29047113000,31561703500.0,,,0.014,-6.822,0.0,14095000,14095000,795309000.0,-753136000.0,,-15.136,18004517000,,,18004517000,4007886000,3645000.0,0,0.0,0.0,-650786000.0,-647141000.0,-1.491,-647141000.0,-650786000.0,-753064000.0,-2.56,-2.56,-2.56,-2008536000,-2022149250.0,-2008536000,18035786322,-28.0,-27.87,-2087013000.0,-7.088,1.0,-361174000.0,-0.832,0,102278000.0,47037535000,50560360750.0,0,25077715000,,,30401341000,,,45364322,-102582000.0,0.0,0.0,-398891000.0,0.0,-487277000.0,2471708000.0,2455817000.0,-2087013000.0,0.0,-753199000.0,-753199000.0,-753199000.0,0.0,63000.0,-1.735,272705000.0,-633879000.0,141450000,0.0,-0.023,-0.06,-0.059,0,0.0,0.15,0.104,0.102,2446101000,-4042335000,434135000.0,434135000.0,0.0,-0.024,0.372,-0.013,-1.499,5364000.0,198423000.0,1.0,302428811,294423698,294423698.0,1.475,29047113000,0,135000.0,22534000,98.658,
9,ABKFQ,ART,2010-09-30,2010-11-15,2010-09-30,2020-09-30,347738000,31328239000,29021517000.0,,,0.028,-6.195,0.0,71625000,71625000,978718000.0,-113493000.0,,-17.385,19158361000,,,19158361000,4442271000,3446000.0,0,0.0,0.0,-431362000.0,-427916000.0,-0.528,-427916000.0,-431362000.0,-585399000.0,-0.4,-0.4,-0.4,-1872111000,-2091961500.0,-1872111000,19144137323,-44.0,-44.738,-2679843000.0,-8.868,1.0,-168930000.0,-0.209,0,154037000.0,50414975000,44654307250.0,0,26245530000,,,32545819000,,,57401323,-78730000.0,0.0,0.0,-543885000.0,0.0,-625634000.0,3226747000.0,3213532000.0,-2679843000.0,0.0,-113493000.0,-113493000.0,-113493000.0,0.0,0.0,-0.14,242092000.0,-411022000.0,185211000,0.0,-0.031,-0.506,-0.475,0,0.0,0.19,0.071,0.071,2825389000,-3978701000,809788000.0,809788000.0,0.0,-0.004,0.054,-0.01,-0.533,5013000.0,192900000.0,1.0,302112225,302177506,302177506.0,2.68,31328239000,0,-471906000.0,22449000,103.675,
10,ABKFQ,ART,2010-06-30,2010-08-09,2010-06-30,2020-09-30,219939000,30055785000,25714221250.0,,,0.122,-7.161,0.0,58654000,58654000,1275193000.0,1998731000.0,,-15.155,18333329000,,,18333329000,4714527000,3247000.0,0,0.0,0.0,1619088000.0,1622335000.0,0.517,1622335000.0,1619088000.0,1492503000.0,6.93,6.93,6.93,-2077105000,-2331044750.0,-2077105000,18546572737,11.0,11.432,-3476277000.0,-11.985,1.0,1862950000.0,0.594,0,126585000.0,48330460000,37225845250.0,0,25138320000,,,31478464000,,,271897737,-1072431000.0,0.0,0.0,-1569399000.0,0.0,-1739807000.0,4143653000.0,4134623000.0,-3476277000.0,0.0,1998758000.0,1998758000.0,1998758000.0,0.0,-27000.0,0.637,221067000.0,1641883000.0,248891000,0.0,-0.131,0.136,0.13,0,0.0,0.9,0.087,0.083,2803834000,-4031055000,3138143000.0,3138143000.0,0.0,0.078,-0.857,0.043,0.516,8580000.0,179739000.0,1.0,302108597,290050931,290050931.0,10.819,30055785000,0,-506255000.0,22384000,103.622,
11,ABKFQ,ART,2010-03-31,2010-05-17,2010-03-31,2020-09-30,119660000,35815677000,23211566250.0,,,0.098,-7.392,0.0,215749000,215749000,2185144000.0,-312478000.0,,-17.501,20858545000,,,20858545000,4926807000,3019000.0,0,0.0,0.0,-124810000.0,-121791000.0,-0.053,-121791000.0,-124810000.0,-244749000.0,-1.11,-1.11,-1.11,-2130845000,-3156551500.0,-2130845000,21063831809,-169.0,-172.951,-1039996000.0,-3.608,1.0,97397000.0,0.043,0,119939000.0,56458473000,30782017500.0,0,30707240000,,,37292462000,,,421035809,8093000.0,1013260000.0,0.0,-1832346000.0,0.0,-1893477000.0,2941566000.0,2016881000.0,-1039996000.0,0.0,-312477000.0,-312477000.0,-312477000.0,0.0,-1000.0,-0.137,195432000.0,-98035000.0,623706000,0.0,-0.198,-1.347,-1.315,0,0.0,1.46,0.184,0.184,2983541000,-3972754000,2282541000.0,2282541000.0,0.0,-0.013,0.099,-0.004,-0.055,10509000.0,169669000.0,1.0,288380691,288244846,288244846.0,7.919,35815677000,0,67728000.0,22506000,124.254,
12,ABKFQ,ART,2009-12-31,2010-04-09,2009-12-31,2020-09-30,-24827000,18886367000,19303246250.0,,,0.203,-7.953,0.0,113230000,113230000,2838569000.0,-14616000.0,,-8.969,4640184000,,,4640184000,5687114000,2983000.0,0,0.0,0.0,844534000.0,847517000.0,0.217,847517000.0,844534000.0,724908000.0,-0.05,-0.05,-0.05,-2287785000,-3618368000.0,-2287785000,4844172196,6.0,5.716,-1850752000.0,-6.434,1.0,1072632000.0,0.274,0,119626000.0,23413321000,22142026750.0,0,12551444000,,,20520012000,,,317218196,5419000.0,1013260000.0,0.0,-2764714000.0,0.0,-2729287000.0,4585458000.0,3567605000.0,-1850752000.0,0.0,-14613000.0,-14613000.0,-14613000.0,0.0,-3000.0,-0.004,193970000.0,878662000.0,293917000,0.0,-0.139,-21.708,-22.0,0,0.0,1.1,0.081,0.081,3721264000,-3878015000,3911201000.0,3911201000.0,0.0,-0.001,0.004,0.038,0.216,14078000.0,175810000.0,1.0,288380178,287671222,287671222.0,13.596,18886367000,432688000,739521000.0,0,65.653,
13,ABKFQ,ART,2009-09-30,2009-11-09,2009-09-30,2020-09-30,6372000,18099056000,18895754000.0,,,0.166,-9.795,0.0,149554000,149554000,3370071000.0,-2913557000.0,,-7.168,2751625000,,,2751625000,6100656000,2969000.0,0,0.0,0.0,-504989000.0,-502020000.0,-0.16,-502020000.0,-504989000.0,-624394000.0,-10.67,-10.67,-10.67,-2828444000,-3991999000.0,-2828444000,2941426484,-6.0,-5.859,-1973777000.0,-6.835,1.0,-227707000.0,-0.072,0,119405000.0,20701127000,21043015750.0,0,11624367000,,,20273597000,,,339355484,57174000.0,1013260000.0,-18000.0,-4787003000.0,-2880000.0,-4565929000.0,6596880000.0,5460024000.0,-1973777000.0,0.0,-2913541000.0,-2913541000.0,-2913541000.0,0.0,-16000.0,-0.927,211753000.0,-439460000.0,352409000,0.0,-0.12,-0.116,-0.111,0,0.0,1.18,0.108,0.108,4070114000,-4448113000,3142364000.0,3142364000.0,0.0,-0.154,0.73,-0.024,-0.161,13286000.0,191902000.0,1.0,287589393,288770269,288770269.0,10.882,18099056000,0,2289147000.0,69423000,62.676,
14,ABKFQ,ART,2009-06-30,2009-08-10,2009-06-30,2020-09-30,-224665000,20045165000,19482533750.0,,,-0.096,-18.701,0.0,1130259000,1130259000,3519269000.0,-7533022000.0,,-4.579,3640243000,,,3640243000,6594046000,3009000.0,0,0.0,0.0,-5730819000.0,-5727810000.0,3.067,-5727810000.0,-5730819000.0,-5850276000.0,-26.7,-26.7,-26.7,-5379132000,-3506616000.0,-5379132000,2846429833,0.0,-0.497,-2265495000.0,-7.876,1.0,-5386849000.0,2.884,0,119457000.0,22555149000,21430147250.0,0,12061398000,,,24631609000,,,336445833,1024663000.0,1013260000.0,-423000.0,-5368894000.0,-5760000.0,-5076055000.0,8366213000.0,7197808000.0,-2265495000.0,0.0,-7533020000.0,-7533020000.0,-7533020000.0,0.0,-2000.0,4.034,234812000.0,-5621661000.0,584690000,0.0,-0.063,-0.045,-0.044,0,0.0,1.17,-0.18,-0.18,4462846000,-6630047000,-1867580000.0,-1867580000.0,0.0,-0.387,2.148,-0.267,3.069,16451000.0,210759000.0,1.0,287560541,287639234,287639234.0,-6.493,20045165000,296044000,1682744000.0,0,69.689,
15,ABKFQ,ART,2009-03-31,2009-05-18,2009-03-31,2020-09-30,-1092253000,20182397000,20190012750.0,,,-0.003,-13.834,0.0,107866000,107866000,1950077000.0,-4341105000.0,,-5.874,1823979000,,,1823979000,6929790000,3070000.0,0,0.0,0.0,-2428263000.0,-2425193000.0,39.546,-2425193000.0,-2428263000.0,-2547958000.0,-15.6,-15.66,-15.6,-3978111000,-1676965750.0,-3978111000,2124149253,-1.0,-0.876,-1947959000.0,-6.774,1.0,-2011403000.0,32.799,0,119695000.0,21898510000,21956925750.0,0,11804490000,,,23367864000,,,408036253,8637000.0,0.0,-1182000.0,-5330766000.0,-8636000.0,-5099785000.0,7056381000.0,6810557000.0,-1947959000.0,0.0,-4341092000.0,-4341092000.0,-4341092000.0,0.0,-13000.0,70.787,258110000.0,-2269513000.0,668608000,0.0,-0.103,-0.094,-0.091,0,0.0,1.42,-6.654,-6.659,4483547000,-4341164000,-61326000.0,-61326000.0,0.0,-0.215,2.589,-0.111,39.596,21346000.0,223851000.0,1.0,287349474,287565182,287565182.0,-0.213,20182397000,1337067000,1793134000.0,0,70.184,
16,ABKFQ,ART,2008-12-31,2009-03-16,2008-12-31,2020-09-30,-1670198000,17256398000,21374229000.0,,,-0.129,-15.045,0.0,107811000,107811000,2253818000.0,-5609248000.0,,-5.562,1868690000,,,1868690000,2382152000,3161000.0,0,0.0,0.0,-5504229000.0,-5501068000.0,1.998,-5501068000.0,-5504229000.0,-5618455000.0,-22.31,-22.31,-22.31,-3782309000,-361003500.0,-3782309000,1950527082,0.0,-0.355,-1423051000.0,-5.661,1.0,-5007304000.0,1.819,0,114226000.0,19017277000,23160102250.0,0,13278879000,,,21038707000,,,189648082,-16122000.0,0.0,1180942000.0,-5149589000.0,-15804000.0,-3842767000.0,5249696000.0,5125117000.0,-1423051000.0,0.0,-5609248000.0,-5609248000.0,-5609248000.0,0.0,0.0,2.037,261948000.0,-5269252000.0,25853000,0.0,-0.05,-0.034,-0.03,0,0.0,0.66,-0.069,-0.06,15483000,-3550768000,-2753486000.0,-2753486000.0,0.0,-0.262,15.538,-0.238,1.999,17414000.0,216196000.0,1.0,287345579,251391680,251391680.0,-10.953,17256398000,2320168000,-9207000.0,0,68.643,
17,ABKFQ,ART,2008-09-30,2008-11-10,2008-09-30,2020-09-30,-1116627000,20446175000,22951382250.0,,,-0.32,-3.084,0.0,92380000,92380000,1305344000.0,-6542355000.0,,-24.053,1895858000,,,1895858000,2547414000,3100000.0,0,0.0,0.0,-9422069000.0,-9418969000.0,1.283,-9418969000.0,-9422069000.0,-9528619000.0,-49.09,-49.15,-49.09,-886912000,1154547000.0,-886912000,2254443987,0.0,-0.239,-667517000.0,-2.321,1.0,-8644945000.0,1.178,0,106550000.0,22249653000,24708538750.0,0,15490483000,,,21333087000,,,450965987,65566000.0,0.0,1180954000.0,-3322355000.0,-34249000.0,-2290881000.0,3023964000.0,3016934000.0,-667517000.0,0.0,-6542355000.0,-6542355000.0,-6542355000.0,0.0,0.0,0.891,249157000.0,-8894102000.0,21428000,0.0,-0.508,-0.069,-0.032,0,0.0,1.57,-0.061,-0.062,165626000,-1205956000,-7339601000.0,-7339601000.0,0.0,-0.285,-5.667,-0.381,1.284,22462000.0,199084000.0,1.0,287239482,287599495,287599495.0,-25.52,20446175000,3659092000,-2986264000.0,0,71.093,
18,ABKFQ,ART,2008-06-30,2008-08-11,2008-06-30,2020-09-30,-727721000,22875081000,23335111250.0,,,-0.228,6.743,0.0,105596000,105596000,828521000.0,-4471746000.0,,10.795,1892778000,,,1892778000,2786546000,2954000.0,0,0.0,0.0,-6852793000.0,-6849839000.0,1.288,-6849839000.0,-6852793000.0,-6951605000.0,-44.17,-44.23,-44.17,1939469000,2788753000.0,1939469000,2986662494,0.0,-0.436,615927000.0,2.141,1.0,-6148673000.0,1.156,0,98812000.0,24662263000,25052180750.0,0,18885916000,,,20935612000,,,1199480494,69867000.0,0.0,1162535000.0,-968676000.0,-52691000.0,14425000.0,-560485000.0,-539923000.0,615927000.0,0.0,-4471746000.0,-4471746000.0,-4471746000.0,0.0,0.0,0.841,226201000.0,-6374874000.0,17677000,0.0,0.618,-0.268,-0.095,0,0.0,4.18,-0.225,-0.226,29171000,1268866000,-5320152000.0,-5320152000.0,0.0,-0.192,-1.603,-0.274,1.288,22714000.0,189621000.0,1.0,286957056,287633868,294857435.0,-18.496,22875081000,2819515000,-2479859000.0,0,79.528,
19,ABKFQ,ART,2008-03-31,2008-05-12,2008-03-31,2020-09-30,-554578000,24919262000,22881776250.0,,,-0.273,9.052,0.0,99229000,99229000,1285773000.0,-5121843000.0,,18.381,1891183000,,,1891183000,3059295000,2818000.0,0,0.0,0.0,-8136112000.0,-8133294000.0,1.304,-8133294000.0,-8136112000.0,-8226940000.0,-45.34,-45.36,-45.34,1285738000,3814343000.0,1285738000,3033944163,0.0,-0.373,783658000.0,5.517,1.0,-7525167000.0,1.206,0,90828000.0,26711216000,24559294250.0,0,20169681000,,,23633524000,,,1241990163,67740000.0,0.0,1163923000.0,226400000.0,-68197000.0,1313864000.0,-2029782000.0,-2009189000.0,783658000.0,0.0,-5121843000.0,-5121843000.0,-5121843000.0,0.0,0.0,0.821,190940000.0,-7716107000.0,108030000,0.0,0.966,-0.242,-0.096,0,0.0,4.33,-0.199,-0.099,20111000,449801000,-6239394000.0,-6239394000.0,0.0,-0.224,-1.343,-0.331,1.304,26681000.0,164770000.0,1.0,286833756,142032462,142032462.0,-43.929,24919262000,3560396000,-3105097000.0,174044000,175.448,
20,ABKFQ,ART,2007-12-31,2008-02-29,2007-12-31,2020-09-30,-22138000,23565011000,21679925750.0,,,-0.194,22.15,0.0,123933000,123933000,260731000.0,-3248157000.0,,9.336,1769945000,,,1769945000,3123860000,2695000.0,0,0.0,0.0,-5061176000.0,-5058481000.0,1.2,-5058481000.0,-5061176000.0,-5146916000.0,-31.56,-31.56,-31.56,2279893000,4990203250.0,2279893000,2778211663,-1.0,-0.549,945384000.0,9.185,1.0,-4475657000.0,1.062,0,85740000.0,25211023000,23280877000.0,0,20253880000,,,21285118000,,,1132199663,92065000.0,0.0,-422098000.0,1070709000.0,-79566000.0,564868000.0,-1418187000.0,-1424782000.0,945384000.0,0.0,-3248157000.0,-3248157000.0,-3248157000.0,0.0,0.0,0.771,165514000.0,-4641171000.0,33080000,0.0,0.497,-0.349,-0.353,0,0.0,11.14,-0.269,-0.272,11068000,2107773000,-4214926000.0,-4214926000.0,0.0,-0.15,-0.651,-0.217,1.201,37339000.0,139344000.0,1.0,101633722,102929122,102929122.0,-40.95,23565011000,2116380000,-1898759000.0,97826000,228.944,
21,ABKFQ,ART,2007-09-30,2007-11-09,2007-09-30,2020-09-30,71300000,21981091000,20855626250.0,,,0.047,55.23,0.0,26814000,26814000,68896000.0,228445000.0,,2.891,1669944000,,,1669944000,3128278000,2748000.0,0,0.0,0.0,391337000.0,394085000.0,0.398,394085000.0,391337000.0,310855000.0,2.1,2.05,2.1,5649912000,5966277250.0,5649912000,4299671094,11.0,10.911,1102184000.0,10.774,1.0,921459000.0,0.93,0,80482000.0,23624221000,22285058500.0,0,20916985000,,,16331179000,,,2656541094,-14692000.0,0.0,-469669000.0,1726480000.0,-77344000.0,1248813000.0,-2365689000.0,-2376591000.0,1102184000.0,0.0,228445000.0,228445000.0,228445000.0,0.0,0.0,0.231,170218000.0,751241000.0,55258000,0.0,0.47,11.629,12.457,0,0.0,26.16,2.682,2.702,97816000,5387639000,990355000.0,990355000.0,0.0,0.011,0.038,0.018,0.395,50582000.0,157829000.0,1.0,101549736,102297811,102297811.0,9.681,21981091000,21319000,82410000.0,32312000,214.874,
22,ABKFQ,ART,2007-06-30,2007-08-09,2007-06-30,2020-09-30,69341000,21061741000,20613026250.0,,,0.085,58.912,0.0,35729000,35729000,45106000.0,802581000.0,,2.486,1664705000,,,1664705000,3061673000,2781000.0,0,0.0,0.0,1180623000.0,1183404000.0,0.676,1183404000.0,1180623000.0,1102899000.0,7.63,7.56,7.63,6041829000,6055128500.0,6041829000,8684178706,7.0,7.338,824459000.0,8.039,1.0,1706540000.0,0.974,0,77724000.0,22690717000,22188706250.0,0,20074351000,,,15019912000,,,7055202706,3610000.0,0.0,-437814000.0,1230620000.0,-75096000.0,797006000.0,-1617855000.0,-1623655000.0,824459000.0,0.0,802581000.0,802581000.0,802581000.0,0.0,0.0,0.458,166013000.0,1540527000.0,188048000,0.0,1.168,8.791,9.109,0,0.0,69.5,4.028,4.069,48979000,5773888000,1751646000.0,1751646000.0,0.0,0.039,0.133,0.053,0.674,47826000.0,153624000.0,1.0,101513708,102557554,103442086.0,17.08,21061741000,0,300318000.0,232344000,205.365,
23,ABKFQ,ART,2007-03-31,2007-05-10,2007-03-31,2020-09-30,187605000,20111860000,20416033500.0,,,0.09,57.234,0.0,31489000,31489000,-51451000.0,868114000.0,,2.358,1517176000,,,1517176000,3045911000,2868000.0,0,0.0,0.0,1272920000.0,1275788000.0,0.693,1275788000.0,1272920000.0,1197812000.0,8.18,8.11,8.18,5989179000,5952226500.0,5989179000,11060808393,9.0,8.67,899875000.0,8.599,1.0,1891442000.0,1.028,0,75108000.0,21597547000,22122286000.0,0,19222909000,,,14122681000,,,9575121393,5668000.0,0.0,-436248000.0,746655000.0,-72580000.0,246833000.0,-1141040000.0,-1190396000.0,899875000.0,0.0,868114000.0,868114000.0,868114000.0,0.0,0.0,0.472,168085000.0,1723357000.0,65154000,0.0,1.599,11.03,11.484,0,0.0,93.94,5.204,5.343,1743000,5626344000,1839991000.0,1839991000.0,0.0,0.043,0.146,0.058,0.692,40680000.0,152393000.0,1.0,101928054,104643529,105600555.0,17.583,20111860000,0,329698000.0,380706000,192.194,
24,ABKFQ,ART,2006-12-31,2007-03-01,2006-12-31,2020-09-30,197576000,20267813000,20322164000.0,,,0.09,58.017,0.0,31868000,31868000,20004000.0,875911000.0,,2.277,991804000,,,991804000,3037544000,2865000.0,0,0.0,0.0,1285507000.0,1288372000.0,0.703,1288372000.0,1285507000.0,1210213000.0,8.22,8.15,8.22,6184189000,5823653500.0,6184189000,10048356982,8.0,7.799,903133000.0,8.473,1.0,1812100000.0,0.989,0,75294000.0,21227749000,22230667250.0,0,19351350000,,,14083624000,,,9088420982,4249000.0,0.0,-65690000.0,732304000.0,-69910000.0,613221000.0,-1512105000.0,-1568332000.0,903133000.0,0.0,875911000.0,875911000.0,875911000.0,0.0,0.0,0.478,166689000.0,1645411000.0,116057000,0.0,1.47,10.376,10.802,0,0.0,88.79,4.961,5.166,12857000,5454575000,1832104000.0,1832104000.0,0.0,0.043,0.15,0.058,0.702,37199000.0,154300000.0,1.0,102358610,106593409,107536339.0,17.188,20267813000,0,334302000.0,313403000,190.141,
25,ABKFQ,ART,2006-09-30,2006-11-08,2006-09-30,2020-09-30,199752000,21010691000,20186495750.0,,,0.091,56.269,0.0,42182000,42182000,176019000.0,877485000.0,,2.499,2270303000,,,2270303000,3030641000,3195000.0,0,0.0,0.0,1282324000.0,1285519000.0,0.697,1285519000.0,1282324000.0,1208657000.0,8.24,8.16,8.24,6005317000,5620658000.0,6005317000,11213204160,9.0,8.723,928219000.0,8.697,1.0,1668903000.0,0.905,0,73667000.0,23238812000,22406336750.0,0,20132931000,,,15005374000,,,8985083160,13714000.0,0.0,-1873000.0,1148699000.0,-66608000.0,1094006000.0,-2008511000.0,-1988483000.0,928219000.0,0.0,877485000.0,877485000.0,877485000.0,0.0,0.0,0.476,152607000.0,1516296000.0,23552000,0.0,1.496,10.24,10.278,0,0.0,84.69,4.87,4.899,1909000,5265443000,1844922000.0,1844922000.0,0.0,0.043,0.156,0.057,0.695,18937000.0,142211000.0,1.0,106093791,106725567,107737122.0,17.287,21010691000,0,331172000.0,290509000,196.867,
26,ABKFQ,ART,2006-06-30,2006-08-09,2006-06-30,2020-09-30,42323000,20273770000,19699398250.0,,,0.093,52.873,0.0,32795000,32795000,166312000.0,839079000.0,,2.601,2184061000,,,2184061000,3042128000,3738000.0,0,0.0,0.0,1206306000.0,1210044000.0,0.664,1210044000.0,1206306000.0,1138486000.0,7.87,7.79,7.87,5630221000,5417827500.0,5630221000,10927660481,9.0,9.031,1048240000.0,9.844,1.0,1656563000.0,0.909,0,67820000.0,22425036000,21820273750.0,0,19421005000,,,14643549000,,,8776394481,-3765000.0,0.0,-175653000.0,793569000.0,-63489000.0,599167000.0,-1651172000.0,-1645776000.0,1048240000.0,0.0,839079000.0,839079000.0,839079000.0,0.0,0.0,0.46,153683000.0,1502880000.0,182825000,0.0,1.559,10.46,10.529,0,0.0,82.86,4.815,4.84,2578000,5083048000,1822875000.0,1822875000.0,0.0,0.043,0.155,0.055,0.662,13471000.0,140375000.0,1.0,105918350,106485245,107450639.0,17.119,20273770000,0,299407000.0,220156000,190.39,
27,ABKFQ,ART,2006-03-31,2006-05-10,2006-03-31,2020-09-30,117205000,19736382000,19513436750.0,,,0.088,51.437,0.0,26497000,26497000,175005000.0,786607000.0,,2.605,2321187000,,,2321187000,2966959000,4314000.0,0,0.0,0.0,1134291000.0,1138605000.0,0.66,1138605000.0,1134291000.0,1072433000.0,7.34,7.26,7.34,5474887000,5333540750.0,5474887000,11102291181,10.0,9.751,1026543000.0,9.644,1.0,1549824000.0,0.899,0,61858000.0,22031072000,21556925000.0,0,18931981000,,,14261495000,,,8807601181,-15202000.0,0.0,-311073000.0,886065000.0,-61056000.0,529670000.0,-1571415000.0,-1526413000.0,1026543000.0,0.0,786607000.0,786607000.0,786607000.0,0.0,0.0,0.456,152093000.0,1397731000.0,185733000,0.0,1.609,11.197,11.35,0,0.0,83.31,5.106,5.141,23295000,4864748000,1724829000.0,1724829000.0,0.0,0.04,0.147,0.053,0.658,8405000.0,138657000.0,1.0,105720816,106438758,107430787.0,16.205,19736382000,0,285826000.0,289363000,185.425,
28,ABKFQ,ART,2005-12-31,2006-03-13,2005-12-31,2020-09-30,202312000,19725140000,19235785250.0,,,0.086,49.614,0.0,28295000,28295000,197306000.0,751010000.0,,2.672,2233582000,,,2233582000,2954718000,4287000.0,0,0.0,0.0,1078660000.0,1082947000.0,0.652,1082947000.0,1078660000.0,1022764000.0,6.94,6.87,6.94,5372207000,5243126000.0,5372207000,10512198626,10.0,9.707,1007498000.0,9.305,1.0,1464401000.0,0.881,0,55896000.0,21930427000,21167397750.0,0,18846471000,,,14352933000,,,8306911626,8338000.0,0.0,-277298000.0,788995000.0,-58805000.0,465032000.0,-1464192000.0,-1413507000.0,1007498000.0,0.0,751010000.0,751010000.0,751010000.0,0.0,0.0,0.452,146486000.0,1317915000.0,35387000,0.0,1.546,11.061,11.343,0,0.0,78.72,4.999,5.13,2161000,4692701000,1661707000.0,1661707000.0,0.0,0.039,0.143,0.051,0.649,0.0,132803000.0,1.0,105524792,108280281,109394985.0,15.346,19725140000,0,271754000.0,274713000,182.167,
29,ABKFQ,ART,2005-09-30,2005-11-09,2005-09-30,2020-09-30,235502000,19062301000,18950814750.0,,,0.084,48.365,0.0,28468000,28468000,188973000.0,735529000.0,,2.67,1860727000,,,1860727000,2875956000,3879000.0,0,0.0,0.0,1049180000.0,1053059000.0,0.659,1053059000.0,1049180000.0,995013000.0,6.74,6.65,6.74,5193995000,5156188500.0,5193995000,9587742370,9.0,9.105,955449000.0,8.897,1.0,1408157000.0,0.882,0,54167000.0,20894560000,20792668000.0,0,18236795000,,,13868306000,,,7755483370,2630000.0,0.0,-299907000.0,1338696000.0,-56599000.0,987970000.0,-1940789000.0,-1948470000.0,955449000.0,0.0,735529000.0,735529000.0,735529000.0,0.0,0.0,0.461,144359000.0,1263798000.0,162451000,0.0,1.493,10.544,10.939,0,0.0,73.73,4.856,4.958,1136000,4520475000,1597130000.0,1597130000.0,0.0,0.039,0.143,0.05,0.657,0.0,129951000.0,1.0,105187622,107392176,108484035.0,14.872,19062301000,0,259484000.0,267826000,177.502,
30,ABKFQ,ART,2005-06-30,2005-08-09,2005-06-30,2020-09-30,338521000,19529924000,18433343750.0,,,0.082,48.516,0.0,36560000,36560000,106663000.0,743871000.0,,2.69,1878277000,,,1878277000,2892168000,3350000.0,0,0.0,0.0,1067388000.0,1070738000.0,0.709,1070738000.0,1067388000.0,1013126000.0,6.78,6.69,6.78,5293074000,5059899250.0,5293074000,9236155672,9.0,8.626,890842000.0,8.165,1.0,1404338000.0,0.929,0,54262000.0,21371641000,20081953000.0,0,18663938000,,,14236850000,,,7394438672,3306000.0,3676000.0,-123400000.0,1307491000.0,-54205000.0,1095940000.0,-1983476000.0,-1962740000.0,890842000.0,0.0,743871000.0,743871000.0,743871000.0,959000.0,0.0,0.492,142239000.0,1262099000.0,162186000,0.0,1.397,9.94,10.196,0,0.0,69.13,4.894,4.991,49491000,4368225000,1511001000.0,1511001000.0,0.0,0.04,0.147,0.053,0.706,0.0,127394000.0,1.0,106964251,109098498,110327148.0,13.85,19529924000,0,269255000.0,307556000,179.012,
31,ABKFQ,ART,2005-03-31,2005-05-10,2005-03-31,2020-09-30,206212000,18625776000,17763739250.0,,,0.082,46.403,0.0,41699000,41699000,91391000.0,738483000.0,,2.643,1888886000,,,1888886000,2788930000,2760000.0,0,0.0,0.0,1050698000.0,1053458000.0,0.721,1053458000.0,1050698000.0,996488000.0,6.74,6.63,6.74,5113228000,4852684000.0,5113228000,9543408541,9.0,9.059,1017956000.0,9.238,1.0,1368757000.0,0.937,0,54210000.0,20472963000,19197380000.0,0,17723611000,,,13512548000,,,7696221541,21563000.0,3676000.0,11481000.0,685765000.0,-52696000.0,634864000.0,-1631257000.0,-1622191000.0,1017956000.0,0.0,738483000.0,738483000.0,738483000.0,1145000.0,0.0,0.506,139883000.0,1228874000.0,171253000,0.0,1.505,10.422,10.545,0,0.0,71.07,5.271,5.363,79898000,4203859000,1460148000.0,1460148000.0,0.0,0.042,0.152,0.055,0.72,0.0,125088000.0,1.0,108290721,110191422,111772811.0,13.251,18625776000,0,258005000.0,254771000,169.031,
32,ABKFQ,ART,2004-12-31,2005-03-15,2004-12-31,2020-09-30,296814000,18585258000,17471657250.0,,,0.081,45.842,0.0,19957000,19957000,74744000.0,724551000.0,,2.699,1866207000,,,1866207000,2778893000,2890000.0,0,0.0,0.0,1029815000.0,1032705000.0,0.734,1032705000.0,1029815000.0,975493000.0,6.61,6.53,6.61,5024457000,4706759000.0,5024457000,10430934681,10.0,10.101,949702000.0,8.665,1.0,1331964000.0,0.947,0,54322000.0,20431508000,18677237500.0,0,17825092000,,,13560801000,,,8584684681,-4582000.0,3676000.0,22281000.0,672540000.0,-50910000.0,655275000.0,-1609559000.0,-1606820000.0,949702000.0,0.0,724551000.0,724551000.0,724551000.0,1289000.0,0.0,0.515,131917000.0,1200047000.0,18254000,0.0,1.709,11.848,11.921,0,0.0,78.8,6.103,6.14,1319000,4032089000,1406708000.0,1406708000.0,0.0,0.041,0.154,0.055,0.732,0.0,117246000.0,1.0,108942699,109602601,110898854.0,12.835,18585258000,0,250942000.0,233779000,169.569,
33,ABKFQ,ART,2004-09-30,2004-11-09,2004-09-30,2020-09-30,285192000,16992417000,17012171250.0,,,0.081,43.808,0.0,25838000,25838000,71844000.0,694532000.0,,2.534,1085121000,,,1085121000,2731657000,3029000.0,0,0.0,0.0,997269000.0,1000298000.0,0.73,1000298000.0,997269000.0,943001000.0,6.42,6.28,6.42,4808838000,4514284250.0,4808838000,9686399795,10.0,9.684,910328000.0,8.293,1.0,1298750000.0,0.948,0,54268000.0,18051700000,18004395500.0,0,14968213000,,,12183579000,,,8627116795,-11253000.0,3676000.0,42899000.0,-339751000.0,-49075000.0,-284372000.0,-637209000.0,-653245000.0,910328000.0,0.0,694532000.0,694532000.0,694532000.0,10473000.0,0.0,0.507,119066000.0,1179684000.0,84215000,0.0,1.794,12.421,12.366,0,0.0,79.39,6.294,6.358,173973000,3860248000,1370594000.0,1370594000.0,0.0,0.041,0.154,0.055,0.728,0.0,115710000.0,1.0,108667550,109771249,111107367.0,12.486,16992417000,0,248469000.0,226399000,154.798,
34,ABKFQ,ART,2004-06-30,2004-08-09,2004-06-30,2020-09-30,120035000,16851506000,16850175750.0,,,0.08,41.178,0.0,33164000,33164000,69305000.0,670742000.0,,2.775,1015007000,,,1015007000,2727315000,3071000.0,0,0.0,0.0,968587000.0,971658000.0,0.724,971658000.0,968587000.0,914291000.0,6.25,6.08,6.25,4464213000,4334396500.0,4464213000,8508718479,9.0,8.757,1035811000.0,9.554,1.0,1273592000.0,0.948,0,54296000.0,17833349000,17802418750.0,0,14835440000,,,12387293000,,,7526875479,6184000.0,0.0,31814000.0,-321849000.0,-47262000.0,-257951000.0,-771676000.0,-807290000.0,1035811000.0,0.0,670742000.0,670742000.0,670742000.0,9514000.0,0.0,0.499,119395000.0,1154197000.0,288260000,0.0,1.686,11.222,11.104,0,0.0,69.4,5.605,5.603,152192000,3698656000,1342897000.0,1342897000.0,0.0,0.04,0.155,0.054,0.721,0.0,112608000.0,1.0,108456419,108412326,110924314.0,12.387,16851506000,0,243549000.0,149689000,155.439,
35,ABKFQ,ART,2004-03-31,2004-05-10,2004-03-31,2020-09-30,353500000,17457448000,16836624000.0,,,0.078,42.03,0.0,20046000,20046000,62004000.0,652603000.0,,2.854,954991000,,,954991000,2576080000,3123000.0,0,0.0,0.0,945305000.0,948428000.0,0.721,948428000.0,945305000.0,889933000.0,6.11,5.93,6.11,4529528000,4228718750.0,4529528000,8067820485,9.0,8.507,1045842000.0,9.704,1.0,1253852000.0,0.953,0,55372000.0,18392393000,17769695750.0,0,15148000000,,,12927920000,,,7132875485,-31010000.0,0.0,51172000.0,-558384000.0,-45967000.0,-483663000.0,-593189000.0,-617365000.0,1045842000.0,0.0,652603000.0,652603000.0,652603000.0,9328000.0,0.0,0.496,113641000.0,1140211000.0,175702000,0.0,1.575,10.93,10.769,0,0.0,65.8,5.421,5.389,17823000,3534042000,1315856000.0,1315856000.0,0.0,0.039,0.154,0.053,0.718,0.0,104001000.0,1.0,108402363,107769564,110397003.0,12.21,17457448000,0,237330000.0,282050000,161.989,
36,ABKFQ,ART,2003-12-31,2004-03-15,2003-12-31,2020-09-30,266919000,16747314000,16558497500.0,,,0.077,39.929,0.0,24449000,24449000,53400000.0,618915000.0,,2.936,1017275000,,,1017275000,2545490000,3165000.0,0,0.0,0.0,894606000.0,897771000.0,0.706,897771000.0,894606000.0,840405000.0,5.81,5.66,5.81,4254558000,4037214750.0,4254558000,8925720998,10.0,9.942,1003615000.0,9.419,1.0,1218808000.0,0.958,0,54201000.0,17740140000,17562599250.0,0,14668285000,,,12492756000,,,7932894998,-1367000.0,0.0,42296000.0,29185000.0,-44739000.0,69099000.0,-1074081000.0,-1074911000.0,1003615000.0,0.0,618915000.0,618915000.0,618915000.0,9184000.0,0.0,0.486,118700000.0,1100108000.0,18213000,0.0,1.865,12.817,12.632,0,0.0,73.39,6.236,6.147,4425000,3380098000,1272208000.0,1272208000.0,0.0,0.037,0.153,0.051,0.703,0.0,106597000.0,1.0,108092315,106553103,109409776.0,11.94,16747314000,0,221490000.0,214234000,157.173,
37,ABKFQ,ART,2003-09-30,2003-11-14,2003-09-30,2020-09-30,271493000,16344435000,16210553500.0,,,0.08,38.297,0.0,37001000,37001000,29385000.0,524353000.0,,2.997,936359000,,,936359000,2470122000,3224000.0,0,0.0,0.0,742024000.0,745248000.0,0.575,745248000.0,742024000.0,689815000.0,4.93,4.79,4.93,4089287000,3879870000.0,4089287000,8303355224,11.0,11.142,1119148000.0,10.481,1.0,1266298000.0,0.977,0,52209000.0,17243793000,17147232250.0,0,14533679000,,,12255148000,,,7403997224,4659000.0,0.0,38231000.0,833431000.0,-43576000.0,823068000.0,-1937557000.0,-1922503000.0,1119148000.0,0.0,524353000.0,524353000.0,524353000.0,0.0,0.0,0.405,143488000.0,1122810000.0,388573000,0.0,1.811,14.12,14.055,0,0.0,69.29,5.714,5.71,96925000,3235642000,1295683000.0,1295683000.0,0.0,0.032,0.135,0.043,0.573,0.0,107499000.0,1.0,106855206,106779009,109944141.0,12.134,16344435000,0,165462000.0,229742000,153.068,
38,ABKFQ,ART,2003-06-30,2003-08-14,2003-06-30,2020-09-30,378273000,16797299000,15796464500.0,,,0.075,37.974,0.0,26980000,26980000,24965000.0,496375000.0,,3.156,932138000,,,932138000,2371250000,3356000.0,0,0.0,0.0,700463000.0,703819000.0,0.591,703819000.0,700463000.0,651230000.0,4.67,4.55,4.67,4041502000,3762579250.0,4041502000,7981250721,11.0,11.34,1103393000.0,10.368,1.0,1166685000.0,0.979,0,49233000.0,17702457000,16768521250.0,0,14797004000,,,12755797000,,,7076092721,-10151000.0,0.0,11657000.0,846153000.0,-42418000.0,810236000.0,-1923780000.0,-1879366000.0,1103393000.0,0.0,496375000.0,496375000.0,496375000.0,0.0,0.0,0.417,131326000.0,1035359000.0,462659000,0.0,1.751,14.256,14.197,0,0.0,66.3,5.938,5.921,80934000,3088365000,1191650000.0,1191650000.0,0.0,0.031,0.132,0.042,0.588,0.0,100233000.0,1.0,106728397,106428045,109417451.0,11.197,16797299000,0,154855000.0,273892000,157.828,
39,ABKFQ,ART,2003-03-31,2003-05-15,2003-03-31,2020-09-30,272776000,16344942000,15064506250.0,,,0.071,35.488,0.0,51056000,51056000,25664000.0,453565000.0,,3.343,1270121000,,,1270121000,2163232000,3433000.0,0,0.0,0.0,635770000.0,639203000.0,0.598,639203000.0,635770000.0,590258000.0,4.27,4.16,4.27,3763512000,3592504000.0,3763512000,7624714016,12.0,11.928,875660000.0,8.257,1.0,1042976000.0,0.976,0,45512000.0,17564007000,16056358750.0,0,14526420000,,,12581430000,,,6405649016,-5740000.0,0.0,-88000.0,1861265000.0,-41341000.0,1810515000.0,-2691915000.0,-2646571000.0,875660000.0,0.0,453565000.0,453565000.0,453565000.0,0.0,0.0,0.424,122470000.0,920506000.0,151893000,0.0,1.702,14.123,14.117,0,0.0,60.28,5.994,5.982,37133000,2946246000,1068640000.0,1068640000.0,0.0,0.03,0.126,0.04,0.595,0.0,95596000.0,1.0,106264914,106050379,108737211.0,10.077,16344942000,0,136693000.0,250649000,154.124,
40,ABKFQ,ART,2002-12-31,2003-03-28,2002-12-31,2020-09-30,265427000,15355538000,14186704250.0,,,0.069,34.215,0.0,25816000,25816000,26700000.0,432594000.0,,3.236,748950000,,,748950000,2128847000,3466000.0,0,0.0,0.0,607914000.0,611380000.0,0.629,611380000.0,607914000.0,564190000.0,4.08,3.97,4.08,3625179000,3415177250.0,3625179000,6143274208,10.0,10.048,805488000.0,7.602,1.0,945118000.0,0.973,0,43724000.0,16078672000,15120446750.0,0,13643937000,,,11730359000,,,5420140208,-50764000.0,0.0,13865000.0,1684990000.0,-40251000.0,1650152000.0,-2506404000.0,-2468948000.0,805488000.0,0.0,432594000.0,432594000.0,432594000.0,0.0,0.0,0.445,105900000.0,839218000.0,95084000,0.0,1.495,12.529,12.525,0,0.0,51.1,5.577,5.571,7105000,2820281000,971818000.0,971818000.0,0.0,0.03,0.127,0.04,0.626,0.0,83718000.0,1.0,106069280,105951603,109066046.0,9.172,15355538000,0,131596000.0,230448000,144.93,
41,ABKFQ,ART,2002-09-30,2002-11-14,2002-09-30,2020-09-30,319793000,14688079000,13414743500.0,,,0.061,34.195,0.0,32342000,32342000,44603000.0,485150000.0,,3.057,1073212000,,,1073212000,1926789000,3457000.0,0,0.0,0.0,691648000.0,695105000.0,0.852,695105000.0,691648000.0,647288000.0,4.59,4.44,4.59,3620124000,3254804500.0,3620124000,6973515585,10.0,10.032,646335000.0,6.105,1.0,771129000.0,0.945,0,44360000.0,15728949000,14409636250.0,0,12536708000,,,11067955000,,,5932645585,-79085000.0,0.0,3826000.0,1309656000.0,-39152000.0,1258893000.0,-1984313000.0,-1979047000.0,646335000.0,0.0,485150000.0,485150000.0,485150000.0,0.0,0.0,0.595,79889000.0,691240000.0,252284000,0.0,1.639,12.228,12.196,0,0.0,55.98,7.273,7.265,531720000,2772509000,815732000.0,815732000.0,0.0,0.036,0.149,0.048,0.848,0.0,72949000.0,1.0,105977949,105865884,108959876.0,7.705,14688079000,0,162138000.0,307605000,138.742,
42,ABKFQ,ART,2002-06-30,2002-08-14,2002-06-30,2020-09-30,158746000,13869466000,12595349500.0,,,0.062,31.672,0.0,37131000,37131000,43246000.0,464467000.0,,3.126,1021472000,,,1021472000,1869659000,3442000.0,0,0.0,0.0,656770000.0,660212000.0,0.85,660212000.0,656770000.0,613814000.0,4.4,4.25,4.4,3361201000,3090759000.0,3361201000,7297115807,11.0,11.053,556721000.0,5.246,1.0,733423000.0,0.944,0,42956000.0,14853807000,13406326250.0,0,12571354000,,,10508265000,,,6312774807,1914000.0,0.0,12432000.0,1572122000.0,-38090000.0,1532229000.0,-2087036000.0,-2103395000.0,556721000.0,0.0,464467000.0,464467000.0,464467000.0,0.0,0.0,0.598,77061000.0,656362000.0,167858000,0.0,1.878,13.591,13.55,0,0.0,59.62,8.128,8.146,10712000,2652042000,776669000.0,776669000.0,0.0,0.037,0.15,0.049,0.846,0.0,71084000.0,1.0,105883509,106124220,109515722.0,7.318,13869466000,0,149347000.0,201964000,130.691,
43,ABKFQ,ART,2002-03-31,2002-05-13,2002-03-31,2020-09-30,14823000,12833734000,11830237000.0,,,0.064,28.859,0.0,56796000,56796000,42420000.0,452343000.0,,3.202,1043421000,,,1043421000,1806564000,3419000.0,0,0.0,0.0,636643000.0,640062000.0,0.849,640062000.0,636643000.0,595018000.0,4.29,4.15,4.29,3054205000,2947899750.0,3054205000,7992088807,13.0,12.486,663021000.0,6.265,1.0,711818000.0,0.944,0,41625000.0,13820359000,12492347750.0,0,11801623000,,,9779529000,,,7005463807,19328000.0,0.0,6076000.0,1361039000.0,-37001000.0,1321039000.0,-1964732000.0,-1973710000.0,663021000.0,0.0,452343000.0,452343000.0,452343000.0,0.0,0.0,0.6,75583000.0,636235000.0,279438000,0.0,2.294,15.487,15.408,0,0.0,66.1,9.288,9.275,12702000,2500605000,754238000.0,754238000.0,0.0,0.038,0.153,0.051,0.844,0.0,69907000.0,1.0,105982811,105831879,109153901.0,7.127,12833734000,0,142675000.0,149598000,121.265,
44,ABKFQ,ART,2001-12-31,2002-03-26,2001-12-31,2020-09-30,62476000,12267695000,11169203500.0,,,0.065,28.226,0.0,76580000,76580000,41815000.0,432906000.0,,3.112,1044315000,,,1044315000,1780272000,3479000.0,0,0.0,0.0,609169000.0,612648000.0,0.845,612648000.0,609169000.0,568727000.0,4.1,3.97,4.1,2983688000,2866409000.0,2983688000,6898640568,11.0,11.26,671831000.0,6.356,1.0,683105000.0,0.942,0,40442000.0,13235430000,11681310250.0,0,11200244000,,,9284007000,,,5930905568,31152000.0,0.0,-2589000.0,807759000.0,-35937000.0,760765000.0,-1401444000.0,-1414024000.0,671831000.0,0.0,432906000.0,432906000.0,432906000.0,0.0,0.0,0.597,73936000.0,609169000.0,73061000,0.0,1.988,13.7,13.659,0,0.0,56.0,8.181,8.166,15282000,2403473000,724920000.0,724920000.0,0.0,0.039,0.151,0.052,0.84,0.0,67989000.0,1.0,105909028,105705957,108948133.0,6.858,12267695000,0,135821000.0,221222000,116.055,
45,ABKFQ,ART,2001-09-30,2001-11-14,2001-09-30,2020-09-30,136651000,11410503000,10632354750.0,,,0.065,28.019,0.0,111427000,111427000,41612000.0,413146000.0,,2.85,416633000,,,416633000,1719890000,3536000.0,0,0.0,0.0,579740000.0,583276000.0,0.842,583276000.0,579740000.0,542078000.0,3.913,3.807,3.913,2963942000,2769515500.0,2963942000,5788706811,10.0,9.924,662690000.0,6.265,1.0,651109000.0,0.94,0,37662000.0,11715709000,10997186000.0,0,10216021000,,,8446561000,,,5483500811,96572000.0,0.0,2268000.0,-110314000.0,-34877000.0,-142923000.0,-423195000.0,-409819000.0,662690000.0,0.0,413146000.0,413146000.0,413146000.0,0.0,0.0,0.596,70961000.0,580148000.0,180482000,0.0,1.85,13.273,13.279,0,0.0,51.96,7.916,7.935,74818000,2303313000,692721000.0,692721000.0,0.0,0.039,0.149,0.053,0.837,0.0,65344000.0,1.0,105533118,105781745,109077058.0,6.549,11410503000,0,128932000.0,227389000,107.868,
46,ABKFQ,ART,2001-06-30,2001-08-10,2001-06-30,2020-09-30,44222000,10809016000,10308410000.0,,,0.065,26.364,0.0,35217000,35217000,41205000.0,393046000.0,,2.875,424094000,,,424094000,1681159000,3617000.0,0,0.0,0.0,554782000.0,558399000.0,0.84,558399000.0,554782000.0,517096000.0,3.73,3.633,3.73,2789764000,2621666000.0,2789764000,6524844742,12.0,11.685,633842000.0,5.99,1.0,623846000.0,0.938,0,37686000.0,11197893000,10699237000.0,0,9927109000,,,8019252000,,,6135967742,23246000.0,0.0,28298000.0,-321453000.0,-33749000.0,-326904000.0,-283692000.0,-273285000.0,633842000.0,0.0,393046000.0,393046000.0,393046000.0,0.0,0.0,0.591,68656000.0,555190000.0,192727000,0.0,2.199,15.611,15.539,0,0.0,57.96,9.226,9.222,67682000,2212762000,665051000.0,665051000.0,0.0,0.038,0.15,0.052,0.834,0.0,61950000.0,1.0,105865558,105816151,109051506.0,6.285,10809016000,0,124050000.0,144869000,102.149,
47,ABKFQ,ART,2001-03-31,2001-05-15,2001-03-31,2020-09-30,82453000,10189600000,10305714250.0,,,0.062,25.82,0.0,37468000,37468000,40308000.0,378049000.0,,2.735,424077000,,,424077000,1554199000,3659000.0,0,0.0,0.0,536701000.0,540360000.0,0.84,540360000.0,536701000.0,499120000.0,3.597,3.51,3.597,2728242000,2481738500.0,2728242000,6040879305,11.0,11.179,505355000.0,4.783,1.0,602720000.0,0.937,0,37581000.0,10576209000,10702336250.0,0,9329026000,,,7461358000,,,5654270305,-9092000.0,0.0,27160000.0,-1417895000.0,-32963000.0,-1423698000.0,909251000.0,915582000.0,505355000.0,0.0,378049000.0,378049000.0,378049000.0,0.0,0.0,0.588,65611000.0,537109000.0,84671000,0.0,2.072,14.956,14.86,0,0.0,53.45,8.793,8.783,28969000,2117877000,643028000.0,643028000.0,0.0,0.037,0.152,0.05,0.835,0.0,58400000.0,1.0,105786161,105663065,108844261.0,6.086,10189600000,0,121071000.0,180114000,96.435,
48,ABKFQ,ART,2000-12-31,2001-03-28,2000-12-31,2020-09-30,45154000,10120300000,10543966000.0,,,0.059,24.717,0.0,45428000,45428000,39805000.0,366172000.0,,2.898,424061000,,,424061000,1546290000,3614000.0,0,0.0,0.0,519601000.0,523215000.0,0.842,523215000.0,519601000.0,482124000.0,3.49,3.41,3.49,2596114000,2337358250.0,2596114000,6716698160,13.0,12.837,481328000.0,4.583,1.0,581505000.0,0.936,0,37477000.0,10498933000,10938298750.0,0,9274909000,,,7524186000,,,6338065160,31840000.0,0.0,14308000.0,-1208068000.0,-32213000.0,-1225973000.0,776485000.0,783038000.0,481328000.0,0.0,366172000.0,366172000.0,366172000.0,0.0,0.0,0.589,61904000.0,519601000.0,14827000,0.0,2.441,17.309,17.189,0,0.0,59.99,10.201,10.141,9680000,2035209000,621310000.0,621310000.0,0.0,0.035,0.157,0.048,0.836,0.0,55235000.0,1.0,105652028,105031473,107415430.0,5.915,10120300000,0,115952000.0,131663000,96.355,
49,ABKFQ,ART,2000-09-30,2000-11-13,2000-09-30,2020-09-30,-85869000,10114724000,10850165000.0,,,0.055,22.572,0.0,14855000,14855000,38214000.0,353138000.0,,3.263,424044000,,,424044000,1497541000,3510000.0,0,0.0,0.0,502299000.0,505809000.0,0.841,505809000.0,502299000.0,464943000.0,3.373,3.293,3.373,2372544000,2192942250.0,2372544000,5468119102,11.0,10.811,481626000.0,4.582,1.0,563095000.0,0.936,0,37356000.0,10523913000,11252441250.0,0,9293587000,,,7742180000,,,5058930102,3141000.0,0.0,11336000.0,-1036783000.0,-31469000.0,-1056916000.0,578431000.0,607331000.0,481626000.0,0.0,353138000.0,353138000.0,353138000.0,0.0,0.0,0.587,60796000.0,502299000.0,80313000,0.0,2.132,14.326,14.243,0,0.0,48.042,8.413,8.398,72279000,1948822000,601309000.0,601309000.0,0.0,0.033,0.161,0.045,0.835,0.0,53601000.0,1.0,105302961,105111708,107732178.0,5.721,10114724000,0,111805000.0,43423000,96.228,
50,ABKFQ,ART,2000-06-30,2000-08-11,2000-06-30,2020-09-30,-132416000,10798233000,11152899750.0,,,0.052,21.291,0.0,11971000,11971000,37672000.0,342032000.0,,3.842,424028000,,,424028000,1441946000,3320000.0,0,0.0,0.0,488093000.0,491413000.0,0.84,491413000.0,488093000.0,450986000.0,3.267,3.193,3.267,2230054000,2106605500.0,2230054000,5101427557,10.0,10.381,455756000.0,4.351,1.0,547167000.0,0.936,0,37107000.0,11210290000,11555945000.0,0,9263331000,,,8568179000,,,4689370557,3662000.0,0.0,-434000.0,-685256000.0,-30758000.0,-716448000.0,264354000.0,288766000.0,455756000.0,0.0,342032000.0,342032000.0,342032000.0,0.0,0.0,0.585,59074000.0,488093000.0,608095000,0.0,2.103,13.71,13.698,0,0.0,44.75,8.018,8.015,761888000,1871599000,584839000.0,584839000.0,0.0,0.031,0.162,0.042,0.835,0.0,52369000.0,1.0,104790404,104743016,106889822.0,5.584,10798233000,10590000,108954000.0,21239000,103.093,
51,ABKFQ,ART,2000-03-31,2000-05-12,2000-03-31,2020-09-30,-126192000,11142607000,11223791250.0,,,0.049,20.523,0.0,46560000,46560000,37075000.0,320361000.0,,4.181,424012000,,,424012000,1417729000,3166000.0,0,0.0,0.0,457622000.0,460788000.0,0.837,460788000.0,457622000.0,420801000.0,3.06,2.993,3.06,2150721000,2060209000.0,2150721000,3685551872,8.0,7.998,455536000.0,4.347,1.0,513745000.0,0.933,0,36821000.0,11520059000,11627735500.0,0,9856612000,,,8991886000,,,3308099872,37700000.0,0.0,1554000.0,71485000.0,-30067000.0,42972000.0,-460808000.0,-435962000.0,455536000.0,0.0,320361000.0,320361000.0,320361000.0,0.0,0.0,0.582,56123000.0,457622000.0,551566000,0.0,1.538,10.326,10.321,0,0.0,31.583,6.006,6.009,542452000,1789260000,550820000.0,550820000.0,0.0,0.029,0.155,0.039,0.831,0.0,50365000.0,1.0,104741960,104794053,106804643.0,5.256,11142607000,10402000,100440000.0,32627000,106.329,
52,ABKFQ,ART,1999-12-31,2000-03-30,1999-12-31,2020-09-30,-187540000,11345096000,11273613250.0,,,0.047,19.247,0.0,13588000,13588000,36824000.0,307917000.0,,4.621,423995000,,,423995000,1431076000,2969000.0,0,0.0,0.0,441183000.0,444152000.0,0.833,444152000.0,441183000.0,404658000.0,2.933,2.873,2.933,2018450000,2046563250.0,2018450000,3834401253,9.0,8.633,454400000.0,4.333,1.0,496493000.0,0.931,0,36525000.0,11755503000,11686966000.0,0,9751023000,,,9326646000,,,3423994253,5349000.0,0.0,-108000.0,210716000.0,-29366000.0,181242000.0,-630293000.0,-615702000.0,454400000.0,0.0,307917000.0,307917000.0,307917000.0,0.0,0.0,0.577,55310000.0,441183000.0,1093873000,0.0,1.696,11.12,11.152,0,0.0,32.708,6.42,6.432,778787000,1713446000,533317000.0,533317000.0,0.0,0.027,0.15,0.038,0.827,0.0,48804000.0,1.0,104682638,104869721,107049315.0,5.086,11345096000,57377000,96741000.0,24831000,108.183,
53,ABKFQ,ART,1999-09-30,1999-11-12,1999-09-30,2020-09-30,-98964000,11325663000,11240417000.0,,,0.045,19.331,0.0,11714000,11714000,40687000.0,286123000.0,,4.587,423979000,,,423979000,1365545000,2842000.0,0,0.0,0.0,408757000.0,411599000.0,0.818,411599000.0,408757000.0,372322000.0,2.733,2.687,2.733,2027197000,2065973250.0,2027197000,4432681268,11.0,10.769,380735000.0,3.631,1.0,462625000.0,0.919,0,36435000.0,11737928000,11655090500.0,0,9881759000,,,9298466000,,,4020416268,2092000.0,0.0,10488000.0,652952000.0,-28649000.0,634791000.0,-1013434000.0,-1012708000.0,380735000.0,0.0,286123000.0,286123000.0,286123000.0,0.0,0.0,0.568,53868000.0,408757000.0,724210000,0.0,1.983,14.051,14.026,0,0.0,38.333,7.988,7.987,781030000,1638325000,503312000.0,503312000.0,0.0,0.025,0.138,0.035,0.812,0.0,47433000.0,1.0,104880434,104867457,107005526.0,4.8,11325663000,4872000,86199000.0,26370000,108.0,
54,ABKFQ,ART,1999-06-30,1999-08-13,1999-06-30,2020-09-30,-18437000,11081799000,11181927750.0,,,0.043,19.505,0.0,8309000,8309000,41250000.0,271703000.0,,4.42,423962000,,,423962000,1339268000,3075000.0,0,0.0,0.0,388682000.0,391757000.0,0.81,391757000.0,388682000.0,352138000.0,2.6,2.553,2.6,2044468000,2080269750.0,2044468000,4421964670,11.0,11.288,376036000.0,3.588,1.0,442221000.0,0.915,0,36544000.0,11497452000,11597107750.0,0,9634870000,,,9037331000,,,4006311670,-20181000.0,0.0,-3885000.0,792934000.0,-27961000.0,761088000.0,-1157305000.0,-1134175000.0,376036000.0,0.0,271703000.0,271703000.0,271703000.0,0.0,0.0,0.562,53539000.0,388682000.0,635593000,0.0,1.96,14.745,14.696,0,0.0,38.208,8.287,8.284,817031000,1577902000,483471000.0,483471000.0,0.0,0.024,0.131,0.034,0.804,0.0,47301000.0,1.0,104854404,104816186,106963667.0,4.613,11081799000,0,80435000.0,57733000,105.726,
55,ABKFQ,ART,1999-03-31,1999-05-12,1999-03-31,2020-09-30,100395000,11341895000,10970263000.0,,,0.043,19.986,0.0,8860000,8860000,41997000.0,261530000.0,,4.411,423946000,,,423946000,1315320000,2754000.0,0,0.0,0.0,374898000.0,377652000.0,0.803,377652000.0,374898000.0,338666000.0,2.5,2.453,2.5,2096138000,2066636250.0,2096138000,4587054534,12.0,12.146,354251000.0,3.378,1.0,428227000.0,0.911,0,36232000.0,11756981000,11380381500.0,0,9822042000,,,9245757000,,,4171968534,-1710000.0,0.0,-13882000.0,1282248000.0,-27268000.0,1241098000.0,-1597059000.0,-1557675000.0,354251000.0,0.0,261530000.0,261530000.0,261530000.0,0.0,0.0,0.556,53329000.0,374898000.0,1067779000,0.0,1.99,15.952,15.933,0,0.0,39.833,8.872,8.884,906660000,1515336000,470224000.0,470224000.0,0.0,0.024,0.127,0.033,0.797,0.0,46619000.0,1.0,104735621,104878763,107003409.0,4.484,11341895000,0,77136000.0,140853000,108.143,
56,ABKFQ,ART,1998-12-31,1999-03-30,1998-12-31,2020-09-30,159313000,11212311000,10413093000.0,,,0.044,19.98,0.0,8239000,8239000,41540000.0,253994000.0,,4.349,423929000,,,423929000,1294214000,2460000.0,0,0.0,0.0,361673000.0,364133000.0,0.797,364133000.0,361673000.0,328912000.0,2.42,2.373,2.42,2096090000,2021152750.0,2096090000,4198810397,12.0,11.531,337657000.0,3.219,1.0,415496000.0,0.909,0,32761000.0,11628001000,10772767500.0,0,9674602000,,,9116221000,,,3783120397,-1017000.0,0.0,-6772000.0,1756356000.0,-26571000.0,1723013000.0,-2061687000.0,-2012209000.0,337657000.0,0.0,253994000.0,253994000.0,253994000.0,0.0,0.0,0.556,53823000.0,361673000.0,1083175000,0.0,1.805,14.895,14.893,0,0.0,36.042,8.278,8.273,843013000,1449832000,457036000.0,457036000.0,0.0,0.024,0.126,0.034,0.791,0.0,46720000.0,1.0,104965181,104909565,106995080.0,4.356,11212311000,0,74918000.0,152731000,106.876,
57,ABKFQ,ART,1998-09-30,1998-11-13,1998-09-30,2020-09-30,205963000,11091706000,9672445750.0,,,,19.902,,9622000,9622000,,,,4.321,423913000,,,423913000,1251619000,,0,0.0,0.0,,,,,,,,,,2084383000,1965250750.0,2084383000,4426540120,,,,,1.0,,,0,,11505997000,9981849750.0,0,9275126000,,,9007323000,,,4012249120,,,,,,,,,,,,,,,,,,,1020852000,,1.925,,,0,,38.375,,,1156486000,1410184000,,,,,,,,,,1.0,104553723,104734548,,,11091706000,0,,178499000,105.903,
58,ABKFQ,ART,1998-06-30,1998-08-14,1998-06-30,2020-09-30,153516000,10235140000,,,,,18.948,,28490000,28490000,,,,4.143,423897000,,,423897000,1220701000,,0,0.0,0.0,,,,,,,,,,1989934000,,1989934000,4214184377,,,,,1.0,,,0,,10630547000,,0,8865609000,,,8245206000,,,3818777377,,,,,,,,,,,,,,,,,,,1000907000,,1.919,,,0,,36.375,,,752199000,1355957000,,,,,,,,,,1.0,104983571,105022766,,,10235140000,0,,142741000,97.456,
59,ABKFQ,ART,1998-03-31,1998-05-15,1998-03-31,2020-09-30,129571000,9113215000,,,,,18.22,,10570000,10570000,,,,3.761,223880000,,,223880000,1194701000,,0,0.0,0.0,,,,,,,,,,1914204000,,1914204000,4098466610,,,,,1.0,,,0,,9326525000,,0,8293359000,,,7199011000,,,3885156610,,,,,,,,,,,,,,,,,,,450975000,,2.03,,,0,,36.958,,,281055000,1306180000,,,,,,,,,,1.0,105122624,105059693,,,9113215000,0,,148104000,86.743,
60,ABKFQ,ART,1997-12-31,1998-03-31,1997-12-31,2020-09-30,135223000,8249722000,,,,,17.836,0.0,9256000,9256000,30847000.0,223030000.0,,3.406,223864000,,,223864000,1178990000,1925000.0,0,0.0,0.0,307342000.0,309267000.0,0.81,309267000.0,307342000.0,285996000.0,2.127,2.087,2.127,1872482000,,1872482000,4311708167,14.0,13.942,324517000.0,3.091,1.0,350915000.0,0.919,0,21346000.0,8464330000,,0,7503780000,,,6377240000,,,4097100167,1522000.0,-120006000.0,-11228000.0,1599673000.0,-24165000.0,1564280000.0,-1887275000.0,-1753148000.0,324517000.0,0.0,223030000.0,223030000.0,223030000.0,0.0,0.0,0.584,43573000.0,307342000.0,359816000,0.0,2.188,18.37,18.316,0,0.0,38.958,10.732,10.713,293506000,1262740000,381762000.0,381762000.0,0.0,,,,0.805,0.0,40672000.0,1.0,105166217,104982746,106841021.0,3.636,8249722000,0,62966000.0,144244000,78.582,
