None,ticker,dimension,calendardate,datekey,reportperiod,lastupdated,accoci,assets,assetsavg,assetsc,assetsnc,assetturnover,bvps,capex,cashneq,cashnequsd,cor,consolinc,currentratio,de,debt,debtc,debtnc,debtusd,deferredrev,depamor,deposits,divyield,dps,ebit,ebitda,ebitdamargin,ebitdausd,ebitusd,ebt,eps,epsdil,epsusd,equity,equityavg,equityusd,ev,evebit,evebitda,fcf,fcfps,fxusd,gp,grossmargin,intangibles,intexp,invcap,invcapavg,inventory,investments,investmentsc,investmentsnc,liabilities,liabilitiesc,liabilitiesnc,marketcap,ncf,ncfbus,ncfcommon,ncfdebt,ncfdiv,ncff,ncfi,ncfinv,ncfo,ncfx,netinc,netinccmn,netinccmnusd,netincdis,netincnci,netmargin,opex,opinc,payables,payoutratio,pb,pe,pe1,ppnenet,prefdivis,price,ps,ps1,receivables,retearn,revenue,revenueusd,rnd,roa,roe,roic,ros,sbcomp,sgna,sharefactor,sharesbas,shareswa,shareswadil,sps,tangibles,taxassets,taxexp,taxliabilities,tbvps,workingcapital
0,ABKFQ,MRY,2012-12-31,2012-12-31,2012-12-31,2020-09-30,625385000.0,27007164000.0,26984932750.0,,,0.025,-12.919,0.0,46127000.0,46127000.0,683630000.0,-259354000.0,,-7.743,17647173000.0,,,17647173000.0,2778401000.0,3066000.0,0.0,0.0,0.0,-141509000.0,-138443000.0,-0.202,-138443000.0,-141509000.0,-253829000.0,-0.85,-0.85,-0.85,-3907527000.0,-4012400500.0,-3907527000.0,17273147361.0,-122.0,-124.767,-613898000.0,-2.03,1.0,2059000.0,0.003,0.0,112320000.0,44608210000.0,44122725250.0,0.0,24217145000.0,,,30254131000.0,,,3024361.0,27838000.0,0.0,0.0,-396244000.0,0.0,-396244000.0,1037980000.0,1078241000.0,-613898000.0,0.0,-256678000.0,-256678000.0,-256678000.0,0.0,-2676000.0,-0.374,146244000.0,-144185000.0,94552000.0,0.0,-0.001,-0.012,-0.012,0.0,0.0,0.01,0.004,0.004,1621382000.0,-6297264000.0,685689000.0,685689000.0,0.0,-0.01,0.064,-0.003,-0.206,0.0,139029000.0,1.0,302436107.0,302468867,302468867.0,2.267,27007164000.0,0.0,2849000.0,98364000.0,89.289,
1,ABKFQ,MRY,2011-12-31,2011-12-31,2011-12-31,2020-09-30,463259000.0,27113695000.0,27522752500.0,,,0.011,-12.607,0.0,20639000.0,20639000.0,1859455000.0,-1960371000.0,,-7.937,16742608000.0,,,16742608000.0,3457157000.0,3733000.0,0.0,0.0,0.0,-1754917000.0,-1751184000.0,-5.921,-1751184000.0,-1754917000.0,-1883009000.0,-6.48,-6.48,-6.48,-3812975000.0,-3031068000.0,-3812975000.0,17061734576.0,-10.0,-9.743,3557000.0,0.012,1.0,-1563691000.0,-5.287,0.0,128092000.0,43835664000.0,44460699750.0,0.0,23600046000.0,,,30263228000.0,,,6048576.0,6502000.0,0.0,0.0,-258241000.0,0.0,-225081000.0,228026000.0,224126000.0,3557000.0,0.0,-1960431000.0,-1960431000.0,-1960431000.0,0.0,60000.0,-6.628,191166000.0,-1754857000.0,117220000.0,0.0,-0.002,-0.003,-0.003,0.0,0.0,0.02,0.02,0.02,2066643000.0,-6039922000.0,295764000.0,295764000.0,0.0,-0.071,0.647,-0.039,-5.934,-15459000.0,141305000.0,1.0,302428811.0,302439299,302439299.0,0.978,27113695000.0,0.0,77422000.0,95709000.0,89.65,
2,ABKFQ,MRY,2010-12-31,2010-12-31,2010-12-31,2020-09-30,291774000.0,29047113000.0,31561703500.0,,,0.014,-6.822,0.0,14095000.0,14095000.0,719362000.0,-753136000.0,,-15.136,18772499000.0,,,18772499000.0,4007886000.0,3645000.0,0.0,0.0,0.0,-571735000.0,-568090000.0,-1.309,-568090000.0,-571735000.0,-753064000.0,-2.56,-2.56,-2.56,-2008536000.0,-2022149250.0,-2008536000.0,19119968345.0,-33.0,-33.657,-2087013000.0,-7.088,1.0,-285227000.0,-0.657,0.0,181329000.0,47805517000.0,50752356250.0,0.0,25077715000.0,,,30401341000.0,,,33232345.0,-102582000.0,0.0,0.0,-398891000.0,0.0,-487277000.0,2471708000.0,2455817000.0,-2087013000.0,0.0,-753199000.0,-753199000.0,-753199000.0,0.0,63000.0,-1.735,286445000.0,-571672000.0,141450000.0,0.0,-0.017,-0.044,-0.043,0.0,0.0,0.11,0.077,0.075,2446101000.0,-4042335000.0,434135000.0,434135000.0,0.0,-0.024,0.372,-0.011,-1.317,5364000.0,254465000.0,1.0,302112225.0,294423698,294423698.0,1.475,29047113000.0,0.0,135000.0,22534000.0,98.658,
3,ABKFQ,MRY,2009-12-31,2009-12-31,2009-12-31,2020-09-30,-24827000.0,18886367000.0,19303246250.0,,,0.202,-7.953,0.0,113230000.0,113230000.0,2827901000.0,-14616000.0,,-8.969,4640184000.0,,,4640184000.0,5687114000.0,2983000.0,0.0,0.0,0.0,844534000.0,847517000.0,0.217,847517000.0,844534000.0,724908000.0,-0.05,-0.05,-0.05,-2287785000.0,-3618368000.0,-2287785000.0,2840770196.0,3.0,3.352,-1877263000.0,-6.526,1.0,1072540000.0,0.275,0.0,119626000.0,23413321000.0,22142026750.0,0.0,12551444000.0,,,20520012000.0,,,238699196.0,5317000.0,0.0,0.0,-1766581000.0,0.0,-1731154000.0,3613734000.0,3609141000.0,-1877263000.0,0.0,-14613000.0,-14613000.0,-14613000.0,0.0,-3000.0,-0.004,193878000.0,878662000.0,293917000.0,0.0,-0.104,-16.335,-16.6,0.0,0.0,0.83,0.061,0.061,3721264000.0,-3878015000.0,3900441000.0,3900441000.0,0.0,-0.001,0.004,0.038,0.217,14078000.0,175718000.0,1.0,287589393.0,287647272,287647272.0,13.56,18886367000.0,432688000.0,739521000.0,0.0,65.658,
4,ABKFQ,MRY,2008-12-31,2008-12-31,2008-12-31,2020-09-30,-1670198000.0,17259673000.0,21375047750.0,,,-0.129,-15.045,0.0,107811000.0,107811000.0,2240330000.0,-5609136000.0,,-5.38,1868690000.0,,,1868690000.0,2382152000.0,3161000.0,0.0,0.0,0.0,-5504229000.0,-5501068000.0,1.988,-5501068000.0,-5504229000.0,-5618455000.0,-22.31,-22.31,-22.31,-3782309000.0,-361003500.0,-3782309000.0,2176889327.0,0.0,-0.396,-845683000.0,-3.364,1.0,-5007615000.0,1.81,0.0,114226000.0,19020552000.0,23160921000.0,0.0,13278879000.0,,,20348795000.0,,,373411327.0,-15817000.0,0.0,1180942000.0,-5149589000.0,-15804000.0,-3842767000.0,4672633000.0,4548054000.0,-845683000.0,0.0,-5609248000.0,-5609248000.0,-5609248000.0,0.0,112000.0,2.027,261525000.0,-5269140000.0,25853000.0,0.0,-0.099,-0.067,-0.058,0.0,0.0,1.3,-0.135,-0.118,44378000.0,-3550768000.0,-2767285000.0,-2767285000.0,0.0,-0.262,15.538,-0.238,1.989,17414000.0,215773000.0,1.0,287239482.0,251391680,251391680.0,-11.008,17259673000.0,2320168000.0,-9207000.0,0.0,68.657,
5,ABKFQ,MRY,2007-12-31,2007-12-31,2007-12-31,2020-09-30,-22138000.0,23721736000.0,21719107000.0,,,-0.194,22.15,0.0,123933000.0,123933000.0,272960000.0,-3255990000.0,,9.405,1769945000.0,,,1769945000.0,3123860000.0,2695000.0,0.0,0.0,0.0,-5061176000.0,-5058481000.0,1.2,-5058481000.0,-5061176000.0,-5146916000.0,-31.56,-31.56,-31.56,2279893000.0,4990203250.0,2279893000.0,4260066697.0,-1.0,-0.842,943403000.0,9.166,1.0,-4487886000.0,1.065,0.0,85740000.0,25367748000.0,23320058250.0,0.0,20410605000.0,,,21441843000.0,,,2616936697.0,92065000.0,0.0,-422098000.0,1070709000.0,-79566000.0,564868000.0,-1416206000.0,-1422801000.0,943403000.0,0.0,-3248157000.0,-3248157000.0,-3248157000.0,0.0,-7833000.0,0.771,161118000.0,-4649004000.0,33080000.0,0.0,1.148,-0.806,-0.817,0.0,0.0,25.77,-0.621,-0.629,11068000.0,2107773000.0,-4214926000.0,-4214926000.0,0.0,-0.15,-0.651,-0.217,1.201,37339000.0,147177000.0,1.0,101549736.0,102929122,102929122.0,-40.95,23721736000.0,2116380000.0,-1898759000.0,97826000.0,230.467,
6,ABKFQ,MRY,2006-12-31,2006-12-31,2006-12-31,2020-09-30,187518000.0,20267813000.0,20322164000.0,,,0.09,58.067,0.0,31868000.0,31868000.0,32393000.0,875911000.0,,2.274,991804000.0,,,991804000.0,3037544000.0,2865000.0,0.0,0.0,0.0,1285507000.0,1288372000.0,0.703,1288372000.0,1285507000.0,1210213000.0,8.22,8.15,8.22,6189605000.0,5825007500.0,6189605000.0,11677894964.0,9.0,9.064,944583000.0,8.862,1.0,1799711000.0,0.982,0.0,75294000.0,21227749000.0,22230667250.0,0.0,19351350000.0,,,14078208000.0,,,9449773964.0,4249000.0,0.0,-65690000.0,696441000.0,-69910000.0,577358000.0,-1517692000.0,-1573919000.0,944583000.0,0.0,875911000.0,875911000.0,875911000.0,0.0,0.0,0.478,154300000.0,1645411000.0,116057000.0,0.0,1.527,10.789,10.836,0.0,0.0,89.07,5.158,5.182,12857000.0,5470049000.0,1832104000.0,1832104000.0,0.0,0.043,0.15,0.058,0.702,37199000.0,133740000.0,1.0,106093791.0,106593409,107536339.0,17.188,20267813000.0,0.0,334302000.0,307987000.0,190.141,
7,ABKFQ,MRY,2005-12-31,2005-12-31,2005-12-31,2020-09-30,202312000.0,18545858000.0,18940964750.0,,,0.085,49.711,0.0,27619000.0,27619000.0,149856000.0,751010000.0,,2.445,1191735000.0,,,1191735000.0,2940988000.0,4287000.0,0.0,0.0,0.0,1078660000.0,1082947000.0,0.671,1082947000.0,1078660000.0,1022764000.0,6.94,6.87,6.94,5382762000.0,5245764750.0,5382762000.0,9938017151.0,9.0,9.177,1039039000.0,9.596,1.0,1464293000.0,0.907,0.0,55896000.0,19709974000.0,20612284500.0,0.0,17676691000.0,,,13163096000.0,,,8105758151.0,8352000.0,0.0,-277298000.0,717620000.0,-58805000.0,393657000.0,-1424344000.0,-1372046000.0,1039039000.0,0.0,751010000.0,751010000.0,751010000.0,0.0,0.0,0.465,146378000.0,1317915000.0,35387000.0,0.0,1.506,10.793,11.104,0.0,0.0,77.06,5.022,5.169,2161000.0,4703256000.0,1614149000.0,1614149000.0,0.0,0.04,0.143,0.052,0.668,17987000.0,117701000.0,1.0,105187622.0,108280281,109394985.0,14.907,18545858000.0,0.0,271754000.0,280397000.0,171.276,
8,ABKFQ,MRY,2004-12-31,2004-12-31,2004-12-31,2020-09-30,296814000.0,18749606000.0,17512744250.0,,,0.08,45.842,0.0,19957000.0,19957000.0,69600000.0,724551000.0,,2.732,1866207000.0,,,1866207000.0,2778893000.0,2890000.0,0.0,0.0,0.0,1029815000.0,1032705000.0,0.737,1032705000.0,1029815000.0,975493000.0,6.61,6.53,6.61,5024457000.0,4706759000.0,5024457000.0,9984148882.0,10.0,9.668,950065000.0,8.668,1.0,1331964000.0,0.95,0.0,54322000.0,20595856000.0,18718324500.0,0.0,17989440000.0,,,13725149000.0,,,8924865882.0,-5182000.0,3676000.0,22281000.0,-212677000.0,-50910000.0,-229942000.0,-725305000.0,-722566000.0,950065000.0,0.0,724551000.0,724551000.0,724551000.0,1289000.0,0.0,0.517,131917000.0,1200047000.0,18254000.0,0.0,1.776,12.318,12.425,0.0,0.0,82.13,6.368,6.423,1319000.0,4032089000.0,1401564000.0,1401564000.0,0.0,0.041,0.154,0.055,0.735,19354000.0,117246000.0,1.0,108667550.0,109602601,110898854.0,12.788,18749606000.0,0.0,250942000.0,233779000.0,171.069,
9,ABKFQ,MRY,2003-12-31,2003-12-31,2003-12-31,2020-09-30,266919000.0,16747314000.0,16558497500.0,,,0.077,39.929,0.0,24539000.0,24539000.0,53400000.0,618915000.0,,2.936,1206426000.0,,,1206426000.0,2545490000.0,3165000.0,0.0,0.0,0.0,894606000.0,897771000.0,0.706,897771000.0,894606000.0,840405000.0,5.81,5.66,5.81,4254558000.0,4037214750.0,4254558000.0,8314040744.0,9.0,9.261,1005729000.0,9.439,1.0,1218808000.0,0.958,0.0,54201000.0,17929201000.0,17609864500.0,0.0,16003844000.0,,,12492756000.0,,,7414682744.0,-1277000.0,0.0,42296000.0,29185000.0,-44739000.0,69099000.0,-1076105000.0,-1074911000.0,1005729000.0,0.0,618915000.0,618915000.0,618915000.0,9184000.0,0.0,0.486,118700000.0,1100108000.0,18213000.0,0.0,1.743,11.98,11.943,0.0,0.0,69.39,5.828,5.812,4425000.0,3380098000.0,1272208000.0,1272208000.0,0.0,0.037,0.153,0.051,0.703,0.0,106597000.0,1.0,106855206.0,106553103,109409776.0,11.94,16747314000.0,0.0,221490000.0,214234000.0,157.173,
10,ABKFQ,MRY,2002-12-31,2002-12-31,2002-12-31,2020-09-30,265427000.0,15355538000.0,14186704250.0,,,0.068,34.215,0.0,25816000.0,25816000.0,26700000.0,432594000.0,,3.236,748950000.0,,,748950000.0,2128847000.0,3466000.0,0.0,0.0,0.0,607721000.0,611187000.0,0.638,611187000.0,607721000.0,563997000.0,4.08,3.97,4.08,3625179000.0,3415177250.0,3625179000.0,7001069852.0,12.0,11.455,776772000.0,7.331,1.0,931944000.0,0.972,0.0,43724000.0,16078672000.0,15120446750.0,0.0,13643937000.0,,,11730359000.0,,,5960199852.0,-50764000.0,0.0,13865000.0,1392353000.0,-40251000.0,1357515000.0,-2185051000.0,-2176311000.0,776772000.0,0.0,432594000.0,432594000.0,432594000.0,-666000.0,0.0,0.451,93585000.0,838359000.0,95084000.0,0.0,1.644,13.778,13.784,0.0,0.0,56.24,6.217,6.216,6936000.0,2820281000.0,958644000.0,958644000.0,0.0,0.03,0.127,0.04,0.634,0.0,83718000.0,1.0,105977949.0,105951603,109066046.0,9.048,15355538000.0,0.0,131403000.0,230448000.0,144.93,
11,ABKFQ,MRY,2001-12-31,2001-12-31,2001-12-31,2020-09-30,62476000.0,12339543000.0,11187165500.0,,,0.085,28.226,0.0,76580000.0,76580000.0,20000000.0,432906000.0,,3.136,1044315000.0,,,1044315000.0,1780272000.0,3479000.0,0.0,0.0,0.0,608391000.0,611870000.0,0.646,611870000.0,608391000.0,567949000.0,4.1,3.97,4.1,2983688000.0,2866409000.0,2983688000.0,6411352207.0,11.0,10.478,671831000.0,6.356,1.0,926787000.0,0.979,0.0,40442000.0,13307278000.0,11699272250.0,0.0,11200244000.0,,,9355855000.0,,,6106146207.0,31152000.0,0.0,-2589000.0,1232759000.0,-35937000.0,1185765000.0,-1826444000.0,-1839024000.0,671831000.0,0.0,432906000.0,432906000.0,432906000.0,65000.0,0.0,0.457,82883000.0,843904000.0,73061000.0,0.0,2.047,14.105,14.112,0.0,0.0,57.86,6.449,6.46,13023000.0,2403473000.0,946787000.0,946787000.0,0.0,0.039,0.151,0.052,0.643,0.0,73936000.0,1.0,105533118.0,105705957,108948133.0,8.957,12339543000.0,0.0,135043000.0,221222000.0,116.735,
12,ABKFQ,MRY,2000-12-31,2000-12-31,2000-12-31,2020-09-30,45154000.0,10120300000.0,10543966000.0,,,0.086,24.717,0.0,45428000.0,45428000.0,15000000.0,366172000.0,,2.898,424061000.0,,,424061000.0,1546290000.0,3614000.0,0.0,0.0,0.0,519601000.0,523215000.0,0.579,523215000.0,519601000.0,482124000.0,3.49,3.41,3.49,2596114000.0,2337358250.0,2596114000.0,6549667913.0,13.0,12.518,481328000.0,4.583,1.0,889313000.0,0.983,0.0,37477000.0,10498933000.0,10938298750.0,0.0,9274909000.0,,,7524186000.0,,,6140478913.0,31840000.0,0.0,14308000.0,-1208068000.0,-32213000.0,-1225973000.0,776485000.0,783038000.0,481328000.0,0.0,366172000.0,366172000.0,366172000.0,0.0,0.0,0.405,86709000.0,802604000.0,14827000.0,0.0,2.365,16.769,16.708,0.0,0.0,58.313,6.79,6.773,9680000.0,2035209000.0,904313000.0,904313000.0,0.0,0.035,0.157,0.048,0.575,0.0,61904000.0,1.0,105302961.0,105031473,107415430.0,8.61,10120300000.0,0.0,115952000.0,131663000.0,96.355,
13,ABKFQ,MRY,1999-12-31,1999-12-31,1999-12-31,2020-09-30,-187540000.0,11345096000.0,11273613250.0,,,0.047,19.247,0.0,13588000.0,13588000.0,36782000.0,307917000.0,,4.621,423995000.0,,,423995000.0,1431076000.0,2969000.0,0.0,0.0,0.0,441183000.0,444152000.0,0.833,444152000.0,441183000.0,404658000.0,2.94,2.88,2.94,2018450000.0,2046563250.0,2018450000.0,4061230432.0,9.0,9.144,454400000.0,4.333,1.0,496493000.0,0.931,0.0,36525000.0,11755503000.0,11686966000.0,0.0,9751023000.0,,,9326646000.0,,,3648965432.0,5349000.0,0.0,-108000.0,210716000.0,-29366000.0,181242000.0,-630293000.0,-615702000.0,454400000.0,0.0,307917000.0,307917000.0,307917000.0,0.0,0.0,0.577,55310000.0,441183000.0,825177000.0,0.0,1.808,11.85,11.834,0.0,0.0,34.792,6.843,6.842,778787000.0,1713446000.0,533275000.0,533275000.0,0.0,0.027,0.15,0.038,0.827,0.0,48804000.0,1.0,104880434.0,104869721,107049315.0,5.085,11345096000.0,57377000.0,96741000.0,24831000.0,108.183,
14,ABKFQ,MRY,1998-12-31,1998-12-31,1998-12-31,2020-09-30,159313000.0,11212311000.0,10413093000.0,,,0.044,19.98,0.0,8239000.0,8239000.0,41540000.0,253994000.0,,4.349,423929000.0,,,423929000.0,1294214000.0,2460000.0,0.0,0.0,0.0,361673000.0,364133000.0,0.797,364133000.0,361673000.0,328912000.0,2.42,2.37,2.42,2096090000.0,2021152750.0,2096090000.0,4609509135.0,13.0,12.659,327796000.0,3.125,1.0,415496000.0,0.909,0.0,32761000.0,11628001000.0,10772767500.0,0.0,9674602000.0,,,9116221000.0,,,4195218135.0,-1017000.0,0.0,-6772000.0,1756356000.0,-26571000.0,1723013000.0,-2051826000.0,-2012209000.0,327796000.0,0.0,253994000.0,253994000.0,253994000.0,0.0,0.0,0.556,53823000.0,361673000.0,1083175000.0,0.0,2.001,16.517,16.581,0.0,0.0,40.125,9.179,9.21,843013000.0,1449832000.0,457036000.0,457036000.0,0.0,0.024,0.126,0.034,0.791,0.0,46720000.0,1.0,104553723.0,104909565,106995080.0,4.356,11212311000.0,0.0,74918000.0,152731000.0,106.876,
15,ABKFQ,MRY,1997-12-31,1997-12-31,1997-12-31,2020-09-30,135223000.0,8291705000.0,7084031500.0,,,0.054,17.836,0.0,9256000.0,9256000.0,30847000.0,223030000.0,,3.428,223864000.0,,,223864000.0,1178990000.0,1925000.0,0.0,0.0,0.0,307342000.0,309267000.0,0.81,309267000.0,307342000.0,285996000.0,2.127,2.087,2.127,1872482000.0,1743749000.0,1872482000.0,,,,316011000.0,3.01,1.0,350915000.0,0.919,0.0,21346000.0,8506313000.0,7299367500.0,0.0,7503780000.0,,,6419223000.0,,,3225097657.0,1522000.0,-120006000.0,-11228000.0,1599673000.0,-24165000.0,1564280000.0,-1878769000.0,-1748148000.0,316011000.0,0.0,223030000.0,223030000.0,223030000.0,0.0,0.0,0.584,43573000.0,307342000.0,401799000.0,0.0,1.722,14.46,14.418,0.0,0.0,30.667,8.448,8.433,293506000.0,1262740000.0,381762000.0,381762000.0,0.0,0.031,0.128,0.042,0.805,0.0,40672000.0,1.0,105166217.0,104982746,106841021.0,3.636,8291705000.0,0.0,62966000.0,144244000.0,78.982,
16,ABKFQ,MRY,1996-12-31,1996-12-31,1996-12-31,2020-09-30,58911000.0,5876358000.0,,,,,15.397,0.0,7734000.0,7734000.0,15818000.0,276317000.0,,2.639,223798000.0,,,223798000.0,991224000.0,1986000.0,0.0,0.0,0.0,396431000.0,398417000.0,0.88,398417000.0,396431000.0,375506000.0,2.633,2.607,2.633,1615016000.0,,1615016000.0,,,,190630000.0,1.817,1.0,437090000.0,0.965,0.0,20925000.0,6092422000.0,,0.0,5401711000.0,,,4261342000.0,,,,-4433000.0,202609000.0,-14540000.0,499229000.0,-21500000.0,463189000.0,-658252000.0,-851078000.0,190630000.0,0.0,276317000.0,276317000.0,276317000.0,0.0,0.0,0.61,40659000.0,396431000.0,114535000.0,0.0,,,8.403,0.0,0.0,22.125,,5.124,52159000.0,1072418000.0,452908000.0,452908000.0,0.0,,,,0.875,0.0,37182000.0,1.0,,104894442,106122705.0,4.318,5876358000.0,0.0,99189000.0,86624000.0,56.022,
17,ABKFQ,MRY,1995-12-31,1995-12-31,1995-12-31,2020-09-30,,,,,,,,0.0,,,11170000.0,167595000.0,,,,,,,,4765000.0,,0.0,0.0,235108000.0,239873000.0,0.85,239873000.0,235108000.0,214174000.0,1.593,1.58,1.593,,,,,,,231339000.0,2.197,1.0,271089000.0,0.96,,20934000.0,,,,,,,,,,,7726000.0,28502000.0,389000.0,196773000.0,-19484000.0,177678000.0,-401291000.0,-395413000.0,231339000.0,0.0,167595000.0,167595000.0,167595000.0,0.0,0.0,0.594,35981000.0,235108000.0,,0.0,,,9.809,,0.0,15.625,,5.829,,,282259000.0,282259000.0,0.0,,,,0.833,0.0,34450000.0,1.0,,105302643,106271162.0,2.68,,,46579000.0,,,
0,ABKFQ,MRQ,2012-12-31,2012-12-31,2012-12-31,2020-09-30,625385000.0,27007164000.0,,,,,-12.919,0.0,46127000.0,46127000.0,-36716000.0,143301000.0,,-7.743,17647173000.0,,,17647173000.0,2778401000.0,772000.0,0.0,0.0,0.0,169027000.0,169799000.0,0.997,169799000.0,169027000.0,145669000.0,0.47,0.47,0.47,-3907527000.0,,-3907527000.0,17273147361.0,-122.0,-124.767,-208298000.0,-0.689,1.0,207068000.0,1.216,0.0,23358000.0,44608210000.0,,0.0,24217145000.0,,,30254131000.0,,,3024361.0,-46228000.0,0.0,0.0,-59543000.0,0.0,-59543000.0,221613000.0,199145000.0,-208298000.0,0.0,143576000.0,143576000.0,143576000.0,0.0,-275000.0,0.843,38316000.0,168752000.0,94552000.0,0.0,-0.001,-0.012,-0.012,0.0,0.0,0.01,0.004,0.004,1621382000.0,-6297264000.0,170352000.0,170352000.0,0.0,,,,,0.0,35581000.0,1.0,302436107.0,302469962,302469962.0,0.563,27007164000.0,0.0,2093000.0,98364000.0,89.289,
1,ABKFQ,MRQ,2012-09-30,2012-09-30,2012-09-30,2020-09-30,527969000.0,26947892000.0,,,,,-13.715,0.0,94858000.0,94858000.0,-18745000.0,157373000.0,,-7.336,17364981000.0,,,17364981000.0,2985542000.0,748000.0,0.0,0.0,0.0,181479000.0,182227000.0,0.924,182227000.0,181479000.0,158211000.0,0.52,0.52,0.52,-4148519000.0,,-4148519000.0,16605419722.0,-13.0,-13.413,-441029000.0,-1.458,1.0,215907000.0,1.095,0.0,23268000.0,44218015000.0,,0.0,23896432000.0,,,30435405000.0,,,6048722.0,41053000.0,0.0,0.0,-32985000.0,0.0,-32985000.0,515067000.0,570453000.0,-441029000.0,0.0,157544000.0,157544000.0,157544000.0,0.0,-171000.0,0.799,34599000.0,181308000.0,109098000.0,0.0,-0.001,-0.004,-0.004,0.0,0.0,0.02,0.014,0.014,1765835000.0,-6440840000.0,197162000.0,197162000.0,0.0,,,,,0.0,33347000.0,1.0,302436107.0,302469966,302582276.0,0.652,26947892000.0,0.0,667000.0,97379000.0,89.093,
2,ABKFQ,MRQ,2012-06-30,2012-06-30,2012-06-30,2020-09-30,417593000.0,26611791000.0,,,,,-14.601,0.0,53788000.0,53788000.0,741411000.0,-813350000.0,,-6.876,16653159000.0,,,16653159000.0,3138275000.0,726000.0,0.0,0.0,0.0,-779474000.0,-778748000.0,130.64,-778748000.0,-779474000.0,-811329000.0,-2.68,-2.68,-2.68,-4416439000.0,,-4416439000.0,17089702946.0,-12.0,-12.322,-4921000.0,-0.016,1.0,-747372000.0,125.377,0.0,31855000.0,43211162000.0,,0.0,23438285000.0,,,30367170000.0,,,9072945.0,9081000.0,0.0,0.0,-296016000.0,0.0,-296016000.0,310018000.0,317446000.0,-4921000.0,0.0,-811118000.0,-811118000.0,-811118000.0,0.0,-2232000.0,136.071,34334000.0,-781706000.0,103607000.0,0.0,-0.002,-0.006,-0.006,0.0,0.0,0.03,0.035,0.035,1941887000.0,-6598384000.0,-5961000.0,-5961000.0,0.0,,,,,0.0,33567000.0,1.0,302431515.0,302469196,302469196.0,-0.02,26611791000.0,0.0,-211000.0,96752000.0,87.982,
3,ABKFQ,MRQ,2012-03-31,2012-03-31,2012-03-31,2020-09-30,445797000.0,27372884000.0,,,,,-11.826,0.0,44728000.0,44728000.0,-2320000.0,253322000.0,,-8.467,17125358000.0,,,17125358000.0,3291152000.0,820000.0,0.0,0.0,0.0,287459000.0,288279000.0,0.889,288279000.0,287459000.0,253620000.0,0.84,0.84,0.84,-3577117000.0,,-3577117000.0,16734066261.0,-25.0,-24.717,40350000.0,0.133,1.0,326456000.0,1.007,0.0,33839000.0,44453514000.0,,0.0,24082905000.0,,,30286526000.0,,,12097261.0,23932000.0,0.0,0.0,-7700000.0,0.0,-7700000.0,-8718000.0,-8803000.0,40350000.0,0.0,253320000.0,253320000.0,253320000.0,0.0,2000.0,0.782,38995000.0,287461000.0,137499000.0,0.0,-0.003,-0.014,-0.014,0.0,0.0,0.04,0.029,0.029,2025721000.0,-5786940000.0,324136000.0,324136000.0,0.0,,,,,0.0,36534000.0,1.0,302431515.0,302466328,302580597.0,1.072,27372884000.0,0.0,300000.0,97449000.0,90.499,
4,ABKFQ,MRQ,2011-12-31,2011-12-31,2011-12-31,2020-09-30,463259000.0,27113695000.0,,,,,-12.606,0.0,20639000.0,20639000.0,803648000.0,-963198000.0,,-7.937,16742608000.0,,,16742608000.0,3457157000.0,809000.0,0.0,0.0,0.0,-930606000.0,-929797000.0,11.418,-929797000.0,-930606000.0,-963694000.0,-3.18,-3.18,-3.18,-3812975000.0,,-3812975000.0,17061734576.0,-10.0,-9.743,-195341000.0,-0.646,1.0,-885079000.0,10.869,0.0,33088000.0,43835664000.0,,0.0,23600046000.0,,,30263228000.0,,,6048576.0,-5317000.0,0.0,0.0,-43697000.0,0.0,-8097000.0,198121000.0,199621000.0,-195341000.0,0.0,-963213000.0,-963213000.0,-963213000.0,0.0,15000.0,11.829,45512000.0,-930591000.0,117220000.0,0.0,-0.002,-0.003,-0.003,0.0,0.0,0.02,0.02,0.02,2066643000.0,-6039922000.0,-81431000.0,-81431000.0,0.0,,,,,0.0,35445000.0,1.0,302428811.0,302467559,302467559.0,-0.269,27113695000.0,0.0,-481000.0,95709000.0,89.642,
5,ABKFQ,MRQ,2011-09-30,2011-09-30,2011-09-30,2020-09-30,478218000.0,27626582000.0,,,,,-9.372,0.0,66629000.0,66629000.0,-60238000.0,-75509000.0,,-10.515,17122315000.0,,,17122315000.0,3520801000.0,738000.0,0.0,0.0,0.0,32578000.0,33316000.0,1.295,33316000.0,32578000.0,-496000.0,-0.25,-0.25,-0.25,-2834802000.0,,-2834802000.0,17927088729.0,-21.0,-21.225,-8665000.0,-0.029,1.0,85955000.0,3.342,254163000.0,33074000.0,44428105000.0,,0.0,23650347000.0,,,29807158000.0,,,18145729.0,3937000.0,0.0,0.0,-1396000.0,0.0,-1396000.0,13998000.0,12744000.0,-8665000.0,0.0,-75507000.0,-75507000.0,-75507000.0,0.0,-2000.0,-2.936,53379000.0,32576000.0,128324000.0,0.0,-0.006,-0.017,-0.017,0.0,0.0,0.06,0.032,0.032,2139278000.0,-5076708000.0,25717000.0,25717000.0,0.0,,,,,0.0,44860000.0,1.0,302428811.0,302467255,302467255.0,0.085,27372419000.0,0.0,75011000.0,98532000.0,90.497,
6,ABKFQ,MRQ,2011-06-30,2011-06-30,2011-06-30,2020-09-30,509300000.0,27940429000.0,,,,,-9.02,0.0,68198000.0,68198000.0,196398000.0,-102418000.0,,-11.001,17977141000.0,,,17977141000.0,3408568000.0,1406000.0,0.0,0.0,0.0,-70220000.0,-68814000.0,-0.464,-68814000.0,-70220000.0,-101890000.0,-0.34,-0.34,-0.34,-2728213000.0,,-2728213000.0,16667776881.0,-22.0,-22.417,124748000.0,0.412,1.0,-48203000.0,-0.325,318180000.0,31670000.0,45531192000.0,,0.0,24023521000.0,,,30014410000.0,,,30242881.0,9753000.0,0.0,0.0,-123499000.0,0.0,-123499000.0,8504000.0,5145000.0,124748000.0,0.0,-102432000.0,-102432000.0,-102432000.0,0.0,14000.0,-0.691,22003000.0,-70206000.0,139736000.0,0.0,-0.011,-0.033,-0.033,0.0,0.0,0.1,0.033,0.033,1959143000.0,-5001201000.0,148195000.0,148195000.0,0.0,,,,,-15567000.0,15533000.0,1.0,302428811.0,302467255,302467255.0,0.49,27622249000.0,0.0,542000.0,23435000.0,91.323,
7,ABKFQ,MRQ,2011-03-31,2011-03-31,2011-03-31,2020-09-30,371235000.0,27410304000.0,,,,,-9.09,0.0,12316000.0,12316000.0,919647000.0,-819246000.0,,-10.736,16649850000.0,,,16649850000.0,3821726000.0,780000.0,0.0,0.0,0.0,-786669000.0,-785889000.0,-3.866,-785889000.0,-786669000.0,-816929000.0,-2.71,-2.71,-2.71,-2748282000.0,,-2748282000.0,18035786322.0,-26.0,-25.953,82815000.0,0.274,1.0,-716364000.0,-3.524,0.0,30260000.0,44047838000.0,,0.0,23465966000.0,,,29504201000.0,,,45364322.0,-1871000.0,0.0,0.0,-89649000.0,0.0,-92089000.0,7403000.0,6616000.0,82815000.0,0.0,-819279000.0,-819279000.0,-819279000.0,0.0,33000.0,-4.03,70272000.0,-786636000.0,210609000.0,0.0,-0.017,-0.051,-0.051,0.0,0.0,0.15,0.04,0.04,2368369000.0,-4898771000.0,203283000.0,203283000.0,0.0,,,,,108000.0,45467000.0,1.0,302428811.0,302355243,302355243.0,0.672,27410304000.0,0.0,2350000.0,24884000.0,90.656,
8,ABKFQ,MRQ,2010-12-31,2010-12-31,2010-12-31,2020-09-30,291774000.0,29047113000.0,,,,,-6.761,0.0,14095000.0,14095000.0,141488000.0,-81519000.0,,-15.136,18772499000.0,,,18772499000.0,4007886000.0,959000.0,0.0,0.0,0.0,-24193000.0,-23234000.0,-0.122,-23234000.0,-24193000.0,-81510000.0,-0.27,-0.27,-0.27,-2008536000.0,,-2008536000.0,19119968345.0,-33.0,-33.657,77817000.0,0.262,1.0,49460000.0,0.259,0.0,57317000.0,47805517000.0,,0.0,25077715000.0,,,30401341000.0,,,33232345.0,-60176000.0,0.0,0.0,-109529000.0,0.0,-116529000.0,-21464000.0,-25031000.0,77817000.0,0.0,-81595000.0,-81595000.0,-81595000.0,0.0,76000.0,-0.427,87319000.0,-37859000.0,141450000.0,0.0,-0.017,-0.044,-0.043,0.0,0.0,0.11,0.077,0.075,2446101000.0,-4042335000.0,190948000.0,190948000.0,0.0,,,,,1114000.0,103838000.0,1.0,302112225.0,297067988,297067988.0,0.643,29047113000.0,0.0,85000.0,22534000.0,97.779,
9,ABKFQ,MRQ,2010-09-30,2010-09-30,2010-09-30,2020-09-30,347738000.0,31328239000.0,,,,,-6.195,0.0,71625000.0,71625000.0,165396000.0,76019000.0,,-17.385,19158361000.0,,,19158361000.0,4442271000.0,968000.0,0.0,0.0,0.0,133441000.0,134409000.0,0.372,134409000.0,133441000.0,76071000.0,0.25,0.25,0.25,-1872111000.0,,-1872111000.0,18443855814.0,-43.0,-43.102,188403000.0,0.623,1.0,195760000.0,0.542,0.0,57370000.0,50414975000.0,,0.0,26245530000.0,,,32545819000.0,,,169180814.0,12996000.0,0.0,0.0,-77509000.0,0.0,-72419000.0,-102988000.0,-104461000.0,188403000.0,0.0,76006000.0,76006000.0,76006000.0,0.0,13000.0,0.21,58355000.0,137405000.0,185211000.0,0.0,-0.09,-1.491,-1.4,0.0,0.0,0.56,0.21,0.21,2825389000.0,-3978701000.0,361156000.0,361156000.0,0.0,,,,,1238000.0,41200000.0,1.0,302108597.0,302177506,302177506.0,1.195,31328239000.0,0.0,65000.0,22449000.0,103.675,
10,ABKFQ,MRQ,2010-06-30,2010-06-30,2010-06-30,2020-09-30,219939000.0,30055785000.0,,,,,-7.161,0.0,58654000.0,58654000.0,323326000.0,-57574000.0,,-15.155,18333329000.0,,,18333329000.0,4714527000.0,972000.0,0.0,0.0,0.0,-21198000.0,-20226000.0,-0.053,-20226000.0,-21198000.0,-57681000.0,-0.2,-0.2,-0.2,-2077105000.0,,-2077105000.0,20836011063.0,13.0,12.843,-2780331000.0,-9.586,1.0,57844000.0,0.152,0.0,36483000.0,48330460000.0,,0.0,25138320000.0,,,31478464000.0,,,193215063.0,-58131000.0,0.0,0.0,-181892000.0,0.0,-267556000.0,2989756000.0,2982359000.0,-2780331000.0,0.0,-57559000.0,-57559000.0,-57559000.0,0.0,-15000.0,-0.151,74700000.0,-16856000.0,248891000.0,0.0,-0.093,0.097,0.097,0.0,0.0,0.67,0.062,0.062,2803834000.0,-4031055000.0,381170000.0,381170000.0,0.0,,,,,1421000.0,58931000.0,1.0,288380691.0,290050931,290050931.0,1.314,30055785000.0,0.0,-122000.0,22384000.0,103.622,
11,ABKFQ,MRQ,2010-03-31,2010-03-31,2010-03-31,2020-09-30,119660000.0,35815677000.0,,,,,-7.392,0.0,215749000.0,215749000.0,89152000.0,-690062000.0,,-17.501,20858545000.0,,,20858545000.0,4926807000.0,746000.0,0.0,0.0,0.0,-659785000.0,-659039000.0,1.32,-659039000.0,-659785000.0,-689944000.0,-2.39,-2.39,-2.39,-2130845000.0,,-2130845000.0,2763121060.0,-22.0,-22.687,427098000.0,1.482,1.0,-588291000.0,1.179,0.0,30159000.0,56458473000.0,,0.0,30707240000.0,,,37292462000.0,,,161050060.0,2729000.0,0.0,0.0,-29961000.0,0.0,-30773000.0,-393596000.0,-397050000.0,427098000.0,0.0,-690051000.0,-690051000.0,-690051000.0,0.0,-11000.0,1.382,66071000.0,-654362000.0,623706000.0,0.0,-0.076,-0.515,-0.505,0.0,0.0,0.56,0.071,0.071,2983541000.0,-3972754000.0,-499139000.0,-499139000.0,0.0,,,,,1591000.0,50496000.0,1.0,287589393.0,288244846,288244846.0,-1.732,35815677000.0,0.0,107000.0,22506000.0,124.254,
12,ABKFQ,MRQ,2009-12-31,2009-12-31,2009-12-31,2020-09-30,-24827000.0,18886367000.0,,,,,-7.953,0.0,113230000.0,113230000.0,398011000.0,558124000.0,,-8.969,4640184000.0,,,4640184000.0,5687114000.0,760000.0,0.0,0.0,0.0,116180000.0,116940000.0,0.207,116940000.0,116180000.0,86155000.0,1.94,1.94,1.94,-2287785000.0,,-2287785000.0,2840770196.0,3.0,3.352,-607139000.0,-2.111,1.0,165736000.0,0.294,0.0,30025000.0,23413321000.0,,0.0,12551444000.0,,,20520012000.0,,,238699196.0,-36457000.0,0.0,0.0,-177235000.0,0.0,-177598000.0,748280000.0,733560000.0,-607139000.0,0.0,558111000.0,558111000.0,558111000.0,0.0,13000.0,0.99,42945000.0,122791000.0,293917000.0,0.0,-0.104,-16.335,-16.6,0.0,0.0,0.83,0.061,0.061,3721264000.0,-3878015000.0,563747000.0,563747000.0,0.0,,,,,763000.0,42252000.0,1.0,287589393.0,287647272,287647272.0,1.96,18886367000.0,432688000.0,-471956000.0,0.0,65.658,
13,ABKFQ,MRQ,2009-09-30,2009-09-30,2009-09-30,2020-09-30,6372000.0,18099056000.0,,,,,-9.795,0.0,149554000.0,149554000.0,459213000.0,2188243000.0,,-7.168,2751625000.0,,,2751625000.0,6100656000.0,769000.0,0.0,0.0,0.0,2183891000.0,2184660000.0,0.813,2184660000.0,2183891000.0,2153973000.0,7.58,7.58,7.58,-2828444000.0,,-2828444000.0,2993085709.0,-6.0,-5.962,-550882000.0,-1.908,1.0,2227613000.0,0.829,0.0,29918000.0,20701127000.0,,0.0,11624367000.0,,,20273597000.0,,,483101709.0,-980674000.0,-1013260000.0,0.0,-182178000.0,0.0,-265747000.0,-164045000.0,857290000.0,-550882000.0,0.0,2188257000.0,2188257000.0,2188257000.0,0.0,-14000.0,0.814,37303000.0,2190310000.0,352409000.0,0.0,-0.171,-0.166,-0.157,0.0,0.0,1.68,0.155,0.155,4070114000.0,-4448113000.0,2686826000.0,2686826000.0,0.0,,,,,4805000.0,28012000.0,1.0,287560541.0,288770269,288770269.0,9.304,18099056000.0,0.0,-34284000.0,69423000.0,62.676,
14,ABKFQ,MRQ,2009-06-30,2009-06-30,2009-06-30,2020-09-30,-224665000.0,20045165000.0,,,,,-18.701,0.0,1130259000.0,1130259000.0,1230847000.0,-2368783000.0,,-4.579,3640243000.0,,,3640243000.0,6594046000.0,744000.0,0.0,0.0,0.0,-1765096000.0,-1764352000.0,3.7,-1764352000.0,-1765096000.0,-1794933000.0,-8.24,-8.24,-8.24,-5379132000.0,,-5379132000.0,1980474516.0,0.0,-0.346,-435049000.0,-1.512,1.0,-1707728000.0,3.581,0.0,29837000.0,22555149000.0,,0.0,12061398000.0,,,24631609000.0,,,264361516.0,1022393000.0,1013260000.0,0.0,-444839000.0,0.0,-421226000.0,1878668000.0,960695000.0,-435049000.0,0.0,-2368794000.0,-2368794000.0,-2368794000.0,0.0,11000.0,4.967,49046000.0,-1756774000.0,584690000.0,0.0,-0.049,-0.035,-0.034,0.0,0.0,0.92,-0.14,-0.14,4462846000.0,-6630047000.0,-476881000.0,-476881000.0,0.0,,,,,3350000.0,48842000.0,1.0,287349474.0,287639234,287639234.0,-1.658,20045165000.0,296044000.0,573861000.0,0.0,69.689,
15,ABKFQ,MRQ,2009-03-31,2009-03-31,2009-03-31,2020-09-30,-1092253000.0,20182397000.0,,,,,-13.834,0.0,107866000.0,107866000.0,739830000.0,-392200000.0,,-5.874,1823979000.0,,,1823979000.0,6929790000.0,710000.0,0.0,0.0,0.0,309559000.0,310269000.0,0.275,310269000.0,309559000.0,279713000.0,-1.36,-1.36,-1.36,-3978111000.0,,-3978111000.0,1985008552.0,-1.0,-0.818,-284193000.0,-0.988,1.0,386919000.0,0.343,0.0,29846000.0,21898510000.0,,0.0,11804490000.0,,,23367864000.0,,,224129552.0,55000.0,0.0,0.0,-962329000.0,0.0,-866583000.0,1150831000.0,1057596000.0,-284193000.0,0.0,-392187000.0,-392187000.0,-392187000.0,0.0,-13000.0,-0.348,64584000.0,322335000.0,668608000.0,0.0,-0.056,-0.052,-0.05,0.0,0.0,0.78,-2.877,-2.879,4483547000.0,-4341164000.0,1126749000.0,1126749000.0,0.0,,,,,5160000.0,56612000.0,1.0,287345579.0,287565182,287565182.0,3.918,20182397000.0,1337067000.0,671900000.0,0.0,70.184,
16,ABKFQ,MRQ,2008-12-31,2008-12-31,2008-12-31,2020-09-30,-1670198000.0,17259673000.0,,,,,-13.144,0.0,107811000.0,107811000.0,918858000.0,-2340627000.0,,-5.38,1868690000.0,,,1868690000.0,2382152000.0,746000.0,0.0,0.0,0.0,-1233343000.0,-1232597000.0,5.706,-1232597000.0,-1233343000.0,-1263147000.0,-8.65,-8.65,-8.65,-3782309000.0,,-3782309000.0,2176889327.0,0.0,-0.396,-191113000.0,-0.664,1.0,-1134893000.0,5.253,0.0,29804000.0,19020552000.0,,0.0,13278879000.0,,,20348795000.0,,,373411327.0,15736000.0,0.0,-18000.0,-2276812000.0,-2880000.0,-2091528000.0,2298377000.0,2178483000.0,-191113000.0,0.0,-2340817000.0,-2340817000.0,-2340817000.0,0.0,190000.0,10.835,60248000.0,-1195141000.0,25853000.0,0.0,-0.099,-0.067,-0.058,0.0,0.0,1.3,-0.135,-0.118,44378000.0,-3550768000.0,-216035000.0,-216035000.0,0.0,,,,,-29000.0,57864000.0,1.0,287239482.0,287769938,287769938.0,-0.751,17259673000.0,2320168000.0,1077670000.0,0.0,59.977,
17,ABKFQ,MRQ,2008-09-30,2008-09-30,2008-09-30,2020-09-30,-1116627000.0,20446175000.0,,,,,-3.084,0.0,92380000.0,92380000.0,611069000.0,-2431377000.0,,-24.053,1895858000.0,,,1895858000.0,2547414000.0,809000.0,0.0,0.0,0.0,-3041939000.0,-3041130000.0,1.311,-3041130000.0,-3041939000.0,-3071909000.0,-8.45,-8.45,-8.45,-886912000.0,,-886912000.0,2455791940.0,0.0,-0.261,-816195000.0,-2.838,1.0,-2931502000.0,1.263,0.0,29970000.0,22249653000.0,,0.0,15490483000.0,,,21333087000.0,,,668609940.0,-13216000.0,0.0,-405000.0,-1684914000.0,-2880000.0,-1696718000.0,2499697000.0,2470860000.0,-816195000.0,0.0,-2431222000.0,-2431222000.0,-2431222000.0,0.0,-155000.0,1.048,60544000.0,-2992046000.0,21428000.0,0.0,-0.754,-0.102,-0.047,0.0,0.0,2.33,-0.091,-0.091,165626000.0,-1205956000.0,-2320433000.0,-2320433000.0,0.0,,,,,7970000.0,47051000.0,1.0,286957056.0,287599495,287599495.0,-8.068,20446175000.0,3659092000.0,-640687000.0,0.0,71.093,
18,ABKFQ,MRQ,2008-06-30,2008-06-30,2008-06-30,2020-09-30,-727721000.0,22875081000.0,,,,,6.725,0.0,105596000.0,105596000.0,-335915000.0,823132000.0,,10.795,1892778000.0,,,1892778000.0,2786546000.0,805000.0,0.0,0.0,0.0,1537460000.0,1538265000.0,1.155,1538265000.0,1537460000.0,1507385000.0,2.85,2.8,2.85,1939469000.0,,1939469000.0,2176311233.0,0.0,-0.318,20375000.0,0.071,1.0,1667737000.0,1.252,0.0,30075000.0,24662263000.0,,0.0,18885916000.0,,,20935612000.0,,,384357233.0,6367000.0,0.0,-759000.0,-406711000.0,-2876000.0,-444956000.0,430948000.0,430477000.0,20375000.0,0.0,823134000.0,823134000.0,823134000.0,0.0,-2000.0,0.618,72365000.0,1595372000.0,17677000.0,0.0,0.198,-0.086,-0.03,0.0,0.0,1.34,-0.072,-0.073,29171000.0,1268866000.0,1331822000.0,1331822000.0,0.0,,,,,8245000.0,61955000.0,1.0,286833756.0,288397701,294857435.0,4.618,22875081000.0,2819515000.0,684251000.0,0.0,79.318,
19,ABKFQ,MRQ,2008-03-31,2008-03-31,2008-03-31,2020-09-30,-554578000.0,24919262000.0,,,,,9.052,0.0,99229000.0,99229000.0,1046318000.0,-1660264000.0,,18.381,1891183000.0,,,1891183000.0,3059295000.0,801000.0,0.0,0.0,0.0,-2766407000.0,-2765606000.0,1.77,-2765606000.0,-2766407000.0,-2790784000.0,-11.69,-11.69,-11.69,1285738000.0,,1285738000.0,2230405902.0,0.0,-0.274,141250000.0,0.994,1.0,-2608957000.0,1.67,0.0,24377000.0,26711216000.0,,0.0,20169681000.0,,,23633524000.0,,,584393902.0,-24704000.0,0.0,1182124000.0,-781152000.0,-7168000.0,390435000.0,-556389000.0,-531766000.0,141250000.0,0.0,-1660343000.0,-1660343000.0,-1660343000.0,0.0,79000.0,1.063,68368000.0,-2677325000.0,108030000.0,0.0,0.455,-0.114,-0.127,0.0,0.0,5.75,-0.094,-0.131,20111000.0,449801000.0,-1562639000.0,-1562639000.0,0.0,,,,,1228000.0,48903000.0,1.0,101633722.0,142032462,142032462.0,-11.002,24919262000.0,3560396000.0,-1130441000.0,174044000.0,175.448,
20,ABKFQ,MRQ,2007-12-31,2007-12-31,2007-12-31,2020-09-30,-22138000.0,23721736000.0,,,,,22.308,0.0,123933000.0,123933000.0,224193000.0,-3281757000.0,,9.405,1769945000.0,,,1769945000.0,3123860000.0,685000.0,0.0,0.0,0.0,-5151183000.0,-5150498000.0,1.075,-5150498000.0,-5151183000.0,-5173311000.0,-31.81,-31.81,-31.81,2279893000.0,,2279893000.0,4260066697.0,-1.0,-0.842,115515000.0,1.13,1.0,-5013711000.0,1.047,0.0,22128000.0,25367748000.0,,0.0,20410605000.0,,,21441843000.0,,,2616936697.0,97119000.0,0.0,-6000.0,-449578000.0,-21325000.0,-539642000.0,521246000.0,518901000.0,115515000.0,0.0,-3273924000.0,-3273924000.0,-3273924000.0,0.0,-7833000.0,0.684,37382000.0,-5051093000.0,33080000.0,0.0,1.148,-0.806,-0.817,0.0,0.0,25.77,-0.621,-0.629,11068000.0,2107773000.0,-4789518000.0,-4789518000.0,0.0,,,,,5019000.0,42787000.0,1.0,101549736.0,102201463,99903148.0,-46.863,23721736000.0,2116380000.0,-1899387000.0,97826000.0,232.108,
21,ABKFQ,MRQ,2007-09-30,2007-09-30,2007-09-30,2020-09-30,71300000.0,21981091000.0,,,,,55.23,0.0,26814000.0,26814000.0,20249000.0,-360613000.0,,2.891,1669944000.0,,,1669944000.0,3128278000.0,663000.0,0.0,0.0,0.0,-472663000.0,-472000000.0,1.574,-472000000.0,-472663000.0,-494895000.0,-3.53,-3.53,-3.53,5649912000.0,,5649912000.0,8015203370.0,20.0,20.339,383695000.0,3.751,1.0,-320066000.0,1.068,0.0,22232000.0,23624221000.0,,0.0,20916985000.0,,,16331179000.0,,,6386227370.0,-8915000.0,0.0,-18824000.0,668765000.0,-21322000.0,608588000.0,-1001198000.0,-1002443000.0,383695000.0,0.0,-360613000.0,-360613000.0,-360613000.0,0.0,0.0,1.203,40597000.0,-360663000.0,55258000.0,0.0,1.13,27.955,29.957,0.0,0.0,62.91,6.207,6.255,97816000.0,5387639000.0,-299817000.0,-299817000.0,0.0,,,,,8222000.0,34576000.0,1.0,101513708.0,102297811,102297811.0,-2.931,21981091000.0,21319000.0,-134282000.0,32312000.0,214.874,
22,ABKFQ,MRQ,2007-06-30,2007-06-30,2007-06-30,2020-09-30,69341000.0,21061741000.0,,,,,58.912,0.0,35729000.0,35729000.0,17096000.0,173037000.0,,2.486,1664705000.0,,,1664705000.0,3061673000.0,669000.0,0.0,0.0,0.0,254141000.0,254810000.0,0.618,254810000.0,254141000.0,232050000.0,1.69,1.67,1.69,6041829000.0,,6041829000.0,10372794028.0,9.0,8.765,141217000.0,1.377,1.0,395484000.0,0.959,0.0,22091000.0,22690717000.0,,0.0,20074351000.0,,,15019912000.0,,,8887107028.0,4240000.0,0.0,629000.0,788365000.0,-18382000.0,854483000.0,-991460000.0,-991900000.0,141217000.0,0.0,173037000.0,173037000.0,173037000.0,0.0,0.0,0.419,40219000.0,355265000.0,188048000.0,0.0,1.471,11.073,11.427,0.0,0.0,87.19,5.003,5.034,48979000.0,5773888000.0,412580000.0,412580000.0,0.0,,,,,12212000.0,33438000.0,1.0,101928054.0,102557554,103442086.0,4.023,21061741000.0,0.0,59013000.0,232344000.0,205.365,
23,ABKFQ,MRQ,2007-03-31,2007-03-31,2007-03-31,2020-09-30,187605000.0,20111860000.0,,,,,57.234,0.0,31489000.0,31489000.0,113668000.0,213343000.0,,2.358,1517176000.0,,,1517176000.0,3045911000.0,678000.0,0.0,0.0,0.0,308529000.0,309207000.0,0.67,309207000.0,308529000.0,289240000.0,2.04,2.02,2.04,5989179000.0,,5989179000.0,9802696318.0,8.0,7.684,302976000.0,2.895,1.0,348161000.0,0.754,0.0,19289000.0,21597547000.0,,0.0,19222909000.0,,,14122681000.0,,,8842760318.0,-379000.0,0.0,-403897000.0,63157000.0,-18537000.0,-358561000.0,55206000.0,52641000.0,302976000.0,0.0,213343000.0,213343000.0,213343000.0,0.0,0.0,0.462,39632000.0,308529000.0,65154000.0,0.0,1.476,10.186,10.561,0.0,0.0,86.39,4.773,4.88,1743000.0,5626344000.0,461829000.0,461829000.0,0.0,,,,,11886000.0,39632000.0,1.0,102358610.0,104643529,105600555.0,4.413,20111860000.0,0.0,75897000.0,380706000.0,192.194,
24,ABKFQ,MRQ,2006-12-31,2006-12-31,2006-12-31,2020-09-30,187518000.0,20267813000.0,,,,,57.996,0.0,31868000.0,31868000.0,-250631000.0,202678000.0,,2.274,991804000.0,,,991804000.0,3037544000.0,738000.0,0.0,0.0,0.0,301330000.0,302068000.0,0.665,302068000.0,301330000.0,284460000.0,1.9,1.89,1.9,6189605000.0,,6189605000.0,11677894964.0,9.0,9.064,273065000.0,2.559,1.0,704946000.0,1.552,0.0,16870000.0,21227749000.0,,0.0,19351350000.0,,,14078208000.0,,,9449773964.0,-8757000.0,0.0,-47577000.0,128150000.0,-19103000.0,66260000.0,-348082000.0,-352514000.0,273065000.0,0.0,202678000.0,202678000.0,202678000.0,0.0,0.0,0.446,43712000.0,661234000.0,116057000.0,0.0,1.527,10.789,10.836,0.0,0.0,89.07,5.158,5.182,12857000.0,5470049000.0,454315000.0,454315000.0,0.0,,,,,18262000.0,23152000.0,1.0,106093791.0,106724068,107724187.0,4.257,20267813000.0,0.0,81782000.0,307987000.0,189.909,
25,ABKFQ,MRQ,2006-09-30,2006-09-30,2006-09-30,2020-09-30,199752000.0,21010691000.0,,,,,56.269,0.0,42182000.0,42182000.0,97702000.0,213523000.0,,2.499,2270303000.0,,,2270303000.0,3030641000.0,696000.0,0.0,0.0,0.0,316623000.0,317319000.0,0.709,317319000.0,316623000.0,297149000.0,2.0,1.98,2.0,6005317000.0,,6005317000.0,10916009463.0,9.0,8.492,119077000.0,1.116,1.0,349845000.0,0.782,0.0,19474000.0,23238812000.0,,0.0,20132931000.0,,,15005374000.0,,,8764743463.0,9147000.0,0.0,13031000.0,119816000.0,-19074000.0,103692000.0,-213622000.0,-210100000.0,119077000.0,0.0,213523000.0,213523000.0,213523000.0,0.0,0.0,0.477,33222000.0,316623000.0,23552000.0,0.0,1.459,9.988,10.042,0.0,0.0,82.75,4.98,5.018,1909000.0,5265443000.0,447547000.0,447547000.0,0.0,,,,,5466000.0,33222000.0,1.0,105918350.0,106725567,107737122.0,4.193,21010691000.0,0.0,83626000.0,290509000.0,196.867,
26,ABKFQ,MRQ,2006-06-30,2006-06-30,2006-06-30,2020-09-30,42323000.0,20273770000.0,,,,,52.873,0.0,32795000.0,32795000.0,106658000.0,238570000.0,,2.601,2184061000.0,,,2184061000.0,3042128000.0,756000.0,0.0,0.0,0.0,346438000.0,347194000.0,0.71,347194000.0,346438000.0,326963000.0,2.24,2.22,2.24,5630221000.0,,5630221000.0,10868648178.0,9.0,8.982,225740000.0,2.12,1.0,382303000.0,0.782,0.0,19475000.0,22425036000.0,,0.0,19421005000.0,,,14643549000.0,,,8573958178.0,5647000.0,0.0,2195000.0,454606000.0,-15866000.0,454516000.0,-674609000.0,-720226000.0,225740000.0,0.0,238570000.0,238570000.0,238570000.0,0.0,0.0,0.488,35865000.0,346438000.0,182825000.0,0.0,1.523,10.218,10.305,0.0,0.0,81.1,4.897,4.933,2578000.0,5083048000.0,488961000.0,488961000.0,0.0,,,,,5066000.0,35865000.0,1.0,105720816.0,106485245,107450639.0,4.592,20273770000.0,0.0,88393000.0,220156000.0,190.39,
27,ABKFQ,MRQ,2006-03-31,2006-03-31,2006-03-31,2020-09-30,117205000.0,19736382000.0,,,,,51.437,0.0,26497000.0,26497000.0,78664000.0,221140000.0,,2.605,2321187000.0,,,2321187000.0,2966959000.0,675000.0,0.0,0.0,0.0,321116000.0,321791000.0,0.729,321791000.0,321116000.0,301641000.0,2.08,2.06,2.08,5474887000.0,,5474887000.0,10605060443.0,9.0,9.314,326701000.0,3.069,1.0,362617000.0,0.822,0.0,19475000.0,22031072000.0,,0.0,18931981000.0,,,14261495000.0,,,8399773443.0,-1788000.0,0.0,-33339000.0,-6131000.0,-15867000.0,-47110000.0,-281379000.0,-291079000.0,326701000.0,0.0,221140000.0,221140000.0,221140000.0,0.0,0.0,0.501,41501000.0,321116000.0,185733000.0,0.0,1.534,10.678,10.845,0.0,0.0,79.6,5.046,5.09,23295000.0,4864748000.0,441281000.0,441281000.0,0.0,,,,,8405000.0,41501000.0,1.0,105524792.0,106438758,107430787.0,4.146,19736382000.0,0.0,80501000.0,289363000.0,185.425,
28,ABKFQ,MRQ,2005-12-31,2005-12-31,2005-12-31,2020-09-30,202312000.0,18545858000.0,,,,,50.568,0.0,27619000.0,27619000.0,-200360000.0,204252000.0,,2.445,1191735000.0,,,1191735000.0,2940988000.0,1068000.0,0.0,0.0,0.0,298147000.0,299215000.0,0.783,299215000.0,298147000.0,282904000.0,1.92,1.9,1.92,5382762000.0,,5382762000.0,9938017151.0,9.0,9.177,330923000.0,3.109,1.0,582550000.0,1.524,0.0,15243000.0,19709974000.0,,0.0,17676691000.0,,,13163096000.0,,,8105758151.0,-159000.0,0.0,3897000.0,551213000.0,-15801000.0,553713000.0,-884795000.0,-869371000.0,330923000.0,0.0,204252000.0,204252000.0,204252000.0,0.0,0.0,0.534,45148000.0,537402000.0,35387000.0,0.0,1.506,10.793,11.104,0.0,0.0,77.06,5.022,5.169,2161000.0,4703256000.0,382190000.0,382190000.0,0.0,,,,,2449000.0,16471000.0,1.0,105187622.0,106445910,107214837.0,3.59,18545858000.0,0.0,78652000.0,280397000.0,174.228,
29,ABKFQ,MRQ,2005-09-30,2005-09-30,2005-09-30,2020-09-30,235502000.0,19062301000.0,,,,,48.365,0.0,28468000.0,28468000.0,166263000.0,175117000.0,,2.67,1860727000.0,,,1860727000.0,2875956000.0,1239000.0,0.0,0.0,0.0,240605000.0,241844000.0,0.552,241844000.0,240605000.0,226978000.0,1.63,1.61,1.63,5193995000.0,,5193995000.0,9549560927.0,9.0,9.068,225991000.0,2.104,1.0,271997000.0,0.621,0.0,13627000.0,20894560000.0,,0.0,18236795000.0,,,13868306000.0,,,7707843927.0,-8092000.0,0.0,-148406000.0,-182225000.0,-15955000.0,-338058000.0,103975000.0,93200000.0,225991000.0,0.0,175117000.0,175117000.0,175117000.0,0.0,0.0,0.4,31392000.0,240605000.0,162451000.0,0.0,1.484,10.479,10.691,0.0,0.0,72.06,4.842,4.861,1136000.0,4520475000.0,438260000.0,438260000.0,0.0,,,,,3926000.0,31392000.0,1.0,106964251.0,107392176,108484035.0,4.081,19062301000.0,0.0,51861000.0,267826000.0,177.502,
30,ABKFQ,MRQ,2005-06-30,2005-06-30,2005-06-30,2020-09-30,338521000.0,19529924000.0,,,,,48.516,0.0,36560000.0,36560000.0,33473000.0,186098000.0,,2.69,1878277000.0,,,1878277000.0,2892168000.0,1332000.0,0.0,0.0,0.0,274423000.0,275755000.0,0.684,275755000.0,274423000.0,260910000.0,1.71,1.69,1.71,5293074000.0,,5293074000.0,9401547697.0,9.0,8.78,194936000.0,1.787,1.0,369406000.0,0.917,0.0,13513000.0,21371641000.0,,0.0,18663938000.0,,,14236850000.0,,,7554360697.0,-5139000.0,0.0,-133225000.0,396896000.0,-13433000.0,234813000.0,-434888000.0,-383486000.0,194936000.0,0.0,186098000.0,186098000.0,186098000.0,0.0,0.0,0.462,37584000.0,331822000.0,162186000.0,0.0,1.427,10.155,10.289,0.0,0.0,69.76,5.017,5.054,49491000.0,4368225000.0,402879000.0,402879000.0,0.0,,,,,3999000.0,34153000.0,1.0,108290721.0,109098498,110327148.0,3.693,19529924000.0,0.0,74812000.0,307556000.0,179.012,
31,ABKFQ,MRQ,2005-03-31,2005-03-31,2005-03-31,2020-09-30,206212000.0,18625776000.0,,,,,46.403,0.0,41699000.0,41699000.0,35051000.0,185543000.0,,2.643,1888886000.0,,,1888886000.0,2788930000.0,648000.0,0.0,0.0,0.0,265485000.0,266133000.0,0.681,266133000.0,265485000.0,251972000.0,1.68,1.66,1.68,5113228000.0,,5113228000.0,9989716750.0,10.0,9.483,287189000.0,2.606,1.0,355769000.0,0.91,0.0,13513000.0,20472963000.0,,0.0,17723611000.0,,,13512548000.0,,,8143466750.0,21742000.0,0.0,436000.0,-48264000.0,-13616000.0,-56811000.0,-208636000.0,-212389000.0,287189000.0,0.0,185543000.0,185543000.0,185543000.0,0.0,0.0,0.475,39504000.0,316265000.0,171253000.0,0.0,1.593,11.027,11.124,0.0,0.0,74.75,5.597,5.661,79898000.0,4203859000.0,390820000.0,390820000.0,0.0,,,,,7613000.0,35685000.0,1.0,108942699.0,110191422,111772811.0,3.547,18625776000.0,0.0,66429000.0,254771000.0,169.031,
32,ABKFQ,MRQ,2004-12-31,2004-12-31,2004-12-31,2020-09-30,296814000.0,18749606000.0,,,,,45.675,0.0,19957000.0,19957000.0,14798000.0,188771000.0,,2.732,1866207000.0,,,1866207000.0,2778893000.0,660000.0,0.0,0.0,0.0,268667000.0,269327000.0,0.748,269327000.0,268667000.0,255153000.0,1.72,1.69,1.72,5024457000.0,,5024457000.0,9984148882.0,10.0,9.668,237682000.0,2.161,1.0,345229000.0,0.959,0.0,13514000.0,20595856000.0,,0.0,17989440000.0,,,13725149000.0,,,8924865882.0,-6481000.0,0.0,-6369000.0,287072000.0,-13595000.0,262809000.0,-506972000.0,-505749000.0,237682000.0,0.0,188771000.0,188771000.0,188771000.0,0.0,0.0,0.524,32725000.0,312504000.0,18254000.0,0.0,1.776,12.318,12.425,0.0,0.0,82.13,6.368,6.423,1319000.0,4032089000.0,360027000.0,360027000.0,0.0,,,,,19354000.0,28479000.0,1.0,108667550.0,110003872,111263624.0,3.273,18749606000.0,0.0,66382000.0,233779000.0,170.445,
33,ABKFQ,MRQ,2004-09-30,2004-09-30,2004-09-30,2020-09-30,285192000.0,16992417000.0,,,,,43.808,0.0,25838000.0,25838000.0,18410000.0,183459000.0,,2.534,1085121000.0,,,1085121000.0,2731657000.0,710000.0,0.0,0.0,0.0,258813000.0,259523000.0,0.737,259523000.0,258813000.0,245091000.0,1.67,1.65,1.67,4808838000.0,,4808838000.0,9652933699.0,10.0,9.655,164752000.0,1.501,1.0,333721000.0,0.948,0.0,13722000.0,18051700000.0,,0.0,14968213000.0,,,12183579000.0,,,8671090699.0,-7416000.0,0.0,15758000.0,-213430000.0,-13561000.0,-230088000.0,57920000.0,78930000.0,164752000.0,0.0,183459000.0,183459000.0,183459000.0,959000.0,0.0,0.521,32213000.0,301508000.0,84215000.0,0.0,1.803,12.485,12.531,0.0,0.0,79.95,6.285,6.361,173973000.0,3860248000.0,352131000.0,352131000.0,0.0,,,,,0.0,28864000.0,1.0,108456419.0,109771249,111107367.0,3.208,16992417000.0,0.0,61632000.0,226399000.0,154.798,
34,ABKFQ,MRQ,2004-06-30,2004-06-30,2004-06-30,2020-09-30,120035000.0,16851506000.0,,,,,40.719,0.0,33164000.0,33164000.0,18170000.0,180710000.0,,2.775,1015007000.0,,,1015007000.0,2727315000.0,742000.0,0.0,0.0,0.0,257733000.0,258475000.0,0.734,258475000.0,257733000.0,244272000.0,1.65,1.63,1.65,4464213000.0,,4464213000.0,8896014539.0,9.0,9.158,325347000.0,2.968,1.0,333856000.0,0.948,0.0,13461000.0,17833349000.0,,0.0,14835440000.0,,,12387293000.0,,,7961069539.0,13118000.0,0.0,1656000.0,-224830000.0,-11924000.0,-226263000.0,-85966000.0,-98729000.0,325347000.0,0.0,180710000.0,180710000.0,180710000.0,186000.0,0.0,0.513,35259000.0,298597000.0,288260000.0,0.0,1.783,11.869,11.826,0.0,0.0,73.44,5.9,5.968,152192000.0,3698656000.0,352026000.0,352026000.0,0.0,,,,,0.0,31878000.0,1.0,108402363.0,109634527,110924314.0,3.211,16851506000.0,0.0,63562000.0,149689000.0,153.706,
35,ABKFQ,MRQ,2004-03-31,2004-03-31,2004-03-31,2020-09-30,353500000.0,17457448000.0,,,,,41.559,0.0,20046000.0,20046000.0,18222000.0,171611000.0,,2.854,954991000.0,,,954991000.0,2576080000.0,778000.0,0.0,0.0,0.0,244602000.0,245380000.0,0.727,245380000.0,244602000.0,230977000.0,1.57,1.55,1.57,4529528000.0,,4529528000.0,8967877001.0,9.0,9.456,222284000.0,2.039,1.0,319158000.0,0.946,0.0,13625000.0,18392393000.0,,0.0,15148000000.0,,,12927920000.0,,,7975051001.0,-4403000.0,3676000.0,11236000.0,-61489000.0,-11830000.0,-36400000.0,-190287000.0,-197018000.0,222284000.0,0.0,171611000.0,171611000.0,171611000.0,144000.0,0.0,0.509,31720000.0,287438000.0,175702000.0,0.0,1.761,12.22,12.115,0.0,0.0,73.78,6.047,6.097,17823000.0,3534042000.0,337380000.0,337380000.0,0.0,,,,,0.0,28025000.0,1.0,108092315.0,108990437,110397003.0,3.096,17457448000.0,0.0,59366000.0,282050000.0,160.174,
36,ABKFQ,MRQ,2003-12-31,2003-12-31,2003-12-31,2020-09-30,266919000.0,16747314000.0,,,,,39.778,0.0,24539000.0,24539000.0,16800000.0,158752000.0,,2.936,1206426000.0,,,1206426000.0,2545490000.0,799000.0,0.0,0.0,0.0,235629000.0,236428000.0,0.699,236428000.0,235629000.0,222169000.0,1.49,1.45,1.49,4254558000.0,,4254558000.0,8314040744.0,9.0,9.261,210073000.0,1.964,1.0,321336000.0,0.95,0.0,13460000.0,17929201000.0,,0.0,16003844000.0,,,12492756000.0,,,7414682744.0,-12462000.0,0.0,14249000.0,159998000.0,-11760000.0,208379000.0,-430914000.0,-436428000.0,210073000.0,0.0,158752000.0,158752000.0,158752000.0,8447000.0,0.0,0.469,30424000.0,290912000.0,18213000.0,0.0,1.743,11.98,11.943,0.0,0.0,69.39,5.828,5.812,4425000.0,3380098000.0,338136000.0,338136000.0,0.0,,,,,0.0,27185000.0,1.0,106855206.0,106956405,109797505.0,3.161,16747314000.0,0.0,63417000.0,214234000.0,156.581,
37,ABKFQ,MRQ,2003-09-30,2003-09-30,2003-09-30,2020-09-30,271493000.0,16344435000.0,,,,,38.297,0.0,37001000.0,37001000.0,15900000.0,159669000.0,,2.997,936359000.0,,,936359000.0,2470122000.0,752000.0,0.0,0.0,0.0,230405000.0,231157000.0,0.719,231157000.0,230405000.0,216655000.0,1.5,1.45,1.5,4089287000.0,,4089287000.0,7735775408.0,10.0,10.376,286867000.0,2.687,1.0,305790000.0,0.951,0.0,13750000.0,17243793000.0,,0.0,14533679000.0,,,12255148000.0,,,6830617408.0,10021000.0,0.0,4673000.0,-195528000.0,-11748000.0,-203667000.0,-73179000.0,-75115000.0,286867000.0,0.0,159669000.0,159669000.0,159669000.0,412000.0,0.0,0.496,29083000.0,276707000.0,388573000.0,0.0,1.67,13.027,12.982,0.0,0.0,64.0,6.211,6.214,96925000.0,3235642000.0,321690000.0,321690000.0,0.0,,,,,0.0,25733000.0,1.0,106728397.0,106779009,109944141.0,3.013,16344435000.0,0.0,56986000.0,229742000.0,153.068,
38,ABKFQ,MRQ,2003-06-30,2003-06-30,2003-06-30,2020-09-30,378273000.0,16797299000.0,,,,,37.974,0.0,26980000.0,26980000.0,10900000.0,162571000.0,,3.156,932138000.0,,,932138000.0,2371250000.0,794000.0,0.0,0.0,0.0,234577000.0,235371000.0,0.732,235371000.0,234577000.0,220040000.0,1.53,1.48,1.53,4041502000.0,,4041502000.0,8259115553.0,12.0,11.734,332081000.0,3.12,1.0,310720000.0,0.966,0.0,14537000.0,17702457000.0,,0.0,14797004000.0,,,12755797000.0,,,7040050553.0,-24076000.0,0.0,21014000.0,-601519000.0,-10629000.0,-592129000.0,235972000.0,231350000.0,332081000.0,0.0,162571000.0,162571000.0,162571000.0,186000.0,0.0,0.505,25797000.0,284923000.0,462659000.0,0.0,1.742,14.183,14.186,0.0,0.0,66.25,6.663,6.673,80934000.0,3088365000.0,321620000.0,321620000.0,0.0,,,,,0.0,23240000.0,1.0,106264914.0,106428045,109417451.0,3.022,16797299000.0,0.0,57469000.0,273892000.0,157.828,
39,ABKFQ,MRQ,2003-03-31,2003-03-31,2003-03-31,2020-09-30,272776000.0,16344942000.0,,,,,35.488,0.0,51056000.0,51056000.0,9800000.0,137923000.0,,3.343,1270121000.0,,,1270121000.0,2163232000.0,820000.0,0.0,0.0,0.0,193995000.0,194815000.0,0.67,194815000.0,193995000.0,181541000.0,1.3,1.27,1.3,3763512000.0,,3763512000.0,6081754026.0,10.0,9.516,176708000.0,1.666,1.0,280962000.0,0.966,0.0,12454000.0,17564007000.0,,0.0,14526420000.0,,,12581430000.0,,,5358620026.0,25240000.0,0.0,2360000.0,666234000.0,-10602000.0,656516000.0,-807984000.0,-794718000.0,176708000.0,0.0,137923000.0,137923000.0,137923000.0,139000.0,0.0,0.474,33396000.0,247566000.0,151893000.0,0.0,1.424,11.814,11.831,0.0,0.0,50.52,5.367,5.366,37133000.0,2946246000.0,290762000.0,290762000.0,0.0,,,,,0.0,30439000.0,1.0,106069280.0,106050379,108737211.0,2.742,16344942000.0,0.0,43618000.0,250649000.0,154.124,
40,ABKFQ,MRQ,2002-12-31,2002-12-31,2002-12-31,2020-09-30,265427000.0,15355538000.0,,,,,34.205,0.0,25816000.0,25816000.0,9000000.0,64190000.0,,3.236,748950000.0,,,748950000.0,2128847000.0,858000.0,0.0,0.0,0.0,83346000.0,84204000.0,0.508,84204000.0,83346000.0,71878000.0,0.6,0.59,0.6,3625179000.0,,3625179000.0,7001069852.0,12.0,11.455,294776000.0,2.781,1.0,156717000.0,0.946,0.0,11468000.0,16078672000.0,,0.0,13643937000.0,,,11730359000.0,,,5960199852.0,-6526000.0,0.0,10184000.0,685973000.0,-10597000.0,684077000.0,-985379000.0,-1005749000.0,294776000.0,0.0,64190000.0,64190000.0,64190000.0,-666000.0,0.0,0.387,16374000.0,140343000.0,95084000.0,0.0,1.644,13.778,13.784,0.0,0.0,56.24,6.217,6.216,6936000.0,2820281000.0,165717000.0,165717000.0,0.0,,,,,0.0,22722000.0,1.0,105977949.0,105984429,108818777.0,1.564,15355538000.0,0.0,7688000.0,230448000.0,144.885,
41,ABKFQ,MRQ,2002-09-30,2002-09-30,2002-09-30,2020-09-30,319793000.0,14688079000.0,,,,,34.195,0.0,32342000.0,32342000.0,6100000.0,131691000.0,,3.057,1073212000.0,,,1073212000.0,1926789000.0,884000.0,0.0,0.0,0.0,188570000.0,189454000.0,0.68,189454000.0,188570000.0,177796000.0,1.24,1.21,1.24,3620124000.0,,3620124000.0,6690403300.0,10.0,9.633,271112000.0,2.561,1.0,272443000.0,0.978,0.0,10774000.0,15728949000.0,,0.0,12536708000.0,,,11067955000.0,,,5706062300.0,-4789000.0,0.0,-21901000.0,-181172000.0,-10590000.0,-214865000.0,-61036000.0,-33612000.0,271112000.0,0.0,131691000.0,131691000.0,131691000.0,0.0,0.0,0.473,25731000.0,246712000.0,252284000.0,0.0,1.576,11.761,11.741,0.0,0.0,53.89,4.708,4.708,531720000.0,2772509000.0,278543000.0,278543000.0,0.0,,,,,0.0,20351000.0,1.0,105883509.0,105865884,108959876.0,2.631,14688079000.0,0.0,46105000.0,307605000.0,138.742,
42,ABKFQ,MRQ,2002-06-30,2002-06-30,2002-06-30,2020-09-30,158746000.0,13869466000.0,,,,,31.672,0.0,37131000.0,37131000.0,5900000.0,119761000.0,,3.126,1021472000.0,,,1021472000.0,1869659000.0,871000.0,0.0,0.0,0.0,169758000.0,170629000.0,0.648,170629000.0,169758000.0,158942000.0,1.13,1.09,1.13,3361201000.0,,3361201000.0,8108669899.0,12.0,12.292,104348000.0,0.983,1.0,257458000.0,0.978,0.0,10816000.0,14853807000.0,,0.0,12571354000.0,,,10508265000.0,,,7122044899.0,-19665000.0,0.0,9269000.0,537747000.0,-9552000.0,532304000.0,-656317000.0,-660009000.0,104348000.0,0.0,119761000.0,119761000.0,119761000.0,0.0,0.0,0.455,26317000.0,231141000.0,167858000.0,0.0,2.119,15.334,15.273,0.0,0.0,67.2,6.389,6.398,10712000.0,2652042000.0,263358000.0,263358000.0,0.0,,,,,0.0,20618000.0,1.0,105982811.0,106124220,109515722.0,2.482,13869466000.0,0.0,39181000.0,201964000.0,130.691,
43,ABKFQ,MRQ,2002-03-31,2002-03-31,2002-03-31,2020-09-30,14823000.0,12833734000.0,,,,,28.859,0.0,56796000.0,56796000.0,5700000.0,116952000.0,,3.202,1043421000.0,,,1043421000.0,1806564000.0,853000.0,0.0,0.0,0.0,166047000.0,166900000.0,0.665,166900000.0,166047000.0,155381000.0,1.11,1.07,1.11,3054205000.0,,3054205000.0,7223781284.0,11.0,11.296,106536000.0,1.007,1.0,245326000.0,0.977,0.0,10666000.0,13820359000.0,,0.0,11801623000.0,,,9779529000.0,,,6256046284.0,-19784000.0,0.0,16313000.0,349805000.0,-9512000.0,355999000.0,-482319000.0,-476941000.0,106536000.0,0.0,116952000.0,116952000.0,116952000.0,0.0,0.0,0.466,25163000.0,220163000.0,279438000.0,0.0,2.048,13.83,13.769,0.0,0.0,59.07,6.069,6.064,12702000.0,2500605000.0,251026000.0,251026000.0,0.0,,,,,0.0,20027000.0,1.0,105909028.0,105831879,109153901.0,2.372,12833734000.0,0.0,38429000.0,149598000.0,121.265,
44,ABKFQ,MRQ,2001-12-31,2001-12-31,2001-12-31,2020-09-30,62476000.0,12339543000.0,,,,,28.265,0.0,76580000.0,76580000.0,-11127000.0,116746000.0,,3.136,1044315000.0,,,1044315000.0,1780272000.0,849000.0,0.0,0.0,0.0,166714000.0,167563000.0,0.4,167563000.0,166714000.0,154610000.0,1.11,1.07,1.11,2983688000.0,,2983688000.0,6411352207.0,11.0,10.478,164339000.0,1.557,1.0,430067000.0,1.027,0.0,12104000.0,13307278000.0,,0.0,11200244000.0,,,9355855000.0,,,6106146207.0,-34847000.0,0.0,145000.0,1013910000.0,-9498000.0,996089000.0,-1195275000.0,-1219119000.0,164339000.0,0.0,116746000.0,116746000.0,116746000.0,65000.0,0.0,0.279,27840000.0,402227000.0,73061000.0,0.0,2.047,14.105,14.112,0.0,0.0,57.86,6.449,6.46,13023000.0,2403473000.0,418940000.0,418940000.0,0.0,,,,,0.0,23265000.0,1.0,105533118.0,105562866,108849724.0,3.969,12339543000.0,0.0,37864000.0,221222000.0,116.893,
45,ABKFQ,MRQ,2001-09-30,2001-09-30,2001-09-30,2020-09-30,136651000.0,11410503000.0,,,,,28.019,0.0,111427000.0,111427000.0,10123000.0,111008000.0,,2.85,416633000.0,,,416633000.0,1719890000.0,869000.0,0.0,0.0,0.0,153692000.0,154561000.0,0.852,154561000.0,153692000.0,144322000.0,1.05,1.02,1.05,2963942000.0,,2963942000.0,6180781678.0,11.0,10.601,181498000.0,1.716,1.0,171215000.0,0.944,0.0,9370000.0,11715709000.0,,0.0,10216021000.0,,,8446561000.0,,,5791904678.0,76210000.0,0.0,-13295000.0,79660000.0,-9528000.0,56837000.0,-162125000.0,-156326000.0,181498000.0,0.0,111008000.0,111008000.0,111008000.0,0.0,0.0,0.612,17523000.0,153692000.0,180482000.0,0.0,1.954,14.019,13.992,0.0,0.0,54.71,5.94,5.935,74818000.0,2303313000.0,181338000.0,181338000.0,0.0,,,,,0.0,16602000.0,1.0,105865558.0,105781745,109077058.0,1.714,11410503000.0,0.0,33314000.0,227389000.0,107.868,
46,ABKFQ,MRQ,2001-06-30,2001-06-30,2001-06-30,2020-09-30,44222000.0,10809016000.0,,,,,26.364,0.0,35217000.0,35217000.0,10773000.0,107637000.0,,2.875,424094000.0,,,424094000.0,1681159000.0,848000.0,0.0,0.0,0.0,149631000.0,150479000.0,0.838,150479000.0,149631000.0,140146000.0,1.02,0.99,1.02,2789764000.0,,2789764000.0,6543363570.0,12.0,11.723,210648000.0,1.991,1.0,168771000.0,0.94,0.0,9485000.0,11197893000.0,,0.0,9927109000.0,,,8019252000.0,,,6156754570.0,-2251000.0,0.0,2913000.0,342664000.0,-8463000.0,337114000.0,-550013000.0,-546324000.0,210648000.0,0.0,107637000.0,107637000.0,107637000.0,0.0,0.0,0.6,19140000.0,149631000.0,192727000.0,0.0,2.207,15.664,15.645,0.0,0.0,58.2,6.498,6.5,67682000.0,2212762000.0,179544000.0,179544000.0,0.0,,,,,0.0,17426000.0,1.0,105786161.0,105816151,109051506.0,1.697,10809016000.0,0.0,32509000.0,144869000.0,102.149,
47,ABKFQ,MRQ,2001-03-31,2001-03-31,2001-03-31,2020-09-30,82453000.0,10189600000.0,,,,,25.82,0.0,37468000.0,37468000.0,10231000.0,97515000.0,,2.735,424077000.0,,,424077000.0,1554199000.0,913000.0,0.0,0.0,0.0,138354000.0,139267000.0,0.834,139267000.0,138354000.0,128871000.0,0.92,0.9,0.92,2728242000.0,,2728242000.0,7080141136.0,13.0,13.108,115346000.0,1.092,1.0,156734000.0,0.939,0.0,9483000.0,10576209000.0,,0.0,9329026000.0,,,7461358000.0,,,6701508136.0,-7960000.0,0.0,7648000.0,-203475000.0,-8448000.0,-204275000.0,80969000.0,82745000.0,115346000.0,0.0,97515000.0,97515000.0,97515000.0,0.0,0.0,0.584,18380000.0,138354000.0,84671000.0,0.0,2.456,17.727,17.718,0.0,0.0,63.43,7.242,7.242,28969000.0,2117877000.0,166965000.0,166965000.0,0.0,,,,,0.0,16643000.0,1.0,105652028.0,105663065,108844261.0,1.58,10189600000.0,0.0,31356000.0,180114000.0,96.435,
48,ABKFQ,MRQ,2000-12-31,2000-12-31,2000-12-31,2020-09-30,45154000.0,10120300000.0,,,,,24.613,0.0,45428000.0,45428000.0,-14320000.0,96986000.0,,2.898,424061000.0,,,424061000.0,1546290000.0,906000.0,0.0,0.0,0.0,137844000.0,138750000.0,0.31,138750000.0,137844000.0,128520000.0,0.92,0.9,0.92,2596114000.0,,2596114000.0,6549667913.0,13.0,12.518,155198000.0,1.471,1.0,461570000.0,1.032,0.0,9324000.0,10498933000.0,,0.0,9274909000.0,,,7524186000.0,,,6140478913.0,30573000.0,0.0,5002000.0,-329163000.0,-8438000.0,-332599000.0,207974000.0,210086000.0,155198000.0,0.0,96986000.0,96986000.0,96986000.0,0.0,0.0,0.217,40723000.0,420847000.0,14827000.0,0.0,2.365,16.769,16.708,0.0,0.0,58.313,6.79,6.773,9680000.0,2035209000.0,447250000.0,447250000.0,0.0,,,,,0.0,21342000.0,1.0,105302961.0,105477111,108506287.0,4.24,10120300000.0,0.0,31534000.0,131663000.0,95.948,
49,ABKFQ,MRQ,2000-09-30,2000-09-30,2000-09-30,2020-09-30,-85869000.0,10114724000.0,,,,,22.572,0.0,14855000.0,14855000.0,9716000.0,90908000.0,,3.263,424044000.0,,,424044000.0,1497541000.0,950000.0,0.0,0.0,0.0,128734000.0,129684000.0,0.844,129684000.0,128734000.0,119340000.0,0.86,0.84,0.86,2372544000.0,,2372544000.0,5529321355.0,11.0,10.932,150603000.0,1.433,1.0,143952000.0,0.937,0.0,9394000.0,10523913000.0,,0.0,9293587000.0,,,7742180000.0,,,5117264355.0,2884000.0,0.0,12735000.0,-131479000.0,-8400000.0,-127144000.0,-20575000.0,-19792000.0,150603000.0,0.0,90908000.0,90908000.0,90908000.0,0.0,0.0,0.592,15218000.0,128734000.0,80313000.0,0.0,2.157,14.491,14.504,0.0,0.0,48.833,8.511,8.537,72279000.0,1948822000.0,153668000.0,153668000.0,0.0,,,,,0.0,13208000.0,1.0,104790404.0,105111708,107732178.0,1.462,10114724000.0,0.0,28432000.0,43423000.0,96.228,
50,ABKFQ,MRQ,2000-06-30,2000-06-30,2000-06-30,2020-09-30,-132416000.0,10798233000.0,,,,,21.291,0.0,11971000.0,11971000.0,9876000.0,92640000.0,,3.842,424028000.0,,,424028000.0,1441946000.0,890000.0,0.0,0.0,0.0,131550000.0,132440000.0,0.841,132440000.0,131550000.0,122170000.0,0.88,0.87,0.88,2230054000.0,,2230054000.0,4204898119.0,9.0,8.557,84208000.0,0.804,1.0,147645000.0,0.937,0.0,9380000.0,11210290000.0,,0.0,9263331000.0,,,8568179000.0,,,3827446119.0,-34589000.0,0.0,1775000.0,-753778000.0,-7677000.0,-759680000.0,640883000.0,642543000.0,84208000.0,0.0,92640000.0,92640000.0,92640000.0,0.0,0.0,0.588,16095000.0,131550000.0,608095000.0,0.0,1.716,11.19,11.185,0.0,0.0,36.542,6.545,6.545,761888000.0,1871599000.0,157521000.0,157521000.0,0.0,,,,,0.0,13876000.0,1.0,104741960.0,104743016,106889822.0,1.504,10798233000.0,10590000.0,29530000.0,21239000.0,103.093,
51,ABKFQ,MRQ,2000-03-31,2000-03-31,2000-03-31,2020-09-30,-126192000.0,11142607000.0,,,,,20.523,0.0,46560000.0,46560000.0,9728000.0,85638000.0,,4.181,424012000.0,,,424012000.0,1417729000.0,868000.0,0.0,0.0,0.0,121473000.0,122341000.0,0.839,122341000.0,121473000.0,112094000.0,0.82,0.8,0.82,2150721000.0,,2150721000.0,3925998560.0,9.0,8.52,91319000.0,0.871,1.0,136146000.0,0.933,0.0,9379000.0,11520059000.0,,0.0,9856612000.0,,,8991886000.0,,,3515591560.0,32972000.0,0.0,-5204000.0,6352000.0,-7698000.0,-6550000.0,-51797000.0,-49799000.0,91319000.0,0.0,85638000.0,85638000.0,85638000.0,0.0,0.0,0.587,14673000.0,121473000.0,551566000.0,0.0,1.635,10.974,10.95,0.0,0.0,33.583,6.383,6.39,542452000.0,1789260000.0,145874000.0,145874000.0,0.0,,,,,0.0,13478000.0,1.0,104682638.0,104794053,106804643.0,1.392,11142607000.0,10402000.0,26456000.0,32627000.0,106.329,
52,ABKFQ,MRQ,1999-12-31,1999-12-31,1999-12-31,2020-09-30,-187540000.0,11345096000.0,,,,,19.239,0.0,13588000.0,13588000.0,8852000.0,83952000.0,,4.621,423995000.0,,,423995000.0,1431076000.0,802000.0,0.0,0.0,0.0,120542000.0,121344000.0,0.841,121344000.0,120542000.0,111339000.0,0.807,0.787,0.807,2018450000.0,,2018450000.0,4061230432.0,9.0,9.144,155496000.0,1.482,1.0,135352000.0,0.939,0.0,9203000.0,11755503000.0,,0.0,9751023000.0,,,9326646000.0,,,3648965432.0,1874000.0,0.0,2030000.0,-157878000.0,-7694000.0,-163542000.0,9920000.0,34379000.0,155496000.0,0.0,83952000.0,83952000.0,83952000.0,0.0,0.0,0.582,14810000.0,120542000.0,825177000.0,0.0,1.808,11.85,11.834,0.0,0.0,34.792,6.843,6.842,778787000.0,1713446000.0,144204000.0,144204000.0,0.0,,,,,0.0,13039000.0,1.0,104880434.0,104916478,107041319.0,1.374,11345096000.0,57377000.0,27387000.0,24831000.0,108.135,
53,ABKFQ,MRQ,1999-09-30,1999-09-30,1999-09-30,2020-09-30,-98964000.0,11325663000.0,,,,,19.331,0.0,11714000.0,11714000.0,9174000.0,79802000.0,,4.587,423979000.0,,,423979000.0,1365545000.0,760000.0,0.0,0.0,0.0,114528000.0,115288000.0,0.84,115288000.0,114528000.0,105383000.0,0.76,0.747,0.76,2027197000.0,,2027197000.0,3727304243.0,9.0,9.056,126780000.0,1.209,1.0,128024000.0,0.933,0.0,9145000.0,11737928000.0,,0.0,9881759000.0,,,9298466000.0,,,3311651243.0,3405000.0,0.0,965000.0,220048000.0,-7689000.0,213324000.0,-336699000.0,-338357000.0,126780000.0,0.0,79802000.0,79802000.0,79802000.0,0.0,0.0,0.582,13496000.0,114528000.0,724210000.0,0.0,1.634,11.574,11.556,0.0,0.0,31.583,6.58,6.581,781030000.0,1638325000.0,137198000.0,137198000.0,0.0,,,,,0.0,11976000.0,1.0,104854404.0,104867457,107005526.0,1.308,11325663000.0,4872000.0,25581000.0,26370000.0,108.0,
54,ABKFQ,MRQ,1999-06-30,1999-06-30,1999-06-30,2020-09-30,-18437000.0,11081799000.0,,,,,19.505,0.0,8309000.0,8309000.0,9279000.0,70969000.0,,4.42,423962000.0,,,423962000.0,1339268000.0,736000.0,0.0,0.0,0.0,101079000.0,101815000.0,0.824,101815000.0,101079000.0,91985000.0,0.68,0.667,0.68,2044468000.0,,2044468000.0,4403767198.0,11.0,11.241,81941000.0,0.782,1.0,114223000.0,0.925,0.0,9094000.0,11497452000.0,,0.0,9634870000.0,,,9037331000.0,,,3988681198.0,-551000.0,0.0,3763000.0,2963000.0,-6986000.0,-260000.0,-82232000.0,-82185000.0,81941000.0,0.0,70969000.0,70969000.0,70969000.0,0.0,0.0,0.575,13144000.0,101079000.0,635593000.0,0.0,1.951,14.68,14.647,0.0,0.0,38.083,8.25,8.256,817031000.0,1577902000.0,123502000.0,123502000.0,0.0,,,,,0.0,11872000.0,1.0,104735621.0,104816186,106963667.0,1.178,11081799000.0,0.0,21016000.0,57733000.0,105.726,
55,ABKFQ,MRQ,1999-03-31,1999-03-31,1999-03-31,2020-09-30,100395000.0,11341895000.0,,,,,19.986,0.0,8860000.0,8860000.0,9477000.0,73194000.0,,4.411,423946000.0,,,423946000.0,1315320000.0,671000.0,0.0,0.0,0.0,105034000.0,105705000.0,0.823,105705000.0,105034000.0,95951000.0,0.7,0.687,0.7,2096138000.0,,2096138000.0,4194436498.0,11.0,11.107,90183000.0,0.86,1.0,118894000.0,0.926,0.0,9083000.0,11756981000.0,,0.0,9822042000.0,,,9245757000.0,,,3778746498.0,621000.0,0.0,-6866000.0,145583000.0,-6997000.0,131720000.0,-221282000.0,-229539000.0,90183000.0,0.0,73194000.0,73194000.0,73194000.0,0.0,0.0,0.57,13860000.0,105034000.0,1067779000.0,0.0,1.803,14.449,14.4,0.0,0.0,36.0,8.036,8.029,906660000.0,1515336000.0,128371000.0,128371000.0,0.0,,,,,0.0,11917000.0,1.0,104965181.0,104878763,107003409.0,1.224,11341895000.0,0.0,22757000.0,140853000.0,108.143,
56,ABKFQ,MRQ,1998-12-31,1998-12-31,1998-12-31,2020-09-30,159313000.0,11212311000.0,,,,,19.997,0.0,8239000.0,8239000.0,12757000.0,62158000.0,,4.349,423929000.0,,,423929000.0,1294214000.0,675000.0,0.0,0.0,0.0,88116000.0,88791000.0,0.777,88791000.0,88116000.0,79003000.0,0.593,0.583,0.593,2096090000.0,,2096090000.0,4609509135.0,13.0,12.659,71970000.0,0.687,1.0,101484000.0,0.888,0.0,9113000.0,11628001000.0,,0.0,9674602000.0,,,9116221000.0,,,4195218135.0,-1383000.0,0.0,12626000.0,284358000.0,-6977000.0,290007000.0,-363360000.0,-362627000.0,71970000.0,0.0,62158000.0,62158000.0,62158000.0,0.0,0.0,0.544,13368000.0,88116000.0,1083175000.0,0.0,2.001,16.517,16.581,0.0,0.0,40.125,9.179,9.21,843013000.0,1449832000.0,114241000.0,114241000.0,0.0,,,,,0.0,11668000.0,1.0,104553723.0,104821257,106188403.0,1.09,11212311000.0,0.0,16845000.0,152731000.0,106.966,
57,ABKFQ,MRQ,1998-09-30,1998-09-30,1998-09-30,2020-09-30,205963000.0,11091706000.0,,,,,19.902,0.0,9622000.0,9622000.0,9737000.0,65382000.0,,4.321,423913000.0,,,423913000.0,1251619000.0,993000.0,0.0,0.0,0.0,94453000.0,95446000.0,0.813,95446000.0,94453000.0,85199000.0,0.627,0.613,0.627,2084383000.0,,2084383000.0,3754881256.0,11.0,10.503,122081000.0,1.166,1.0,107620000.0,0.917,0.0,9254000.0,11505997000.0,,0.0,9275126000.0,,,9007323000.0,,,3359474256.0,-18868000.0,0.0,-13408000.0,360030000.0,-7001000.0,339621000.0,-480570000.0,-459824000.0,122081000.0,0.0,65382000.0,65382000.0,65382000.0,0.0,0.0,0.557,13167000.0,94453000.0,1020852000.0,0.0,1.612,13.399,13.372,0.0,0.0,32.0,7.545,7.527,1156486000.0,1410184000.0,117357000.0,117357000.0,0.0,,,,,0.0,11844000.0,1.0,104983571.0,104734548,107084586.0,1.121,11091706000.0,0.0,19817000.0,178499000.0,105.903,
58,ABKFQ,MRQ,1998-06-30,1998-06-30,1998-06-30,2020-09-30,153516000.0,10235140000.0,,,,,18.948,0.0,28490000.0,28490000.0,10026000.0,60796000.0,,4.143,423897000.0,,,423897000.0,1220701000.0,415000.0,0.0,0.0,0.0,87295000.0,87710000.0,0.796,87710000.0,87295000.0,78513000.0,0.58,0.567,0.58,1989934000.0,,1989934000.0,4313092317.0,12.0,12.411,60156000.0,0.573,1.0,100229000.0,0.909,0.0,8782000.0,10630547000.0,,0.0,8865609000.0,,,8245206000.0,,,4099782317.0,17920000.0,0.0,-6234000.0,492277000.0,-6293000.0,479750000.0,-521986000.0,-505685000.0,60156000.0,0.0,60796000.0,60796000.0,60796000.0,0.0,0.0,0.551,12934000.0,87295000.0,1000907000.0,0.0,2.06,16.657,16.617,0.0,0.0,39.0,9.524,9.515,752199000.0,1355957000.0,110255000.0,110255000.0,0.0,,,,,0.0,11190000.0,1.0,105122624.0,105022766,107498493.0,1.05,10235140000.0,0.0,17717000.0,142741000.0,97.456,
59,ABKFQ,MRQ,1998-03-31,1998-03-31,1998-03-31,2020-09-30,129571000.0,9113215000.0,,,,,18.22,0.0,10570000.0,10570000.0,9020000.0,65658000.0,,3.761,223880000.0,,,223880000.0,1194701000.0,377000.0,0.0,0.0,0.0,91809000.0,92186000.0,0.8,92186000.0,91809000.0,86197000.0,0.627,0.613,0.627,1914204000.0,,1914204000.0,4311708167.0,13.0,12.933,73589000.0,0.7,1.0,106163000.0,0.922,0.0,5612000.0,9326525000.0,,0.0,8293359000.0,,,7199011000.0,,,4097100167.0,1314000.0,0.0,244000.0,619691000.0,-6300000.0,613635000.0,-685910000.0,-684073000.0,73589000.0,0.0,65658000.0,65658000.0,65658000.0,0.0,0.0,0.57,14354000.0,91809000.0,450975000.0,0.0,2.14,17.146,17.087,0.0,0.0,38.958,10.001,9.991,281055000.0,1306180000.0,115183000.0,115183000.0,0.0,,,,,0.0,12018000.0,1.0,105166217.0,105059693,107448039.0,1.096,9113215000.0,0.0,20539000.0,148104000.0,86.743,
60,ABKFQ,MRQ,1997-12-31,1997-12-31,1997-12-31,2020-09-30,135223000.0,8291705000.0,,,,,17.833,0.0,9256000.0,9256000.0,8520000.0,58884000.0,,3.428,223864000.0,,,223864000.0,1178990000.0,633000.0,0.0,0.0,0.0,81538000.0,82171000.0,0.802,82171000.0,81538000.0,76127000.0,0.56,0.547,0.56,1872482000.0,,1872482000.0,,,,57153000.0,0.544,1.0,93926000.0,0.917,0.0,5411000.0,8506313000.0,,0.0,7503780000.0,,,6419223000.0,,,3225097657.0,9211000.0,-120006000.0,-7156000.0,1044731000.0,-6294000.0,1031281000.0,-1079223000.0,-949860000.0,57153000.0,0.0,58884000.0,58884000.0,58884000.0,0.0,0.0,0.575,12388000.0,81538000.0,401799000.0,0.0,1.722,14.46,14.418,0.0,0.0,30.667,8.448,8.433,293506000.0,1262740000.0,102446000.0,102446000.0,0.0,,,,,0.0,11675000.0,1.0,105166217.0,105001434,107113316.0,0.976,8291705000.0,0.0,17243000.0,144244000.0,78.968,
61,ABKFQ,MRQ,1997-09-30,1997-09-30,1997-09-30,2020-09-30,,,,,,,,0.0,,,6481000.0,60795000.0,,,,,,,,420000.0,,0.0,0.0,85028000.0,85448000.0,0.833,85448000.0,85028000.0,79637000.0,0.58,0.567,0.58,,,,,,,136068000.0,1.294,1.0,96104000.0,0.937,,5391000.0,,,,,,,,,,,-6707000.0,0.0,904000.0,6939000.0,-6309000.0,1534000.0,-144309000.0,-138413000.0,136068000.0,0.0,60795000.0,60795000.0,60795000.0,0.0,0.0,0.593,11076000.0,85028000.0,,0.0,,,,,0.0,27.125,,,,,102585000.0,102585000.0,0.0,,,,,0.0,10173000.0,1.0,,105162512,107179593.0,0.975,,,18842000.0,,,
62,ABKFQ,MRQ,1997-06-30,1997-06-30,1997-06-30,2020-09-30,,,,,,,,0.0,,,6138000.0,53613000.0,,,,,,,,434000.0,,0.0,0.0,73139000.0,73573000.0,0.822,73573000.0,73139000.0,67836000.0,0.513,0.5,0.513,,,,,,,67976000.0,0.648,1.0,83327000.0,0.931,,5303000.0,,,,,,,,,,,-1723000.0,0.0,10768000.0,592613000.0,-5765000.0,597616000.0,-667315000.0,-662923000.0,67976000.0,0.0,53613000.0,53613000.0,53613000.0,0.0,0.0,0.599,10188000.0,73139000.0,,0.0,,,,,0.0,25.458,,,,,89465000.0,89465000.0,0.0,,,,,0.0,9732000.0,1.0,,104936028,106639982.0,0.853,,,14223000.0,,,
63,ABKFQ,MRQ,1997-03-31,1997-03-31,1997-03-31,2020-09-30,,,,,,,,0.0,,,9708000.0,49738000.0,,,,,,,,438000.0,,0.0,0.0,67637000.0,68075000.0,0.78,68075000.0,67637000.0,62396000.0,0.473,0.467,0.473,,,,,,,54814000.0,0.523,1.0,77558000.0,0.889,,5241000.0,,,,,,,,,,,741000.0,0.0,-15744000.0,-44610000.0,-5797000.0,-66151000.0,12078000.0,3048000.0,54814000.0,0.0,49738000.0,49738000.0,49738000.0,0.0,0.0,0.57,9921000.0,67637000.0,,0.0,,,,,0.0,21.5,,,,,87266000.0,87266000.0,0.0,,,,,0.0,9092000.0,1.0,,104831004,106542753.0,0.832,,,12658000.0,,,
64,ABKFQ,MRQ,1996-12-31,1996-12-31,1996-12-31,2020-09-30,58911000.0,5876358000.0,,,,,15.397,,7734000.0,7734000.0,,,,2.639,223798000.0,,,223798000.0,991224000.0,,0.0,0.0,0.0,,,,,,,,,,1615016000.0,,1615016000.0,,,,,,1.0,,,0.0,,6092422000.0,,0.0,5401711000.0,,,4261342000.0,,,,,,,,,,,,,,,,,,,,,,114535000.0,,,,8.403,0.0,,22.125,,5.124,52159000.0,1072418000.0,,,,,,,,,,1.0,,104894442,,,5876358000.0,0.0,,86624000.0,56.022,
0,ABKFQ,MRT,2012-12-31,2012-12-31,2012-12-31,2020-09-30,625385000.0,27007164000.0,26984932750.0,,,0.025,-12.919,0.0,46127000.0,46127000.0,683630000.0,-259354000.0,,-7.743,17647173000.0,,,17647173000.0,2778401000.0,3066000.0,0.0,0.0,0.0,-141509000.0,-138443000.0,-0.202,-138443000.0,-141509000.0,-253829000.0,-0.85,-0.85,-0.85,-3907527000.0,-4012400500.0,-3907527000.0,17273147361.0,-122.0,-124.767,-613898000.0,-2.03,1.0,2059000.0,0.003,0.0,112320000.0,44608210000.0,44122725250.0,0.0,24217145000.0,,,30254131000.0,,,3024361.0,27838000.0,0.0,0.0,-396244000.0,0.0,-396244000.0,1037980000.0,1078241000.0,-613898000.0,0.0,-256678000.0,-256678000.0,-256678000.0,0.0,-2676000.0,-0.374,146244000.0,-144185000.0,94552000.0,0.0,-0.001,-0.012,-0.012,0.0,0.0,0.01,0.004,0.004,1621382000.0,-6297264000.0,685689000.0,685689000.0,0.0,-0.01,0.064,-0.003,-0.206,0.0,139029000.0,1.0,302436107.0,302468867,302468867.0,2.267,27007164000.0,0.0,2849000.0,98364000.0,89.289,
1,ABKFQ,MRT,2012-09-30,2012-09-30,2012-09-30,2020-09-30,527969000.0,26947892000.0,27011565500.0,,,0.016,-13.715,0.0,94858000.0,94858000.0,1523994000.0,-1365853000.0,,-7.336,17364981000.0,,,17364981000.0,2985542000.0,3103000.0,0.0,0.0,0.0,-1241142000.0,-1238039000.0,-2.853,-1238039000.0,-1241142000.0,-1363192000.0,-4.5,-4.5,-4.5,-4148519000.0,-3988762500.0,-4148519000.0,16605419722.0,-13.0,-13.413,-600941000.0,-1.987,1.0,-1090088000.0,-2.512,0.0,122050000.0,44218015000.0,43929588750.0,0.0,23896432000.0,,,30435405000.0,,,6048722.0,68749000.0,0.0,0.0,-380398000.0,0.0,-344798000.0,1014488000.0,1078717000.0,-600941000.0,0.0,-1363467000.0,-1363467000.0,-1363467000.0,0.0,-2386000.0,-3.142,153440000.0,-1243528000.0,109098000.0,0.0,-0.001,-0.004,-0.004,0.0,0.0,0.02,0.014,0.014,1765835000.0,-6440840000.0,433906000.0,433906000.0,0.0,-0.05,0.342,-0.028,-2.86,0.0,138893000.0,1.0,302436107.0,302469966,302582276.0,1.435,26947892000.0,0.0,275000.0,97379000.0,89.093,
2,ABKFQ,MRT,2012-06-30,2012-06-30,2012-06-30,2020-09-30,417593000.0,26611791000.0,27181238000.0,,,0.01,-14.601,0.0,53788000.0,53788000.0,1482501000.0,-1598735000.0,,-6.876,16653159000.0,,,16653159000.0,3138275000.0,3093000.0,0.0,0.0,0.0,-1390043000.0,-1386950000.0,-5.284,-1386950000.0,-1390043000.0,-1521899000.0,-5.27,-5.27,-5.27,-4416439000.0,-3660333250.0,-4416439000.0,17089702946.0,-12.0,-12.322,-168577000.0,-0.557,1.0,-1220040000.0,-4.648,0.0,131856000.0,43211162000.0,43982111250.0,0.0,23438285000.0,,,30367170000.0,,,9072945.0,31633000.0,0.0,0.0,-348809000.0,0.0,-313209000.0,513419000.0,521008000.0,-168577000.0,0.0,-1596518000.0,-1596518000.0,-1596518000.0,0.0,-2217000.0,-6.083,172220000.0,-1392260000.0,103607000.0,0.0,-0.002,-0.006,-0.006,0.0,0.0,0.03,0.035,0.035,1941887000.0,-6598384000.0,262461000.0,262461000.0,0.0,-0.059,0.436,-0.032,-5.296,0.0,150406000.0,1.0,302431515.0,302469196,302469196.0,0.868,26611791000.0,0.0,74619000.0,96752000.0,87.982,
3,ABKFQ,MRT,2012-03-31,2012-03-31,2012-03-31,2020-09-30,445797000.0,27372884000.0,27513397500.0,,,0.015,-11.826,0.0,44728000.0,44728000.0,937488000.0,-887803000.0,,-8.467,17125358000.0,,,17125358000.0,3291152000.0,3773000.0,0.0,0.0,0.0,-680789000.0,-677016000.0,-1.625,-677016000.0,-680789000.0,-812460000.0,-2.93,-2.93,-2.93,-3577117000.0,-3238276750.0,-3577117000.0,16734066261.0,-25.0,-24.717,-38908000.0,-0.129,1.0,-520871000.0,-1.25,0.0,131671000.0,44453514000.0,44562118750.0,0.0,24082905000.0,,,30286526000.0,,,12097261.0,32305000.0,0.0,0.0,-176292000.0,0.0,-140692000.0,211905000.0,208707000.0,-38908000.0,0.0,-887832000.0,-887832000.0,-887832000.0,0.0,29000.0,-2.131,159889000.0,-680760000.0,137499000.0,0.0,-0.003,-0.014,-0.014,0.0,0.0,0.04,0.029,0.029,2025721000.0,-5786940000.0,416617000.0,416617000.0,0.0,-0.032,0.274,-0.015,-1.634,-15567000.0,132372000.0,1.0,302431515.0,302466328,302580597.0,1.377,27372884000.0,0.0,75372000.0,97449000.0,90.499,
4,ABKFQ,MRT,2011-12-31,2011-12-31,2011-12-31,2020-09-30,463259000.0,27113695000.0,27522752500.0,,,0.011,-12.607,0.0,20639000.0,20639000.0,1859455000.0,-1960371000.0,,-7.937,16742608000.0,,,16742608000.0,3457157000.0,3733000.0,0.0,0.0,0.0,-1754917000.0,-1751184000.0,-5.921,-1751184000.0,-1754917000.0,-1883009000.0,-6.48,-6.48,-6.48,-3812975000.0,-3031068000.0,-3812975000.0,17061734576.0,-10.0,-9.743,3557000.0,0.012,1.0,-1563691000.0,-5.287,0.0,128092000.0,43835664000.0,44460699750.0,0.0,23600046000.0,,,30263228000.0,,,6048576.0,6502000.0,0.0,0.0,-258241000.0,0.0,-225081000.0,228026000.0,224126000.0,3557000.0,0.0,-1960431000.0,-1960431000.0,-1960431000.0,0.0,60000.0,-6.628,191166000.0,-1754857000.0,117220000.0,0.0,-0.002,-0.003,-0.003,0.0,0.0,0.02,0.02,0.02,2066643000.0,-6039922000.0,295764000.0,295764000.0,0.0,-0.071,0.647,-0.039,-5.934,-15459000.0,141305000.0,1.0,302428811.0,302439299,302439299.0,0.978,27113695000.0,0.0,77422000.0,95709000.0,89.65,
5,ABKFQ,MRT,2011-09-30,2011-09-30,2011-09-30,2020-09-30,478218000.0,27626582000.0,28006107000.0,,,0.02,-9.372,0.0,66629000.0,66629000.0,1197295000.0,-1078692000.0,,-10.515,17122315000.0,,,17122315000.0,3520801000.0,3883000.0,0.0,0.0,0.0,-848504000.0,-844621000.0,-1.487,-844621000.0,-848504000.0,-1000825000.0,-3.57,-3.57,-3.57,-2834802000.0,-2579958250.0,-2834802000.0,17927088729.0,-21.0,-21.225,276715000.0,0.915,1.0,-629152000.0,-1.107,254163000.0,152321000.0,44428105000.0,45453163000.0,0.0,23650347000.0,,,29807158000.0,,,18145729.0,-48357000.0,0.0,0.0,-324073000.0,0.0,-333513000.0,8441000.0,-526000.0,276715000.0,0.0,-1078813000.0,-1078813000.0,-1078813000.0,0.0,121000.0,-1.899,232973000.0,-862125000.0,128324000.0,0.0,-0.006,-0.017,-0.017,0.0,0.0,0.06,0.032,0.032,2139278000.0,-5076708000.0,568143000.0,568143000.0,0.0,-0.039,0.418,-0.019,-1.493,-14345000.0,209698000.0,1.0,302428811.0,302467255,302467255.0,1.878,27372419000.0,0.0,77988000.0,98532000.0,90.497,
6,ABKFQ,MRT,2011-06-30,2011-06-30,2011-06-30,2020-09-30,509300000.0,27940429000.0,28931521250.0,,,0.031,-9.02,0.0,68198000.0,68198000.0,1422929000.0,-927164000.0,,-11.001,17977141000.0,,,17977141000.0,3408568000.0,4113000.0,0.0,0.0,0.0,-747641000.0,-743528000.0,-0.823,-743528000.0,-747641000.0,-924258000.0,-3.07,-3.07,-3.07,-2728213000.0,-2339285500.0,-2728213000.0,16667776881.0,-22.0,-22.417,473783000.0,1.566,1.0,-519347000.0,-0.575,318180000.0,176617000.0,45531192000.0,46949880500.0,0.0,24023521000.0,,,30014410000.0,,,30242881.0,-39298000.0,0.0,0.0,-400186000.0,0.0,-404536000.0,-108545000.0,-117731000.0,473783000.0,0.0,-927300000.0,-927300000.0,-927300000.0,0.0,136000.0,-1.026,237949000.0,-757296000.0,139736000.0,0.0,-0.011,-0.033,-0.033,0.0,0.0,0.1,0.033,0.033,1959143000.0,-5001201000.0,903582000.0,903582000.0,0.0,-0.032,0.396,-0.016,-0.827,-13107000.0,206038000.0,1.0,302428811.0,302467255,302467255.0,2.987,27622249000.0,0.0,3042000.0,23435000.0,91.323,
7,ABKFQ,MRT,2011-03-31,2011-03-31,2011-03-31,2020-09-30,371235000.0,27410304000.0,29460360250.0,,,0.039,-9.09,0.0,12316000.0,12316000.0,1549857000.0,-882320000.0,,-10.736,16649850000.0,,,16649850000.0,3821726000.0,3679000.0,0.0,0.0,0.0,-698619000.0,-694940000.0,-0.611,-694940000.0,-698619000.0,-880049000.0,-2.93,-2.93,-2.93,-2748282000.0,-2176508500.0,-2748282000.0,18035786322.0,-26.0,-25.953,-2431296000.0,-8.041,1.0,-413300000.0,-0.364,0.0,181430000.0,44047838000.0,47649697500.0,0.0,23465966000.0,,,29504201000.0,,,45364322.0,-107182000.0,0.0,0.0,-458579000.0,0.0,-548593000.0,2872707000.0,2859483000.0,-2431296000.0,0.0,-882427000.0,-882427000.0,-882427000.0,0.0,107000.0,-0.776,290646000.0,-703946000.0,210609000.0,0.0,-0.017,-0.051,-0.051,0.0,0.0,0.15,0.04,0.04,2368369000.0,-4898771000.0,1136557000.0,1136557000.0,0.0,-0.03,0.405,-0.015,-0.615,3881000.0,249436000.0,1.0,302428811.0,302355243,302355243.0,3.759,27410304000.0,0.0,2378000.0,24884000.0,90.656,
8,ABKFQ,MRT,2010-12-31,2010-12-31,2010-12-31,2020-09-30,291774000.0,29047113000.0,31561703500.0,,,0.014,-6.822,0.0,14095000.0,14095000.0,719362000.0,-753136000.0,,-15.136,18772499000.0,,,18772499000.0,4007886000.0,3645000.0,0.0,0.0,0.0,-571735000.0,-568090000.0,-1.309,-568090000.0,-571735000.0,-753064000.0,-2.56,-2.56,-2.56,-2008536000.0,-2022149250.0,-2008536000.0,19119968345.0,-33.0,-33.657,-2087013000.0,-7.088,1.0,-285227000.0,-0.657,0.0,181329000.0,47805517000.0,50752356250.0,0.0,25077715000.0,,,30401341000.0,,,33232345.0,-102582000.0,0.0,0.0,-398891000.0,0.0,-487277000.0,2471708000.0,2455817000.0,-2087013000.0,0.0,-753199000.0,-753199000.0,-753199000.0,0.0,63000.0,-1.735,286445000.0,-571672000.0,141450000.0,0.0,-0.017,-0.044,-0.043,0.0,0.0,0.11,0.077,0.075,2446101000.0,-4042335000.0,434135000.0,434135000.0,0.0,-0.024,0.372,-0.011,-1.317,5364000.0,254465000.0,1.0,302112225.0,294423698,294423698.0,1.475,29047113000.0,0.0,135000.0,22534000.0,98.658,
9,ABKFQ,MRT,2010-09-30,2010-09-30,2010-09-30,2020-09-30,347738000.0,31328239000.0,29021517000.0,,,0.028,-6.195,0.0,71625000.0,71625000.0,975885000.0,-113493000.0,,-17.385,19158361000.0,,,19158361000.0,4442271000.0,3446000.0,0.0,0.0,0.0,-431362000.0,-427916000.0,-0.53,-427916000.0,-431362000.0,-585399000.0,-0.4,-0.4,-0.4,-1872111000.0,-2091961500.0,-1872111000.0,18443855814.0,-43.0,-43.102,-2771969000.0,-9.173,1.0,-168951000.0,-0.209,0.0,154037000.0,50414975000.0,44654307250.0,0.0,26245530000.0,,,32545819000.0,,,169180814.0,-78863000.0,0.0,0.0,-466597000.0,0.0,-548346000.0,3241452000.0,3214408000.0,-2771969000.0,0.0,-113493000.0,-113493000.0,-113493000.0,0.0,0.0,-0.141,242071000.0,-411022000.0,185211000.0,0.0,-0.09,-1.491,-1.4,0.0,0.0,0.56,0.21,0.21,2825389000.0,-3978701000.0,806934000.0,806934000.0,0.0,-0.004,0.054,-0.01,-0.535,5013000.0,192879000.0,1.0,302108597.0,302177506,302177506.0,2.67,31328239000.0,0.0,-471906000.0,22449000.0,103.675,
10,ABKFQ,MRT,2010-06-30,2010-06-30,2010-06-30,2020-09-30,219939000.0,30055785000.0,25714221250.0,,,0.122,-7.161,0.0,58654000.0,58654000.0,1269702000.0,1998731000.0,,-15.155,18333329000.0,,,18333329000.0,4714527000.0,3247000.0,0.0,0.0,0.0,1619088000.0,1622335000.0,0.518,1622335000.0,1619088000.0,1492503000.0,6.93,6.93,6.93,-2077105000.0,-2331044750.0,-2077105000.0,20836011063.0,13.0,12.843,-3511254000.0,-12.106,1.0,1862902000.0,0.595,0.0,126585000.0,48330460000.0,37225845250.0,0.0,25138320000.0,,,31478464000.0,,,193215063.0,-1072533000.0,-1013260000.0,0.0,-571266000.0,0.0,-741674000.0,3180395000.0,4176159000.0,-3511254000.0,0.0,1998758000.0,1998758000.0,1998758000.0,0.0,-27000.0,0.638,221019000.0,1641883000.0,248891000.0,0.0,-0.093,0.097,0.097,0.0,0.0,0.67,0.062,0.062,2803834000.0,-4031055000.0,3132604000.0,3132604000.0,0.0,0.078,-0.857,0.043,0.517,8580000.0,179691000.0,1.0,288380691.0,290050931,290050931.0,10.8,30055785000.0,0.0,-506255000.0,22384000.0,103.622,
11,ABKFQ,MRT,2010-03-31,2010-03-31,2010-03-31,2020-09-30,119660000.0,35815677000.0,23211566250.0,,,0.098,-7.392,0.0,215749000.0,215749000.0,2177223000.0,-312478000.0,,-17.501,20858545000.0,,,20858545000.0,4926807000.0,3019000.0,0.0,0.0,0.0,-124810000.0,-121791000.0,-0.054,-121791000.0,-124810000.0,-244749000.0,-1.11,-1.11,-1.11,-2130845000.0,-3156551500.0,-2130845000.0,2763121060.0,-22.0,-22.687,-1165972000.0,-4.045,1.0,97330000.0,0.043,0.0,119939000.0,56458473000.0,30782017500.0,0.0,30707240000.0,,,37292462000.0,,,161050060.0,7991000.0,0.0,0.0,-834213000.0,0.0,-895344000.0,2069307000.0,2154495000.0,-1165972000.0,0.0,-312477000.0,-312477000.0,-312477000.0,0.0,-1000.0,-0.137,195365000.0,-98035000.0,623706000.0,0.0,-0.076,-0.515,-0.505,0.0,0.0,0.56,0.071,0.071,2983541000.0,-3972754000.0,2274553000.0,2274553000.0,0.0,-0.013,0.099,-0.004,-0.055,10509000.0,169602000.0,1.0,287589393.0,288244846,288244846.0,7.891,35815677000.0,0.0,67728000.0,22506000.0,124.254,
12,ABKFQ,MRT,2009-12-31,2009-12-31,2009-12-31,2020-09-30,-24827000.0,18886367000.0,19303246250.0,,,0.202,-7.953,0.0,113230000.0,113230000.0,2827901000.0,-14616000.0,,-8.969,4640184000.0,,,4640184000.0,5687114000.0,2983000.0,0.0,0.0,0.0,844534000.0,847517000.0,0.217,847517000.0,844534000.0,724908000.0,-0.05,-0.05,-0.05,-2287785000.0,-3618368000.0,-2287785000.0,2840770196.0,3.0,3.352,-1877263000.0,-6.526,1.0,1072540000.0,0.275,0.0,119626000.0,23413321000.0,22142026750.0,0.0,12551444000.0,,,20520012000.0,,,238699196.0,5317000.0,0.0,0.0,-1766581000.0,0.0,-1731154000.0,3613734000.0,3609141000.0,-1877263000.0,0.0,-14613000.0,-14613000.0,-14613000.0,0.0,-3000.0,-0.004,193878000.0,878662000.0,293917000.0,0.0,-0.104,-16.335,-16.6,0.0,0.0,0.83,0.061,0.061,3721264000.0,-3878015000.0,3900441000.0,3900441000.0,0.0,-0.001,0.004,0.038,0.217,14078000.0,175718000.0,1.0,287589393.0,287647272,287647272.0,13.56,18886367000.0,432688000.0,739521000.0,0.0,65.658,
13,ABKFQ,MRT,2009-09-30,2009-09-30,2009-09-30,2020-09-30,6372000.0,18099056000.0,18896572750.0,,,0.165,-9.795,0.0,149554000.0,149554000.0,3348748000.0,-2913367000.0,,-7.168,2751625000.0,,,2751625000.0,6100656000.0,2969000.0,0.0,0.0,0.0,-504989000.0,-502020000.0,-0.161,-502020000.0,-504989000.0,-624394000.0,-10.67,-10.67,-10.67,-2828444000.0,-3991999000.0,-2828444000.0,2993085709.0,-6.0,-5.962,-1461237000.0,-5.06,1.0,-228089000.0,-0.073,0.0,119405000.0,20701127000.0,21043834500.0,0.0,11624367000.0,,,20273597000.0,,,483101709.0,57510000.0,0.0,-18000.0,-3866158000.0,-2880000.0,-3645084000.0,5163831000.0,5054064000.0,-1461237000.0,0.0,-2913541000.0,-2913541000.0,-2913541000.0,0.0,174000.0,-0.934,211181000.0,-439270000.0,352409000.0,0.0,-0.171,-0.166,-0.157,0.0,0.0,1.68,0.155,0.155,4070114000.0,-4448113000.0,3120659000.0,3120659000.0,0.0,-0.154,0.73,-0.024,-0.162,13286000.0,191330000.0,1.0,287560541.0,288770269,288770269.0,10.807,18099056000.0,0.0,2289147000.0,69423000.0,62.676,
14,ABKFQ,MRT,2009-06-30,2009-06-30,2009-06-30,2020-09-30,-224665000.0,20045165000.0,19483352500.0,,,-0.097,-18.701,0.0,1130259000.0,1130259000.0,3500604000.0,-7532987000.0,,-4.579,3640243000.0,,,3640243000.0,6594046000.0,3009000.0,0.0,0.0,0.0,-5730819000.0,-5727810000.0,3.036,-5727810000.0,-5730819000.0,-5850276000.0,-26.7,-26.7,-26.7,-5379132000.0,-3506616000.0,-5379132000.0,1980474516.0,0.0,-0.346,-1726550000.0,-6.002,1.0,-5387204000.0,2.856,0.0,119457000.0,22555149000.0,21430966000.0,0.0,12061398000.0,,,24631609000.0,,,264361516.0,1024968000.0,1013260000.0,-423000.0,-5368894000.0,-5760000.0,-5076055000.0,7827573000.0,6667634000.0,-1726550000.0,0.0,-7533020000.0,-7533020000.0,-7533020000.0,0.0,33000.0,3.993,234422000.0,-5621626000.0,584690000.0,0.0,-0.049,-0.035,-0.034,0.0,0.0,0.92,-0.14,-0.14,4462846000.0,-6630047000.0,-1886600000.0,-1886600000.0,0.0,-0.387,2.148,-0.267,3.038,16451000.0,210369000.0,1.0,287349474.0,287639234,287639234.0,-6.559,20045165000.0,296044000.0,1682744000.0,0.0,69.689,
15,ABKFQ,MRT,2009-03-31,2009-03-31,2009-03-31,2020-09-30,-1092253000.0,20182397000.0,20190831500.0,,,-0.004,-13.834,0.0,107866000.0,107866000.0,1933842000.0,-4341072000.0,,-5.874,1823979000.0,,,1823979000.0,6929790000.0,3070000.0,0.0,0.0,0.0,-2428263000.0,-2425193000.0,31.133,-2425193000.0,-2428263000.0,-2547958000.0,-15.61,-15.66,-15.61,-3978111000.0,-1676965750.0,-3978111000.0,1985008552.0,-1.0,-0.818,-1271126000.0,-4.42,1.0,-2011739000.0,25.826,0.0,119695000.0,21898510000.0,21957744500.0,0.0,11804490000.0,,,23367864000.0,,,224129552.0,8942000.0,0.0,-1182000.0,-5330766000.0,-8636000.0,-5099785000.0,6379853000.0,6137416000.0,-1271126000.0,0.0,-4341092000.0,-4341092000.0,-4341092000.0,0.0,20000.0,55.729,257741000.0,-2269480000.0,668608000.0,0.0,-0.056,-0.052,-0.05,0.0,0.0,0.78,-2.877,-2.879,4483547000.0,-4341164000.0,-77897000.0,-77897000.0,0.0,-0.215,2.589,-0.111,31.173,21346000.0,223482000.0,1.0,287345579.0,287565182,287565182.0,-0.271,20182397000.0,1337067000.0,1793134000.0,0.0,70.184,
16,ABKFQ,MRT,2008-12-31,2008-12-31,2008-12-31,2020-09-30,-1670198000.0,17259673000.0,21375047750.0,,,-0.129,-15.045,0.0,107811000.0,107811000.0,2240330000.0,-5609136000.0,,-5.38,1868690000.0,,,1868690000.0,2382152000.0,3161000.0,0.0,0.0,0.0,-5504229000.0,-5501068000.0,1.988,-5501068000.0,-5504229000.0,-5618455000.0,-22.31,-22.31,-22.31,-3782309000.0,-361003500.0,-3782309000.0,2176889327.0,0.0,-0.396,-845683000.0,-3.364,1.0,-5007615000.0,1.81,0.0,114226000.0,19020552000.0,23160921000.0,0.0,13278879000.0,,,20348795000.0,,,373411327.0,-15817000.0,0.0,1180942000.0,-5149589000.0,-15804000.0,-3842767000.0,4672633000.0,4548054000.0,-845683000.0,0.0,-5609248000.0,-5609248000.0,-5609248000.0,0.0,112000.0,2.027,261525000.0,-5269140000.0,25853000.0,0.0,-0.099,-0.067,-0.058,0.0,0.0,1.3,-0.135,-0.118,44378000.0,-3550768000.0,-2767285000.0,-2767285000.0,0.0,-0.262,15.538,-0.238,1.989,17414000.0,215773000.0,1.0,287239482.0,251391680,251391680.0,-11.008,17259673000.0,2320168000.0,-9207000.0,0.0,68.657,
17,ABKFQ,MRT,2008-09-30,2008-09-30,2008-09-30,2020-09-30,-1116627000.0,20446175000.0,22990563500.0,,,-0.319,-3.084,0.0,92380000.0,92380000.0,1545665000.0,-6550266000.0,,-24.053,1895858000.0,,,1895858000.0,2547414000.0,3100000.0,0.0,0.0,0.0,-9422069000.0,-9418969000.0,1.283,-9418969000.0,-9422069000.0,-9528619000.0,-49.1,-49.15,-49.1,-886912000.0,1154547000.0,-886912000.0,2455791940.0,0.0,-0.261,-539055000.0,-1.874,1.0,-8886433000.0,1.211,0.0,106550000.0,22249653000.0,24747720000.0,0.0,15490483000.0,,,21333087000.0,,,668609940.0,65566000.0,0.0,1180954000.0,-3322355000.0,-34249000.0,-2290881000.0,2895502000.0,2888472000.0,-539055000.0,0.0,-6542355000.0,-6542355000.0,-6542355000.0,0.0,-7911000.0,0.891,238659000.0,-9125092000.0,21428000.0,0.0,-0.754,-0.102,-0.047,0.0,0.0,2.33,-0.091,-0.091,165626000.0,-1205956000.0,-7340768000.0,-7340768000.0,0.0,-0.285,-5.667,-0.381,1.284,22462000.0,200696000.0,1.0,286957056.0,287599495,287599495.0,-25.524,20446175000.0,3659092000.0,-2986264000.0,0.0,71.093,
18,ABKFQ,MRT,2008-06-30,2008-06-30,2008-06-30,2020-09-30,-727721000.0,22875081000.0,23374292500.0,,,-0.228,6.725,0.0,105596000.0,105596000.0,954845000.0,-4479502000.0,,10.795,1892778000.0,,,1892778000.0,2786546000.0,2954000.0,0.0,0.0,0.0,-6852793000.0,-6849839000.0,1.288,-6849839000.0,-6852793000.0,-6951605000.0,-44.18,-44.23,-44.18,1939469000.0,2788753000.0,1939469000.0,2176311233.0,0.0,-0.318,660835000.0,2.291,1.0,-6274997000.0,1.179,0.0,98812000.0,24662263000.0,25091362000.0,0.0,18885916000.0,,,20935612000.0,,,384357233.0,69867000.0,0.0,1162535000.0,-968676000.0,-52691000.0,14425000.0,-605393000.0,-584831000.0,660835000.0,0.0,-4471746000.0,-4471746000.0,-4471746000.0,0.0,-7756000.0,0.841,218712000.0,-6493709000.0,17677000.0,0.0,0.198,-0.086,-0.03,0.0,0.0,1.34,-0.072,-0.073,29171000.0,1268866000.0,-5320152000.0,-5320152000.0,0.0,-0.191,-1.603,-0.273,1.288,22714000.0,188221000.0,1.0,286833756.0,288397701,294857435.0,-18.447,22875081000.0,2819515000.0,-2479859000.0,0.0,79.318,
19,ABKFQ,MRT,2008-03-31,2008-03-31,2008-03-31,2020-09-30,-554578000.0,24919262000.0,22920957500.0,,,-0.272,9.052,0.0,99229000.0,99229000.0,1307856000.0,-5129597000.0,,18.381,1891183000.0,,,1891183000.0,3059295000.0,2818000.0,0.0,0.0,0.0,-8136112000.0,-8133294000.0,1.304,-8133294000.0,-8136112000.0,-8226940000.0,-45.34,-45.36,-45.34,1285738000.0,3814343000.0,1285738000.0,2230405902.0,0.0,-0.274,781677000.0,5.504,1.0,-7547250000.0,1.21,0.0,90828000.0,26711216000.0,24598475500.0,0.0,20169681000.0,,,23633524000.0,,,584393902.0,67740000.0,0.0,1163923000.0,226400000.0,-68197000.0,1313864000.0,-2027801000.0,-2007208000.0,781677000.0,0.0,-5121843000.0,-5121843000.0,-5121843000.0,0.0,-7754000.0,0.821,186566000.0,-7733816000.0,108030000.0,0.0,0.455,-0.114,-0.127,0.0,0.0,5.75,-0.094,-0.131,20111000.0,449801000.0,-6239394000.0,-6239394000.0,0.0,-0.223,-1.343,-0.331,1.304,26681000.0,159704000.0,1.0,101633722.0,142032462,142032462.0,-43.929,24919262000.0,3560396000.0,-3105097000.0,174044000.0,175.448,
20,ABKFQ,MRT,2007-12-31,2007-12-31,2007-12-31,2020-09-30,-22138000.0,23721736000.0,21719107000.0,,,-0.194,22.15,0.0,123933000.0,123933000.0,272960000.0,-3255990000.0,,9.405,1769945000.0,,,1769945000.0,3123860000.0,2695000.0,0.0,0.0,0.0,-5061176000.0,-5058481000.0,1.2,-5058481000.0,-5061176000.0,-5146916000.0,-31.56,-31.56,-31.56,2279893000.0,4990203250.0,2279893000.0,4260066697.0,-1.0,-0.842,943403000.0,9.166,1.0,-4487886000.0,1.065,0.0,85740000.0,25367748000.0,23320058250.0,0.0,20410605000.0,,,21441843000.0,,,2616936697.0,92065000.0,0.0,-422098000.0,1070709000.0,-79566000.0,564868000.0,-1416206000.0,-1422801000.0,943403000.0,0.0,-3248157000.0,-3248157000.0,-3248157000.0,0.0,-7833000.0,0.771,161118000.0,-4649004000.0,33080000.0,0.0,1.148,-0.806,-0.817,0.0,0.0,25.77,-0.621,-0.629,11068000.0,2107773000.0,-4214926000.0,-4214926000.0,0.0,-0.15,-0.651,-0.217,1.201,37339000.0,147177000.0,1.0,101549736.0,102929122,102929122.0,-40.95,23721736000.0,2116380000.0,-1898759000.0,97826000.0,230.467,
21,ABKFQ,MRT,2007-09-30,2007-09-30,2007-09-30,2020-09-30,71300000.0,21981091000.0,20855626250.0,,,0.049,55.23,0.0,26814000.0,26814000.0,-99618000.0,228445000.0,,2.891,1669944000.0,,,1669944000.0,3128278000.0,2748000.0,0.0,0.0,0.0,391337000.0,394085000.0,0.383,394085000.0,391337000.0,310855000.0,2.1,2.05,2.1,5649912000.0,5967631250.0,5649912000.0,8015203370.0,20.0,20.339,1100953000.0,10.762,1.0,1128525000.0,1.097,0.0,80482000.0,23624221000.0,22285058500.0,0.0,20916985000.0,,,16331179000.0,,,6386227370.0,-13811000.0,0.0,-469669000.0,1648437000.0,-77344000.0,1170770000.0,-2285534000.0,-2294216000.0,1100953000.0,0.0,228445000.0,228445000.0,228445000.0,0.0,0.0,0.222,164160000.0,964365000.0,55258000.0,0.0,1.13,27.955,29.957,0.0,0.0,62.91,6.207,6.255,97816000.0,5387639000.0,1028907000.0,1028907000.0,0.0,0.011,0.038,0.018,0.38,50582000.0,130798000.0,1.0,101513708.0,102297811,102297811.0,10.058,21981091000.0,21319000.0,82410000.0,32312000.0,214.874,
22,ABKFQ,MRT,2007-06-30,2007-06-30,2007-06-30,2020-09-30,69341000.0,21061741000.0,20613026250.0,,,0.086,58.912,0.0,35729000.0,35729000.0,-22165000.0,802581000.0,,2.486,1664705000.0,,,1664705000.0,3061673000.0,2781000.0,0.0,0.0,0.0,1180623000.0,1183404000.0,0.666,1183404000.0,1180623000.0,1102899000.0,7.63,7.56,7.63,6041829000.0,6056482500.0,6041829000.0,10372794028.0,9.0,8.765,836335000.0,8.155,1.0,1798436000.0,1.012,0.0,77724000.0,22690717000.0,22188706250.0,0.0,20074351000.0,,,15019912000.0,,,8887107028.0,4251000.0,0.0,-437814000.0,1099488000.0,-75096000.0,665874000.0,-1497958000.0,-1501873000.0,836335000.0,0.0,802581000.0,802581000.0,802581000.0,0.0,0.0,0.452,156785000.0,1641651000.0,188048000.0,0.0,1.471,11.073,11.427,0.0,0.0,87.19,5.003,5.034,48979000.0,5773888000.0,1776271000.0,1776271000.0,0.0,0.039,0.133,0.053,0.665,47826000.0,129444000.0,1.0,101928054.0,102557554,103442086.0,17.32,21061741000.0,0.0,300318000.0,232344000.0,205.365,
23,ABKFQ,MRT,2007-03-31,2007-03-31,2007-03-31,2020-09-30,187605000.0,20111860000.0,20416033500.0,,,0.091,57.234,0.0,31489000.0,31489000.0,67397000.0,868114000.0,,2.358,1517176000.0,,,1517176000.0,3045911000.0,2868000.0,0.0,0.0,0.0,1272920000.0,1275788000.0,0.689,1275788000.0,1272920000.0,1197812000.0,8.18,8.11,8.18,5989179000.0,5953580500.0,5989179000.0,9802696318.0,8.0,7.684,920858000.0,8.8,1.0,1785255000.0,0.964,0.0,75108000.0,21597547000.0,22122286000.0,0.0,19222909000.0,,,14122681000.0,,,8842760318.0,5658000.0,0.0,-436248000.0,765729000.0,-72580000.0,265907000.0,-1181107000.0,-1230199000.0,920858000.0,0.0,868114000.0,868114000.0,868114000.0,0.0,0.0,0.469,152431000.0,1632824000.0,65154000.0,0.0,1.476,10.186,10.561,0.0,0.0,86.39,4.773,4.88,1743000.0,5626344000.0,1852652000.0,1852652000.0,0.0,0.043,0.146,0.058,0.687,40680000.0,131871000.0,1.0,102358610.0,104643529,105600555.0,17.704,20111860000.0,0.0,329698000.0,380706000.0,192.194,
24,ABKFQ,MRT,2006-12-31,2006-12-31,2006-12-31,2020-09-30,187518000.0,20267813000.0,20322164000.0,,,0.09,58.067,0.0,31868000.0,31868000.0,32393000.0,875911000.0,,2.274,991804000.0,,,991804000.0,3037544000.0,2865000.0,0.0,0.0,0.0,1285507000.0,1288372000.0,0.703,1288372000.0,1285507000.0,1210213000.0,8.22,8.15,8.22,6189605000.0,5825007500.0,6189605000.0,11677894964.0,9.0,9.064,944583000.0,8.862,1.0,1799711000.0,0.982,0.0,75294000.0,21227749000.0,22230667250.0,0.0,19351350000.0,,,14078208000.0,,,9449773964.0,4249000.0,0.0,-65690000.0,696441000.0,-69910000.0,577358000.0,-1517692000.0,-1573919000.0,944583000.0,0.0,875911000.0,875911000.0,875911000.0,0.0,0.0,0.478,154300000.0,1645411000.0,116057000.0,0.0,1.527,10.789,10.836,0.0,0.0,89.07,5.158,5.182,12857000.0,5470049000.0,1832104000.0,1832104000.0,0.0,0.043,0.15,0.058,0.702,37199000.0,133740000.0,1.0,106093791.0,106593409,107536339.0,17.188,20267813000.0,0.0,334302000.0,307987000.0,190.141,
25,ABKFQ,MRT,2006-09-30,2006-09-30,2006-09-30,2020-09-30,199752000.0,21010691000.0,19891675250.0,,,0.088,56.269,0.0,42182000.0,42182000.0,82664000.0,877485000.0,,2.499,2270303000.0,,,2270303000.0,3030641000.0,3195000.0,0.0,0.0,0.0,1282324000.0,1285519000.0,0.73,1285519000.0,1282324000.0,1208657000.0,8.24,8.16,8.24,6005317000.0,5623296750.0,6005317000.0,10916009463.0,9.0,8.492,1002441000.0,9.393,1.0,1677315000.0,0.953,0.0,73667000.0,23238812000.0,21851223500.0,0.0,20132931000.0,,,15005374000.0,,,8764743463.0,12847000.0,0.0,-14216000.0,1119504000.0,-66608000.0,1064811000.0,-2054405000.0,-2090776000.0,1002441000.0,0.0,877485000.0,877485000.0,877485000.0,0.0,0.0,0.499,155736000.0,1521579000.0,23552000.0,0.0,1.459,9.988,10.042,0.0,0.0,82.75,4.98,5.018,1909000.0,5265443000.0,1759979000.0,1759979000.0,0.0,0.044,0.156,0.059,0.729,21386000.0,127059000.0,1.0,105918350.0,106725567,107737122.0,16.491,21010691000.0,0.0,331172000.0,290509000.0,196.867,
26,ABKFQ,MRT,2006-06-30,2006-06-30,2006-06-30,2020-09-30,42323000.0,20273770000.0,19404577750.0,,,0.09,52.873,0.0,32795000.0,32795000.0,151225000.0,839079000.0,,2.601,2184061000.0,,,2184061000.0,3042128000.0,3738000.0,0.0,0.0,0.0,1206306000.0,1210044000.0,0.691,1210044000.0,1206306000.0,1138486000.0,7.87,7.79,7.87,5630221000.0,5420466250.0,5630221000.0,10868648178.0,9.0,8.982,1109355000.0,10.418,1.0,1599467000.0,0.914,0.0,67820000.0,22425036000.0,21265160500.0,0.0,19421005000.0,,,14643549000.0,,,8573958178.0,-4392000.0,0.0,-175653000.0,817463000.0,-63489000.0,623061000.0,-1736808000.0,-1787476000.0,1109355000.0,0.0,839079000.0,839079000.0,839079000.0,0.0,0.0,0.479,153906000.0,1445561000.0,182825000.0,0.0,1.523,10.218,10.305,0.0,0.0,81.1,4.897,4.933,2578000.0,5083048000.0,1750692000.0,1750692000.0,0.0,0.043,0.155,0.057,0.689,19846000.0,125229000.0,1.0,105720816.0,106485245,107450639.0,16.441,20273770000.0,0.0,299407000.0,220156000.0,190.39,
27,ABKFQ,MRT,2006-03-31,2006-03-31,2006-03-31,2020-09-30,117205000.0,19736382000.0,19218616250.0,,,0.087,51.437,0.0,26497000.0,26497000.0,78040000.0,786607000.0,,2.605,2321187000.0,,,2321187000.0,2966959000.0,4314000.0,0.0,0.0,0.0,1134291000.0,1138605000.0,0.684,1138605000.0,1134291000.0,1072433000.0,7.34,7.26,7.34,5474887000.0,5336179500.0,5474887000.0,10605060443.0,9.0,9.314,1078551000.0,10.133,1.0,1586570000.0,0.953,0.0,61858000.0,22031072000.0,21001811750.0,0.0,18931981000.0,,,14261495000.0,,,8399773443.0,-15178000.0,0.0,-311073000.0,759753000.0,-61056000.0,403358000.0,-1497087000.0,-1450736000.0,1078551000.0,0.0,786607000.0,786607000.0,786607000.0,0.0,0.0,0.473,155625000.0,1430945000.0,185733000.0,0.0,1.534,10.678,10.845,0.0,0.0,79.6,5.046,5.09,23295000.0,4864748000.0,1664610000.0,1664610000.0,0.0,0.041,0.147,0.054,0.681,18779000.0,123517000.0,1.0,105524792.0,106438758,107430787.0,15.639,19736382000.0,0.0,285826000.0,289363000.0,185.425,
28,ABKFQ,MRT,2005-12-31,2005-12-31,2005-12-31,2020-09-30,202312000.0,18545858000.0,18940964750.0,,,0.085,49.711,0.0,27619000.0,27619000.0,149856000.0,751010000.0,,2.445,1191735000.0,,,1191735000.0,2940988000.0,4287000.0,0.0,0.0,0.0,1078660000.0,1082947000.0,0.671,1082947000.0,1078660000.0,1022764000.0,6.94,6.87,6.94,5382762000.0,5245764750.0,5382762000.0,9938017151.0,9.0,9.177,1039039000.0,9.596,1.0,1464293000.0,0.907,0.0,55896000.0,19709974000.0,20612284500.0,0.0,17676691000.0,,,13163096000.0,,,8105758151.0,8352000.0,0.0,-277298000.0,717620000.0,-58805000.0,393657000.0,-1424344000.0,-1372046000.0,1039039000.0,0.0,751010000.0,751010000.0,751010000.0,0.0,0.0,0.465,146378000.0,1317915000.0,35387000.0,0.0,1.506,10.793,11.104,0.0,0.0,77.06,5.022,5.169,2161000.0,4703256000.0,1614149000.0,1614149000.0,0.0,0.04,0.143,0.052,0.668,17987000.0,117701000.0,1.0,105187622.0,108280281,109394985.0,14.907,18545858000.0,0.0,271754000.0,280397000.0,171.276,
29,ABKFQ,MRT,2005-09-30,2005-09-30,2005-09-30,2020-09-30,235502000.0,19062301000.0,18991901750.0,,,0.084,48.365,0.0,28468000.0,28468000.0,249585000.0,735529000.0,,2.67,1860727000.0,,,1860727000.0,2875956000.0,3879000.0,0.0,0.0,0.0,1049180000.0,1053059000.0,0.661,1053059000.0,1049180000.0,995013000.0,6.74,6.65,6.74,5193995000.0,5156188500.0,5193995000.0,9549560927.0,9.0,9.068,945798000.0,8.807,1.0,1342401000.0,0.843,0.0,54167000.0,20894560000.0,20833755000.0,0.0,18236795000.0,,,13868306000.0,,,7707843927.0,2030000.0,0.0,-287564000.0,453479000.0,-56599000.0,102753000.0,-1046521000.0,-1008424000.0,945798000.0,0.0,735529000.0,735529000.0,735529000.0,0.0,0.0,0.462,141205000.0,1201196000.0,162451000.0,0.0,1.484,10.479,10.691,0.0,0.0,72.06,4.842,4.861,1136000.0,4520475000.0,1591986000.0,1591986000.0,0.0,0.039,0.143,0.05,0.659,34892000.0,129709000.0,1.0,106964251.0,107392176,108484035.0,14.824,19062301000.0,0.0,259484000.0,267826000.0,177.502,
30,ABKFQ,MRT,2005-06-30,2005-06-30,2005-06-30,2020-09-30,338521000.0,19529924000.0,18474430750.0,,,0.082,48.516,0.0,36560000.0,36560000.0,101732000.0,743871000.0,,2.69,1878277000.0,,,1878277000.0,2892168000.0,3350000.0,0.0,0.0,0.0,1067388000.0,1070738000.0,0.711,1070738000.0,1067388000.0,1013126000.0,6.78,6.69,6.78,5293074000.0,5059899250.0,5293074000.0,9401547697.0,9.0,8.78,884559000.0,8.108,1.0,1404125000.0,0.932,0.0,54262000.0,21371641000.0,20123040000.0,0.0,18663938000.0,,,14236850000.0,,,7554360697.0,2706000.0,0.0,-123400000.0,422274000.0,-54205000.0,210723000.0,-1092576000.0,-1022694000.0,884559000.0,0.0,743871000.0,743871000.0,743871000.0,959000.0,0.0,0.494,142026000.0,1262099000.0,162186000.0,0.0,1.427,10.155,10.289,0.0,0.0,69.76,5.017,5.054,49491000.0,4368225000.0,1505857000.0,1505857000.0,0.0,0.04,0.147,0.053,0.709,30966000.0,127181000.0,1.0,108290721.0,109098498,110327148.0,13.803,19529924000.0,0.0,269255000.0,307556000.0,179.012,
31,ABKFQ,MRT,2005-03-31,2005-03-31,2005-03-31,2020-09-30,206212000.0,18625776000.0,17804826250.0,,,0.082,46.403,0.0,41699000.0,41699000.0,86429000.0,738483000.0,,2.643,1888886000.0,,,1888886000.0,2788930000.0,2760000.0,0.0,0.0,0.0,1050698000.0,1053458000.0,0.724,1053458000.0,1050698000.0,996488000.0,6.72,6.63,6.72,5113228000.0,4852684000.0,5113228000.0,9989716750.0,10.0,9.483,1014970000.0,9.211,1.0,1368575000.0,0.941,0.0,54210000.0,20472963000.0,19238467000.0,0.0,17723611000.0,,,13512548000.0,,,8143466750.0,20963000.0,0.0,11481000.0,-199452000.0,-52696000.0,-250353000.0,-743654000.0,-737937000.0,1014970000.0,0.0,738483000.0,738483000.0,738483000.0,1145000.0,0.0,0.508,139701000.0,1228874000.0,171253000.0,0.0,1.593,11.027,11.124,0.0,0.0,74.75,5.597,5.661,79898000.0,4203859000.0,1455004000.0,1455004000.0,0.0,0.041,0.152,0.055,0.722,26967000.0,124906000.0,1.0,108942699.0,110191422,111772811.0,13.204,18625776000.0,0.0,258005000.0,254771000.0,169.031,
32,ABKFQ,MRT,2004-12-31,2004-12-31,2004-12-31,2020-09-30,296814000.0,18749606000.0,17512744250.0,,,0.08,45.842,0.0,19957000.0,19957000.0,69600000.0,724551000.0,,2.732,1866207000.0,,,1866207000.0,2778893000.0,2890000.0,0.0,0.0,0.0,1029815000.0,1032705000.0,0.737,1032705000.0,1029815000.0,975493000.0,6.61,6.53,6.61,5024457000.0,4706759000.0,5024457000.0,9984148882.0,10.0,9.668,950065000.0,8.668,1.0,1331964000.0,0.95,0.0,54322000.0,20595856000.0,18718324500.0,0.0,17989440000.0,,,13725149000.0,,,8924865882.0,-5182000.0,3676000.0,22281000.0,-212677000.0,-50910000.0,-229942000.0,-725305000.0,-722566000.0,950065000.0,0.0,724551000.0,724551000.0,724551000.0,1289000.0,0.0,0.517,131917000.0,1200047000.0,18254000.0,0.0,1.776,12.318,12.425,0.0,0.0,82.13,6.368,6.423,1319000.0,4032089000.0,1401564000.0,1401564000.0,0.0,0.041,0.154,0.055,0.735,19354000.0,117246000.0,1.0,108667550.0,109602601,110898854.0,12.788,18749606000.0,0.0,250942000.0,233779000.0,171.069,
33,ABKFQ,MRT,2004-09-30,2004-09-30,2004-09-30,2020-09-30,285192000.0,16992417000.0,17012171250.0,,,0.081,43.808,0.0,25838000.0,25838000.0,71602000.0,694532000.0,,2.534,1085121000.0,,,1085121000.0,2731657000.0,3029000.0,0.0,0.0,0.0,996777000.0,999806000.0,0.725,999806000.0,996777000.0,942509000.0,6.38,6.28,6.38,4808838000.0,4514284250.0,4808838000.0,9652933699.0,10.0,9.655,922456000.0,8.403,1.0,1308071000.0,0.948,0.0,54268000.0,18051700000.0,18051660750.0,0.0,14968213000.0,,,12183579000.0,,,8671090699.0,-11163000.0,3676000.0,42899000.0,-339751000.0,-49075000.0,-284372000.0,-649247000.0,-653245000.0,922456000.0,0.0,694532000.0,694532000.0,694532000.0,9736000.0,0.0,0.503,129616000.0,1178455000.0,84215000.0,0.0,1.803,12.485,12.531,0.0,0.0,79.95,6.285,6.361,173973000.0,3860248000.0,1379673000.0,1379673000.0,0.0,0.041,0.154,0.055,0.722,0.0,115952000.0,1.0,108456419.0,109771249,111107367.0,12.569,16992417000.0,0.0,247977000.0,226399000.0,154.798,
34,ABKFQ,MRT,2004-06-30,2004-06-30,2004-06-30,2020-09-30,120035000.0,16851506000.0,16850175750.0,,,0.08,40.719,0.0,33164000.0,33164000.0,69092000.0,670742000.0,,2.775,1015007000.0,,,1015007000.0,2727315000.0,3071000.0,0.0,0.0,0.0,968369000.0,971440000.0,0.72,971440000.0,968369000.0,914073000.0,6.21,6.08,6.21,4464213000.0,4334396500.0,4464213000.0,8896014539.0,9.0,9.158,1044571000.0,9.528,1.0,1280140000.0,0.949,0.0,54296000.0,17833349000.0,17849684000.0,0.0,14835440000.0,,,12387293000.0,,,7961069539.0,6274000.0,3676000.0,31814000.0,-321849000.0,-47262000.0,-257951000.0,-780346000.0,-807290000.0,1044571000.0,0.0,670742000.0,670742000.0,670742000.0,9189000.0,0.0,0.497,126486000.0,1153654000.0,288260000.0,0.0,1.783,11.869,11.826,0.0,0.0,73.44,5.9,5.968,152192000.0,3698656000.0,1349232000.0,1349232000.0,0.0,0.04,0.155,0.054,0.718,0.0,112821000.0,1.0,108402363.0,109634527,110924314.0,12.307,16851506000.0,0.0,243331000.0,149689000.0,153.706,
35,ABKFQ,MRT,2004-03-31,2004-03-31,2004-03-31,2020-09-30,353500000.0,17457448000.0,16836624000.0,,,0.078,41.559,0.0,20046000.0,20046000.0,61822000.0,652603000.0,,2.854,954991000.0,,,954991000.0,2576080000.0,3123000.0,0.0,0.0,0.0,945213000.0,948336000.0,0.719,948336000.0,945213000.0,889841000.0,6.09,5.93,6.09,4529528000.0,4228718750.0,4529528000.0,8967877001.0,9.0,9.456,1051305000.0,9.646,1.0,1257004000.0,0.953,0.0,55372000.0,18392393000.0,17816961000.0,0.0,15148000000.0,,,12927920000.0,,,7975051001.0,-30920000.0,3676000.0,51172000.0,-698538000.0,-45967000.0,-623817000.0,-458408000.0,-477211000.0,1051305000.0,0.0,652603000.0,652603000.0,652603000.0,9189000.0,0.0,0.495,117024000.0,1139980000.0,175702000.0,0.0,1.761,12.22,12.115,0.0,0.0,73.78,6.047,6.097,17823000.0,3534042000.0,1318826000.0,1318826000.0,0.0,0.039,0.154,0.053,0.717,0.0,104183000.0,1.0,108092315.0,108990437,110397003.0,12.1,17457448000.0,0.0,237238000.0,282050000.0,160.174,
36,ABKFQ,MRT,2003-12-31,2003-12-31,2003-12-31,2020-09-30,266919000.0,16747314000.0,16558497500.0,,,0.077,39.929,0.0,24539000.0,24539000.0,53400000.0,618915000.0,,2.936,1206426000.0,,,1206426000.0,2545490000.0,3165000.0,0.0,0.0,0.0,894606000.0,897771000.0,0.706,897771000.0,894606000.0,840405000.0,5.81,5.66,5.81,4254558000.0,4037214750.0,4254558000.0,8314040744.0,9.0,9.261,1005729000.0,9.439,1.0,1218808000.0,0.958,0.0,54201000.0,17929201000.0,17609864500.0,0.0,16003844000.0,,,12492756000.0,,,7414682744.0,-1277000.0,0.0,42296000.0,29185000.0,-44739000.0,69099000.0,-1076105000.0,-1074911000.0,1005729000.0,0.0,618915000.0,618915000.0,618915000.0,9184000.0,0.0,0.486,118700000.0,1100108000.0,18213000.0,0.0,1.743,11.98,11.943,0.0,0.0,69.39,5.828,5.812,4425000.0,3380098000.0,1272208000.0,1272208000.0,0.0,0.037,0.153,0.051,0.703,0.0,106597000.0,1.0,106855206.0,106553103,109409776.0,11.94,16747314000.0,0.0,221490000.0,214234000.0,157.173,
37,ABKFQ,MRT,2003-09-30,2003-09-30,2003-09-30,2020-09-30,271493000.0,16344435000.0,16210553500.0,,,0.068,38.297,0.0,37001000.0,37001000.0,45600000.0,524353000.0,,2.997,936359000.0,,,936359000.0,2470122000.0,3224000.0,0.0,0.0,0.0,742323000.0,745547000.0,0.678,745547000.0,742323000.0,690114000.0,4.93,4.79,4.93,4089287000.0,3879870000.0,4089287000.0,7735775408.0,10.0,10.376,1090432000.0,10.212,1.0,1054189000.0,0.959,0.0,52209000.0,17243793000.0,17147232250.0,0.0,14533679000.0,,,12255148000.0,,,6830617408.0,4659000.0,0.0,38231000.0,555160000.0,-43576000.0,544797000.0,-1630570000.0,-1644232000.0,1090432000.0,0.0,524353000.0,524353000.0,524353000.0,71000.0,0.0,0.477,104650000.0,949539000.0,388573000.0,0.0,1.67,13.027,12.982,0.0,0.0,64.0,6.211,6.214,96925000.0,3235642000.0,1099789000.0,1099789000.0,0.0,0.032,0.135,0.043,0.675,0.0,102134000.0,1.0,106728397.0,106779009,109944141.0,10.3,16344435000.0,0.0,165761000.0,229742000.0,153.068,
38,ABKFQ,MRT,2003-06-30,2003-06-30,2003-06-30,2020-09-30,378273000.0,16797299000.0,15796464500.0,,,0.067,37.974,0.0,26980000.0,26980000.0,35800000.0,496375000.0,,3.156,932138000.0,,,932138000.0,2371250000.0,3356000.0,0.0,0.0,0.0,700488000.0,703844000.0,0.666,703844000.0,700488000.0,651255000.0,4.67,4.55,4.67,4041502000.0,3762579250.0,4041502000.0,8259115553.0,12.0,11.734,1074677000.0,10.098,1.0,1020842000.0,0.966,0.0,49233000.0,17702457000.0,16768521250.0,0.0,14797004000.0,,,12755797000.0,,,7040050553.0,-10151000.0,0.0,11657000.0,569516000.0,-42418000.0,533599000.0,-1618427000.0,-1602729000.0,1074677000.0,0.0,496375000.0,496375000.0,496375000.0,-341000.0,0.0,0.47,101298000.0,919544000.0,462659000.0,0.0,1.742,14.183,14.186,0.0,0.0,66.25,6.663,6.673,80934000.0,3088365000.0,1056642000.0,1056642000.0,0.0,0.031,0.132,0.042,0.663,0.0,96752000.0,1.0,106264914.0,106428045,109417451.0,9.928,16797299000.0,0.0,154880000.0,273892000.0,157.828,
39,ABKFQ,MRT,2003-03-31,2003-03-31,2003-03-31,2020-09-30,272776000.0,16344942000.0,15064506250.0,,,0.066,35.488,0.0,51056000.0,51056000.0,30800000.0,453565000.0,,3.343,1270121000.0,,,1270121000.0,2163232000.0,3433000.0,0.0,0.0,0.0,635669000.0,639102000.0,0.64,639102000.0,635669000.0,590157000.0,4.27,4.16,4.27,3763512000.0,3592504000.0,3763512000.0,6081754026.0,10.0,9.516,846944000.0,7.986,1.0,967580000.0,0.969,0.0,45512000.0,17564007000.0,16056358750.0,0.0,14526420000.0,,,12581430000.0,,,5358620026.0,-5740000.0,0.0,-88000.0,1708782000.0,-41341000.0,1658032000.0,-2510716000.0,-2494088000.0,846944000.0,0.0,453565000.0,453565000.0,453565000.0,-527000.0,0.0,0.454,101818000.0,865762000.0,151893000.0,0.0,1.424,11.814,11.831,0.0,0.0,50.52,5.367,5.366,37133000.0,2946246000.0,998380000.0,998380000.0,0.0,0.03,0.126,0.04,0.637,0.0,94130000.0,1.0,106069280.0,106050379,108737211.0,9.414,16344942000.0,0.0,136592000.0,250649000.0,154.124,
40,ABKFQ,MRT,2002-12-31,2002-12-31,2002-12-31,2020-09-30,265427000.0,15355538000.0,14186704250.0,,,0.068,34.215,0.0,25816000.0,25816000.0,26700000.0,432594000.0,,3.236,748950000.0,,,748950000.0,2128847000.0,3466000.0,0.0,0.0,0.0,607721000.0,611187000.0,0.638,611187000.0,607721000.0,563997000.0,4.08,3.97,4.08,3625179000.0,3415177250.0,3625179000.0,7001069852.0,12.0,11.455,776772000.0,7.331,1.0,931944000.0,0.972,0.0,43724000.0,16078672000.0,15120446750.0,0.0,13643937000.0,,,11730359000.0,,,5960199852.0,-50764000.0,0.0,13865000.0,1392353000.0,-40251000.0,1357515000.0,-2185051000.0,-2176311000.0,776772000.0,0.0,432594000.0,432594000.0,432594000.0,-666000.0,0.0,0.451,93585000.0,838359000.0,95084000.0,0.0,1.644,13.778,13.784,0.0,0.0,56.24,6.217,6.216,6936000.0,2820281000.0,958644000.0,958644000.0,0.0,0.03,0.127,0.04,0.634,0.0,83718000.0,1.0,105977949.0,105951603,109066046.0,9.048,15355538000.0,0.0,131403000.0,230448000.0,144.93,
41,ABKFQ,MRT,2002-09-30,2002-09-30,2002-09-30,2020-09-30,319793000.0,14688079000.0,13432705500.0,,,0.09,34.195,0.0,32342000.0,32342000.0,6573000.0,485150000.0,,3.057,1073212000.0,,,1073212000.0,1926789000.0,3457000.0,0.0,0.0,0.0,691089000.0,694546000.0,0.573,694546000.0,691089000.0,646729000.0,4.59,4.44,4.59,3620124000.0,3254804500.0,3620124000.0,6690403300.0,10.0,9.633,646335000.0,6.105,1.0,1205294000.0,0.995,0.0,44360000.0,15728949000.0,14427598250.0,0.0,12536708000.0,,,11067955000.0,,,5706062300.0,-79085000.0,0.0,3826000.0,1720290000.0,-39152000.0,1669527000.0,-2394947000.0,-2389681000.0,646335000.0,0.0,485150000.0,485150000.0,485150000.0,65000.0,0.0,0.4,105051000.0,1100243000.0,252284000.0,0.0,1.576,11.761,11.741,0.0,0.0,53.89,4.708,4.708,531720000.0,2772509000.0,1211867000.0,1211867000.0,0.0,0.036,0.149,0.048,0.57,0.0,84261000.0,1.0,105883509.0,105865884,108959876.0,11.447,14688079000.0,0.0,161579000.0,307605000.0,138.742,
42,ABKFQ,MRT,2002-06-30,2002-06-30,2002-06-30,2020-09-30,158746000.0,13869466000.0,12613311500.0,,,0.088,31.672,0.0,37131000.0,37131000.0,10596000.0,464467000.0,,3.126,1021472000.0,,,1021472000.0,1869659000.0,3442000.0,0.0,0.0,0.0,656211000.0,659653000.0,0.592,659653000.0,656211000.0,613255000.0,4.4,4.25,4.4,3361201000.0,3090759000.0,3361201000.0,8108669899.0,12.0,12.292,556721000.0,5.246,1.0,1104066000.0,0.99,0.0,42956000.0,14853807000.0,13424288250.0,0.0,12571354000.0,,,10508265000.0,,,7122044899.0,1914000.0,0.0,12432000.0,1981122000.0,-38090000.0,1941229000.0,-2496036000.0,-2512395000.0,556721000.0,0.0,464467000.0,464467000.0,464467000.0,65000.0,0.0,0.417,96843000.0,1007223000.0,167858000.0,0.0,2.119,15.334,15.273,0.0,0.0,67.2,6.389,6.398,10712000.0,2652042000.0,1114662000.0,1114662000.0,0.0,0.037,0.15,0.049,0.589,0.0,80512000.0,1.0,105982811.0,106124220,109515722.0,10.503,13869466000.0,0.0,148788000.0,201964000.0,130.691,
43,ABKFQ,MRT,2002-03-31,2002-03-31,2002-03-31,2020-09-30,14823000.0,12833734000.0,11848199000.0,,,0.087,28.859,0.0,56796000.0,56796000.0,15469000.0,452343000.0,,3.202,1043421000.0,,,1043421000.0,1806564000.0,3419000.0,0.0,0.0,0.0,636084000.0,639503000.0,0.62,639503000.0,636084000.0,594459000.0,4.29,4.15,4.29,3054205000.0,2947899750.0,3054205000.0,7223781284.0,11.0,11.296,663021000.0,6.265,1.0,1015379000.0,0.985,0.0,41625000.0,13820359000.0,12510309750.0,0.0,11801623000.0,,,9779529000.0,,,6256046284.0,19328000.0,0.0,6076000.0,1786039000.0,-37001000.0,1746039000.0,-2389732000.0,-2398710000.0,663021000.0,0.0,452343000.0,452343000.0,452343000.0,65000.0,0.0,0.439,89666000.0,925713000.0,279438000.0,0.0,2.048,13.83,13.769,0.0,0.0,59.07,6.069,6.064,12702000.0,2500605000.0,1030848000.0,1030848000.0,0.0,0.038,0.153,0.051,0.617,0.0,77320000.0,1.0,105909028.0,105831879,109153901.0,9.74,12833734000.0,0.0,142116000.0,149598000.0,121.265,
44,ABKFQ,MRT,2001-12-31,2001-12-31,2001-12-31,2020-09-30,62476000.0,12339543000.0,11187165500.0,,,0.085,28.226,0.0,76580000.0,76580000.0,20000000.0,432906000.0,,3.136,1044315000.0,,,1044315000.0,1780272000.0,3479000.0,0.0,0.0,0.0,608391000.0,611870000.0,0.646,611870000.0,608391000.0,567949000.0,4.1,3.97,4.1,2983688000.0,2866409000.0,2983688000.0,6411352207.0,11.0,10.478,671831000.0,6.356,1.0,926787000.0,0.979,0.0,40442000.0,13307278000.0,11699272250.0,0.0,11200244000.0,,,9355855000.0,,,6106146207.0,31152000.0,0.0,-2589000.0,1232759000.0,-35937000.0,1185765000.0,-1826444000.0,-1839024000.0,671831000.0,0.0,432906000.0,432906000.0,432906000.0,65000.0,0.0,0.457,82883000.0,843904000.0,73061000.0,0.0,2.047,14.105,14.112,0.0,0.0,57.86,6.449,6.46,13023000.0,2403473000.0,946787000.0,946787000.0,0.0,0.039,0.151,0.052,0.643,0.0,73936000.0,1.0,105533118.0,105705957,108948133.0,8.957,12339543000.0,0.0,135043000.0,221222000.0,116.735,
45,ABKFQ,MRT,2001-09-30,2001-09-30,2001-09-30,2020-09-30,136651000.0,11410503000.0,10632354750.0,,,0.092,28.019,0.0,111427000.0,111427000.0,16807000.0,413146000.0,,2.85,416633000.0,,,416633000.0,1719890000.0,3536000.0,0.0,0.0,0.0,579521000.0,583057000.0,0.598,583057000.0,579521000.0,541859000.0,3.91,3.81,3.91,2963942000.0,2769515500.0,2963942000.0,6180781678.0,11.0,10.601,662690000.0,6.265,1.0,958290000.0,0.983,0.0,37662000.0,11715709000.0,10997186000.0,0.0,10216021000.0,,,8446561000.0,,,5791904678.0,96572000.0,0.0,2268000.0,-110314000.0,-34877000.0,-142923000.0,-423195000.0,-409819000.0,662690000.0,0.0,413146000.0,413146000.0,413146000.0,0.0,0.0,0.424,95766000.0,862524000.0,180482000.0,0.0,1.954,14.019,13.992,0.0,0.0,54.71,5.94,5.935,74818000.0,2303313000.0,975097000.0,975097000.0,0.0,0.039,0.149,0.053,0.594,0.0,72013000.0,1.0,105865558.0,105781745,109077058.0,9.218,11410503000.0,0.0,128713000.0,227389000.0,107.868,
46,ABKFQ,MRT,2001-06-30,2001-06-30,2001-06-30,2020-09-30,44222000.0,10809016000.0,10308410000.0,,,0.092,26.364,0.0,35217000.0,35217000.0,16400000.0,393046000.0,,2.875,424094000.0,,,424094000.0,1681159000.0,3617000.0,0.0,0.0,0.0,554563000.0,558180000.0,0.589,558180000.0,554563000.0,516877000.0,3.72,3.63,3.72,2789764000.0,2621666000.0,2789764000.0,6543363570.0,12.0,11.723,631795000.0,5.971,1.0,931027000.0,0.983,0.0,37686000.0,11197893000.0,10699237000.0,0.0,9927109000.0,,,8019252000.0,,,6156754570.0,23246000.0,0.0,28298000.0,-321453000.0,-33749000.0,-326904000.0,-281645000.0,-273285000.0,631795000.0,0.0,393046000.0,393046000.0,393046000.0,0.0,0.0,0.415,93461000.0,837566000.0,192727000.0,0.0,2.207,15.664,15.645,0.0,0.0,58.2,6.498,6.5,67682000.0,2212762000.0,947427000.0,947427000.0,0.0,0.038,0.15,0.052,0.585,0.0,68619000.0,1.0,105786161.0,105816151,109051506.0,8.954,10809016000.0,0.0,123831000.0,144869000.0,102.149,
47,ABKFQ,MRT,2001-03-31,2001-03-31,2001-03-31,2020-09-30,82453000.0,10189600000.0,10305714250.0,,,0.09,25.82,0.0,37468000.0,37468000.0,15503000.0,378049000.0,,2.735,424077000.0,,,424077000.0,1554199000.0,3659000.0,0.0,0.0,0.0,536482000.0,540141000.0,0.584,540141000.0,536482000.0,498901000.0,3.58,3.51,3.58,2728242000.0,2481738500.0,2728242000.0,7080141136.0,13.0,13.108,505355000.0,4.783,1.0,909901000.0,0.983,0.0,37581000.0,10576209000.0,10702336250.0,0.0,9329026000.0,,,7461358000.0,,,6701508136.0,-9092000.0,0.0,27160000.0,-1417895000.0,-32963000.0,-1423698000.0,909251000.0,915582000.0,505355000.0,0.0,378049000.0,378049000.0,378049000.0,0.0,0.0,0.409,90416000.0,819485000.0,84671000.0,0.0,2.456,17.727,17.718,0.0,0.0,63.43,7.242,7.242,28969000.0,2117877000.0,925404000.0,925404000.0,0.0,0.037,0.152,0.05,0.58,0.0,65069000.0,1.0,105652028.0,105663065,108844261.0,8.758,10189600000.0,0.0,120852000.0,180114000.0,96.435,
48,ABKFQ,MRT,2000-12-31,2000-12-31,2000-12-31,2020-09-30,45154000.0,10120300000.0,10543966000.0,,,0.086,24.717,0.0,45428000.0,45428000.0,15000000.0,366172000.0,,2.898,424061000.0,,,424061000.0,1546290000.0,3614000.0,0.0,0.0,0.0,519601000.0,523215000.0,0.579,523215000.0,519601000.0,482124000.0,3.49,3.41,3.49,2596114000.0,2337358250.0,2596114000.0,6549667913.0,13.0,12.518,481328000.0,4.583,1.0,889313000.0,0.983,0.0,37477000.0,10498933000.0,10938298750.0,0.0,9274909000.0,,,7524186000.0,,,6140478913.0,31840000.0,0.0,14308000.0,-1208068000.0,-32213000.0,-1225973000.0,776485000.0,783038000.0,481328000.0,0.0,366172000.0,366172000.0,366172000.0,0.0,0.0,0.405,86709000.0,802604000.0,14827000.0,0.0,2.365,16.769,16.708,0.0,0.0,58.313,6.79,6.773,9680000.0,2035209000.0,904313000.0,904313000.0,0.0,0.035,0.157,0.048,0.575,0.0,61904000.0,1.0,105302961.0,105031473,107415430.0,8.61,10120300000.0,0.0,115952000.0,131663000.0,96.355,
49,ABKFQ,MRT,2000-09-30,2000-09-30,2000-09-30,2020-09-30,-85869000.0,10114724000.0,10850165000.0,,,0.055,22.572,0.0,14855000.0,14855000.0,38172000.0,353138000.0,,3.263,424044000.0,,,424044000.0,1497541000.0,3510000.0,0.0,0.0,0.0,502299000.0,505809000.0,0.841,505809000.0,502299000.0,464943000.0,3.367,3.297,3.367,2372544000.0,2192942250.0,2372544000.0,5529321355.0,11.0,10.932,481626000.0,4.582,1.0,563095000.0,0.937,0.0,37356000.0,10523913000.0,11252441250.0,0.0,9293587000.0,,,7742180000.0,,,5117264355.0,3141000.0,0.0,11336000.0,-1036783000.0,-31469000.0,-1056916000.0,578431000.0,607331000.0,481626000.0,0.0,353138000.0,353138000.0,353138000.0,0.0,0.0,0.587,60796000.0,502299000.0,80313000.0,0.0,2.157,14.491,14.504,0.0,0.0,48.833,8.511,8.537,72279000.0,1948822000.0,601267000.0,601267000.0,0.0,0.033,0.161,0.045,0.835,0.0,53601000.0,1.0,104790404.0,105111708,107732178.0,5.72,10114724000.0,0.0,111805000.0,43423000.0,96.228,
50,ABKFQ,MRT,2000-06-30,2000-06-30,2000-06-30,2020-09-30,-132416000.0,10798233000.0,11152899750.0,,,0.052,21.291,0.0,11971000.0,11971000.0,37630000.0,342032000.0,,3.842,424028000.0,,,424028000.0,1441946000.0,3320000.0,0.0,0.0,0.0,488093000.0,491413000.0,0.84,491413000.0,488093000.0,450986000.0,3.267,3.203,3.267,2230054000.0,2106605500.0,2230054000.0,4204898119.0,9.0,8.557,457803000.0,4.371,1.0,547167000.0,0.936,0.0,37107000.0,11210290000.0,11555945000.0,0.0,9263331000.0,,,8568179000.0,,,3827446119.0,3662000.0,0.0,-434000.0,-685256000.0,-30758000.0,-716448000.0,262307000.0,288766000.0,457803000.0,0.0,342032000.0,342032000.0,342032000.0,0.0,0.0,0.585,59074000.0,488093000.0,608095000.0,0.0,1.716,11.19,11.185,0.0,0.0,36.542,6.545,6.545,761888000.0,1871599000.0,584797000.0,584797000.0,0.0,0.031,0.162,0.042,0.835,0.0,52369000.0,1.0,104741960.0,104743016,106889822.0,5.583,10798233000.0,10590000.0,108954000.0,21239000.0,103.093,
51,ABKFQ,MRT,2000-03-31,2000-03-31,2000-03-31,2020-09-30,-126192000.0,11142607000.0,11223791250.0,,,0.049,20.523,0.0,46560000.0,46560000.0,37033000.0,320361000.0,,4.181,424012000.0,,,424012000.0,1417729000.0,3166000.0,0.0,0.0,0.0,457622000.0,460788000.0,0.837,460788000.0,457622000.0,420801000.0,3.067,3.0,3.067,2150721000.0,2060209000.0,2150721000.0,3925998560.0,9.0,8.52,455536000.0,4.347,1.0,513745000.0,0.933,0.0,36821000.0,11520059000.0,11627735500.0,0.0,9856612000.0,,,8991886000.0,,,3515591560.0,37700000.0,0.0,1554000.0,71485000.0,-30067000.0,42972000.0,-460808000.0,-435962000.0,455536000.0,0.0,320361000.0,320361000.0,320361000.0,0.0,0.0,0.582,56123000.0,457622000.0,551566000.0,0.0,1.635,10.974,10.95,0.0,0.0,33.583,6.383,6.39,542452000.0,1789260000.0,550778000.0,550778000.0,0.0,0.029,0.155,0.039,0.831,0.0,50365000.0,1.0,104682638.0,104794053,106804643.0,5.256,11142607000.0,10402000.0,100440000.0,32627000.0,106.329,
52,ABKFQ,MRT,1999-12-31,1999-12-31,1999-12-31,2020-09-30,-187540000.0,11345096000.0,11273613250.0,,,0.047,19.247,0.0,13588000.0,13588000.0,36782000.0,307917000.0,,4.621,423995000.0,,,423995000.0,1431076000.0,2969000.0,0.0,0.0,0.0,441183000.0,444152000.0,0.833,444152000.0,441183000.0,404658000.0,2.94,2.88,2.94,2018450000.0,2046563250.0,2018450000.0,4061230432.0,9.0,9.144,454400000.0,4.333,1.0,496493000.0,0.931,0.0,36525000.0,11755503000.0,11686966000.0,0.0,9751023000.0,,,9326646000.0,,,3648965432.0,5349000.0,0.0,-108000.0,210716000.0,-29366000.0,181242000.0,-630293000.0,-615702000.0,454400000.0,0.0,307917000.0,307917000.0,307917000.0,0.0,0.0,0.577,55310000.0,441183000.0,825177000.0,0.0,1.808,11.85,11.834,0.0,0.0,34.792,6.843,6.842,778787000.0,1713446000.0,533275000.0,533275000.0,0.0,0.027,0.15,0.038,0.827,0.0,48804000.0,1.0,104880434.0,104869721,107049315.0,5.085,11345096000.0,57377000.0,96741000.0,24831000.0,108.183,
53,ABKFQ,MRT,1999-09-30,1999-09-30,1999-09-30,2020-09-30,-98964000.0,11325663000.0,11240417000.0,,,0.045,19.331,0.0,11714000.0,11714000.0,40687000.0,286123000.0,,4.587,423979000.0,,,423979000.0,1365545000.0,2842000.0,0.0,0.0,0.0,408757000.0,411599000.0,0.818,411599000.0,408757000.0,372322000.0,2.733,2.683,2.733,2027197000.0,2065973250.0,2027197000.0,3727304243.0,9.0,9.056,370874000.0,3.537,1.0,462625000.0,0.919,0.0,36435000.0,11737928000.0,11655090500.0,0.0,9881759000.0,,,9298466000.0,,,3311651243.0,2092000.0,0.0,10488000.0,652952000.0,-28649000.0,634791000.0,-1003573000.0,-1012708000.0,370874000.0,0.0,286123000.0,286123000.0,286123000.0,0.0,0.0,0.568,53868000.0,408757000.0,724210000.0,0.0,1.634,11.574,11.556,0.0,0.0,31.583,6.58,6.581,781030000.0,1638325000.0,503312000.0,503312000.0,0.0,0.025,0.138,0.035,0.812,0.0,47433000.0,1.0,104854404.0,104867457,107005526.0,4.8,11325663000.0,4872000.0,86199000.0,26370000.0,108.0,
54,ABKFQ,MRT,1999-06-30,1999-06-30,1999-06-30,2020-09-30,-18437000.0,11081799000.0,11181927750.0,,,0.043,19.505,0.0,8309000.0,8309000.0,41250000.0,271703000.0,,4.42,423962000.0,,,423962000.0,1339268000.0,3075000.0,0.0,0.0,0.0,388682000.0,391757000.0,0.81,391757000.0,388682000.0,352138000.0,2.6,2.55,2.6,2044468000.0,2080269750.0,2044468000.0,4403767198.0,11.0,11.241,366175000.0,3.493,1.0,442221000.0,0.915,0.0,36544000.0,11497452000.0,11597107750.0,0.0,9634870000.0,,,9037331000.0,,,3988681198.0,-20181000.0,0.0,-3885000.0,792934000.0,-27961000.0,761088000.0,-1147444000.0,-1134175000.0,366175000.0,0.0,271703000.0,271703000.0,271703000.0,0.0,0.0,0.562,53539000.0,388682000.0,635593000.0,0.0,1.951,14.68,14.647,0.0,0.0,38.083,8.25,8.256,817031000.0,1577902000.0,483471000.0,483471000.0,0.0,0.024,0.131,0.034,0.804,0.0,47301000.0,1.0,104735621.0,104816186,106963667.0,4.613,11081799000.0,0.0,80435000.0,57733000.0,105.726,
55,ABKFQ,MRT,1999-03-31,1999-03-31,1999-03-31,2020-09-30,100395000.0,11341895000.0,10970263000.0,,,0.043,19.986,0.0,8860000.0,8860000.0,41997000.0,261530000.0,,4.411,423946000.0,,,423946000.0,1315320000.0,2754000.0,0.0,0.0,0.0,374898000.0,377652000.0,0.803,377652000.0,374898000.0,338666000.0,2.5,2.45,2.5,2096138000.0,2066636250.0,2096138000.0,4194436498.0,11.0,11.107,344390000.0,3.284,1.0,428227000.0,0.911,0.0,36232000.0,11756981000.0,11380381500.0,0.0,9822042000.0,,,9245757000.0,,,3778746498.0,-1710000.0,0.0,-13882000.0,1282248000.0,-27268000.0,1241098000.0,-1587198000.0,-1557675000.0,344390000.0,0.0,261530000.0,261530000.0,261530000.0,0.0,0.0,0.556,53329000.0,374898000.0,1067779000.0,0.0,1.803,14.449,14.4,0.0,0.0,36.0,8.036,8.029,906660000.0,1515336000.0,470224000.0,470224000.0,0.0,0.024,0.127,0.033,0.797,0.0,46619000.0,1.0,104965181.0,104878763,107003409.0,4.484,11341895000.0,0.0,77136000.0,140853000.0,108.143,
56,ABKFQ,MRT,1998-12-31,1998-12-31,1998-12-31,2020-09-30,159313000.0,11212311000.0,10413093000.0,,,0.044,19.98,0.0,8239000.0,8239000.0,41540000.0,253994000.0,,4.349,423929000.0,,,423929000.0,1294214000.0,2460000.0,0.0,0.0,0.0,361673000.0,364133000.0,0.797,364133000.0,361673000.0,328912000.0,2.42,2.37,2.42,2096090000.0,2021152750.0,2096090000.0,4609509135.0,13.0,12.659,327796000.0,3.125,1.0,415496000.0,0.909,0.0,32761000.0,11628001000.0,10772767500.0,0.0,9674602000.0,,,9116221000.0,,,4195218135.0,-1017000.0,0.0,-6772000.0,1756356000.0,-26571000.0,1723013000.0,-2051826000.0,-2012209000.0,327796000.0,0.0,253994000.0,253994000.0,253994000.0,0.0,0.0,0.556,53823000.0,361673000.0,1083175000.0,0.0,2.001,16.517,16.581,0.0,0.0,40.125,9.179,9.21,843013000.0,1449832000.0,457036000.0,457036000.0,0.0,0.024,0.126,0.034,0.791,0.0,46720000.0,1.0,104553723.0,104909565,106995080.0,4.356,11212311000.0,0.0,74918000.0,152731000.0,106.876,
57,ABKFQ,MRT,1998-09-30,1998-09-30,1998-09-30,2020-09-30,205963000.0,11091706000.0,9682941500.0,,,0.046,19.902,0.0,9622000.0,9622000.0,37303000.0,250720000.0,,4.321,423913000.0,,,423913000.0,1251619000.0,2418000.0,0.0,0.0,0.0,355095000.0,357513000.0,0.803,357513000.0,355095000.0,326036000.0,2.393,2.34,2.393,2084383000.0,1965250750.0,2084383000.0,3754881256.0,11.0,10.503,312979000.0,2.988,1.0,407938000.0,0.916,0.0,29059000.0,11505997000.0,9992345500.0,0.0,9275126000.0,,,9007323000.0,,,3359474256.0,9577000.0,-120006000.0,-26554000.0,2516729000.0,-25888000.0,2464287000.0,-2767689000.0,-2599442000.0,312979000.0,0.0,250720000.0,250720000.0,250720000.0,0.0,0.0,0.563,52843000.0,355095000.0,1020852000.0,0.0,1.612,13.399,13.372,0.0,0.0,32.0,7.545,7.527,1156486000.0,1410184000.0,445241000.0,445241000.0,0.0,0.026,0.128,0.036,0.798,0.0,46727000.0,1.0,104983571.0,104734548,107084586.0,4.251,11091706000.0,0.0,75316000.0,178499000.0,105.903,
58,ABKFQ,MRT,1998-06-30,1998-06-30,1998-06-30,2020-09-30,153516000.0,10235140000.0,,,,,18.948,0.0,28490000.0,28490000.0,34047000.0,246133000.0,,4.143,423897000.0,,,423897000.0,1220701000.0,1845000.0,0.0,0.0,0.0,345670000.0,347515000.0,0.807,347515000.0,345670000.0,320474000.0,2.347,2.293,2.347,1989934000.0,,1989934000.0,4313092317.0,12.0,12.411,326966000.0,3.113,1.0,396422000.0,0.921,0.0,25196000.0,10630547000.0,,0.0,8865609000.0,,,8245206000.0,,,4099782317.0,21738000.0,-120006000.0,-12242000.0,2163638000.0,-25196000.0,2126200000.0,-2431428000.0,-2278031000.0,326966000.0,0.0,246133000.0,246133000.0,246133000.0,0.0,0.0,0.572,50752000.0,345670000.0,1000907000.0,0.0,2.06,16.657,16.617,0.0,0.0,39.0,9.524,9.515,752199000.0,1355957000.0,430469000.0,430469000.0,0.0,,,,0.803,0.0,45056000.0,1.0,105122624.0,105022766,107498493.0,4.099,10235140000.0,0.0,74341000.0,142741000.0,97.456,
59,ABKFQ,MRT,1998-03-31,1998-03-31,1998-03-31,2020-09-30,129571000.0,9113215000.0,,,,,18.22,0.0,10570000.0,10570000.0,30159000.0,238950000.0,,3.761,223880000.0,,,223880000.0,1194701000.0,1864000.0,0.0,0.0,0.0,331514000.0,333378000.0,0.814,333378000.0,331514000.0,309797000.0,2.28,2.227,2.28,1914204000.0,,1914204000.0,4311708167.0,13.0,12.933,334786000.0,3.187,1.0,379520000.0,0.926,0.0,21717000.0,9326525000.0,,0.0,8293359000.0,,,7199011000.0,,,4097100167.0,2095000.0,-120006000.0,4760000.0,2263974000.0,-24668000.0,2244066000.0,-2576757000.0,-2435269000.0,334786000.0,0.0,238950000.0,238950000.0,238950000.0,0.0,0.0,0.583,48006000.0,331514000.0,450975000.0,0.0,2.14,17.146,17.087,0.0,0.0,38.958,10.001,9.991,281055000.0,1306180000.0,409679000.0,409679000.0,0.0,,,,0.809,0.0,43598000.0,1.0,105166217.0,105059693,107448039.0,3.899,9113215000.0,0.0,70847000.0,148104000.0,86.743,
60,ABKFQ,MRT,1997-12-31,1997-12-31,1997-12-31,2020-09-30,135223000.0,8291705000.0,7084031500.0,,,0.054,17.836,0.0,9256000.0,9256000.0,30847000.0,223030000.0,,3.428,223864000.0,,,223864000.0,1178990000.0,1925000.0,0.0,0.0,0.0,307342000.0,309267000.0,0.81,309267000.0,307342000.0,285996000.0,2.127,2.087,2.127,1872482000.0,1743749000.0,1872482000.0,,,,316011000.0,3.01,1.0,350915000.0,0.919,0.0,21346000.0,8506313000.0,7299367500.0,0.0,7503780000.0,,,6419223000.0,,,3225097657.0,1522000.0,-120006000.0,-11228000.0,1599673000.0,-24165000.0,1564280000.0,-1878769000.0,-1748148000.0,316011000.0,0.0,223030000.0,223030000.0,223030000.0,0.0,0.0,0.584,43573000.0,307342000.0,401799000.0,0.0,1.722,14.46,14.418,0.0,0.0,30.667,8.448,8.433,293506000.0,1262740000.0,381762000.0,381762000.0,0.0,0.031,0.128,0.042,0.805,0.0,40672000.0,1.0,105166217.0,104982746,106841021.0,3.636,8291705000.0,0.0,62966000.0,144244000.0,78.982,
61,ABKFQ,MRT,1997-09-30,1997-09-30,1997-09-30,2020-09-30,,,,,,,,,,,,,,,,,,,,,,0.0,0.0,,,,,,,,,,,,,,,,,,1.0,,,,,,,,,,,,,,,,,,,,,,,,,,,,,,,,,,,,,,,,27.125,,,,,,,,,,,,,,1.0,,105162512,,,,,,,,
62,ABKFQ,MRT,1997-06-30,1997-06-30,1997-06-30,2020-09-30,,,,,,,,,,,,,,,,,,,,,,0.0,0.0,,,,,,,,,,,,,,,,,,1.0,,,,,,,,,,,,,,,,,,,,,,,,,,,,,,,,,,,,,,,,25.458,,,,,,,,,,,,,,1.0,,104936028,,,,,,,,
63,ABKFQ,MRT,1997-03-31,1997-03-31,1997-03-31,2020-09-30,,,,,,,,,,,,,,,,,,,,,,0.0,0.0,,,,,,,,,,,,,,,,,,1.0,,,,,,,,,,,,,,,,,,,,,,,,,,,,,,,,,,,,,,,,21.5,,,,,,,,,,,,,,1.0,,104831004,,,,,,,,
64,ABKFQ,MRT,1996-12-31,1996-12-31,1996-12-31,2020-09-30,58911000.0,5876358000.0,,,,,15.397,0.0,7734000.0,7734000.0,15818000.0,276317000.0,,2.639,223798000.0,,,223798000.0,991224000.0,1986000.0,0.0,0.0,0.0,396431000.0,398417000.0,0.88,398417000.0,396431000.0,375506000.0,2.633,2.607,2.633,1615016000.0,,1615016000.0,,,,190630000.0,1.817,1.0,437090000.0,0.965,0.0,20925000.0,6092422000.0,,0.0,5401711000.0,,,4261342000.0,,,,-4433000.0,202609000.0,-14540000.0,499229000.0,-21500000.0,463189000.0,-658252000.0,-851078000.0,190630000.0,0.0,276317000.0,276317000.0,276317000.0,0.0,0.0,0.61,40659000.0,396431000.0,114535000.0,0.0,,,8.403,0.0,0.0,22.125,,5.124,52159000.0,1072418000.0,452908000.0,452908000.0,0.0,,,,0.875,0.0,37182000.0,1.0,,104894442,106122705.0,4.318,5876358000.0,0.0,99189000.0,86624000.0,56.022,
65,ABKFQ,MRT,1995-12-31,1995-12-31,1995-12-31,2020-09-30,,,,,,,,0.0,,,11170000.0,167595000.0,,,,,,,,4765000.0,,0.0,0.0,235108000.0,239873000.0,0.85,239873000.0,235108000.0,214174000.0,1.593,1.58,1.593,,,,,,,231339000.0,2.197,1.0,271089000.0,0.96,,20934000.0,,,,,,,,,,,7726000.0,28502000.0,389000.0,196773000.0,-19484000.0,177678000.0,-401291000.0,-395413000.0,231339000.0,0.0,167595000.0,167595000.0,167595000.0,0.0,0.0,0.594,35981000.0,235108000.0,,0.0,,,9.809,,0.0,15.625,,5.829,,,282259000.0,282259000.0,0.0,,,,0.833,0.0,34450000.0,1.0,,105302643,106271162.0,2.68,,,46579000.0,,,
