None,ticker,dimension,calendardate,datekey,reportperiod,lastupdated,accoci,assets,assetsavg,assetsc,assetsnc,assetturnover,bvps,capex,cashneq,cashnequsd,cor,consolinc,currentratio,de,debt,debtc,debtnc,debtusd,deferredrev,depamor,deposits,divyield,dps,ebit,ebitda,ebitdamargin,ebitdausd,ebitusd,ebt,eps,epsdil,epsusd,equity,equityavg,equityusd,ev,evebit,evebitda,fcf,fcfps,fxusd,gp,grossmargin,intangibles,intexp,invcap,invcapavg,inventory,investments,investmentsc,investmentsnc,liabilities,liabilitiesc,liabilitiesnc,marketcap,ncf,ncfbus,ncfcommon,ncfdebt,ncfdiv,ncff,ncfi,ncfinv,ncfo,ncfx,netinc,netinccmn,netinccmnusd,netincdis,netincnci,netmargin,opex,opinc,payables,payoutratio,pb,pe,pe1,ppnenet,prefdivis,price,ps,ps1,receivables,retearn,revenue,revenueusd,rnd,roa,roe,roic,ros,sbcomp,sgna,sharefactor,sharesbas,shareswa,shareswadil,sps,tangibles,taxassets,taxexp,taxliabilities,tbvps,workingcapital
0,CELG,MRY,2018-12-31,2018-12-31,2018-12-31,2019-11-01,-50000000.0,35480000000.0,34423750000.0,9067000000.0,26413000000.0,0.444,8.601,-330000000.0,4234000000.0,4234000000.0,587000000.0,4046000000.0,2.235,4.759,20270000000.0,501000000.0,19769000000.0,20270000000.0,146000000.0,635000000.0,0.0,0.0,0.0,5573000000.0,6208000000.0,0.406,6208000000.0,5573000000.0,4832000000.0,5.65,5.51,5.65,6161000000.0,4905750000.0,6161000000.0,62579050426.0,11.0,10.08,4841000000.0,6.758,1.0,14694000000.0,0.962,24216000000.0,741000000.0,23243000000.0,23921250000.0,458000000.0,1808000000.0,1808000000.0,0.0,29319000000.0,4057000000.0,25262000000.0,44815050426.0,-2779000000.0,-8648000000.0,-5952000000.0,4452000000.0,0.0,-1540000000.0,-6418000000.0,2560000000.0,5171000000.0,8000000.0,4046000000.0,4046000000.0,4046000000.0,0.0,0.0,0.265,9503000000.0,5191000000.0,418000000.0,0.0,7.274,11.076,11.343,1367000000.0,0.0,64.09,2.933,3.004,2066000000.0,17559000000.0,15281000000.0,15281000000.0,5673000000.0,0.118,0.825,0.233,0.365,954000000.0,3250000000.0,1.0,699251840.0,716300000,733800000.0,21.333,11264000000.0,0.0,786000000.0,5021000000.0,15.725,5010000000.0
1,CELG,MRY,2017-12-31,2017-12-31,2017-12-31,2019-11-01,287000000.0,30141000000.0,30250750000.0,14892000000.0,15249000000.0,0.43,8.882,-279000000.0,7013000000.0,7013000000.0,461000000.0,2940000000.0,4.986,3.355,15838000000.0,0.0,15838000000.0,15838000000.0,109000000.0,471000000.0,0.0,0.0,0.0,4836000000.0,5307000000.0,0.408,5307000000.0,4836000000.0,4314000000.0,3.77,3.64,3.77,6921000000.0,8215000000.0,6921000000.0,90927394919.0,19.0,17.133,4967000000.0,6.374,1.0,12542000000.0,0.965,13302000000.0,522000000.0,22677000000.0,20939500000.0,541000000.0,5029000000.0,5029000000.0,0.0,23220000000.0,2987000000.0,20233000000.0,82164394919.0,843000000.0,0.0,-3148000000.0,1564000000.0,0.0,-1584000000.0,-2891000000.0,-2585000000.0,5246000000.0,72000000.0,2940000000.0,2940000000.0,2940000000.0,0.0,0.0,0.226,7835000000.0,4707000000.0,305000000.0,0.0,11.872,27.947,27.682,1070000000.0,0.0,104.36,6.319,6.254,1921000000.0,13061000000.0,13003000000.0,13003000000.0,5915000000.0,0.097,0.358,0.231,0.372,678000000.0,2941000000.0,1.0,787316931.0,779200000,808700000.0,16.688,16839000000.0,0.0,1374000000.0,3901000000.0,21.611,11905000000.0
2,CELG,MRY,2016-12-31,2016-12-31,2016-12-31,2019-11-01,419000000.0,28086000000.0,26841400000.0,10868000000.0,17218000000.0,0.418,8.492,-236000000.0,6170000000.0,6170000000.0,438000000.0,1999000000.0,3.673,3.255,14290000000.0,501000000.0,13789000000.0,14290000000.0,83000000.0,505000000.0,0.0,0.0,0.0,2872000000.0,3377000000.0,0.301,3377000000.0,2872000000.0,2372000000.0,2.57,2.49,2.57,6600000000.0,5718475000.0,6600000000.0,98510704894.0,34.0,29.171,3929000000.0,5.055,1.0,10791000000.0,0.961,15258000000.0,500000000.0,17989000000.0,18045525000.0,498000000.0,1800000000.0,1800000000.0,0.0,21486000000.0,2959000000.0,18527000000.0,89729804894.0,1290000000.0,0.0,-1801000000.0,0.0,0.0,-1834000000.0,-1002000000.0,-765000000.0,4165000000.0,-39000000.0,1999000000.0,1999000000.0,1999000000.0,0.0,0.0,0.178,7625000000.0,3166000000.0,247000000.0,0.0,13.595,44.887,45.039,930000000.0,0.0,115.75,7.991,8.011,1621000000.0,10074000000.0,11229000000.0,11229000000.0,4470000000.0,0.074,0.35,0.159,0.256,646000000.0,2658000000.0,1.0,775203498.0,777200000,803300000.0,14.448,12828000000.0,0.0,373000000.0,2980000000.0,16.505,7909000000.0
3,CELG,MRY,2015-12-31,2015-12-31,2015-12-31,2019-11-01,767700000.0,26964400000.0,22389950000.0,9400900000.0,17563500000.0,0.413,7.472,-286000000.0,4880300000.0,4880300000.0,420000000.0,1602000000.0,4.775,3.556,14161400000.0,0.0,14161400000.0,14161400000.0,90600000.0,402000000.0,0.0,0.0,0.0,2334000000.0,2736000000.0,0.296,2736000000.0,2334000000.0,2023000000.0,2.02,1.94,2.02,5919000000.0,6095300000.0,5919000000.0,103571090944.0,44.0,37.855,2499000000.0,3.155,1.0,8836000000.0,0.955,15737100000.0,311000000.0,18539500000.0,15040775000.0,443400000.0,1671600000.0,1671600000.0,0.0,21045400000.0,1968900000.0,19076500000.0,94089990944.0,758000000.0,-7695000000.0,-3005000000.0,7297000000.0,0.0,4283000000.0,-6259000000.0,1730000000.0,2785000000.0,-51000000.0,1602000000.0,1602000000.0,1602000000.0,0.0,0.0,0.173,6581000000.0,2255000000.0,240800000.0,0.0,15.896,58.733,59.287,814100000.0,0.0,119.76,10.165,10.25,1420900000.0,8074400000.0,9256000000.0,9256000000.0,3697000000.0,0.072,0.263,0.155,0.252,612000000.0,2305000000.0,1.0,785654567.0,792200000,824900000.0,11.684,11227300000.0,0.0,421000000.0,2863200000.0,14.172,7432000000.0
4,CELG,MRY,2014-12-31,2014-12-31,2014-12-31,2019-11-01,914800000.0,17340100000.0,15512450000.0,9712600000.0,7627500000.0,0.494,8.129,-150300000.0,4121600000.0,4121600000.0,385900000.0,1999900000.0,4.598,1.658,6871600000.0,605900000.0,6265700000.0,6871600000.0,56300000.0,369400000.0,0.0,0.0,0.0,2503500000.0,2872900000.0,0.375,2872900000.0,2503500000.0,2327400000.0,2.49,2.39,2.49,6524800000.0,5407275000.0,6524800000.0,92437850470.0,37.0,32.176,2656000000.0,3.309,1.0,7284500000.0,0.95,6258800000.0,176100000.0,11719100000.0,10742300000.0,393100000.0,3425100000.0,3425100000.0,0.0,10815300000.0,2112200000.0,8703100000.0,89343050470.0,887200000.0,-710000000.0,-2677900000.0,2025300000.0,0.0,-417400000.0,-1438000000.0,-552900000.0,2806300000.0,-63700000.0,1999900000.0,1999900000.0,1999900000.0,0.0,0.0,0.261,4765500000.0,2519000000.0,198200000.0,0.0,13.693,44.674,44.924,642600000.0,0.0,111.86,11.648,11.706,1166700000.0,6472400000.0,7670400000.0,7670400000.0,2430600000.0,0.129,0.37,0.233,0.326,488300000.0,2027900000.0,1.0,798704188.0,802700000,836000000.0,9.556,11081300000.0,0.0,327500000.0,285600000.0,13.805,7600400000.0
5,CELG,MRY,2013-12-31,2013-12-31,2013-12-31,2019-11-01,94000000.0,13378200000.0,12605900000.0,7550500000.0,5827700000.0,0.515,6.754,-119700000.0,3234400000.0,3234400000.0,340400000.0,1449900000.0,3.881,1.393,4741300000.0,544800000.0,4196500000.0,4741300000.0,51400000.0,374100000.0,0.0,0.0,0.0,1757000000.0,2131100000.0,0.328,2131100000.0,1757000000.0,1665400000.0,1.75,1.68,1.75,5589900000.0,5611525000.0,5589900000.0,71837762486.0,41.0,33.709,2106200000.0,2.545,1.0,6153500000.0,0.948,4880900000.0,91600000.0,8058700000.0,7501675000.0,340400000.0,2452600000.0,2452600000.0,0.0,7788300000.0,1945500000.0,5842800000.0,69626562486.0,1144000000.0,0.0,-2213000000.0,1713700000.0,0.0,-553700000.0,-528600000.0,-388400000.0,2225900000.0,400000.0,1449900000.0,1449900000.0,1449900000.0,0.0,0.0,0.223,4344600000.0,1808900000.0,156200000.0,0.0,12.456,48.022,48.277,593400000.0,0.0,84.484,10.722,10.768,1061400000.0,4472500000.0,6493900000.0,6493900000.0,2226200000.0,0.115,0.258,0.234,0.271,358400000.0,1684500000.0,1.0,824139038.0,827700000,860600000.0,7.846,8497300000.0,25300000.0,215500000.0,1055900000.0,10.266,5605000000.0
6,CELG,MRY,2012-12-31,2012-12-31,2012-12-31,2019-11-01,-49700000.0,11734300000.0,11017968250.0,5533700000.0,6200600000.0,0.5,6.607,-111500000.0,2090400000.0,2090400000.0,299100000.0,1456200000.0,3.274,1.061,3079800000.0,308500000.0,2771300000.0,3079800000.0,33500000.0,283500000.0,0.0,0.0,0.0,1744700000.0,2028200000.0,0.368,2028200000.0,1744700000.0,1681500000.0,1.69,1.65,1.69,5694500000.0,5864739250.0,5694500000.0,33570486176.0,19.0,16.552,1907100000.0,2.213,1.0,5207600000.0,0.946,5143200000.0,63200000.0,5890300000.0,4557200000.0,259500000.0,1809900000.0,1809900000.0,0.0,6039800000.0,1690200000.0,4349600000.0,33191812176.0,230900000.0,-352200000.0,-1567400000.0,1269300000.0,0.0,-248800000.0,-1553600000.0,-1055100000.0,2018600000.0,14700000.0,1456200000.0,1456200000.0,1456200000.0,0.0,0.0,0.264,3461200000.0,1746400000.0,145600000.0,0.0,5.829,22.793,23.216,578400000.0,0.0,39.235,6.028,6.141,960500000.0,3022600000.0,5506700000.0,5506700000.0,1724200000.0,0.132,0.248,0.383,0.317,250300000.0,1373500000.0,1.0,845974568.0,861900000,881600000.0,6.389,6591100000.0,93200000.0,225300000.0,1218400000.0,7.647,3843500000.0
7,CELG,MRY,2011-12-31,2011-12-31,2011-12-31,2019-11-01,-62337000.0,10005910000.0,9916245250.0,4353225000.0,5652685000.0,0.488,6.054,-132100000.0,1859464000.0,1859464000.0,425900000.0,1317400000.0,2.827,0.815,1802269000.0,526684000.0,1275585000.0,1802269000.0,26969000.0,362900000.0,0.0,0.0,0.0,1462900000.0,1825800000.0,0.377,1825800000.0,1462900000.0,1420200000.0,1.445,1.425,1.445,5512727000.0,5745085750.0,5512727000.0,29761226413.0,20.0,16.3,1644000000.0,1.805,1.0,4416200000.0,0.912,4731918000.0,42700000.0,3676825000.0,3632118250.0,189573000.0,788690000.0,788690000.0,0.0,4493183000.0,1539972000.0,2953211000.0,30009712413.0,508400000.0,93200000.0,-2022100000.0,525700000.0,0.0,-1622000000.0,377700000.0,422500000.0,1776100000.0,-23400000.0,1318100000.0,1318100000.0,1318100000.0,0.0,-700000.0,0.272,2973500000.0,1442700000.0,121525000.0,0.0,5.444,22.767,23.391,506042000.0,0.0,33.8,6.198,6.356,945531000.0,1566416000.0,4842100000.0,4842100000.0,1600300000.0,0.133,0.229,0.403,0.302,237900000.0,1226300000.0,1.0,887861314.0,910600000,925400000.0,5.317,5273992000.0,116751000.0,102100000.0,1421529000.0,5.792,2813253000.0
8,CELG,MRY,2010-12-31,2010-12-31,2010-12-31,2019-11-01,-73767000.0,10177162000.0,7223895500.0,4343199000.0,5833963000.0,0.502,6.472,-98632000.0,1351128000.0,1351128000.0,306521000.0,880192000.0,4.058,0.699,1247584000.0,0.0,1247584000.0,1247584000.0,29147000.0,259089000.0,0.0,0.0,0.0,1025564000.0,1284653000.0,0.354,1284653000.0,1025564000.0,1012930000.0,0.95,0.94,0.95,5983973000.0,5205470750.0,5983973000.0,25001686718.0,24.0,19.462,1082924000.0,1.171,1.0,3319224000.0,0.915,5144842000.0,12634000.0,3858394000.0,2861230250.0,260130000.0,1273246000.0,1250173000.0,23073000.0,4181690000.0,1070382000.0,3111308000.0,27833671718.0,248956000.0,-2652377000.0,-96227000.0,1237270000.0,0.0,1177167000.0,-2107305000.0,645638000.0,1181556000.0,-2462000.0,880512000.0,880512000.0,880512000.0,0.0,-320000.0,0.243,2329589000.0,989635000.0,94465000.0,0.0,4.651,31.611,31.126,509919000.0,0.0,29.57,7.677,7.541,706429000.0,248266000.0,3625745000.0,3625745000.0,1128495000.0,0.122,0.169,0.358,0.283,197199000.0,950634000.0,1.0,941280748.0,924596000,939034000.0,3.921,5032320000.0,151779000.0,132418000.0,1446189000.0,5.443,3272817000.0
9,CELG,MRY,2009-12-31,2009-12-31,2009-12-31,2019-11-01,-89425000.0,5389311000.0,4956814250.0,3844804000.0,1544507000.0,0.543,4.784,-93384000.0,1102172000.0,1102172000.0,216289000.0,776747000.0,7.772,0.226,0.0,0.0,0.0,0.0,8354000.0,126068000.0,0.0,0.0,0.0,977669000.0,1103737000.0,0.41,1103737000.0,977669000.0,975703000.0,0.845,0.83,0.845,4394606000.0,4030388000.0,4394606000.0,24439603904.0,25.0,22.143,816471000.0,0.889,1.0,2473604000.0,0.92,927658000.0,1966000.0,2864776000.0,2522709250.0,100683000.0,1916056000.0,1894580000.0,21476000.0,994705000.0,494705000.0,500000000.0,25590658904.0,9786000.0,-3603000.0,-159710000.0,0.0,0.0,-61872000.0,-856078000.0,-762424000.0,909855000.0,17881000.0,776747000.0,776747000.0,776747000.0,0.0,0.0,0.289,1632078000.0,841526000.0,36629000.0,0.0,5.823,32.946,32.947,297792000.0,0.0,27.84,9.514,9.507,438617000.0,-632246000.0,2689893000.0,2689893000.0,794848000.0,0.157,0.193,0.388,0.363,157444000.0,753827000.0,1.0,919204702.0,918608000,934708000.0,2.928,4461653000.0,49817000.0,198956000.0,469232000.0,4.857,3350099000.0
10,CELG,MRY,2008-12-31,2008-12-31,2008-12-31,2019-11-01,-127544000.0,4445270000.0,4213432750.0,2841366000.0,1603904000.0,0.535,3.944,-77379000.0,1092386000.0,1092386000.0,258267000.0,-1533653000.0,5.389,0.273,0.0,0.0,0.0,0.0,4546000.0,138162000.0,0.0,0.0,0.0,-1364388000.0,-1226226000.0,-0.544,-1226226000.0,-1364388000.0,-1368825000.0,-1.73,-1.73,-1.73,3491328000.0,3383991000.0,3491328000.0,23811536576.0,-17.0,-19.419,104808000.0,0.118,1.0,1996514000.0,0.885,1023586000.0,4437000.0,1802050000.0,1521288250.0,100176000.0,1148097000.0,1129705000.0,18392000.0,953942000.0,527248000.0,426694000.0,25328656576.0,-125887000.0,-759634000.0,128583000.0,0.0,0.0,281629000.0,-522246000.0,302713000.0,182187000.0,-67457000.0,-1533653000.0,-1533653000.0,-1533653000.0,0.0,0.0,-0.68,3460732000.0,-1464218000.0,53859000.0,0.0,7.255,-16.515,-15.977,248971000.0,0.0,27.64,11.233,10.852,312243000.0,-1408993000.0,2254781000.0,2254781000.0,931218000.0,-0.364,-0.453,-0.897,-0.605,114892000.0,685547000.0,1.0,916376866.0,885240000,885240000.0,2.547,3421684000.0,16415000.0,164828000.0,409740000.0,3.865,2314118000.0
11,CELG,MRY,2007-12-31,2007-12-31,2007-12-31,2019-11-01,83882000.0,3611284000.0,3254674500.0,3084421000.0,526863000.0,0.432,3.711,-64359000.0,1218273000.0,1218273000.0,130211000.0,226433000.0,7.125,0.27,196555000.0,196555000.0,0.0,196555000.0,67969000.0,31535000.0,0.0,0.0,0.0,528096000.0,559631000.0,0.398,559631000.0,528096000.0,516969000.0,0.295,0.27,0.295,2843944000.0,2432390500.0,2843944000.0,17189596073.0,33.0,30.716,413141000.0,0.539,1.0,1275609000.0,0.907,131691000.0,11127000.0,2024944000.0,1959117750.0,49076000.0,1535067000.0,1520645000.0,14422000.0,767340000.0,432931000.0,334409000.0,17830600073.0,-221142000.0,-1621000.0,144703000.0,0.0,0.0,287695000.0,-990186000.0,-916688000.0,477500000.0,3849000.0,226433000.0,226433000.0,226433000.0,0.0,0.0,0.161,850488000.0,425121000.0,37876000.0,0.0,6.27,78.746,78.322,197428000.0,0.0,23.105,12.683,12.597,167252000.0,124660000.0,1405820000.0,1405820000.0,400456000.0,0.07,0.093,0.27,0.376,64190000.0,440962000.0,1.0,771720410.0,766450000,863716000.0,1.834,3479593000.0,20506000.0,290536000.0,216296000.0,4.54,2651490000.0
12,CELG,MRY,2006-12-31,2006-12-31,2006-12-31,2019-11-01,12357000.0,2735791000.0,1738769750.0,2311004000.0,424787000.0,0.517,2.805,-58582000.0,1439415000.0,1439415000.0,125759000.0,68981000.0,9.641,0.384,399889000.0,0.0,399889000.0,399889000.0,70674000.0,25714000.0,0.0,0.0,0.0,212312000.0,238026000.0,0.265,238026000.0,212312000.0,202895000.0,0.1,0.09,0.1,1976177000.0,1069667500.0,1976177000.0,20432266045.0,96.0,85.84,24979000.0,0.035,1.0,773114000.0,0.86,139003000.0,9417000.0,1317559000.0,1326361750.0,25371000.0,559184000.0,542805000.0,16379000.0,759614000.0,239703000.0,519911000.0,20275969045.0,1316099000.0,-7400000.0,1119254000.0,0.0,0.0,1221246000.0,6784000.0,72766000.0,83561000.0,4508000.0,68981000.0,68981000.0,68981000.0,0.0,0.0,0.077,598423000.0,174691000.0,24410000.0,0.0,10.26,293.936,287.65,146645000.0,0.0,28.765,22.557,22.543,127777000.0,-101773000.0,898873000.0,898873000.0,259956000.0,0.04,0.064,0.16,0.236,83265000.0,329749000.0,1.0,704883332.0,704434000,814362000.0,1.276,2596788000.0,87979000.0,133914000.0,84859000.0,3.686,2071301000.0
13,CELG,MRY,2005-12-31,2005-12-31,2005-12-31,2019-11-01,88000.0,1258313000.0,1187617500.0,972837000.0,285476000.0,0.452,0.947,-35861000.0,123316000.0,123316000.0,80727000.0,63656000.0,7.172,0.979,399984000.0,0.0,399984000.0,399984000.0,65540000.0,14286000.0,0.0,0.0,0.0,93709000.0,107995000.0,0.201,107995000.0,93709000.0,84212000.0,0.095,0.09,0.095,635775000.0,578595750.0,635775000.0,11328352209.0,121.0,104.897,6056000.0,0.009,1.0,456214000.0,0.85,130803000.0,9497000.0,1268541000.0,1249914250.0,20242000.0,617961000.0,600944000.0,17017000.0,622538000.0,135637000.0,486901000.0,10990665209.0,-11911000.0,-17652000.0,52640000.0,-9000.0,0.0,52631000.0,-103131000.0,-49496000.0,41917000.0,-3328000.0,63656000.0,63656000.0,63656000.0,0.0,0.0,0.119,372630000.0,83584000.0,16414000.0,0.0,17.287,172.657,170.526,77477000.0,0.0,16.2,20.469,20.245,77913000.0,-170754000.0,536941000.0,536941000.0,190834000.0,0.054,0.11,0.075,0.175,-243000.0,181796000.0,1.0,678436124.0,671024000,781170000.0,0.8,1127510000.0,113059000.0,20556000.0,14715000.0,1.68,837200000.0
14,CELG,MRY,2004-12-31,2004-12-31,2004-12-31,2019-11-01,68602000.0,1107293000.0,933546000.0,849880000.0,257413000.0,0.404,0.728,-36015000.0,135227000.0,135227000.0,59726000.0,52756000.0,6.01,1.319,400000000.0,0.0,400000000.0,400000000.0,80918000.0,9690000.0,0.0,0.0,0.0,72722000.0,82412000.0,0.218,82412000.0,72722000.0,63171000.0,0.08,0.075,0.08,477444000.0,410359750.0,477444000.0,4496993435.0,62.0,54.567,119924000.0,0.183,1.0,317776000.0,0.842,150213000.0,9551000.0,1080438000.0,995969500.0,24404000.0,613310000.0,613310000.0,0.0,629849000.0,141415000.0,488434000.0,4365976435.0,74899000.0,-109882000.0,16036000.0,-34000.0,0.0,16002000.0,-92636000.0,53261000.0,155939000.0,-4406000.0,52756000.0,52756000.0,52756000.0,0.0,0.0,0.14,275048000.0,42728000.0,18650000.0,0.0,9.144,82.758,82.875,53738000.0,0.0,6.63,11.565,11.512,46074000.0,-234410000.0,377502000.0,377502000.0,160852000.0,0.057,0.129,0.073,0.193,449000.0,114196000.0,1.0,658518316.0,655476000,691420000.0,0.576,957080000.0,18695000.0,10415000.0,46635000.0,1.46,708465000.0
15,CELG,MRY,2003-12-31,2003-12-31,2003-12-31,2019-11-01,10612000.0,813026000.0,668725256.0,730099000.0,82927000.0,0.406,0.513,-11089000.0,60328000.0,60328000.0,52950000.0,25693000.0,10.169,1.451,400046000.0,30000.0,400016000.0,400046000.0,1711000.0,8027000.0,0.0,0.0,0.0,32078000.0,40105000.0,0.148,40105000.0,32078000.0,26411000.0,0.04,0.04,0.04,331744000.0,302148118.0,331744000.0,3732883922.0,116.0,93.078,7636000.0,0.012,1.0,218525000.0,0.805,6185000.0,5667000.0,1074765000.0,653533163.0,9696000.0,606639000.0,606639000.0,0.0,481282000.0,71794000.0,409488000.0,3645930922.0,-25147000.0,-11250000.0,11970000.0,387687000.0,0.0,399699000.0,-443571000.0,-421232000.0,18725000.0,0.0,25693000.0,25693000.0,25693000.0,0.0,0.0,0.095,221174000.0,-2649000.0,15340000.0,0.0,10.99,141.904,140.25,22546000.0,0.0,5.61,13.43,13.372,35495000.0,-287166000.0,271475000.0,271475000.0,122700000.0,0.038,0.085,0.049,0.118,704000.0,98474000.0,1.0,649898560.0,647096000,683184000.0,0.42,806841000.0,0.0,718000.0,281000.0,1.247,658305000.0
16,CELG,MRY,2002-12-31,2002-12-31,2002-12-31,2019-11-01,7028000.0,327287000.0,344526318.0,296096000.0,31191000.0,0.394,0.447,-11077000.0,85475000.0,85475000.0,20867000.0,-90492000.0,6.686,0.183,126000.0,86000.0,40000.0,126000.0,1499000.0,5182000.0,0.0,0.0,0.0,-90563000.0,-85381000.0,-0.629,-85381000.0,-90563000.0,-90590000.0,-0.147,-0.147,-0.147,276698000.0,305441640.0,276698000.0,1589103462.0,-18.0,-18.612,-39387000.0,-0.064,1.0,114879000.0,0.846,5983000.0,27000.0,191669000.0,255507117.0,4806000.0,175707000.0,175707000.0,0.0,50589000.0,44286000.0,6303000.0,1689664181.0,38334000.0,-9299000.0,3966000.0,-587000.0,0.0,3379000.0,63265000.0,83641000.0,-28310000.0,0.0,-90492000.0,-90492000.0,-90492000.0,0.0,0.0,-0.667,229500000.0,-114621000.0,16516000.0,0.0,6.107,-18.672,-18.257,19600000.0,0.0,2.684,12.447,12.232,17659000.0,-322367000.0,135746000.0,135746000.0,84924000.0,-0.263,-0.296,-0.354,-0.667,467000.0,66172000.0,1.0,629590752.0,618696000,618696000.0,0.219,321304000.0,0.0,-98000.0,0.0,0.519,251810000.0
17,CELG,MRY,2001-12-31,2001-12-31,2001-12-31,2019-11-01,6651100.0,353982418.0,344013858.0,336422326.0,17560092.0,0.332,0.517,-7870000.0,47141291.0,47141291.0,13571000.0,-1912000.0,11.226,0.14,12346546.0,586731.0,11759815.0,12346546.0,4882668.0,5086000.0,0.0,0.0,0.0,-3061000.0,2025000.0,0.018,2025000.0,-3061000.0,-3144000.0,-0.004,-0.004,-0.004,310425467.0,304213067.0,310425467.0,2380334520.0,-778.0,1175.474,-9525000.0,-0.016,1.0,100672000.0,0.881,0.0,83000.0,289219788.0,265671923.0,3603462.0,262900049.0,262900049.0,0.0,43556951.0,29967885.0,13589066.0,2409256036.0,-114253000.0,992000.0,6773000.0,-929000.0,0.0,5864000.0,-118462000.0,-111584000.0,-1655000.0,0.0,-1912000.0,-1912000.0,-1912000.0,0.0,0.0,-0.017,125615000.0,-24943000.0,10831464.0,0.0,7.761,-1260.071,-997.5,10645647.0,0.0,3.99,21.089,20.986,13415101.0,-222367088.0,114243000.0,114243000.0,67653000.0,-0.006,-0.006,-0.012,-0.027,3529000.0,57962000.0,1.0,603823568.0,600864000,600864000.0,0.19,353982418.0,0.0,-1232000.0,0.0,0.589,306454441.0
18,CELG,MRY,2000-12-31,2000-12-31,2000-12-31,2019-11-01,909879.0,346725915.0,327760641.0,332021596.0,14704319.0,0.259,0.555,-9637333.0,161393835.0,161393835.0,9986743.0,-16284370.0,9.828,0.173,13275804.0,929258.0,12346546.0,13275804.0,17339574.0,3722467.0,0.0,0.0,0.0,-16013066.0,-12290599.0,-0.145,-12290599.0,-16013066.0,-18094047.0,-0.03,-0.03,-0.03,295532872.0,280220438.0,295532872.0,2227103082.0,-139.0,-181.204,-11072879.0,-0.021,1.0,74921244.0,0.882,0.0,2080981.0,164825072.0,174915989.0,4266257.0,144767777.0,144767777.0,0.0,51193043.0,33782812.0,17410231.0,2364153903.0,139524579.0,719103.0,288126562.0,-1593127.0,0.0,286567035.0,-145606910.0,-136688680.0,-1435546.0,0.0,-16284370.0,-16284370.0,-16284370.0,0.0,0.0,-0.192,109230269.0,-34309025.0,10868473.0,0.0,8.0,-145.179,-135.417,8395902.0,0.0,4.063,27.844,25.492,9846000.0,-220454722.0,84907987.0,84907987.0,56172848.0,-0.05,-0.058,-0.092,-0.189,4057990.0,46389311.0,1.0,581945576.0,532784000,532784000.0,0.159,346725915.0,0.0,-1809677.0,0.0,0.651,298238784.0
19,CELG,MRY,1999-12-31,1999-12-31,1999-12-31,2019-11-01,-91904.0,46872535.0,29263741.0,37763056.0,9109479.0,1.305,-0.024,-1875072.0,21869256.0,21869256.0,3216847.0,-29636948.0,2.469,-5.819,41630483.0,1307467.0,40323016.0,41630483.0,4099792.0,3038222.0,0.0,0.0,0.0,-29363494.0,-26325272.0,-0.689,-26325272.0,-29363494.0,-32654858.0,-0.074,-0.074,-0.074,-9726824.0,-12516553.0,-9726824.0,1227043528.0,-42.0,-46.611,-25499356.0,-0.062,1.0,34975236.0,0.916,0.0,3291364.0,51337339.0,38206519.0,2456059.0,7077314.0,7077314.0,0.0,56599359.0,15296423.0,41302936.0,1202650540.0,12305940.0,0.0,8425801.0,27498941.0,0.0,36917624.0,-987400.0,1337672.0,-23624284.0,0.0,-29636948.0,-30455435.0,-30455435.0,0.0,0.0,-0.797,65640533.0,-30665297.0,3254823.0,0.0,-123.643,-39.489,-39.414,5741389.0,818487.0,2.917,31.49,31.433,5037431.0,-204170352.0,38192083.0,38192083.0,38777628.0,-1.041,2.433,-0.769,-0.769,700040.0,26862905.0,1.0,412337328.0,411592000,,0.093,46872535.0,0.0,-3017910.0,0.0,0.114,22466633.0
20,CELG,MRY,1998-12-31,1998-12-31,1998-12-31,2019-11-01,0.0,11927997.0,14994395.0,9586700.0,2341297.0,1.281,-0.01,-2188910.0,3066953.0,3066953.0,282307.0,-29424282.0,1.347,-4.196,8769909.0,225372.0,8544537.0,8769909.0,0.0,2394197.0,0.0,0.0,0.0,-28715841.0,-26321644.0,-1.37,-26321644.0,-28715841.0,-29424282.0,-0.075,-0.094,-0.075,-3732624.0,5884199.0,-3732624.0,251969262.0,-9.0,-9.573,-35979621.0,-0.092,1.0,18932425.0,0.985,0.0,708441.0,10514869.0,7706173.0,1571408.0,2056890.0,2056890.0,0.0,15660621.0,7116084.0,8544537.0,252432847.0,-12756598.0,7500000.0,5471928.0,6956820.0,0.0,12428748.0,8605365.0,3574275.0,-33790711.0,0.0,-29424282.0,-29448930.0,-29448930.0,0.0,0.0,-1.533,56361328.0,-37428903.0,3848853.0,0.0,-67.629,-8.572,-8.544,2262130.0,24648.0,0.641,13.137,13.023,2662389.0,-144613068.0,19214732.0,19214732.0,35344580.0,-1.964,-5.005,-3.726,-1.494,614788.0,21016748.0,1.0,393913416.0,390488000,,0.049,11927997.0,0.0,0.0,0.0,0.031,2470616.0
21,CELG,MRY,1997-12-31,1997-12-31,1997-12-31,2019-11-01,0.0,18217456.0,19577659.0,15852265.0,2365191.0,0.057,0.053,-1240775.0,13583445.0,13583445.0,0.0,-25447027.0,6.492,0.181,561169.0,210499.0,350670.0,561169.0,0.0,380364.0,0.0,0.0,0.0,-25335256.0,-24954892.0,-22.238,-24954892.0,-25335256.0,-25447027.0,-0.092,-0.085,-0.092,15425092.0,15745051.0,15425092.0,,,,-27132802.0,-0.093,1.0,1122193.0,1.0,0.0,111771.0,2753486.0,11386342.0,0.0,0.0,0.0,0.0,2792364.0,2441694.0,350670.0,134940074.0,12660484.0,0.0,18226347.0,561169.0,0.0,22906977.0,15645534.0,16886309.0,-25892027.0,0.0,-25447027.0,-26921501.0,-26921501.0,0.0,0.0,-23.99,26525846.0,-25403653.0,842262.0,0.0,8.748,-5.012,-3.822,2286024.0,1474474.0,0.352,120.247,91.847,1430384.0,-119520540.0,1122193.0,1122193.0,17380390.0,-1.375,-1.71,-2.225,-22.577,56758.0,9145456.0,1.0,383806800.0,293160000,293160000.0,0.004,18217456.0,0.0,0.0,0.0,0.062,13410571.0
22,CELG,MRY,1996-12-31,1996-12-31,1996-12-31,2019-11-01,5714.0,20937862.0,,18829420.0,2108442.0,,0.071,-1340232.0,922961.0,922961.0,0.0,-17818982.0,7.735,0.303,2438575.0,0.0,2438575.0,2438575.0,0.0,362590.0,0.0,0.0,0.0,-17495069.0,-17132479.0,-19.432,-17132479.0,-17495069.0,-17818982.0,-0.095,-0.075,-0.095,16065009.0,,16065009.0,,,,-17984343.0,-0.079,1.0,881665.0,1.0,0.0,323913.0,20019198.0,,0.0,16892023.0,16892023.0,0.0,4872853.0,2434278.0,2438575.0,,585796.0,0.0,237946.0,0.0,0.0,24067570.0,-6837663.0,-5497431.0,-16644111.0,0.0,-17818982.0,-21609640.0,-21609640.0,0.0,0.0,-24.51,18923516.0,-18041851.0,1552674.0,0.0,,,-4.877,1940615.0,3790658.0,0.463,,119.188,378595.0,-92599039.0,881665.0,881665.0,15152735.0,,,,-19.843,5952.0,3770781.0,1.0,,226800000,226800000.0,0.004,20937862.0,0.0,0.0,0.0,0.092,16395142.0
23,CELG,MRY,1995-12-31,1995-12-31,1995-12-31,2019-11-01,,,,,,,,-27695.0,,,0.0,-10516523.0,,,,,,,,422031.0,,0.0,0.0,-10091785.0,-9669754.0,-20.487,-9669754.0,-10091785.0,-10516523.0,-0.054,-0.054,-0.054,,,,,,,-8234779.0,-0.043,1.0,472000.0,1.0,,424738.0,,,,,,,,,,,44240.0,0.0,170888.0,11022570.0,0.0,11193458.0,-2942134.0,-2914439.0,-8207084.0,0.0,-10516523.0,-10516523.0,-10516523.0,0.0,0.0,-22.281,8982158.0,-8510158.0,,0.0,,,-10.324,,0.0,0.557,,228.849,,,472000.0,472000.0,6393120.0,,,,-21.381,12089.0,2589038.0,1.0,,193752000,193752000.0,0.002,,,0.0,,,
0,CELG,MRQ,2019-09-30,2019-09-30,2019-09-30,2019-11-01,-27000000.0,41363000000.0,,14454000000.0,26909000000.0,,17.038,-68000000.0,9604000000.0,9604000000.0,167000000.0,1691000000.0,2.886,2.422,19787000000.0,1498000000.0,18289000000.0,19787000000.0,60000000.0,171000000.0,0.0,0.0,0.0,2107000000.0,2278000000.0,0.504,2278000000.0,2107000000.0,1917000000.0,2.38,2.32,2.38,12087000000.0,,12087000000.0,82954007118.0,11.0,10.255,2104000000.0,2.966,1.0,4353000000.0,0.963,24390000000.0,190000000.0,22147000000.0,,451000000.0,1293000000.0,1293000000.0,0.0,29276000000.0,5009000000.0,24267000000.0,70378007118.0,2390000000.0,0.0,102000000.0,0.0,0.0,102000000.0,137000000.0,605000000.0,2172000000.0,-21000000.0,1691000000.0,1691000000.0,1691000000.0,0.0,0.0,0.374,2089000000.0,2264000000.0,421000000.0,0.0,5.823,11.969,11.921,1415000000.0,0.0,99.3,4.144,4.148,2374000000.0,22366000000.0,4520000000.0,4520000000.0,1167000000.0,,,,,176000000.0,781000000.0,1.0,708741260.0,709400000,729500000.0,6.372,16973000000.0,0.0,226000000.0,5390000000.0,23.926,9445000000.0
1,CELG,MRQ,2019-06-30,2019-06-30,2019-06-30,2019-11-01,-56000000.0,39183000000.0,,12683000000.0,26500000000.0,,14.222,-60000000.0,7214000000.0,7214000000.0,151000000.0,1571000000.0,3.442,2.898,19790000000.0,0.0,19790000000.0,19790000000.0,83000000.0,158000000.0,0.0,0.0,0.0,2013000000.0,2171000000.0,0.493,2171000000.0,2013000000.0,1821000000.0,2.22,2.16,2.22,10051000000.0,,10051000000.0,80042191508.0,12.0,10.6,2107000000.0,2.981,1.0,4249000000.0,0.966,23994000000.0,192000000.0,24080000000.0,,464000000.0,2109000000.0,2109000000.0,0.0,29132000000.0,3685000000.0,25447000000.0,65194191508.0,1781000000.0,0.0,177000000.0,-500000000.0,0.0,-347000000.0,-43000000.0,17000000.0,2167000000.0,4000000.0,1571000000.0,1571000000.0,1571000000.0,0.0,0.0,0.357,2138000000.0,2111000000.0,327000000.0,0.0,6.486,12.368,12.342,1400000000.0,0.0,92.44,3.986,3.995,2451000000.0,20675000000.0,4400000000.0,4400000000.0,1100000000.0,,,,,225000000.0,793000000.0,1.0,705259536.0,706700000,726700000.0,6.226,15189000000.0,0.0,250000000.0,5212000000.0,21.493,8998000000.0
2,CELG,MRQ,2019-03-31,2019-03-31,2019-03-31,2019-11-01,-32000000.0,37639000000.0,,10981000000.0,26658000000.0,,11.624,-69000000.0,5433000000.0,5433000000.0,140000000.0,1545000000.0,2.776,3.61,20281000000.0,500000000.0,19781000000.0,20281000000.0,144000000.0,157000000.0,0.0,0.0,0.0,2006000000.0,2163000000.0,0.537,2163000000.0,2006000000.0,1814000000.0,2.2,2.14,2.2,8165000000.0,,8165000000.0,82278184307.0,13.0,11.672,1407000000.0,2.003,1.0,3885000000.0,0.965,24104000000.0,192000000.0,24428000000.0,,442000000.0,2258000000.0,2258000000.0,0.0,29474000000.0,3955000000.0,25519000000.0,66242184307.0,1199000000.0,0.0,84000000.0,0.0,0.0,26000000.0,-295000000.0,-226000000.0,1476000000.0,-8000000.0,1545000000.0,1545000000.0,1545000000.0,0.0,0.0,0.384,2175000000.0,1710000000.0,340000000.0,0.0,8.113,13.96,14.018,1383000000.0,0.0,94.34,4.201,4.202,2327000000.0,19104000000.0,4025000000.0,4025000000.0,1216000000.0,,,,,257000000.0,773000000.0,1.0,702164345.0,702400000,720500000.0,5.73,13535000000.0,0.0,269000000.0,5018000000.0,19.27,7026000000.0
3,CELG,MRQ,2018-12-31,2018-12-31,2018-12-31,2019-11-01,-50000000.0,35480000000.0,,9067000000.0,26413000000.0,,8.811,-98000000.0,4234000000.0,4234000000.0,169000000.0,1073000000.0,2.235,4.759,20270000000.0,501000000.0,19769000000.0,20270000000.0,146000000.0,170000000.0,0.0,0.0,0.0,1307000000.0,1477000000.0,0.366,1477000000.0,1307000000.0,1117000000.0,1.53,1.49,1.53,6161000000.0,,6161000000.0,62579050426.0,11.0,10.08,2245000000.0,3.211,1.0,3868000000.0,0.958,24216000000.0,190000000.0,23243000000.0,,458000000.0,1808000000.0,1808000000.0,0.0,29319000000.0,4057000000.0,25262000000.0,44815050426.0,1754000000.0,0.0,15000000.0,1000000.0,0.0,16000000.0,-601000000.0,-503000000.0,2343000000.0,-4000000.0,1073000000.0,1073000000.0,1073000000.0,0.0,0.0,0.266,2061000000.0,1807000000.0,418000000.0,0.0,7.274,11.076,11.343,1367000000.0,0.0,64.09,2.933,3.004,2066000000.0,17559000000.0,4037000000.0,4037000000.0,1138000000.0,,,,,190000000.0,850000000.0,1.0,699251840.0,699200000,714000000.0,5.774,11264000000.0,0.0,44000000.0,5021000000.0,16.11,5010000000.0
4,CELG,MRQ,2018-09-30,2018-09-30,2018-09-30,2019-11-01,-77000000.0,34215000000.0,,7827000000.0,26388000000.0,,6.923,-64000000.0,2480000000.0,2480000000.0,157000000.0,1082000000.0,2.125,6.04,20244000000.0,502000000.0,19742000000.0,20244000000.0,153000000.0,169000000.0,0.0,0.0,0.0,1571000000.0,1740000000.0,0.447,1740000000.0,1571000000.0,1378000000.0,1.54,1.5,1.54,4860000000.0,,4860000000.0,82691955765.0,15.0,13.512,1860000000.0,2.65,1.0,3735000000.0,0.96,24346000000.0,193000000.0,23950000000.0,,510000000.0,1898000000.0,1898000000.0,0.0,29355000000.0,3683000000.0,25672000000.0,62943955765.0,977000000.0,0.0,83000000.0,-996000000.0,0.0,-913000000.0,-31000000.0,33000000.0,1924000000.0,-3000000.0,1082000000.0,1082000000.0,1082000000.0,0.0,0.0,0.278,2055000000.0,1680000000.0,292000000.0,0.0,12.951,21.765,22.206,1313000000.0,0.0,89.49,4.274,4.266,2120000000.0,16486000000.0,3892000000.0,3892000000.0,1081000000.0,,,,,252000000.0,746000000.0,1.0,703363010.0,702000000,719700000.0,5.544,9869000000.0,0.0,296000000.0,5367000000.0,14.058,4144000000.0
5,CELG,MRQ,2018-06-30,2018-06-30,2018-06-30,2019-11-01,-119000000.0,33444000000.0,,6853000000.0,26591000000.0,,4.79,-80000000.0,1503000000.0,1503000000.0,126000000.0,1045000000.0,1.522,8.75,21251000000.0,1497000000.0,19754000000.0,21251000000.0,127000000.0,170000000.0,0.0,0.0,0.0,1499000000.0,1669000000.0,0.438,1669000000.0,1499000000.0,1307000000.0,1.46,1.43,1.46,3430000000.0,,3430000000.0,75017769315.0,15.0,13.365,1149000000.0,1.605,1.0,3688000000.0,0.967,24474000000.0,192000000.0,24216000000.0,,555000000.0,1907000000.0,1907000000.0,0.0,30014000000.0,4502000000.0,25512000000.0,57565769315.0,-1316000000.0,0.0,-3394000000.0,995000000.0,0.0,-2399000000.0,-128000000.0,-48000000.0,1229000000.0,-18000000.0,1045000000.0,1045000000.0,1045000000.0,0.0,0.0,0.274,2202000000.0,1486000000.0,294000000.0,0.0,16.783,20.574,21.179,1292000000.0,0.0,79.42,4.076,4.027,2064000000.0,15404000000.0,3814000000.0,3814000000.0,1251000000.0,,,,,295000000.0,790000000.0,1.0,724827113.0,716100000,732600000.0,5.326,8970000000.0,0.0,262000000.0,5171000000.0,12.526,2351000000.0
6,CELG,MRQ,2018-03-31,2018-03-31,2018-03-31,2019-11-01,-328000000.0,34556000000.0,,7872000000.0,26684000000.0,,6.912,-88000000.0,2819000000.0,2819000000.0,135000000.0,846000000.0,2.527,5.681,20271000000.0,0.0,20271000000.0,20271000000.0,104000000.0,126000000.0,0.0,0.0,0.0,1196000000.0,1322000000.0,0.374,1322000000.0,1196000000.0,1030000000.0,1.13,1.1,1.13,5172000000.0,,5172000000.0,75926585990.0,16.0,14.134,-413000000.0,-0.552,1.0,3403000000.0,0.962,24617000000.0,166000000.0,24276000000.0,,536000000.0,1921000000.0,1921000000.0,0.0,29384000000.0,3115000000.0,26269000000.0,67101585990.0,-4194000000.0,-8648000000.0,-2656000000.0,4452000000.0,0.0,1756000000.0,-5658000000.0,3078000000.0,-325000000.0,33000000.0,846000000.0,846000000.0,846000000.0,0.0,0.0,0.239,3185000000.0,218000000.0,320000000.0,0.0,12.974,23.511,24.111,1251000000.0,0.0,89.21,4.942,4.916,1991000000.0,14359000000.0,3538000000.0,3538000000.0,2203000000.0,,,,,217000000.0,864000000.0,1.0,752175608.0,748300000,768300000.0,4.728,9939000000.0,0.0,184000000.0,5345000000.0,13.282,4757000000.0
7,CELG,MRQ,2017-12-31,2017-12-31,2017-12-31,2019-11-01,287000000.0,30141000000.0,,14892000000.0,15249000000.0,,8.951,-103000000.0,7013000000.0,7013000000.0,119000000.0,-81000000.0,4.986,3.355,15838000000.0,0.0,15838000000.0,15838000000.0,109000000.0,116000000.0,0.0,0.0,0.0,1273000000.0,1389000000.0,0.399,1389000000.0,1273000000.0,1131000000.0,-0.1,-0.08,-0.1,6921000000.0,,6921000000.0,90927394919.0,19.0,17.133,1586000000.0,2.051,1.0,3364000000.0,0.966,13302000000.0,142000000.0,22677000000.0,,541000000.0,5029000000.0,5029000000.0,0.0,23220000000.0,2987000000.0,20233000000.0,82164394919.0,1502000000.0,0.0,-2860000000.0,1568000000.0,0.0,-1292000000.0,1098000000.0,1201000000.0,1689000000.0,7000000.0,-81000000.0,-81000000.0,-81000000.0,0.0,0.0,-0.023,2166000000.0,1198000000.0,305000000.0,0.0,11.872,27.947,27.682,1070000000.0,0.0,104.36,6.319,6.254,1921000000.0,13061000000.0,3483000000.0,3483000000.0,2738000000.0,,,,,161000000.0,774000000.0,1.0,787316931.0,773200000,797000000.0,4.505,16839000000.0,0.0,1212000000.0,3901000000.0,21.778,11905000000.0
8,CELG,MRQ,2017-09-30,2017-09-30,2017-09-30,2019-11-01,337000000.0,31736000000.0,,14783000000.0,16953000000.0,,12.562,-44000000.0,5511000000.0,5511000000.0,118000000.0,988000000.0,3.651,2.222,14274000000.0,1400000000.0,12874000000.0,14274000000.0,112000000.0,115000000.0,0.0,0.0,0.0,1118000000.0,1233000000.0,0.375,1233000000.0,1118000000.0,991000000.0,1.26,1.21,1.26,9850000000.0,,9850000000.0,121705374991.0,29.0,25.994,1044000000.0,1.331,1.0,3169000000.0,0.964,15003000000.0,127000000.0,21447000000.0,,537000000.0,6248000000.0,6248000000.0,0.0,21886000000.0,4049000000.0,17837000000.0,114082374991.0,-1149000000.0,0.0,136000000.0,-4000000.0,0.0,132000000.0,-2374000000.0,-2303000000.0,1088000000.0,5000000.0,988000000.0,988000000.0,988000000.0,0.0,0.0,0.301,2084000000.0,1085000000.0,263000000.0,0.0,11.582,33.067,32.991,1002000000.0,0.0,145.82,9.127,9.147,1816000000.0,13142000000.0,3287000000.0,3287000000.0,1347000000.0,,,,,172000000.0,608000000.0,1.0,782350672.0,784100000,815200000.0,4.192,16733000000.0,0.0,3000000.0,3043000000.0,21.34,10734000000.0
9,CELG,MRQ,2017-06-30,2017-06-30,2017-06-30,2019-11-01,237000000.0,30306000000.0,,13136000000.0,17170000000.0,,10.821,-70000000.0,6660000000.0,6660000000.0,111000000.0,1101000000.0,4.054,2.589,14283000000.0,500000000.0,13783000000.0,14283000000.0,88000000.0,124000000.0,0.0,0.0,0.0,1304000000.0,1428000000.0,0.437,1428000000.0,1304000000.0,1178000000.0,1.41,1.36,1.41,8445000000.0,,8445000000.0,110416656386.0,32.0,27.954,1546000000.0,1.981,1.0,3160000000.0,0.966,15084000000.0,126000000.0,19605000000.0,,533000000.0,3480000000.0,3480000000.0,0.0,21861000000.0,3240000000.0,18621000000.0,101405656386.0,1387000000.0,0.0,-315000000.0,0.0,0.0,-315000000.0,45000000.0,119000000.0,1616000000.0,41000000.0,1101000000.0,1101000000.0,1101000000.0,0.0,0.0,0.337,1849000000.0,1311000000.0,272000000.0,0.0,12.008,38.513,38.423,989000000.0,0.0,129.87,8.315,8.31,1729000000.0,12093000000.0,3271000000.0,3271000000.0,835000000.0,,,,,182000000.0,939000000.0,1.0,780824335.0,780400000,811700000.0,4.191,15222000000.0,0.0,77000000.0,3014000000.0,19.505,9896000000.0
10,CELG,MRQ,2017-03-31,2017-03-31,2017-03-31,2019-11-01,410000000.0,28820000000.0,,11617000000.0,17203000000.0,,9.813,-62000000.0,5273000000.0,5273000000.0,113000000.0,932000000.0,4.419,2.77,14284000000.0,500000000.0,13784000000.0,14284000000.0,85000000.0,116000000.0,0.0,0.0,0.0,1141000000.0,1257000000.0,0.424,1257000000.0,1141000000.0,1014000000.0,1.2,1.15,1.2,7644000000.0,,7644000000.0,104921667986.0,35.0,29.464,791000000.0,1.015,1.0,2849000000.0,0.962,15173000000.0,127000000.0,20029000000.0,,509000000.0,3588000000.0,3588000000.0,0.0,21176000000.0,2629000000.0,18547000000.0,96802367987.0,-897000000.0,0.0,-109000000.0,0.0,0.0,-109000000.0,-1660000000.0,-1602000000.0,853000000.0,19000000.0,932000000.0,932000000.0,932000000.0,0.0,0.0,0.315,1736000000.0,1113000000.0,240000000.0,0.0,12.664,45.447,45.412,958000000.0,0.0,124.43,8.289,8.3,1614000000.0,11032000000.0,2962000000.0,2962000000.0,995000000.0,,,,,163000000.0,620000000.0,1.0,777966471.0,779000000,811200000.0,3.802,13647000000.0,0.0,82000000.0,2985000000.0,17.519,8988000000.0
11,CELG,MRQ,2016-12-31,2016-12-31,2016-12-31,2019-11-01,419000000.0,28086000000.0,,10868000000.0,17218000000.0,,8.495,-66000000.0,6170000000.0,6170000000.0,113000000.0,429000000.0,3.673,3.255,14290000000.0,501000000.0,13789000000.0,14290000000.0,83000000.0,138000000.0,0.0,0.0,0.0,626000000.0,764000000.0,0.256,764000000.0,626000000.0,499000000.0,0.55,0.54,0.55,6600000000.0,,6600000000.0,98510704894.0,34.0,29.171,1336000000.0,1.72,1.0,2867000000.0,0.962,15258000000.0,127000000.0,17989000000.0,,498000000.0,1800000000.0,1800000000.0,0.0,21486000000.0,2959000000.0,18527000000.0,89729804894.0,647000000.0,0.0,34000000.0,0.0,0.0,-7000000.0,-704000000.0,-638000000.0,1402000000.0,-44000000.0,429000000.0,429000000.0,429000000.0,0.0,0.0,0.144,1938000000.0,929000000.0,247000000.0,0.0,13.595,44.887,45.039,930000000.0,0.0,115.75,7.991,8.011,1621000000.0,10074000000.0,2980000000.0,2980000000.0,1135000000.0,,,,,165000000.0,685000000.0,1.0,775203498.0,776900000,802100000.0,3.836,12828000000.0,0.0,70000000.0,2980000000.0,16.512,7909000000.0
12,CELG,MRQ,2016-09-30,2016-09-30,2016-09-30,2019-11-01,145100000.0,26753700000.0,,9575600000.0,17178100000.0,,7.283,-67000000.0,5522600000.0,5522600000.0,108000000.0,171000000.0,3.614,3.735,14303500000.0,501000000.0,13802500000.0,14303500000.0,90500000.0,117000000.0,0.0,0.0,0.0,384000000.0,501000000.0,0.168,501000000.0,384000000.0,256000000.0,0.22,0.21,0.22,5650300000.0,,5650300000.0,90271139800.0,29.0,25.043,703000000.0,0.906,1.0,2875000000.0,0.964,15364700000.0,128000000.0,17520500000.0,,507900000.0,1346000000.0,1346000000.0,0.0,21103400000.0,2649400000.0,18454000000.0,81022739800.0,460000000.0,0.0,-205000000.0,0.0,0.0,-203000000.0,-112000000.0,-44000000.0,770000000.0,5000000.0,171000000.0,171000000.0,171000000.0,0.0,0.0,0.057,2463000000.0,412000000.0,235400000.0,0.0,14.34,38.021,38.289,891300000.0,0.0,104.53,7.494,7.5,1586300000.0,9644700000.0,2983000000.0,2983000000.0,1653000000.0,,,,,157000000.0,698000000.0,1.0,775114702.0,775800000,801500000.0,3.845,11389000000.0,0.0,85000000.0,2893100000.0,14.68,6926200000.0
13,CELG,MRQ,2016-06-30,2016-06-30,2016-06-30,2019-11-01,251000000.0,26562000000.0,,9169000000.0,17393000000.0,,7.154,-43000000.0,5063700000.0,5063700000.0,111000000.0,598000000.0,4.614,3.787,14312100000.0,0.0,14312100000.0,14312100000.0,76900000.0,221000000.0,0.0,0.0,0.0,818000000.0,1039000000.0,0.377,1039000000.0,818000000.0,695000000.0,0.77,0.75,0.77,5548800000.0,,5548800000.0,86221745551.0,31.0,26.42,950000000.0,1.225,1.0,2643000000.0,0.96,15463600000.0,123000000.0,18359800000.0,,490400000.0,1340000000.0,1340000000.0,0.0,21013200000.0,1987000000.0,19026200000.0,76398945551.0,618000000.0,0.0,-282000000.0,0.0,0.0,-279000000.0,-76000000.0,-33000000.0,993000000.0,-20000000.0,598000000.0,598000000.0,598000000.0,0.0,0.0,0.217,1820000000.0,823000000.0,229800000.0,0.0,13.769,39.669,39.931,854000000.0,0.0,98.63,7.517,7.527,1514900000.0,9473300000.0,2754000000.0,2754000000.0,949000000.0,,,,,169000000.0,732000000.0,1.0,774601496.0,775600000,801500000.0,3.551,11098400000.0,0.0,97000000.0,2877700000.0,14.309,7182000000.0
14,CELG,MRQ,2016-03-31,2016-03-31,2016-03-31,2019-11-01,251500000.0,25963900000.0,,8386000000.0,17577900000.0,,6.501,-60000000.0,4445500000.0,4445500000.0,106000000.0,801000000.0,4.573,4.116,14268300000.0,0.0,14268300000.0,14268300000.0,86600000.0,29000000.0,0.0,0.0,0.0,1044000000.0,1073000000.0,0.427,1073000000.0,1044000000.0,922000000.0,1.03,0.99,1.03,5074800000.0,,5074800000.0,87606903308.0,35.0,30.869,940000000.0,1.204,1.0,2406000000.0,0.958,15640000000.0,122000000.0,18312800000.0,,470600000.0,1261800000.0,1261800000.0,0.0,20889100000.0,1833900000.0,19055200000.0,78236803308.0,-435000000.0,0.0,-1348000000.0,0.0,0.0,-1345000000.0,-110000000.0,-50000000.0,1000000000.0,20000000.0,801000000.0,801000000.0,801000000.0,0.0,0.0,0.319,1404000000.0,1002000000.0,219700000.0,0.0,15.417,46.456,46.553,840000000.0,0.0,100.09,8.076,8.065,1420300000.0,8875100000.0,2512000000.0,2512000000.0,733000000.0,,,,,155000000.0,543000000.0,1.0,781664535.0,780600000,807700000.0,3.218,10323900000.0,0.0,121000000.0,2860700000.0,13.226,6552100000.0
15,CELG,MRQ,2015-12-31,2015-12-31,2015-12-31,2019-11-01,767700000.0,26964400000.0,,9400900000.0,17563500000.0,,7.531,-140500000.0,4880300000.0,4880300000.0,105300000.0,561000000.0,4.775,3.556,14161400000.0,0.0,14161400000.0,14161400000.0,90600000.0,121600000.0,0.0,0.0,0.0,870000000.0,991600000.0,0.387,991600000.0,870000000.0,745000000.0,0.71,0.68,0.71,5919000000.0,,5919000000.0,103571090944.0,44.0,37.855,1218700000.0,1.551,1.0,2458000000.0,0.959,15737100000.0,125000000.0,18539500000.0,,443400000.0,1671600000.0,1671600000.0,0.0,21045400000.0,1968900000.0,19076500000.0,94089990944.0,-1136900000.0,-115700000.0,-635100000.0,-1216400000.0,0.0,-2114400000.0,-361200000.0,-101500000.0,1359200000.0,-20500000.0,561000000.0,561000000.0,561000000.0,0.0,0.0,0.219,1557400000.0,900600000.0,240800000.0,0.0,15.896,58.733,59.287,814100000.0,0.0,119.76,10.165,10.25,1420900000.0,8074400000.0,2563300000.0,2563300000.0,776500000.0,,,,,161500000.0,608700000.0,1.0,785654567.0,785900000,816500000.0,3.262,11227300000.0,0.0,184000000.0,2863200000.0,14.286,7432000000.0
16,CELG,MRQ,2015-09-30,2015-09-30,2015-09-30,2019-11-01,639200000.0,27369200000.0,,10152400000.0,17216800000.0,,6.795,-50500000.0,6016500000.0,6016500000.0,109900000.0,-34100000.0,3.229,4.091,15497600000.0,1199700000.0,14297900000.0,15497600000.0,104200000.0,91300000.0,0.0,0.0,0.0,68600000.0,159900000.0,0.069,159900000.0,68600000.0,-19900000.0,-0.04,-0.04,-0.04,5375500000.0,,5375500000.0,88569307285.0,40.0,34.132,234400000.0,0.296,1.0,2224200000.0,0.953,15457800000.0,88500000.0,18248600000.0,,420900000.0,1489100000.0,1489100000.0,0.0,21993700000.0,3143900000.0,18849800000.0,85481107285.0,1485700000.0,-7579300000.0,-476800000.0,7752200000.0,0.0,7348700000.0,-6137500000.0,1493800000.0,284900000.0,-10400000.0,-34100000.0,-34100000.0,-34100000.0,0.0,0.0,-0.015,2144600000.0,79600000.0,189400000.0,0.0,15.902,51.653,51.986,702000000.0,0.0,108.13,9.738,9.745,1272400000.0,7513400000.0,2334100000.0,2334100000.0,1304500000.0,,,,,156900000.0,550300000.0,1.0,790540158.0,791100000,791100000.0,2.95,11911400000.0,249600000.0,14200000.0,2961100000.0,15.057,7008500000.0
17,CELG,MRQ,2015-06-30,2015-06-30,2015-06-30,2019-11-01,1058100000.0,17745700000.0,,9883500000.0,7862200000.0,,7.972,-52700000.0,4530800000.0,4530800000.0,100800000.0,356200000.0,3.34,1.807,7619000000.0,1362900000.0,6256100000.0,7619000000.0,87900000.0,94400000.0,0.0,0.0,0.0,519100000.0,613500000.0,0.269,613500000.0,519100000.0,470800000.0,0.45,0.43,0.45,6321900000.0,,6321900000.0,94234265051.0,34.0,29.831,231700000.0,0.292,1.0,2177000000.0,0.956,6128700000.0,48300000.0,11745700000.0,,414300000.0,2961400000.0,2961400000.0,0.0,11423800000.0,2959500000.0,8464300000.0,91794565051.0,163100000.0,0.0,-994900000.0,860800000.0,0.0,-43200000.0,-98300000.0,-42600000.0,284400000.0,20200000.0,356200000.0,356200000.0,356200000.0,0.0,0.0,0.156,1761200000.0,415800000.0,204900000.0,0.0,14.52,41.772,41.933,675200000.0,0.0,115.735,10.894,10.892,1273400000.0,7547500000.0,2277800000.0,2277800000.0,1110000000.0,,,,,157100000.0,616800000.0,1.0,793144382.0,793000000,825300000.0,2.872,11617000000.0,11200000.0,114600000.0,633600000.0,14.649,6924000000.0
18,CELG,MRQ,2015-03-31,2015-03-31,2015-03-31,2019-11-01,1181800000.0,17480500000.0,,9665400000.0,7815100000.0,,8.468,-42300000.0,4367700000.0,4367700000.0,104000000.0,718900000.0,4.608,1.584,6807400000.0,504400000.0,6303000000.0,6807400000.0,56000000.0,94700000.0,0.0,0.0,0.0,876300000.0,971000000.0,0.467,971000000.0,876300000.0,827100000.0,0.9,0.86,0.9,6764800000.0,,6764800000.0,95042090824.0,31.0,28.076,814200000.0,1.019,1.0,1976800000.0,0.95,6193600000.0,49200000.0,11629300000.0,,386700000.0,2945800000.0,2945800000.0,0.0,10715700000.0,2097300000.0,8618400000.0,92292090824.0,246100000.0,0.0,-898200000.0,-99600000.0,0.0,-908100000.0,338000000.0,380300000.0,856500000.0,-40300000.0,718900000.0,718900000.0,718900000.0,0.0,0.0,0.345,1117800000.0,859000000.0,204000000.0,0.0,13.643,37.839,37.673,649700000.0,0.0,115.28,11.506,11.482,1179400000.0,7191300000.0,2080800000.0,2080800000.0,506000000.0,,,,,136500000.0,529200000.0,1.0,800590656.0,798900000,834100000.0,2.605,11286900000.0,11200000.0,108200000.0,714000000.0,14.128,7568100000.0
19,CELG,MRQ,2014-12-31,2014-12-31,2014-12-31,2019-11-01,914800000.0,17340100000.0,,9712600000.0,7627500000.0,,8.153,-49400000.0,4121600000.0,4121600000.0,103200000.0,613900000.0,4.598,1.658,6871600000.0,605900000.0,6265700000.0,6871600000.0,56300000.0,88000000.0,0.0,0.0,0.0,762500000.0,850500000.0,0.408,850500000.0,762500000.0,710800000.0,0.77,0.73,0.77,6524800000.0,,6524800000.0,92437850470.0,37.0,32.176,783200000.0,0.979,1.0,1982300000.0,0.951,6258800000.0,51700000.0,11719100000.0,,393100000.0,3425100000.0,3425100000.0,0.0,10815300000.0,2112200000.0,8703100000.0,89343050470.0,379100000.0,0.0,-449200000.0,-300000.0,0.0,-351500000.0,-72900000.0,-19700000.0,832600000.0,-29100000.0,613900000.0,613900000.0,613900000.0,0.0,0.0,0.294,1230600000.0,751700000.0,198200000.0,0.0,13.693,44.674,44.924,642600000.0,0.0,111.86,11.648,11.706,1166700000.0,6472400000.0,2085500000.0,2085500000.0,584900000.0,,,,,139800000.0,544400000.0,1.0,798704188.0,800300000,834800000.0,2.606,11081300000.0,0.0,96900000.0,285600000.0,13.846,7600400000.0
20,CELG,MRQ,2014-09-30,2014-09-30,2014-09-30,2019-11-01,552500000.0,16403300000.0,,8836100000.0,7567200000.0,,7.214,-39500000.0,3742500000.0,3742500000.0,97700000.0,508500000.0,6.323,1.844,6837300000.0,100000000.0,6737300000.0,6837300000.0,61800000.0,92900000.0,0.0,0.0,0.0,631000000.0,723900000.0,0.365,723900000.0,631000000.0,577500000.0,0.64,0.61,0.64,5768400000.0,,5768400000.0,79493667278.0,40.0,33.584,861400000.0,1.077,1.0,1884500000.0,0.951,6323100000.0,53500000.0,11777500000.0,,372000000.0,3118200000.0,3118200000.0,0.0,10634900000.0,1397500000.0,9237400000.0,75777567278.0,523000000.0,0.0,-140500000.0,-92400000.0,0.0,-175900000.0,-159200000.0,-98400000.0,900900000.0,-42800000.0,508500000.0,508500000.0,508500000.0,0.0,0.0,0.257,1237900000.0,646600000.0,196700000.0,0.0,13.137,47.349,47.628,623600000.0,0.0,94.78,10.323,10.324,1068100000.0,5858500000.0,1982200000.0,1982200000.0,675100000.0,,,,,123100000.0,497600000.0,1.0,799510100.0,799600000,832800000.0,2.479,10080200000.0,25900000.0,69000000.0,893900000.0,12.607,7438600000.0
21,CELG,MRQ,2014-06-30,2014-06-30,2014-06-30,2019-11-01,163700000.0,15601900000.0,,8107000000.0,7494900000.0,,6.067,-36700000.0,3219500000.0,3219500000.0,98900000.0,597800000.0,5.435,2.216,6935600000.0,192300000.0,6743300000.0,6935600000.0,61200000.0,91400000.0,0.0,0.0,0.0,748400000.0,839800000.0,0.448,839800000.0,748400000.0,706800000.0,0.75,0.72,0.75,4851300000.0,,4851300000.0,71473094206.0,39.0,32.448,479000000.0,0.599,1.0,1773800000.0,0.947,6517000000.0,41600000.0,11309400000.0,,360000000.0,2993500000.0,2993500000.0,0.0,10750600000.0,1491600000.0,9259000000.0,68775594206.0,822900000.0,-710000000.0,-578900000.0,1793000000.0,0.0,1278500000.0,-985800000.0,-238900000.0,515700000.0,14500000.0,597800000.0,597800000.0,597800000.0,0.0,0.0,0.319,1014900000.0,758900000.0,184500000.0,0.0,14.177,46.965,47.711,605100000.0,0.0,85.88,9.779,9.764,1124400000.0,5350000000.0,1872700000.0,1872700000.0,456900000.0,,,,,113600000.0,491800000.0,1.0,800833654.0,799600000,831000000.0,2.342,9084900000.0,27000000.0,109000000.0,934300000.0,11.362,6615400000.0
22,CELG,MRQ,2014-03-31,2014-03-31,2014-03-31,2019-11-01,139900000.0,12704500000.0,,6942000000.0,5762500000.0,,5.526,-24700000.0,2396600000.0,2396600000.0,86100000.0,279700000.0,2.863,1.833,5094100000.0,869800000.0,4224300000.0,5094100000.0,55900000.0,97100000.0,0.0,0.0,0.0,361600000.0,458700000.0,0.265,458700000.0,361600000.0,332300000.0,0.34,0.33,0.34,4484600000.0,,4484600000.0,58187303028.0,35.0,28.627,532400000.0,0.656,1.0,1643900000.0,0.95,4813700000.0,29300000.0,8163200000.0,,347800000.0,2713500000.0,2713500000.0,0.0,8219900000.0,2425100000.0,5794800000.0,56680403028.0,-837800000.0,0.0,-1509300000.0,325000000.0,0.0,-1168500000.0,-220100000.0,-195900000.0,557100000.0,-6300000.0,279700000.0,279700000.0,279700000.0,0.0,0.0,0.162,1282100000.0,361800000.0,149400000.0,0.0,12.639,42.151,42.822,595700000.0,0.0,69.8,8.386,8.38,1072500000.0,4752200000.0,1730000000.0,1730000000.0,713700000.0,,,,,111800000.0,494100000.0,1.0,812040158.0,811500000,845100000.0,2.132,7890800000.0,25500000.0,52600000.0,1013000000.0,9.724,4516900000.0
23,CELG,MRQ,2013-12-31,2013-12-31,2013-12-31,2019-11-01,94000000.0,13378200000.0,,7550500000.0,5827700000.0,,6.798,-26600000.0,3234400000.0,3234400000.0,92800000.0,214400000.0,3.881,1.393,4741300000.0,544800000.0,4196500000.0,4741300000.0,51400000.0,97300000.0,0.0,0.0,0.0,247300000.0,344600000.0,0.196,344600000.0,247300000.0,217200000.0,0.26,0.25,0.26,5589900000.0,,5589900000.0,71837762486.0,41.0,33.709,524100000.0,0.637,1.0,1663100000.0,0.947,4880900000.0,30100000.0,8058700000.0,,340400000.0,2452600000.0,2452600000.0,0.0,7788300000.0,1945500000.0,5842800000.0,69626562486.0,811400000.0,0.0,-603000000.0,139000000.0,0.0,-657400000.0,914800000.0,940600000.0,550700000.0,3300000.0,214400000.0,214400000.0,214400000.0,0.0,0.0,0.122,1337300000.0,325800000.0,156200000.0,0.0,12.456,48.022,48.277,593400000.0,0.0,84.484,10.722,10.768,1061400000.0,4472500000.0,1755900000.0,1755900000.0,731200000.0,,,,,105800000.0,448700000.0,1.0,824139038.0,822300000,859400000.0,2.135,8497300000.0,25300000.0,2800000.0,1055900000.0,10.334,5605000000.0
24,CELG,MRQ,2013-09-30,2013-09-30,2013-09-30,2019-11-01,99500000.0,13629100000.0,,7647200000.0,5981900000.0,,7.149,-31800000.0,2423000000.0,2423000000.0,86200000.0,372500000.0,3.939,1.312,4634200000.0,405900000.0,4228300000.0,4634200000.0,65600000.0,93600000.0,0.0,0.0,0.0,466000000.0,559600000.0,0.334,559600000.0,466000000.0,442000000.0,0.45,0.43,0.45,5894700000.0,,5894700000.0,65268750199.0,36.0,29.804,539300000.0,0.654,1.0,1588200000.0,0.949,4950300000.0,24000000.0,8948700000.0,,313300000.0,3424300000.0,3424300000.0,0.0,7734400000.0,1941300000.0,5793100000.0,63392850199.0,680700000.0,0.0,-52600000.0,997500000.0,0.0,1002700000.0,-916500000.0,-874300000.0,571100000.0,23400000.0,372500000.0,372500000.0,372500000.0,0.0,0.0,0.222,1132600000.0,455600000.0,139600000.0,0.0,10.754,42.301,42.697,592300000.0,0.0,77.069,10.249,10.273,1093300000.0,4258100000.0,1674400000.0,1674400000.0,584500000.0,,,,,103200000.0,448700000.0,1.0,822552018.0,824500000,857700000.0,2.031,8678800000.0,5500000.0,69500000.0,1076500000.0,10.526,5705900000.0
25,CELG,MRQ,2013-06-30,2013-06-30,2013-06-30,2019-11-01,75800000.0,11963700000.0,,5897100000.0,6066600000.0,,6.529,-35900000.0,1742300000.0,1742300000.0,80900000.0,478100000.0,2.615,1.213,3618200000.0,887800000.0,2730400000.0,3618200000.0,44700000.0,92300000.0,0.0,0.0,0.0,577400000.0,669700000.0,0.419,669700000.0,577400000.0,557800000.0,0.58,0.56,0.58,5407100000.0,,5407100000.0,50425487360.0,27.0,22.999,700900000.0,0.846,1.0,1518100000.0,0.949,5017700000.0,19600000.0,6566800000.0,,294400000.0,2339100000.0,2339100000.0,0.0,6556600000.0,2255100000.0,4301500000.0,48794987360.0,246700000.0,0.0,-780100000.0,523900000.0,0.0,-211600000.0,-275400000.0,-229700000.0,736800000.0,-3100000.0,478100000.0,478100000.0,478100000.0,0.0,0.0,0.299,954400000.0,563700000.0,142000000.0,0.0,9.024,31.475,31.616,584900000.0,0.0,58.49,8.228,8.169,1014300000.0,3885600000.0,1599000000.0,1599000000.0,458100000.0,,,,,76200000.0,418100000.0,1.0,834244954.0,828200000,858500000.0,1.931,6946000000.0,64700000.0,79700000.0,1132800000.0,8.387,3642000000.0
26,CELG,MRQ,2013-03-31,2013-03-31,2013-03-31,2019-11-01,22000000.0,11452600000.0,,5301900000.0,6150700000.0,,6.646,-25400000.0,1495600000.0,1495600000.0,80500000.0,384900000.0,3.368,1.062,3126100000.0,362000000.0,2764100000.0,3126100000.0,33500000.0,90900000.0,0.0,0.0,0.0,466300000.0,557200000.0,0.38,557200000.0,466300000.0,448400000.0,0.46,0.445,0.46,5554400000.0,,5554400000.0,49526073852.0,29.0,24.285,341900000.0,0.409,1.0,1384100000.0,0.945,5076400000.0,17900000.0,6432500000.0,,275400000.0,2024900000.0,2024900000.0,0.0,5898200000.0,1574200000.0,4324000000.0,48536668852.0,-594800000.0,0.0,-777300000.0,53300000.0,0.0,-687400000.0,-251500000.0,-225000000.0,367300000.0,-23200000.0,384900000.0,384900000.0,384900000.0,0.0,0.0,0.263,920300000.0,463800000.0,116800000.0,0.0,8.738,33.715,34.293,578200000.0,0.0,57.955,8.518,8.501,1028700000.0,3407500000.0,1464600000.0,1464600000.0,452400000.0,,,,,73200000.0,369000000.0,1.0,837488894.0,835800000,864400000.0,1.752,6376200000.0,92300000.0,63500000.0,1175600000.0,7.629,3727700000.0
27,CELG,MRQ,2012-12-31,2012-12-31,2012-12-31,2019-11-01,-49700000.0,11734300000.0,,5533700000.0,6200600000.0,,6.755,-29600000.0,2090400000.0,2090400000.0,80100000.0,263100000.0,3.274,1.061,3079800000.0,308500000.0,2771300000.0,3079800000.0,33500000.0,90600000.0,0.0,0.0,0.0,312800000.0,403400000.0,0.279,403400000.0,312800000.0,290300000.0,0.315,0.305,0.315,5694500000.0,,5694500000.0,33570486176.0,19.0,16.552,450000000.0,0.534,1.0,1367300000.0,0.945,5143200000.0,22500000.0,5890300000.0,,259500000.0,1809900000.0,1809900000.0,0.0,6039800000.0,1690200000.0,4349600000.0,33191812176.0,-625100000.0,0.0,-407200000.0,-16400000.0,0.0,-394200000.0,-775500000.0,-696300000.0,479600000.0,65000000.0,263100000.0,263100000.0,263100000.0,0.0,0.0,0.182,1046100000.0,321200000.0,145600000.0,0.0,5.829,22.793,23.216,578400000.0,0.0,39.235,6.028,6.141,960500000.0,3022600000.0,1447400000.0,1447400000.0,473500000.0,,,,,64200000.0,370100000.0,1.0,845974568.0,843000000,866000000.0,1.717,6591100000.0,93200000.0,27200000.0,1218400000.0,7.819,3843500000.0
28,CELG,MRQ,2012-09-30,2012-09-30,2012-09-30,2019-11-01,-77803000.0,11608827000.0,,5385669000.0,6223158000.0,,6.705,-22600000.0,2715534000.0,2715534000.0,74600000.0,424200000.0,3.986,1.026,3094208000.0,324895000.0,2769313000.0,3094208000.0,27488000.0,67800000.0,0.0,0.0,0.0,494400000.0,562200000.0,0.396,562200000.0,494400000.0,476500000.0,0.495,0.485,0.495,5728710000.0,,5728710000.0,32760858766.0,18.0,15.369,548800000.0,0.642,1.0,1344600000.0,0.947,5231140000.0,17900000.0,5405052000.0,,235866000.0,1117402000.0,1117402000.0,0.0,5880117000.0,1351309000.0,4528808000.0,32960791766.0,853000000.0,0.0,-654400000.0,1421100000.0,0.0,758000000.0,-428100000.0,-419000000.0,571400000.0,-48300000.0,424200000.0,424200000.0,424200000.0,0.0,0.0,0.299,843000000.0,501600000.0,110394000.0,0.0,5.754,20.559,20.817,547396000.0,0.0,38.2,6.169,6.108,957453000.0,2759481000.0,1419200000.0,1419200000.0,441500000.0,,,,,64000000.0,354600000.0,1.0,862847952.0,854400000,872600000.0,1.661,6377687000.0,134920000.0,52300000.0,1263572000.0,7.465,4034360000.0
29,CELG,MRQ,2012-06-30,2012-06-30,2012-06-30,2019-11-01,-32918000.0,10381207000.0,,4078814000.0,6302393000.0,,6.822,-31200000.0,1862479000.0,1862479000.0,71900000.0,367400000.0,2.928,0.742,1662546000.0,390434000.0,1272112000.0,1662546000.0,29538000.0,64500000.0,0.0,0.0,0.0,452100000.0,516600000.0,0.378,516600000.0,452100000.0,440700000.0,0.42,0.41,0.42,5958028000.0,,5958028000.0,27825652939.0,16.0,13.339,592000000.0,0.678,1.0,1294900000.0,0.947,5306730000.0,11400000.0,3481616000.0,,223194000.0,699065000.0,699065000.0,0.0,4423179000.0,1392928000.0,3030251000.0,28262339939.0,1400000.0,0.0,-518600000.0,240000000.0,0.0,-268600000.0,-343600000.0,-314500000.0,623200000.0,-9600000.0,367400000.0,367400000.0,367400000.0,0.0,0.0,0.269,853600000.0,441300000.0,109044000.0,0.0,4.744,18.21,18.279,526827000.0,0.0,32.08,5.463,5.416,884908000.0,2335325000.0,1366800000.0,1366800000.0,447200000.0,,,,,61100000.0,323000000.0,1.0,880995634.0,873400000,890800000.0,1.565,5074477000.0,134049000.0,73300000.0,1393324000.0,5.81,2685886000.0
30,CELG,MRQ,2012-03-31,2012-03-31,2012-03-31,2019-11-01,-21880000.0,10347539000.0,,4034872000.0,6312667000.0,,6.933,-28100000.0,1861065000.0,1861065000.0,72500000.0,401500000.0,3.709,0.703,1424378000.0,150528000.0,1273850000.0,1424378000.0,31830000.0,60600000.0,0.0,0.0,0.0,485400000.0,546000000.0,0.429,546000000.0,485400000.0,474000000.0,0.46,0.45,0.46,6077719000.0,,6077719000.0,33959379766.0,21.0,17.101,316300000.0,0.361,1.0,1200800000.0,0.943,5371106000.0,11400000.0,3451832000.0,,215637000.0,436828000.0,408302000.0,28526000.0,4269820000.0,1087914000.0,3181906000.0,34016574766.0,1600000.0,-352200000.0,12800000.0,-375400000.0,0.0,-344000000.0,-6400000.0,374700000.0,344400000.0,7600000.0,401500000.0,401500000.0,401500000.0,0.0,0.0,0.315,718500000.0,482300000.0,100415000.0,0.0,5.597,23.235,23.706,519126000.0,0.0,38.76,6.817,6.809,1035471000.0,1967953000.0,1273300000.0,1273300000.0,362000000.0,,,,,61000000.0,325800000.0,1.0,877620608.0,876600000,897200000.0,1.453,4976433000.0,133501000.0,72500000.0,1486311000.0,5.677,2946958000.0
31,CELG,MRQ,2011-12-31,2011-12-31,2011-12-31,2019-11-01,-62337000.0,10005910000.0,,4353225000.0,5652685000.0,,6.254,-41541000.0,1859464000.0,1859464000.0,77544000.0,410122000.0,2.827,0.815,1802269000.0,526684000.0,1275585000.0,1802269000.0,26969000.0,93888000.0,0.0,0.0,0.0,412886000.0,506774000.0,0.395,506774000.0,412886000.0,401646000.0,0.46,0.455,0.46,5512727000.0,,5512727000.0,29761226413.0,20.0,16.3,396086000.0,0.449,1.0,1206383000.0,0.94,4731918000.0,11240000.0,3676825000.0,,189573000.0,788690000.0,788690000.0,0.0,4493183000.0,1539972000.0,2953211000.0,30009712413.0,64601000.0,180015000.0,-539943000.0,256607000.0,0.0,-424670000.0,65696000.0,-71827000.0,437627000.0,-14052000.0,410128000.0,410128000.0,410128000.0,0.0,-6000.0,0.319,801705000.0,404678000.0,121525000.0,0.0,5.444,22.767,23.391,506042000.0,0.0,33.8,6.198,6.356,945531000.0,1566416000.0,1283927000.0,1283927000.0,436463000.0,,,,,60375000.0,315093000.0,1.0,887861314.0,881434000,899288000.0,1.457,5273992000.0,116751000.0,-8482000.0,1421529000.0,5.983,2813253000.0
32,CELG,MRQ,2011-09-30,2011-09-30,2011-09-30,2019-11-01,-65870000.0,9763107000.0,,4102544000.0,5660563000.0,,6.2,-37511000.0,1794927000.0,1794927000.0,94645000.0,372984000.0,3.501,0.742,1546441000.0,269125000.0,1277316000.0,1546441000.0,26242000.0,93744000.0,0.0,0.0,0.0,422933000.0,516677000.0,0.413,516677000.0,422933000.0,412641000.0,0.415,0.405,0.415,5605090000.0,,5605090000.0,28016278736.0,22.0,17.118,564563000.0,0.624,1.0,1155092000.0,0.924,4816295000.0,10292000.0,3526368000.0,,187525000.0,811630000.0,784160000.0,27470000.0,4158017000.0,1171958000.0,2986059000.0,28404676736.0,146883000.0,-180000000.0,-847388000.0,269093000.0,0.0,-573023000.0,142525000.0,362656000.0,602074000.0,-24693000.0,372984000.0,372984000.0,372984000.0,0.0,0.0,0.298,723977000.0,431115000.0,98405000.0,0.0,5.068,25.417,25.583,490192000.0,0.0,30.955,6.135,6.044,888168000.0,1156238000.0,1249737000.0,1249737000.0,356839000.0,,,,,57357000.0,303303000.0,1.0,917611912.0,904038000,919060000.0,1.382,4946812000.0,152365000.0,39657000.0,1427500000.0,5.472,2930586000.0
33,CELG,MRQ,2011-06-30,2011-06-30,2011-06-30,2019-11-01,-102998000.0,10051611000.0,,4324124000.0,5727487000.0,,6.479,-29887000.0,1648044000.0,1648044000.0,126443000.0,279208000.0,3.986,0.677,1259646000.0,0.0,1259646000.0,1259646000.0,24310000.0,88310000.0,0.0,0.0,0.0,328019000.0,416329000.0,0.352,416329000.0,328019000.0,318601000.0,0.3,0.295,0.3,5994687000.0,,5994687000.0,27676613575.0,23.0,18.32,431242000.0,0.466,1.0,1056712000.0,0.893,4891591000.0,9418000.0,3686776000.0,,196384000.0,1169578000.0,1141067000.0,28511000.0,4056924000.0,1084846000.0,2972078000.0,27916185575.0,161052000.0,94495000.0,-203060000.0,0.0,0.0,-197379000.0,-106143000.0,-168422000.0,461129000.0,3445000.0,279398000.0,279398000.0,279398000.0,0.0,-190000.0,0.236,737773000.0,318939000.0,99744000.0,0.0,4.657,27.217,27.418,472695000.0,0.0,30.16,6.507,6.504,862996000.0,783254000.0,1183155000.0,1183155000.0,371520000.0,,,,,56602000.0,305643000.0,1.0,925602970.0,925250000,939924000.0,1.279,5160020000.0,151724000.0,39203000.0,1405715000.0,5.577,3239278000.0
34,CELG,MRQ,2011-03-31,2011-03-31,2011-03-31,2019-11-01,-87069000.0,9844353000.0,,4193280000.0,5651073000.0,,6.296,-23161000.0,1486992000.0,1486992000.0,127268000.0,255086000.0,4.157,0.676,1247420000.0,0.0,1247420000.0,1247420000.0,22541000.0,86958000.0,0.0,0.0,0.0,299062000.0,386020000.0,0.343,386020000.0,299062000.0,287312000.0,0.275,0.27,0.275,5867839000.0,,5867839000.0,26663013910.0,26.0,20.077,252109000.0,0.271,1.0,998013000.0,0.887,4957438000.0,11750000.0,3638504000.0,,223233000.0,969299000.0,943627000.0,25672000.0,3965516000.0,1008839000.0,2956677000.0,26766557910.0,135864000.0,-1310000.0,-431709000.0,0.0,0.0,-426928000.0,275622000.0,300093000.0,275270000.0,11900000.0,255590000.0,255590000.0,255590000.0,0.0,-504000.0,0.227,710045000.0,287968000.0,99475000.0,0.0,4.562,29.686,29.678,516972000.0,0.0,28.788,6.76,6.776,804035000.0,503856000.0,1125281000.0,1125281000.0,435478000.0,,,,,63566000.0,302261000.0,1.0,929797930.0,931986000,944470000.0,1.207,4886915000.0,150416000.0,31722000.0,1408080000.0,5.244,3184441000.0
35,CELG,MRQ,2010-12-31,2010-12-31,2010-12-31,2019-11-01,-73767000.0,10177162000.0,,4343199000.0,5833963000.0,,6.375,-39494000.0,1351128000.0,1351128000.0,113071000.0,209247000.0,4.058,0.699,1247584000.0,0.0,1247584000.0,1247584000.0,29147000.0,84161000.0,0.0,0.0,0.0,233444000.0,317605000.0,0.296,317605000.0,233444000.0,222131000.0,0.22,0.22,0.22,5983973000.0,,5983973000.0,25001686718.0,24.0,19.462,165351000.0,0.176,1.0,958617000.0,0.894,5144842000.0,11313000.0,3858394000.0,,260130000.0,1273246000.0,1250173000.0,23073000.0,4181690000.0,1070382000.0,3111308000.0,27833671718.0,-1480857000.0,-2313010000.0,-46824000.0,1237270000.0,0.0,1217489000.0,-2904472000.0,-550034000.0,204845000.0,1281000.0,209567000.0,209567000.0,209567000.0,0.0,-320000.0,0.196,717708000.0,240909000.0,94465000.0,0.0,4.651,31.611,31.126,509919000.0,0.0,29.57,7.677,7.541,706429000.0,248266000.0,1071688000.0,1071688000.0,327530000.0,,,,,51587000.0,295112000.0,1.0,941280748.0,938642000,953314000.0,1.142,5032320000.0,151779000.0,12564000.0,1446189000.0,5.361,3272817000.0
36,CELG,MRQ,2010-09-30,2010-09-30,2010-09-30,2019-11-01,-49744000.0,6554559000.0,,4545877000.0,2008682000.0,,5.597,-18900000.0,2831985000.0,2831985000.0,63542000.0,281151000.0,6.113,0.274,0.0,0.0,0.0,0.0,15822000.0,60234000.0,0.0,0.0,0.0,330576000.0,390810000.0,0.429,390810000.0,330576000.0,330162000.0,0.305,0.3,0.305,5145694000.0,,5145694000.0,25613534866.0,23.0,19.696,362760000.0,0.395,1.0,846569000.0,0.93,1523088000.0,414000.0,1455882000.0,,108672000.0,720920000.0,698280000.0,22640000.0,1408865000.0,743604000.0,665261000.0,26469142866.0,1976377000.0,-293000.0,11037000.0,0.0,0.0,4180000.0,1573348000.0,1592541000.0,381660000.0,17189000.0,281151000.0,281151000.0,281151000.0,0.0,0.0,0.309,535863000.0,310706000.0,49852000.0,0.0,5.144,28.61,28.662,318669000.0,0.0,28.805,7.984,7.988,593086000.0,38699000.0,910111000.0,910111000.0,253547000.0,,,,,52137000.0,228281000.0,1.0,918907928.0,919306000,932664000.0,0.99,5031471000.0,73173000.0,49011000.0,489446000.0,5.473,3802273000.0
37,CELG,MRQ,2010-06-30,2010-06-30,2010-06-30,2019-11-01,58926000.0,6178238000.0,,4094894000.0,2083344000.0,,5.353,-21332000.0,855608000.0,855608000.0,67993000.0,155352000.0,8.65,0.254,0.0,0.0,0.0,0.0,12153000.0,60868000.0,0.0,0.0,0.0,172705000.0,233573000.0,0.274,233573000.0,172705000.0,172279000.0,0.17,0.165,0.17,4927810000.0,,4927810000.0,22365488842.0,22.0,18.442,289069000.0,0.314,1.0,784699000.0,0.92,1570925000.0,426000.0,3278302000.0,,100797000.0,2312589000.0,2289009000.0,23580000.0,1250428000.0,473403000.0,777025000.0,23421034842.0,-199938000.0,-916000.0,-92109000.0,0.0,0.0,-88399000.0,-412630000.0,-390382000.0,310401000.0,-9310000.0,155352000.0,155352000.0,155352000.0,0.0,0.0,0.182,616927000.0,167772000.0,66975000.0,0.0,4.753,27.208,27.176,309401000.0,0.0,25.41,7.555,7.546,477361000.0,-242452000.0,852692000.0,852692000.0,342761000.0,,,,,47703000.0,219262000.0,1.0,921725102.0,920618000,934850000.0,0.926,4607313000.0,68751000.0,16927000.0,467707000.0,5.005,3621491000.0
38,CELG,MRQ,2010-03-31,2010-03-31,2010-03-31,2019-11-01,6084000.0,5985623000.0,,3920039000.0,2065584000.0,,5.18,-18906000.0,1055546000.0,1055546000.0,61915000.0,234442000.0,8.532,0.256,0.0,0.0,0.0,0.0,9874000.0,53826000.0,0.0,0.0,0.0,288840000.0,342666000.0,0.433,342666000.0,288840000.0,288359000.0,0.255,0.25,0.255,4764406000.0,,4764406000.0,27382755679.0,26.0,22.793,265744000.0,0.289,1.0,729339000.0,0.922,1618287000.0,481000.0,2852343000.0,,102479000.0,1921171000.0,1898404000.0,22767000.0,1221217000.0,459447000.0,761770000.0,28484927679.0,-46626000.0,-338158000.0,31669000.0,0.0,0.0,43897000.0,-363551000.0,-6487000.0,284650000.0,-11622000.0,234442000.0,234442000.0,234442000.0,0.0,0.0,0.296,459090000.0,270249000.0,66697000.0,0.0,5.979,33.579,33.674,303729000.0,0.0,30.98,9.904,9.908,481072000.0,-397804000.0,791254000.0,791254000.0,204657000.0,,,,,45772000.0,207978000.0,1.0,919461836.0,919828000,935310000.0,0.86,4367336000.0,70472000.0,53917000.0,478200000.0,4.748,3460592000.0
39,CELG,MRQ,2009-12-31,2009-12-31,2009-12-31,2019-11-01,-89425000.0,5389311000.0,,3844804000.0,1544507000.0,,4.785,-33315000.0,1102172000.0,1102172000.0,49030000.0,254215000.0,7.772,0.226,0.0,0.0,0.0,0.0,8354000.0,28293000.0,0.0,0.0,0.0,305078000.0,333371000.0,0.438,333371000.0,305078000.0,304569000.0,0.275,0.27,0.275,4394606000.0,,4394606000.0,24439603904.0,25.0,22.143,287246000.0,0.313,1.0,712007000.0,0.936,927658000.0,509000.0,2864776000.0,,100683000.0,1916056000.0,1894580000.0,21476000.0,994705000.0,494705000.0,500000000.0,25590658904.0,-48883000.0,0.0,-44732000.0,0.0,0.0,-46844000.0,-325510000.0,-292195000.0,320561000.0,2910000.0,254215000.0,254215000.0,254215000.0,0.0,0.0,0.334,429302000.0,282705000.0,36629000.0,0.0,5.823,32.946,32.947,297792000.0,0.0,27.84,9.514,9.507,438617000.0,-632246000.0,761037000.0,761037000.0,201739000.0,,,,,42541000.0,211563000.0,1.0,919204702.0,918440000,934018000.0,0.829,4461653000.0,49817000.0,50354000.0,469232000.0,4.858,3350099000.0
40,CELG,MRQ,2009-09-30,2009-09-30,2009-09-30,2019-11-01,-129108000.0,5082286000.0,,3500493000.0,1581793000.0,,4.478,-21367000.0,1151055000.0,1151055000.0,52058000.0,216815000.0,7.13,0.237,0.0,0.0,0.0,0.0,7202000.0,31986000.0,0.0,0.0,0.0,271168000.0,303154000.0,0.436,303154000.0,271168000.0,270702000.0,0.235,0.23,0.235,4109099000.0,,4109099000.0,24770154079.0,43.0,35.144,255887000.0,0.279,1.0,643079000.0,0.925,945181000.0,466000.0,2495084000.0,,85088000.0,1634639000.0,1613393000.0,21246000.0,973187000.0,490966000.0,482221000.0,25636997079.0,284212000.0,-1903000.0,-31547000.0,0.0,0.0,-1310000.0,1749000.0,25019000.0,277254000.0,6519000.0,216815000.0,216815000.0,216815000.0,0.0,0.0,0.312,406985000.0,236094000.0,47098000.0,0.0,6.239,68.682,66.548,281153000.0,0.0,27.95,10.026,10.03,406929000.0,-886461000.0,695137000.0,695137000.0,193362000.0,,,,,40416000.0,192512000.0,1.0,917244976.0,917668000,934114000.0,0.758,4137105000.0,24392000.0,53887000.0,426539000.0,4.508,3009527000.0
41,CELG,MRQ,2009-06-30,2009-06-30,2009-06-30,2019-11-01,-126640000.0,4749268000.0,,3168166000.0,1581102000.0,,4.202,-17728000.0,866843000.0,866843000.0,50902000.0,142835000.0,7.344,0.229,0.0,0.0,0.0,0.0,5849000.0,32506000.0,0.0,0.0,0.0,189691000.0,222197000.0,0.353,222197000.0,189691000.0,189164000.0,0.155,0.155,0.155,3862768000.0,,3862768000.0,21066498945.0,44.0,33.77,167195000.0,0.182,1.0,577764000.0,0.919,962530000.0,527000.0,2488525000.0,,76839000.0,1650601000.0,1631125000.0,19476000.0,886500000.0,431370000.0,455130000.0,22020203945.0,-86862000.0,-636000.0,-95291000.0,0.0,0.0,-70329000.0,-220855000.0,-202491000.0,184923000.0,19399000.0,142835000.0,142835000.0,142835000.0,0.0,0.0,0.227,417478000.0,160286000.0,39246000.0,0.0,5.701,75.085,71.403,266645000.0,0.0,23.92,8.972,8.958,353627000.0,-1103276000.0,628666000.0,628666000.0,218500000.0,,,,,40293000.0,176311000.0,1.0,920577088.0,919172000,934164000.0,0.684,3786738000.0,22752000.0,46329000.0,400052000.0,4.12,2736796000.0
42,CELG,MRQ,2009-03-31,2009-03-31,2009-03-31,2019-11-01,-124690000.0,4606392000.0,,3022503000.0,1583889000.0,,4.085,-20974000.0,953705000.0,953705000.0,64299000.0,162883000.0,7.262,0.227,0.0,0.0,0.0,0.0,4985000.0,33283000.0,0.0,0.0,0.0,211733000.0,245016000.0,0.405,245016000.0,211733000.0,211269000.0,0.175,0.175,0.175,3755079000.0,,3755079000.0,19307778615.0,43.0,31.904,106143000.0,0.115,1.0,540754000.0,0.894,994007000.0,464000.0,2242452000.0,,97255000.0,1458325000.0,1439640000.0,18685000.0,851313000.0,416228000.0,435085000.0,20400164615.0,-138681000.0,-1064000.0,11860000.0,0.0,0.0,56611000.0,-311462000.0,-292757000.0,127117000.0,-10947000.0,162883000.0,162883000.0,162883000.0,0.0,0.0,0.269,378313000.0,162441000.0,60579000.0,0.0,5.433,75.467,70.476,251114000.0,0.0,22.2,8.51,8.512,339902000.0,-1246110000.0,605053000.0,605053000.0,181248000.0,,,,,34194000.0,173440000.0,1.0,918926334.0,919166000,936210000.0,0.658,3612385000.0,18200000.0,48386000.0,380006000.0,3.93,2606275000.0
43,CELG,MRQ,2008-12-31,2008-12-31,2008-12-31,2019-11-01,-127544000.0,4445270000.0,,2841366000.0,1603904000.0,,3.804,-23744000.0,1092386000.0,1092386000.0,67815000.0,-149262000.0,5.389,0.273,0.0,0.0,0.0,0.0,4546000.0,34554000.0,0.0,0.0,0.0,-100103000.0,-65549000.0,-0.104,-65549000.0,-100103000.0,-100572000.0,-0.145,-0.145,-0.145,3491328000.0,,3491328000.0,23811536576.0,-17.0,-19.419,-317901000.0,-0.346,1.0,560439000.0,0.892,1023586000.0,469000.0,1802050000.0,,100176000.0,1148097000.0,1129705000.0,18392000.0,953942000.0,527248000.0,426694000.0,25328656576.0,-424734000.0,-670000.0,21651000.0,0.0,0.0,115238000.0,-222742000.0,-198854000.0,-294157000.0,-23073000.0,-149262000.0,-149262000.0,-149262000.0,0.0,0.0,-0.238,694895000.0,-134456000.0,53859000.0,0.0,7.255,-16.515,-15.977,248971000.0,0.0,27.64,11.233,10.852,312243000.0,-1408993000.0,628254000.0,628254000.0,468568000.0,,,,,31884000.0,200202000.0,1.0,916376866.0,917724000,917724000.0,0.685,3421684000.0,16415000.0,48690000.0,409740000.0,3.728,2314118000.0
44,CELG,MRQ,2008-09-30,2008-09-30,2008-09-30,2019-11-01,-37931000.0,4357424000.0,,3024214000.0,1333210000.0,,3.93,-19452000.0,1517120000.0,1517120000.0,70534000.0,136814000.0,6.735,0.214,0.0,0.0,0.0,0.0,4460000.0,42777000.0,0.0,0.0,0.0,179384000.0,222161000.0,0.375,222161000.0,179384000.0,178872000.0,0.15,0.145,0.15,3588361000.0,,3588361000.0,27436414997.0,-25.0,-27.884,198290000.0,0.217,1.0,521931000.0,0.881,985852000.0,512000.0,1405442000.0,,90344000.0,955295000.0,937050000.0,18245000.0,769063000.0,449010000.0,320053000.0,28785082997.0,168452000.0,-10846000.0,44897000.0,0.0,0.0,70236000.0,-59609000.0,-30732000.0,217742000.0,-59917000.0,136814000.0,136814000.0,136814000.0,0.0,0.0,0.231,362351000.0,159580000.0,54938000.0,0.0,8.022,-21.989,-19.652,234414000.0,0.0,31.64,14.103,14.153,275409000.0,-1259731000.0,592465000.0,592465000.0,160911000.0,,,,,30451000.0,168607000.0,1.0,909768742.0,913018000,937782000.0,0.649,3371572000.0,59808000.0,42058000.0,272609000.0,3.693,2575204000.0
45,CELG,MRQ,2008-06-30,2008-06-30,2008-06-30,2019-11-01,47120000.0,4139573000.0,,2806548000.0,1333025000.0,,3.871,-16034000.0,1348668000.0,1348668000.0,75194000.0,119883000.0,6.886,0.208,0.0,0.0,0.0,0.0,4459000.0,43392000.0,0.0,0.0,0.0,160162000.0,203554000.0,0.356,203554000.0,160162000.0,158916000.0,0.135,0.13,0.135,3426801000.0,,3426801000.0,27097165920.0,-23.0,-25.028,179008000.0,0.202,1.0,496270000.0,0.868,1023930000.0,1246000.0,1359414000.0,,82287000.0,917942000.0,908604000.0,9338000.0,712772000.0,407561000.0,305211000.0,27838778920.0,410543000.0,-770000.0,38786000.0,0.0,0.0,60603000.0,153446000.0,168418000.0,195042000.0,1452000.0,119883000.0,119883000.0,119883000.0,0.0,0.0,0.21,356315000.0,139955000.0,44359000.0,0.0,8.124,-19.785,-18.675,238045000.0,0.0,31.935,15.478,15.719,281576000.0,-1396545000.0,571464000.0,571464000.0,144861000.0,,,,,29146000.0,176287000.0,1.0,871732548.0,885280000,933374000.0,0.646,3115643000.0,59580000.0,39033000.0,246678000.0,3.519,2398987000.0
46,CELG,MRQ,2008-03-31,2008-03-31,2008-03-31,2019-11-01,52478000.0,3911464000.0,,2557264000.0,1354200000.0,,3.674,-18149000.0,938125000.0,938125000.0,44724000.0,-1641088000.0,4.328,0.291,196512000.0,196512000.0,0.0,196512000.0,4368000.0,17439000.0,0.0,0.0,0.0,-1603831000.0,-1586392000.0,-3.429,-1586392000.0,-1603831000.0,-1606041000.0,-1.99,-1.99,-1.99,3029474000.0,,3029474000.0,23724675891.0,-20.0,-20.766,45411000.0,0.055,1.0,417873000.0,0.903,1060774000.0,2210000.0,1518247000.0,,96313000.0,1099049000.0,1088367000.0,10682000.0,881990000.0,590830000.0,291160000.0,24746393891.0,-280148000.0,-747348000.0,23249000.0,0.0,0.0,35552000.0,-393341000.0,363881000.0,63560000.0,14081000.0,-1641088000.0,-1641088000.0,-1641088000.0,0.0,0.0,-3.548,2047170000.0,-1629297000.0,64072000.0,0.0,8.169,-16.811,-17.265,227225000.0,0.0,30.645,15.712,16.043,258385000.0,-1516428000.0,462597000.0,462597000.0,156877000.0,,,,,23411000.0,140451000.0,1.0,807518156.0,824526000,824526000.0,0.561,2850690000.0,54863000.0,35047000.0,230725000.0,3.457,1966434000.0
47,CELG,MRQ,2007-12-31,2007-12-31,2007-12-31,2019-11-01,83882000.0,3611284000.0,,3084421000.0,526863000.0,,3.643,-25912000.0,1218273000.0,1218273000.0,45371000.0,75321000.0,7.125,0.27,196555000.0,196555000.0,0.0,196555000.0,67969000.0,9033000.0,0.0,0.0,0.0,167707000.0,176740000.0,0.426,176740000.0,167707000.0,164493000.0,0.095,0.09,0.095,2843944000.0,,2843944000.0,17189596073.0,33.0,30.716,140655000.0,0.18,1.0,369219000.0,0.891,131691000.0,3214000.0,2024944000.0,,49076000.0,1535067000.0,1520645000.0,14422000.0,767340000.0,432931000.0,334409000.0,17830600073.0,177538000.0,0.0,8670000.0,0.0,0.0,39048000.0,-27296000.0,6134000.0,166567000.0,-781000.0,75321000.0,75321000.0,75321000.0,0.0,0.0,0.182,231723000.0,137496000.0,37876000.0,0.0,6.27,78.746,78.322,197428000.0,0.0,23.105,12.683,12.597,167252000.0,124660000.0,414590000.0,414590000.0,99115000.0,,,,,16124000.0,130293000.0,1.0,771720410.0,780754000,867616000.0,0.531,3479593000.0,20506000.0,89172000.0,216296000.0,4.457,2651490000.0
48,CELG,MRQ,2007-09-30,2007-09-30,2007-09-30,2019-11-01,56523000.0,3373185000.0,,2895935000.0,477250000.0,,3.23,-12279000.0,1040735000.0,1040735000.0,34066000.0,38833000.0,4.722,0.361,399731000.0,399731000.0,0.0,399731000.0,70375000.0,7517000.0,0.0,0.0,0.0,115897000.0,123414000.0,0.353,123414000.0,115897000.0,113283000.0,0.05,0.045,0.05,2479326000.0,,2479326000.0,26724438803.0,61.0,57.324,106536000.0,0.139,1.0,315842000.0,0.903,137567000.0,2614000.0,1981320000.0,,56198000.0,1504059000.0,1488970000.0,15089000.0,893859000.0,613294000.0,280565000.0,27292474803.0,72819000.0,-400000.0,61599000.0,0.0,0.0,96950000.0,-144920000.0,-132241000.0,118815000.0,1974000.0,38833000.0,38833000.0,38833000.0,0.0,0.0,0.111,227867000.0,87975000.0,24691000.0,0.0,11.008,156.832,155.022,175589000.0,0.0,35.655,21.555,21.614,146416000.0,49339000.0,349908000.0,349908000.0,130841000.0,,,,,18572000.0,94736000.0,1.0,765459958.0,767548000,865634000.0,0.456,3235618000.0,65731000.0,74450000.0,159064000.0,4.216,2282641000.0
49,CELG,MRQ,2007-06-30,2007-06-30,2007-06-30,2019-11-01,18995000.0,3148610000.0,,2695399000.0,453211000.0,,3.001,-15414000.0,967916000.0,967916000.0,28698000.0,54870000.0,4.433,0.377,399880000.0,399880000.0,0.0,399880000.0,70207000.0,8072000.0,0.0,0.0,0.0,135705000.0,143777000.0,0.413,143777000.0,135705000.0,133094000.0,0.07,0.065,0.07,2287227000.0,,2287227000.0,21160700719.0,55.0,51.203,86907000.0,0.114,1.0,319209000.0,0.918,137736000.0,2611000.0,1834862000.0,,48161000.0,1369264000.0,1353896000.0,15368000.0,861383000.0,607976000.0,253407000.0,21779440719.0,-50707000.0,-1221000.0,43132000.0,0.0,0.0,100870000.0,-255759000.0,-239124000.0,102321000.0,1861000.0,54870000.0,54870000.0,54870000.0,0.0,0.0,0.158,203923000.0,115286000.0,38006000.0,0.0,9.522,139.946,136.5,164804000.0,0.0,28.665,18.757,18.816,145654000.0,10506000.0,347907000.0,347907000.0,90733000.0,,,,,19921000.0,110940000.0,1.0,759792106.0,762172000,862754000.0,0.456,3010874000.0,87438000.0,78224000.0,134600000.0,3.95,2087423000.0
50,CELG,MRQ,2007-03-31,2007-03-31,2007-03-31,2019-11-01,15284000.0,2885619000.0,,2442575000.0,443044000.0,,2.806,-10754000.0,1018623000.0,1018623000.0,22055000.0,57409000.0,18.227,0.362,399883000.0,0.0,399883000.0,399883000.0,70173000.0,6913000.0,0.0,0.0,0.0,108786000.0,115699000.0,0.394,115699000.0,108786000.0,106098000.0,0.075,0.07,0.075,2119065000.0,,2119065000.0,18766892419.0,65.0,59.634,79043000.0,0.105,1.0,271360000.0,0.925,137526000.0,2688000.0,1995345000.0,,30216000.0,1111591000.0,1096495000.0,15096000.0,766554000.0,134008000.0,632546000.0,19806418419.0,-420792000.0,0.0,31302000.0,0.0,0.0,50827000.0,-562211000.0,-551457000.0,89797000.0,795000.0,57409000.0,57409000.0,57409000.0,0.0,0.0,0.196,186996000.0,84364000.0,25126000.0,0.0,9.347,179.461,169.226,154172000.0,0.0,26.23,19.602,19.604,129650000.0,-44363000.0,293415000.0,293415000.0,79575000.0,,,,,9573000.0,105206000.0,1.0,755105544.0,755198000,858612000.0,0.389,2748093000.0,87022000.0,48689000.0,862000.0,3.639,2308567000.0
51,CELG,MRQ,2006-12-31,2006-12-31,2006-12-31,2019-11-01,12357000.0,2735791000.0,,2311004000.0,424787000.0,,2.701,-26663000.0,1439415000.0,1439415000.0,34611000.0,22912000.0,9.641,0.384,399889000.0,0.0,399889000.0,399889000.0,70674000.0,7067000.0,0.0,0.0,0.0,76241000.0,83308000.0,0.303,83308000.0,76241000.0,73910000.0,0.035,0.03,0.035,1976177000.0,,1976177000.0,20432266045.0,96.0,85.84,14070000.0,0.019,1.0,240343000.0,0.874,139003000.0,2331000.0,1317559000.0,,25371000.0,559184000.0,542805000.0,16379000.0,759614000.0,239703000.0,519911000.0,20275969045.0,1195750000.0,-5400000.0,1051272000.0,0.0,0.0,1095465000.0,58840000.0,90903000.0,40733000.0,712000.0,22912000.0,22912000.0,22912000.0,0.0,0.0,0.083,180630000.0,59713000.0,24410000.0,0.0,10.26,293.936,287.65,146645000.0,0.0,28.765,22.557,22.543,127777000.0,-101773000.0,274954000.0,274954000.0,81658000.0,,,,,24463000.0,90254000.0,1.0,704883332.0,731614000,838896000.0,0.376,2596788000.0,87979000.0,50998000.0,84859000.0,3.549,2071301000.0
52,CELG,MRQ,2006-09-30,2006-09-30,2006-09-30,2019-11-01,5348000.0,1526819000.0,,1214570000.0,312249000.0,,1.193,-14548000.0,243665000.0,243665000.0,34205000.0,20437000.0,5.945,0.821,399962000.0,0.0,399962000.0,399962000.0,68431000.0,6546000.0,0.0,0.0,0.0,63937000.0,70483000.0,0.288,70483000.0,63937000.0,61576000.0,0.03,0.025,0.03,838278000.0,,838278000.0,15466197778.0,100.0,87.22,60128000.0,0.086,1.0,210634000.0,0.86,135053000.0,2361000.0,1343766000.0,,36058000.0,642323000.0,628809000.0,13514000.0,688541000.0,204297000.0,484244000.0,15187148778.0,122747000.0,0.0,22050000.0,0.0,0.0,39555000.0,8096000.0,22644000.0,74676000.0,420000.0,20437000.0,20437000.0,20437000.0,0.0,0.0,0.083,156348000.0,54286000.0,35158000.0,0.0,18.117,303.761,288.667,97760000.0,0.0,21.65,19.64,19.666,109856000.0,-124684000.0,244839000.0,244839000.0,66756000.0,,,,,23195000.0,89592000.0,1.0,701484932.0,702400000,809716000.0,0.349,1391766000.0,160384000.0,41139000.0,64896000.0,1.981,1010273000.0
53,CELG,MRQ,2006-06-30,2006-06-30,2006-06-30,2019-11-01,-7616000.0,1372683000.0,,1078065000.0,294618000.0,,1.072,-7924000.0,120918000.0,120918000.0,26799000.0,9608000.0,7.388,0.841,399967000.0,0.0,399967000.0,399967000.0,67604000.0,6509000.0,0.0,0.0,0.0,38704000.0,45213000.0,0.229,45213000.0,38704000.0,36343000.0,0.015,0.015,0.015,745631000.0,,745631000.0,16683080677.0,157.0,132.488,-55475000.0,-0.08,1.0,170440000.0,0.864,133365000.0,2361000.0,1372454000.0,,31289000.0,650751000.0,636838000.0,13913000.0,627052000.0,145913000.0,481139000.0,16477573677.0,-73550000.0,0.0,22831000.0,0.0,0.0,41539000.0,-68951000.0,-61027000.0,-47551000.0,1413000.0,9608000.0,9608000.0,9608000.0,0.0,0.0,0.049,140054000.0,30386000.0,22362000.0,0.0,22.099,545.11,527.0,88294000.0,0.0,23.715,25.045,25.066,84379000.0,-145122000.0,197239000.0,197239000.0,57018000.0,,,,,20718000.0,83036000.0,1.0,694816516.0,695392000,740720000.0,0.284,1239318000.0,158392000.0,26735000.0,38162000.0,1.782,932152000.0
54,CELG,MRQ,2006-03-31,2006-03-31,2006-03-31,2019-11-01,-1614000.0,1319786000.0,,1040224000.0,279562000.0,,1.045,-9447000.0,194468000.0,194468000.0,30144000.0,16024000.0,8.419,0.837,399975000.0,0.0,399975000.0,399975000.0,64815000.0,5592000.0,0.0,0.0,0.0,33431000.0,39023000.0,0.215,39023000.0,33431000.0,31066000.0,0.025,0.02,0.025,718584000.0,,718584000.0,15531232114.0,140.0,121.899,6256000.0,0.009,1.0,151697000.0,0.834,130063000.0,2365000.0,1271668000.0,,16214000.0,593397000.0,578109000.0,15288000.0,601202000.0,123562000.0,477640000.0,15254564114.0,71152000.0,-2000000.0,23101000.0,0.0,0.0,44687000.0,8799000.0,20246000.0,15703000.0,1963000.0,16024000.0,16024000.0,16024000.0,0.0,0.0,0.088,121421000.0,30276000.0,24718000.0,0.0,21.229,484.795,491.333,83276000.0,0.0,22.11,25.157,25.083,90310000.0,-154730000.0,181841000.0,181841000.0,54524000.0,,,,,14889000.0,66897000.0,1.0,689939580.0,687932000,801398000.0,0.264,1189723000.0,151048000.0,15042000.0,14884000.0,1.729,916662000.0
55,CELG,MRQ,2005-12-31,2005-12-31,2005-12-31,2019-11-01,88000.0,1258313000.0,,972837000.0,285476000.0,,0.947,-13224000.0,123316000.0,123316000.0,26728000.0,3928000.0,7.172,0.979,399984000.0,0.0,399984000.0,399984000.0,65540000.0,4515000.0,0.0,0.0,0.0,18090000.0,22605000.0,0.151,22605000.0,18090000.0,15714000.0,0.005,0.01,0.005,635775000.0,,635775000.0,11328352209.0,121.0,104.897,-25930000.0,-0.039,1.0,122610000.0,0.821,130803000.0,2376000.0,1268541000.0,,20242000.0,617961000.0,600944000.0,17017000.0,622538000.0,135637000.0,486901000.0,10990665209.0,61011000.0,1277000.0,14719000.0,-3000.0,0.0,14716000.0,59390000.0,71459000.0,-12706000.0,-389000.0,3928000.0,3928000.0,3928000.0,0.0,0.0,0.026,108103000.0,14507000.0,16414000.0,0.0,17.287,172.657,170.526,77477000.0,0.0,16.2,20.469,20.245,77913000.0,-170754000.0,149338000.0,149338000.0,52421000.0,,,,,-275000.0,55682000.0,1.0,678436124.0,671024000,,0.223,1127510000.0,113059000.0,11786000.0,14715000.0,1.68,837200000.0
56,CELG,MRQ,2005-09-30,2005-09-30,2005-09-30,2019-11-01,5514000.0,1213455000.0,,954715000.0,258740000.0,,0.868,-13545000.0,62305000.0,62305000.0,23199000.0,668000.0,6.344,1.081,399992000.0,0.0,399992000.0,399992000.0,67977000.0,3063000.0,0.0,0.0,0.0,16017000.0,19080000.0,0.147,19080000.0,16017000.0,13643000.0,0.0,0.0,0.0,583232000.0,,583232000.0,9465980568.0,89.0,78.929,14717000.0,0.022,1.0,106307000.0,0.821,131699000.0,2374000.0,1268946000.0,,31689000.0,701139000.0,683685000.0,17454000.0,630223000.0,150497000.0,479726000.0,9119770568.0,8515000.0,0.0,15247000.0,-2000.0,0.0,15245000.0,-34517000.0,-20972000.0,28262000.0,-475000.0,668000.0,668000.0,668000.0,0.0,0.0,0.005,96289000.0,10018000.0,26995000.0,,15.637,111.261,111.311,67838000.0,0.0,13.58,18.498,18.498,61571000.0,-174682000.0,129506000.0,129506000.0,49348000.0,,,,,55000.0,46941000.0,1.0,671558952.0,671558952,,0.193,1081756000.0,105134000.0,12975000.0,11225000.0,1.611,804218000.0
57,CELG,MRQ,2005-06-30,2005-06-30,2005-06-30,2019-11-01,11080000.0,1153066000.0,,899743000.0,253323000.0,,0.84,-4941000.0,53790000.0,53790000.0,18196000.0,10846000.0,8.138,1.057,400000000.0,0.0,400000000.0,400000000.0,71369000.0,3517000.0,0.0,0.0,0.0,43186000.0,46703000.0,0.321,46703000.0,43186000.0,40813000.0,0.015,0.015,0.015,560669000.0,,560669000.0,7118057169.0,62.0,56.306,26522000.0,0.04,1.0,127505000.0,0.875,134882000.0,2373000.0,1253835000.0,,33684000.0,688201000.0,669943000.0,18258000.0,592397000.0,110559000.0,481838000.0,6790393169.0,-18555000.0,0.0,8791000.0,-1000.0,0.0,8790000.0,-57945000.0,-53004000.0,31463000.0,-863000.0,10846000.0,10846000.0,10846000.0,0.0,0.0,0.074,90395000.0,37110000.0,22614000.0,0.0,12.111,67.696,66.941,56811000.0,0.0,10.175,14.604,14.604,55762000.0,-175351000.0,145701000.0,145701000.0,49028000.0,,,,,-85000.0,41367000.0,1.0,667360508.0,667360508,,0.218,1018184000.0,75871000.0,29967000.0,12002000.0,1.526,789184000.0
58,CELG,MRQ,2005-03-31,2005-03-31,2005-03-31,2019-11-01,20235000.0,1125636000.0,,865625000.0,260011000.0,,0.809,-4151000.0,72345000.0,72345000.0,12604000.0,48214000.0,8.299,1.105,400009000.0,6000.0,400003000.0,400009000.0,78304000.0,3191000.0,0.0,0.0,0.0,16416000.0,19607000.0,0.174,19607000.0,16416000.0,14042000.0,0.075,0.065,0.075,534707000.0,,534707000.0,5892227479.0,76.0,67.028,-9253000.0,-0.014,1.0,99792000.0,0.888,140659000.0,2374000.0,1208335000.0,,33497000.0,647977000.0,628939000.0,19038000.0,590929000.0,104306000.0,486623000.0,5627442479.0,-62882000.0,-18929000.0,13883000.0,-3000.0,0.0,13880000.0,-70059000.0,-46979000.0,-5102000.0,-1601000.0,48214000.0,48214000.0,48214000.0,0.0,0.0,0.429,77843000.0,21949000.0,18308000.0,0.0,10.524,61.131,59.528,53284000.0,0.0,8.512,13.826,13.826,49207000.0,-186195000.0,112396000.0,112396000.0,40037000.0,,,,,62000.0,37806000.0,1.0,661079880.0,661079880,,0.17,984977000.0,80673000.0,-34172000.0,22851000.0,1.49,761319000.0
59,CELG,MRQ,2004-12-31,2004-12-31,2004-12-31,2019-11-01,68602000.0,1107293000.0,,849880000.0,257413000.0,,0.728,-29313000.0,135227000.0,135227000.0,16071000.0,22239000.0,6.01,1.319,400000000.0,0.0,400000000.0,400000000.0,80918000.0,3430000.0,0.0,0.0,0.0,31110000.0,34540000.0,0.328,34540000.0,31110000.0,28723000.0,0.033,0.032,0.033,477444000.0,,477444000.0,4496993435.0,62.0,54.567,80445000.0,0.123,1.0,89337000.0,0.848,150213000.0,2387000.0,1080438000.0,,24404000.0,613310000.0,613310000.0,0.0,629849000.0,141415000.0,488434000.0,4365976435.0,72780000.0,-109882000.0,5349000.0,-2000.0,0.0,5347000.0,-37919000.0,101276000.0,109758000.0,-4406000.0,22239000.0,22239000.0,22239000.0,0.0,0.0,0.211,79120000.0,10217000.0,18650000.0,0.0,9.144,82.758,82.875,53738000.0,0.0,6.63,11.565,11.512,46074000.0,-234410000.0,105408000.0,105408000.0,44332000.0,,,,,153000.0,34788000.0,1.0,658518316.0,655476000,,0.161,957080000.0,18695000.0,6484000.0,46635000.0,1.46,708465000.0
60,CELG,MRQ,2004-09-30,2004-09-30,2004-09-30,2019-11-01,86608000.0,941548000.0,,885834000.0,55714000.0,,0.676,-2019000.0,268997000.0,268997000.0,15166000.0,19008000.0,10.633,1.122,400014000.0,8000.0,400006000.0,400014000.0,1989000.0,2198000.0,0.0,0.0,0.0,23370000.0,25568000.0,0.252,25568000.0,23370000.0,20982000.0,0.03,0.028,0.03,443619000.0,,443619000.0,5001966711.0,81.0,71.758,19195000.0,0.029,1.0,86302000.0,0.851,5729000.0,2388000.0,983526000.0,,21566000.0,529834000.0,529834000.0,0.0,497929000.0,83310000.0,414619000.0,4776492711.0,-20561000.0,0.0,2749000.0,-17000.0,0.0,2732000.0,-44507000.0,-42488000.0,21214000.0,0.0,19008000.0,19008000.0,19008000.0,0.0,0.0,0.187,67904000.0,18398000.0,22644000.0,0.0,10.767,99.363,97.05,22668000.0,0.0,7.279,13.536,13.536,44476000.0,-266537000.0,101468000.0,101468000.0,40154000.0,,,,,72000.0,27750000.0,1.0,656224312.0,656224312,,0.155,935819000.0,0.0,1974000.0,0.0,1.426,802524000.0
61,CELG,MRQ,2004-06-30,2004-06-30,2004-06-30,2019-11-01,46543000.0,863216000.0,,806898000.0,56318000.0,,0.58,-2445000.0,174558000.0,174558000.0,14094000.0,2595000.0,11.451,1.275,400032000.0,24000.0,400008000.0,400032000.0,1933000.0,2054000.0,0.0,0.0,0.0,6138000.0,8192000.0,0.093,8192000.0,6138000.0,3751000.0,0.005,0.005,0.005,379477000.0,,379477000.0,4846519383.0,106.0,90.689,15666000.0,0.024,1.0,73659000.0,0.839,6030000.0,2387000.0,1012195000.0,,12191000.0,562016000.0,562016000.0,0.0,483739000.0,70465000.0,413274000.0,4685200383.0,44413000.0,0.0,4615000.0,-8000.0,0.0,4607000.0,21695000.0,24140000.0,18111000.0,0.0,2595000.0,2595000.0,2595000.0,0.0,0.0,0.03,64360000.0,9299000.0,19696000.0,0.0,12.346,140.46,137.644,22982000.0,0.0,7.157,14.384,14.384,40547000.0,-287792000.0,87753000.0,87753000.0,38638000.0,,,,,124000.0,25722000.0,1.0,654586152.0,654586152,,0.134,857186000.0,0.0,1156000.0,0.0,1.31,736433000.0
62,CELG,MRQ,2004-03-31,2004-03-31,2004-03-31,2019-11-01,25147000.0,822127000.0,,765409000.0,56718000.0,,0.523,-2238000.0,238720000.0,238720000.0,14395000.0,8914000.0,10.994,1.412,400039000.0,29000.0,400010000.0,400039000.0,1872000.0,2008000.0,0.0,0.0,0.0,12103000.0,14111000.0,0.17,14111000.0,12103000.0,9715000.0,0.013,0.013,0.013,340899000.0,,340899000.0,4014934692.0,93.0,78.547,4618000.0,0.007,1.0,68478000.0,0.826,6109000.0,2388000.0,907719000.0,,13065000.0,456594000.0,456594000.0,0.0,481228000.0,69618000.0,411610000.0,3882341692.0,-21733000.0,0.0,3323000.0,-7000.0,0.0,3316000.0,-31905000.0,-29667000.0,6856000.0,0.0,8914000.0,8914000.0,8914000.0,0.0,0.0,0.108,63664000.0,4814000.0,20746000.0,0.0,11.389,115.357,114.543,22646000.0,0.0,5.956,12.718,12.718,38167000.0,-300236000.0,82873000.0,82873000.0,37728000.0,,,,,100000.0,25936000.0,1.0,651809728.0,651809728,,0.127,816018000.0,0.0,801000.0,0.0,1.252,695791000.0
63,CELG,MRQ,2003-12-31,2003-12-31,2003-12-31,2019-11-01,10612000.0,813026000.0,,730099000.0,82927000.0,,0.513,-3306000.0,60328000.0,60328000.0,16591000.0,17554000.0,10.169,1.451,400046000.0,30000.0,400016000.0,400046000.0,1711000.0,1885000.0,0.0,0.0,0.0,19950000.0,21835000.0,0.27,21835000.0,19950000.0,17549000.0,0.028,0.028,0.028,331744000.0,,331744000.0,3732883922.0,116.0,93.078,1547000.0,0.002,1.0,64177000.0,0.795,6185000.0,2401000.0,1074765000.0,,9696000.0,606639000.0,606639000.0,0.0,481282000.0,71794000.0,409488000.0,3645930922.0,-252867000.0,-11250000.0,1952000.0,-13000.0,0.0,1939000.0,-259659000.0,-245103000.0,4853000.0,0.0,17554000.0,17554000.0,17554000.0,0.0,0.0,0.217,63300000.0,877000.0,15340000.0,0.0,10.99,141.904,140.25,22546000.0,0.0,5.61,13.43,13.372,35495000.0,-287166000.0,80768000.0,80768000.0,34658000.0,,,,,111000.0,28642000.0,1.0,649898560.0,647096000,,0.125,806841000.0,0.0,-5000.0,281000.0,1.247,658305000.0
64,CELG,MRQ,2003-09-30,2003-09-30,2003-09-30,2019-11-01,9089000.0,772931000.0,,712406000.0,60525000.0,,0.463,-2539000.0,313195000.0,313195000.0,15932000.0,4293000.0,11.06,1.574,400148000.0,52000.0,400096000.0,400148000.0,1693000.0,1958000.0,0.0,0.0,0.0,7345000.0,9303000.0,0.125,9303000.0,7345000.0,4671000.0,0.007,0.005,0.007,300327000.0,,300327000.0,3395246457.0,-45.0,-49.659,6056000.0,0.009,1.0,58400000.0,0.786,5545000.0,2674000.0,789924000.0,,8426000.0,347680000.0,347680000.0,0.0,472604000.0,64415000.0,408189000.0,3508071260.0,-199682000.0,0.0,3314000.0,-127000.0,0.0,3187000.0,-211464000.0,-208925000.0,8595000.0,0.0,4293000.0,4293000.0,4293000.0,0.0,0.0,0.058,57494000.0,906000.0,16633000.0,0.0,11.681,-44.531,-42.618,22341000.0,0.0,5.412,15.394,15.394,29924000.0,-314228000.0,74332000.0,74332000.0,32804000.0,,,,,251000.0,24690000.0,1.0,648142496.0,648142496,,0.115,767386000.0,0.0,378000.0,0.0,1.184,647991000.0
65,CELG,MRQ,2003-06-30,2003-06-30,2003-06-30,2019-11-01,9535052.0,758685937.0,,701741208.0,56944729.0,,0.453,-2187000.0,512877470.0,512877470.0,13874000.0,2894000.0,12.058,1.59,400052667.0,27049.0,400025618.0,400052667.0,1499455.0,2171000.0,0.0,0.0,0.0,3695000.0,5866000.0,0.087,5866000.0,3695000.0,3104000.0,0.005,0.004,0.005,292915547.0,,292915547.0,2333230573.0,-28.0,-30.179,9980000.0,0.015,1.0,53412000.0,0.794,5786517.0,591000.0,581878058.0,,8920993.0,137233993.0,137233993.0,0.0,465770390.0,58196559.0,407573831.0,2450610283.0,395413000.0,0.0,2521000.0,387869000.0,0.0,390432000.0,-7186000.0,-4999000.0,12167000.0,0.0,2894000.0,2894000.0,2894000.0,0.0,0.0,0.043,54177000.0,-765000.0,23465276.0,0.0,8.366,-29.136,-27.886,21316388.0,0.0,3.792,13.049,13.049,29731352.0,-318520722.0,67286000.0,67286000.0,30517000.0,,,,,166000.0,23660000.0,1.0,646172784.0,646172784,,0.104,752899420.0,0.0,210000.0,0.0,1.165,643544649.0
66,CELG,MRQ,2003-03-31,2003-03-31,2003-03-31,2019-11-01,6577934.0,330258086.0,,297315753.0,32942333.0,,0.458,-3057000.0,117464101.0,117464101.0,6553000.0,952000.0,7.544,0.164,84391.0,51600.0,32791.0,84391.0,1614944.0,2013000.0,0.0,0.0,0.0,1088000.0,3101000.0,0.063,3101000.0,1088000.0,1087000.0,0.001,0.001,0.001,283605924.0,,283605924.0,2012747310.0,-23.0,-24.236,-9947000.0,-0.016,1.0,42536000.0,0.867,5903951.0,1000.0,167565594.0,,5237231.0,139565721.0,139565721.0,0.0,46652162.0,39408831.0,7243331.0,2098096228.0,31989000.0,0.0,4183000.0,-42000.0,0.0,4141000.0,34738000.0,37795000.0,-6890000.0,0.0,952000.0,952000.0,952000.0,0.0,0.0,0.019,46203000.0,-3667000.0,10605549.0,0.0,7.398,-23.649,-22.639,20945784.0,0.0,3.26,13.612,13.085,25618344.0,-321414793.0,49089000.0,49089000.0,24721000.0,,,,,176000.0,21482000.0,1.0,643587800.0,618696000,,0.079,324354135.0,0.0,135000.0,0.0,0.524,257906922.0
67,CELG,MRQ,2002-12-31,2002-12-31,2002-12-31,2019-11-01,7028000.0,327287000.0,,296096000.0,31191000.0,,0.447,-1631000.0,85475000.0,85475000.0,8664000.0,-86918000.0,6.686,0.183,126000.0,86000.0,40000.0,126000.0,1499000.0,374000.0,0.0,0.0,0.0,-87015000.0,-86641000.0,-2.331,-86641000.0,-87015000.0,-87016000.0,-0.141,-0.141,-0.141,276698000.0,,276698000.0,1589103462.0,-18.0,-18.612,-22261000.0,-0.036,1.0,28509000.0,0.767,5983000.0,1000.0,191669000.0,,4806000.0,175707000.0,175707000.0,0.0,50589000.0,44286000.0,6303000.0,1689664181.0,-15176000.0,-9299000.0,557000.0,-45000.0,0.0,512000.0,4942000.0,15872000.0,-20630000.0,0.0,-86918000.0,-86918000.0,-86918000.0,0.0,0.0,-2.338,121762000.0,-93253000.0,16516000.0,0.0,6.107,-18.672,-18.257,19600000.0,0.0,2.684,12.447,12.232,17659000.0,-322367000.0,37173000.0,37173000.0,27340000.0,,,,,-908000.0,16018000.0,1.0,629590752.0,618696000,618696000.0,0.06,321304000.0,0.0,-98000.0,0.0,0.519,251810000.0
68,CELG,MRQ,2002-09-30,2002-09-30,2002-09-30,2019-11-01,4331982.0,351380331.0,,318399043.0,32981288.0,,0.512,-4589657.0,100651224.0,100651224.0,4429000.0,-1037000.0,12.008,0.091,90505.0,90505.0,0.0,90505.0,1451971.0,1386793.0,0.0,0.0,0.0,-1026000.0,360793.0,0.011,360793.0,-1026000.0,-1037000.0,-0.001,-0.001,-0.001,321995726.0,,321995726.0,1284887027.0,654.0,154.895,-3353131.0,-0.005,1.0,29829000.0,0.871,0.0,11000.0,224304644.0,,5373654.0,196792686.0,188292686.0,8500000.0,29384605.0,26514968.0,2869637.0,1323411378.0,61944343.0,0.0,377673.0,-91651.0,0.0,286022.0,60421795.0,65011452.0,1236526.0,0.0,-1037000.0,-1037000.0,-1037000.0,0.0,0.0,-0.03,36287000.0,-6458000.0,9049863.0,0.0,4.11,418.614,421.0,16378104.0,0.0,2.105,9.432,9.432,13593441.0,-225941331.0,34258000.0,34258000.0,20549000.0,,,,,448476.0,15738000.0,1.0,628698992.0,628664000,628664000.0,0.054,351380331.0,0.0,0.0,0.0,0.559,291884075.0
69,CELG,MRQ,2002-06-30,2002-06-30,2002-06-30,2019-11-01,-449455.0,349860249.0,,330100168.0,19760081.0,,0.52,-2954049.0,38706948.0,38706948.0,4110074.0,-1714502.0,11.099,0.102,182597.0,179885.0,2712.0,182597.0,2683225.0,1840991.0,0.0,0.0,0.0,-1709210.0,131781.0,0.004,131781.0,-1709210.0,-1714502.0,-0.003,-0.003,-0.003,317424380.0,,317424380.0,1162676863.0,-349.0,394.218,-9871977.0,-0.016,1.0,29510557.0,0.878,0.0,5292.0,281593527.0,,6908922.0,255083978.0,255083978.0,0.0,32435869.0,29742371.0,2693498.0,1158082979.0,31181746.0,0.0,2574214.0,-222889.0,0.0,2351325.0,35748349.0,38702398.0,-6917928.0,0.0,-1714502.0,-1714502.0,-1714502.0,0.0,0.0,-0.051,37618778.0,-8108221.0,14870105.0,0.0,3.648,-540.349,-478.125,12911731.0,0.0,1.913,8.758,8.838,16974083.0,-224904830.0,33620631.0,33620631.0,19222205.0,,,,,289263.0,18396573.0,1.0,605533584.0,611016000,611016000.0,0.055,349860249.0,0.0,0.0,0.0,0.573,300357797.0
70,CELG,MRQ,2002-03-31,2002-03-31,2002-03-31,2019-11-01,988916.0,349577691.0,,331704374.0,17873317.0,,0.505,-1902294.0,7525202.0,7525202.0,3664142.0,-823240.0,11.165,0.144,12119086.0,388383.0,11730703.0,12119086.0,3626418.0,1580216.0,0.0,0.0,0.0,-813364.0,766852.0,0.025,766852.0,-813364.0,-823240.0,-0.001,-0.001,-0.001,305648455.0,,305648455.0,1837511273.0,-457.0,1191.615,-3900892.0,-0.006,1.0,27030004.0,0.881,0.0,9876.0,324461296.0,,6897005.0,294300173.0,294300173.0,0.0,43929236.0,29710279.0,14218957.0,1872306018.0,-39616089.0,0.0,457113.0,-227460.0,0.0,229653.0,-37847144.0,-35944850.0,-1998598.0,0.0,-823240.0,-823240.0,-823240.0,0.0,0.0,-0.027,33821963.0,-6791959.0,14640137.0,0.0,6.126,-657.469,-618.75,11348311.0,0.0,3.094,15.279,15.275,13775421.0,-223190328.0,30694146.0,30694146.0,17524109.0,,,,,637261.0,16297854.0,1.0,605189824.0,605000000,605000000.0,0.051,349577691.0,0.0,0.0,0.0,0.578,301994095.0
71,CELG,MRQ,2001-12-31,2001-12-31,2001-12-31,2019-11-01,6651100.0,353982418.0,,336422326.0,17560092.0,,0.517,-1580819.0,47141291.0,47141291.0,4804850.0,6736157.0,11.226,0.14,12346546.0,586731.0,11759815.0,12346546.0,4882668.0,1522001.0,0.0,0.0,0.0,5513776.0,7035777.0,0.169,7035777.0,5513776.0,5504157.0,0.01,0.01,0.01,310425467.0,,310425467.0,2380334520.0,-778.0,1175.474,6821425.0,0.011,1.0,36930420.0,0.885,0.0,9619.0,289219788.0,,3603462.0,262900049.0,262900049.0,0.0,43556951.0,29967885.0,13589066.0,2409256036.0,5643034.0,992000.0,939148.0,-229481.0,0.0,729667.0,-3488877.0,-2900058.0,8402244.0,0.0,6736157.0,6736157.0,6736157.0,0.0,0.0,0.161,37186501.0,-256081.0,10831464.0,0.0,7.761,-1260.071,-997.5,10645647.0,0.0,3.99,21.089,20.986,13415101.0,-222367088.0,41735270.0,41735270.0,20346561.0,,,,,846234.0,16839940.0,1.0,603823568.0,600864000,600864000.0,0.069,353982418.0,0.0,-1232000.0,0.0,0.589,306454441.0
72,CELG,MRQ,2001-09-30,2001-09-30,2001-09-30,2019-11-01,7333043.0,341579722.0,,324144820.0,17434902.0,,0.502,-2752192.0,41497801.0,41497801.0,3231456.0,-6341626.0,13.244,0.129,12576285.0,772180.0,11804105.0,12576285.0,6848212.0,1333334.0,0.0,0.0,0.0,-6318421.0,-4985087.0,-0.19,-4985087.0,-6318421.0,-6341626.0,-0.01,-0.01,-0.01,302566006.0,,302566006.0,1932659672.0,-273.0,-805.469,-2819561.0,-0.005,1.0,22946177.0,0.877,0.0,23205.0,288183482.0,,4201172.0,260708915.0,260708915.0,0.0,39013716.0,24474724.0,14538992.0,1991087743.0,-29732834.0,0.0,445895.0,-226279.0,0.0,219616.0,-29885081.0,-27132889.0,-67369.0,0.0,-6341626.0,-6341626.0,-6341626.0,0.0,0.0,-0.242,35108584.0,-12162407.0,9394920.0,0.0,6.581,-401.858,-660.75,10269184.0,0.0,3.304,19.814,19.82,11058690.0,-229102879.0,26177633.0,26177633.0,18377619.0,,,,,765278.0,16730965.0,1.0,602675064.0,602848000,602848000.0,0.043,341579722.0,0.0,0.0,0.0,0.567,299670096.0
73,CELG,MRQ,2001-06-30,2001-06-30,2001-06-30,2019-11-01,1456465.0,337929041.0,,321751753.0,16177288.0,,0.502,-1631489.0,71230635.0,71230635.0,2839727.0,-2419038.0,15.755,0.12,12802564.0,906367.0,11896197.0,12802564.0,9219501.0,1125759.0,0.0,0.0,0.0,-2401267.0,-1275508.0,-0.053,-1275508.0,-2401267.0,-2419038.0,-0.004,-0.004,-0.004,301819880.0,,301819880.0,2074395336.0,-266.0,-607.309,-8683931.0,-0.014,1.0,21091070.0,0.881,0.0,17771.0,259078319.0,,4549397.0,227193415.0,227193415.0,0.0,36109161.0,20422651.0,15686510.0,2167165696.0,-34566309.0,0.0,2360156.0,-224020.0,0.0,2136136.0,-29650003.0,-28018514.0,-7052442.0,0.0,-2419038.0,-2419038.0,-2419038.0,0.0,0.0,-0.101,28832551.0,-7741481.0,6003261.0,0.0,7.18,-356.213,-400.694,9694957.0,0.0,3.606,22.309,22.307,11172196.0,-222761253.0,23930797.0,23930797.0,15724370.0,,,,,1066204.0,13108181.0,1.0,600947160.0,600904000,600904000.0,0.04,337929041.0,0.0,0.0,0.0,0.562,301329102.0
74,CELG,MRQ,2001-03-31,2001-03-31,2001-03-31,2019-11-01,2730363.0,342564250.0,,327063414.0,15500836.0,,0.507,-1905500.0,105796944.0,105796944.0,2694967.0,112507.0,13.866,0.134,13026584.0,907498.0,12119086.0,13026584.0,13123279.0,1104906.0,0.0,0.0,0.0,144912.0,1249818.0,0.056,1249818.0,144912.0,112507.0,0.0,0.0,0.0,302040914.0,,302040914.0,1714556319.0,-170.0,-284.117,-4842933.0,-0.008,1.0,19704333.0,0.88,0.0,32405.0,226206104.0,,5299565.0,200120800.0,200120800.0,0.0,40523336.0,23587786.0,16935550.0,1862674350.0,-55596891.0,0.0,3027801.0,-249220.0,0.0,2778581.0,-55438039.0,-53532539.0,-2937433.0,0.0,112507.0,112507.0,112507.0,0.0,0.0,0.005,24487364.0,-4783031.0,7107316.0,,6.167,-195.107,-195.313,9494338.0,0.0,3.125,20.016,19.998,9986385.0,-220342215.0,22399300.0,22399300.0,13204450.0,,,,,851284.0,11282914.0,1.0,596055792.0,595512000,644864000.0,0.038,342564250.0,0.0,0.0,0.0,0.575,303475628.0
75,CELG,MRQ,2000-12-31,2000-12-31,2000-12-31,2019-11-01,909879.0,346725915.0,,332021596.0,14704319.0,,0.504,-4049344.0,161393835.0,161393835.0,3582570.0,3243451.0,9.828,0.173,13275804.0,929258.0,12346546.0,13275804.0,17339574.0,1108386.0,0.0,0.0,0.0,1502970.0,2611356.0,0.093,2611356.0,1502970.0,1433774.0,0.009,0.009,0.009,295532872.0,,295532872.0,2227103082.0,-139.0,-181.204,2485658.0,0.004,1.0,24398600.0,0.872,0.0,69196.0,164825072.0,,4266257.0,144767777.0,144767777.0,0.0,51193043.0,33782812.0,17410231.0,2364153903.0,2017602.0,719103.0,3250567.0,-445436.0,0.0,2838731.0,-7356131.0,-4025890.0,6535002.0,0.0,3243451.0,3693451.0,3693451.0,0.0,0.0,0.132,28556729.0,-4158129.0,10868473.0,0.0,8.0,-145.179,-135.417,8395902.0,-450000.0,4.063,27.844,25.492,9846000.0,-220454722.0,27981170.0,27981170.0,16849310.0,,,,,1539683.0,12207419.0,1.0,581945576.0,586880000,586880000.0,0.048,346725915.0,0.0,-1809677.0,0.0,0.591,298238784.0
76,CELG,MRQ,2000-09-30,2000-09-30,2000-09-30,2019-11-01,102290.0,331986750.0,,320128019.0,11858731.0,,0.533,-2238886.0,159376233.0,159376233.0,2309295.0,-7470825.0,9.706,0.197,22325412.0,867094.0,21458318.0,22325412.0,9895622.0,1029340.0,0.0,0.0,0.0,-7030725.0,-6001385.0,-0.263,-6001385.0,-7030725.0,-7470825.0,-0.014,-0.014,-0.014,277456172.0,,277456172.0,3863115442.0,-158.0,-184.348,2378269.0,0.005,1.0,20522222.0,0.899,0.0,440100.0,161952201.0,,4354838.0,139934298.0,139934298.0,0.0,54530578.0,32983728.0,21546850.0,3960188089.0,33954094.0,0.0,1823255.0,-243993.0,0.0,1579262.0,27757677.0,29996563.0,4617155.0,0.0,-7470825.0,-7470825.0,-7470825.0,0.0,0.0,-0.327,32891785.0,-12369563.0,8992378.0,0.0,14.273,-154.668,-145.833,6074115.0,0.0,7.438,56.65,55.346,8661901.0,-224148174.0,22831517.0,22831517.0,14184019.0,,,,,926138.0,11539656.0,1.0,532462264.0,520208000,520208000.0,0.044,331986750.0,0.0,0.0,0.0,0.638,287144291.0
77,CELG,MRQ,2000-06-30,2000-06-30,2000-06-30,2019-11-01,-330376.0,325165309.0,,318386205.0,6779104.0,,0.528,-2487965.0,122450487.0,122450487.0,2718937.0,-5882064.0,14.426,0.175,25377840.0,96527.0,25281313.0,25377840.0,9615384.0,807055.0,0.0,0.0,0.0,-4701533.0,-3894478.0,-0.196,-3894478.0,-4701533.0,-5882064.0,-0.011,-0.011,-0.011,276769913.0,,276769913.0,3659250070.0,-130.0,-152.814,-6131064.0,-0.012,1.0,17127491.0,0.863,0.0,1180531.0,206022534.0,,3144485.0,169498195.0,169498195.0,0.0,48395396.0,22070128.0,26325268.0,3792760440.0,-43300324.0,0.0,2709174.0,-400660.0,0.0,2308514.0,-41965739.0,-39477774.0,-3643099.0,0.0,-5882064.0,-5882064.0,-5882064.0,0.0,0.0,-0.296,26695286.0,-9567795.0,4413031.0,0.0,13.704,-125.816,-108.235,3080085.0,0.0,7.36,60.558,61.62,18370980.0,-170365446.0,19846428.0,19846428.0,15495176.0,,,,,894864.0,11200110.0,1.0,515320712.0,524352000,524352000.0,0.038,325165309.0,0.0,0.0,0.0,0.62,296316077.0
78,CELG,MRQ,2000-03-31,2000-03-31,2000-03-31,2019-11-01,-370660.0,307164589.0,,302369872.0,4794717.0,,0.573,-861138.0,162907319.0,162907319.0,1774235.0,-6625045.0,44.531,0.133,29396949.0,145226.0,29251723.0,29396949.0,0.0,777686.0,0.0,0.0,0.0,-5783891.0,-5006205.0,-0.342,-5006205.0,-5783891.0,-6625045.0,-0.014,-0.014,-0.014,271122795.0,,271122795.0,2150422707.0,-74.0,-84.361,-9805742.0,-0.021,1.0,12872933.0,0.879,0.0,841154.0,166864148.0,,2614501.0,129457911.0,129457911.0,0.0,36041794.0,6790071.0,29251723.0,2126980525.0,146853207.0,0.0,280343566.0,-503038.0,0.0,279840528.0,-124042717.0,-123181579.0,-8944604.0,0.0,-6625045.0,-6625045.0,-6625045.0,0.0,0.0,-0.452,21086587.0,-8213654.0,2573316.0,0.0,7.845,-69.763,-58.427,2436231.0,0.0,4.148,43.824,40.446,5689067.0,-169538715.0,14647168.0,14647168.0,12382606.0,,,,,697305.0,8703981.0,1.0,512731344.0,473208000,473208000.0,0.031,307164589.0,0.0,0.0,0.0,0.649,295579801.0
79,CELG,MRQ,1999-12-31,1999-12-31,1999-12-31,2019-11-01,-91904.0,46872535.0,,37763056.0,9109479.0,,-0.023,-967294.0,21869256.0,21869256.0,1140390.0,-4808017.0,2.469,-5.819,41630483.0,1307467.0,40323016.0,41630483.0,4099792.0,829778.0,0.0,0.0,0.0,-6883291.0,-6053513.0,-0.481,-6053513.0,-6883291.0,-7825927.0,-0.012,-0.012,-0.012,-9726824.0,,-9726824.0,1227043528.0,-42.0,-46.611,-2794410.0,-0.007,1.0,11440923.0,0.909,0.0,942636.0,51337339.0,,2456059.0,7077314.0,7077314.0,0.0,56599359.0,15296423.0,41302936.0,1202650540.0,4500000.0,0.0,4968456.0,-1059623.0,0.0,4901715.0,1425401.0,2842695.0,-1827116.0,0.0,-4808017.0,-5626504.0,-5626504.0,0.0,0.0,-0.447,18631654.0,-7190731.0,3254823.0,0.0,-123.643,-39.489,-39.414,5741389.0,818487.0,2.917,31.49,31.433,5037431.0,-204170352.0,12581313.0,12581313.0,11817294.0,,,,,235735.0,6814360.0,1.0,412337328.0,420208000,,0.03,46872535.0,0.0,-3017910.0,0.0,0.112,22466633.0
80,CELG,MRQ,1999-09-30,1999-09-30,1999-09-30,2019-11-01,-63502.0,27088771.0,,24316827.0,2771944.0,,-0.044,-594932.0,14324499.0,14324499.0,701816.0,-12011568.0,3.434,-2.465,38717487.0,214544.0,38502943.0,38717487.0,0.0,1764246.0,0.0,0.0,0.0,-10755862.0,-8991616.0,-0.578,-8991616.0,-10755862.0,-12011568.0,-0.03,-0.03,-0.03,-18495992.0,,-18495992.0,476960582.0,-14.0,-15.627,-11966652.0,-0.029,1.0,14853128.0,0.955,0.0,1255706.0,44399939.0,,2072272.0,4299974.0,4299974.0,0.0,45584763.0,7081820.0,38502943.0,459548452.0,4547652.0,0.0,1298720.0,14414020.0,0.0,15712740.0,206632.0,801564.0,-11371720.0,0.0,-12011568.0,-12011568.0,-12011568.0,0.0,0.0,-0.772,26347910.0,-11494782.0,3041185.0,0.0,-24.846,-12.235,-12.124,2083212.0,0.0,1.127,10.518,10.784,2941555.0,-163548803.0,15554944.0,15554944.0,17527519.0,,,,,464305.0,8820391.0,1.0,407581776.0,417888000,417888000.0,0.037,27088771.0,0.0,0.0,0.0,0.065,17235007.0
81,CELG,MRQ,1999-06-30,1999-06-30,1999-06-30,2019-11-01,-51430.0,19992251.0,,17407306.0,2584945.0,,-0.034,-259803.0,6325241.0,6325241.0,718791.0,-6225574.0,1.72,-2.465,23737371.0,225372.0,23511999.0,23737371.0,0.0,238876.0,0.0,0.0,0.0,-5678347.0,-5439471.0,-0.946,-5439471.0,-5678347.0,-6225574.0,-0.015,-0.015,-0.015,-13642969.0,,-13642969.0,311260101.0,-10.0,-10.617,-4883515.0,-0.012,1.0,5032467.0,0.875,0.0,547227.0,27281160.0,,2148428.0,4312047.0,4312047.0,0.0,33635220.0,10123221.0,23511999.0,296791148.0,-2970287.0,0.0,834460.0,-63568.0,0.0,770892.0,882533.0,1142336.0,-4623712.0,0.0,-6225574.0,-6225574.0,-6225574.0,0.0,0.0,-1.082,10820263.0,-5787796.0,5946590.0,0.0,-21.754,-8.841,-8.815,2130778.0,0.0,0.732,10.167,10.18,3803824.0,-157430431.0,5751258.0,5751258.0,4917511.0,,,,,0.0,5902752.0,1.0,405637104.0,406152000,406152000.0,0.014,19992251.0,0.0,0.0,0.0,0.049,7284085.0
82,CELG,MRQ,1999-03-31,1999-03-31,1999-03-31,2019-11-01,0.0,23101407.0,,20472664.0,2628743.0,,-0.02,-53043.0,9295528.0,9295528.0,655850.0,-6591789.0,2.637,-3.817,23764481.0,225372.0,23539109.0,23764481.0,0.0,205322.0,0.0,0.0,0.0,-6045994.0,-5840672.0,-1.357,-5840672.0,-6045994.0,-6591789.0,-0.016,-0.016,-0.016,-8200426.0,,-8200426.0,273751404.0,-8.0,-8.426,-5854779.0,-0.015,1.0,3648718.0,0.848,0.0,545795.0,29807636.0,,1859316.0,5505813.0,5505813.0,0.0,31301833.0,7762724.0,23539109.0,268048448.0,6228575.0,0.0,1324165.0,14208112.0,0.0,15532277.0,-3501966.0,-3448923.0,-5801736.0,0.0,-6591789.0,-6591789.0,-6591789.0,0.0,0.0,-1.531,9840706.0,-6191988.0,3217987.0,0.0,-32.687,-7.418,-7.246,2109851.0,0.0,0.667,11.436,11.437,3222317.0,-151204858.0,4304568.0,4304568.0,4515304.0,,,,,0.0,5325402.0,1.0,402072672.0,402120000,402120000.0,0.011,23101407.0,0.0,0.0,0.0,0.057,12709940.0
83,CELG,MRQ,1998-12-31,1998-12-31,1998-12-31,2019-11-01,0.0,11927997.0,,9586700.0,2341297.0,,-0.009,-1543806.0,3066953.0,3066953.0,223037.0,-12731768.0,1.347,-4.196,8769909.0,225372.0,8544537.0,8769909.0,0.0,1818622.0,0.0,0.0,0.0,-12068519.0,-10249897.0,-0.567,-10249897.0,-12068519.0,-12731768.0,-0.032,-0.033,-0.032,-3732624.0,,-3732624.0,251969262.0,-9.0,-9.573,-14850664.0,-0.037,1.0,17855857.0,0.988,0.0,663249.0,10514869.0,,1571408.0,2056890.0,2056890.0,0.0,15660621.0,7116084.0,8544537.0,252432847.0,-8440986.0,0.0,1298188.0,-1286261.0,0.0,85063.0,4780809.0,6604615.0,-13306858.0,0.0,-12731768.0,-12731768.0,-12731768.0,0.0,0.0,-0.704,31185345.0,-13329488.0,3848853.0,0.0,-67.629,-8.572,-8.544,2262130.0,0.0,0.641,13.137,13.023,2662389.0,-144613068.0,18078894.0,18078894.0,21375923.0,,,,,614788.0,9809422.0,1.0,393913416.0,405488000,,0.045,11927997.0,0.0,0.0,0.0,0.029,2470616.0
84,CELG,MRQ,1998-09-30,1998-09-30,1998-09-30,2019-11-01,0.0,16316269.0,,13881549.0,2434720.0,,0.008,-355841.0,9267833.0,9267833.0,59270.0,-8020511.0,3.126,3.949,8804248.0,225372.0,8578876.0,8804248.0,0.0,194067.0,0.0,0.0,0.0,-7981425.0,-7787358.0,-7.376,-7787358.0,-7981425.0,-8020511.0,-0.02,-0.02,-0.02,3296786.0,,3296786.0,153894261.0,-6.0,-6.384,-9361777.0,-0.024,1.0,996568.0,0.944,0.0,39086.0,11412077.0,,317437.0,3030340.0,3030340.0,0.0,13019483.0,4440607.0,8578876.0,159075069.0,3797375.0,0.0,3036079.0,8514600.0,0.0,11550679.0,1252632.0,1608473.0,-9005936.0,0.0,-8020511.0,-8020511.0,-8020511.0,0.0,0.0,-7.596,9114256.0,-8117688.0,1975067.0,0.0,48.252,-6.452,-6.103,2355553.0,0.0,0.409,109.634,110.908,1042321.0,-136237703.0,1055838.0,1055838.0,5238106.0,,,,,0.0,3876150.0,1.0,389055504.0,393576000,393576000.0,0.003,16316269.0,0.0,0.0,0.0,0.041,9440942.0
85,CELG,MRQ,1998-06-30,1998-06-30,1998-06-30,2019-11-01,0.0,12942385.0,,10669439.0,2272946.0,,0.021,-43891.0,5470458.0,5470458.0,0.0,-8789351.0,2.366,0.563,289650.0,138637.0,151013.0,289650.0,0.0,174581.0,0.0,0.0,0.0,-8784609.0,-8610028.0,,-8610028.0,-8784609.0,-8789351.0,-0.023,-0.023,-0.023,8281220.0,,8281220.0,160184405.0,-7.0,-7.193,-6271180.0,-0.016,1.0,0.0,,0.0,4742.0,3251425.0,,0.0,4638813.0,4638813.0,0.0,4661165.0,4510152.0,151013.0,170414314.0,-5068145.0,0.0,775313.0,-34658.0,0.0,896508.0,262636.0,306527.0,-6227289.0,0.0,-8789351.0,-8789351.0,-8789351.0,0.0,0.0,,8895586.0,-8895586.0,2573787.0,0.0,20.578,-7.164,-6.238,2193779.0,0.0,0.443,141.753,142.438,2500.0,-128217191.0,0.0,0.0,4790343.0,,,,,0.0,4105243.0,1.0,384754800.0,386616000,386616000.0,0.0,12942385.0,0.0,0.0,0.0,0.033,6159287.0
86,CELG,MRQ,1998-03-31,1998-03-31,1998-03-31,2019-11-01,0.0,18790930.0,,16387294.0,2403636.0,,0.042,-245372.0,10554217.0,10554217.0,0.0,117348.0,5.622,0.198,324308.0,139494.0,184814.0,324308.0,0.0,206927.0,0.0,0.0,0.0,118712.0,325639.0,4.07,325639.0,118712.0,117348.0,0.0,0.0,0.0,15691415.0,,15691415.0,160970140.0,-8.0,-8.047,-5496000.0,-0.015,1.0,80000.0,1.0,0.0,1364.0,5646320.0,,0.0,4945340.0,4945340.0,0.0,3099515.0,2914701.0,184814.0,173992416.0,-3044842.0,7500000.0,362348.0,-236861.0,0.0,-103502.0,2309288.0,-4945340.0,-5250628.0,0.0,117348.0,92700.0,92700.0,0.0,0.0,1.159,7166142.0,-7086142.0,1703094.0,,11.088,-8.005,-6.296,2324469.0,24648.0,0.453,144.729,141.843,180287.0,-119427840.0,80000.0,80000.0,3940227.0,,,,,0.0,3225915.0,1.0,383806800.0,376152000,376152000.0,0.0,18790930.0,0.0,0.0,0.0,0.05,13472593.0
87,CELG,MRQ,1997-12-31,1997-12-31,1997-12-31,2019-11-01,0.0,18217456.0,,15852265.0,2365191.0,,0.046,-250652.0,13583445.0,13583445.0,0.0,-7891786.0,6.492,0.181,561169.0,210499.0,350670.0,561169.0,0.0,-150451.0,0.0,0.0,0.0,-7884881.0,-8035332.0,-25.499,-8035332.0,-7884881.0,-7891786.0,-0.024,-0.018,-0.024,15425092.0,,15425092.0,,,,-9562529.0,-0.029,1.0,315125.0,1.0,0.0,6905.0,2753486.0,,0.0,0.0,0.0,0.0,2792364.0,2441694.0,350670.0,134940074.0,13107807.0,0.0,18213652.0,-70327.0,0.0,18143325.0,4276359.0,4527011.0,-9311877.0,0.0,-7891786.0,-7938866.0,-7938866.0,0.0,0.0,-25.193,8573042.0,-8257917.0,842262.0,0.0,8.748,-5.012,-3.822,2286024.0,47080.0,0.352,120.247,91.847,1430384.0,-119520540.0,315125.0,315125.0,4960699.0,,,,,0.0,3612343.0,1.0,383806800.0,334056000,,0.001,18217456.0,0.0,0.0,0.0,0.055,13410571.0
88,CELG,MRQ,1997-09-30,1997-09-30,1997-09-30,2019-11-01,,,,,,,,-562119.0,,,0.0,-6099286.0,,,,,,,,139572.0,,0.0,0.0,-6088909.0,-5949337.0,-7.372,-5949337.0,-6088909.0,-6099286.0,-0.024,-0.024,-0.024,,,,,,,-6575326.0,-0.022,1.0,807068.0,1.0,,10377.0,,,,,,,,,,,-5882229.0,0.0,0.0,631496.0,0.0,631501.0,-500523.0,61596.0,-6013207.0,0.0,-6099286.0,-7151092.0,-7151092.0,0.0,0.0,-8.861,6065060.0,-5257992.0,,0.0,,,,,1051806.0,0.464,,,,,807068.0,807068.0,3899085.0,,,,,0.0,2165975.0,1.0,,296952000,296952000.0,0.003,,,0.0,,,
89,CELG,MRQ,1997-06-30,1997-06-30,1997-06-30,2019-11-01,,,,,,,,-229329.0,,,0.0,-6500586.0,,,,,,,,130320.0,,0.0,0.0,-6474476.0,-6344156.0,,-6344156.0,-6474476.0,-6500586.0,-0.024,-0.024,-0.024,,,,,,,-5721662.0,-0.02,1.0,0.0,,,26110.0,,,,,,,,,,,3413139.0,0.0,0.0,0.0,0.0,4119456.0,4786016.0,5015345.0,-5492333.0,0.0,-6500586.0,-6739391.0,-6739391.0,0.0,0.0,,6625025.0,-6625025.0,,0.0,,,,,238805.0,0.307,,,,,0.0,0.0,4544850.0,,,,,55625.0,2080175.0,1.0,,282048000,282048000.0,0.0,,,0.0,,,
90,CELG,MRQ,1997-03-31,1997-03-31,1997-03-31,2019-11-01,,,,,,,,-198675.0,,,0.0,-4955369.0,,,,,,,,260923.0,,0.0,0.0,-4886990.0,-4626067.0,,-4626067.0,-4886990.0,-4955369.0,-0.02,-0.02,-0.02,,,,,,,-5273285.0,-0.02,1.0,0.0,,,68379.0,,,,,,,,,,,2021767.0,0.0,12695.0,0.0,0.0,12695.0,7083682.0,7282357.0,-5074610.0,0.0,-4955369.0,-5092152.0,-5092152.0,0.0,0.0,,5262719.0,-5262719.0,,0.0,,,,,136783.0,0.297,,,,,0.0,0.0,3975756.0,,,,,1133.0,1286963.0,1.0,,259584000,259584000.0,0.0,,,0.0,,,
91,CELG,MRQ,1996-12-31,1996-12-31,1996-12-31,2019-11-01,5714.0,20937862.0,,18829420.0,2108442.0,,0.071,,922961.0,922961.0,,,7.735,0.303,2438575.0,0.0,2438575.0,2438575.0,0.0,,0.0,0.0,0.0,,,,,,,,,,16065009.0,,16065009.0,,,,,,1.0,,,0.0,,20019198.0,,0.0,16892023.0,16892023.0,0.0,4872853.0,2434278.0,2438575.0,,,,,,,,,,,,,,,,,,,,1552674.0,,,,-4.877,1940615.0,,0.463,,119.188,378595.0,-92599039.0,,,,,,,,,,1.0,,226800000,,,20937862.0,0.0,,0.0,0.092,16395142.0
0,CELG,MRT,2019-09-30,2019-09-30,2019-09-30,2019-11-01,-27000000.0,41363000000.0,38416250000.0,14454000000.0,26909000000.0,0.442,17.038,-295000000.0,9604000000.0,9604000000.0,627000000.0,5880000000.0,2.886,2.422,19787000000.0,1498000000.0,18289000000.0,19787000000.0,60000000.0,656000000.0,0.0,0.0,0.0,7433000000.0,8089000000.0,0.476,8089000000.0,7433000000.0,6669000000.0,8.33,8.11,8.33,12087000000.0,9116000000.0,12087000000.0,82954007118.0,11.0,10.255,7863000000.0,11.084,1.0,16355000000.0,0.963,24390000000.0,764000000.0,22147000000.0,23474500000.0,451000000.0,1293000000.0,1293000000.0,0.0,29276000000.0,5009000000.0,24267000000.0,70378007118.0,7124000000.0,0.0,378000000.0,-499000000.0,0.0,-203000000.0,-802000000.0,-107000000.0,8158000000.0,-29000000.0,5880000000.0,5880000000.0,5880000000.0,0.0,0.0,0.346,8463000000.0,7892000000.0,421000000.0,0.0,5.823,11.969,11.921,1415000000.0,0.0,99.3,4.144,4.148,2374000000.0,22366000000.0,16982000000.0,16982000000.0,4621000000.0,0.153,0.645,0.317,0.438,848000000.0,3197000000.0,1.0,708741260.0,709400000,729500000.0,23.939,16973000000.0,0.0,789000000.0,5390000000.0,23.926,9445000000.0
1,CELG,MRT,2019-06-30,2019-06-30,2019-06-30,2019-11-01,-56000000.0,39183000000.0,36629250000.0,12683000000.0,26500000000.0,0.446,14.222,-291000000.0,7214000000.0,7214000000.0,617000000.0,5271000000.0,3.442,2.898,19790000000.0,0.0,19790000000.0,19790000000.0,83000000.0,654000000.0,0.0,0.0,0.0,6897000000.0,7551000000.0,0.462,7551000000.0,6897000000.0,6130000000.0,7.49,7.29,7.49,10051000000.0,7309250000.0,10051000000.0,80042191508.0,12.0,10.6,7619000000.0,10.781,1.0,15737000000.0,0.962,23994000000.0,767000000.0,24080000000.0,23925250000.0,464000000.0,2109000000.0,2109000000.0,0.0,29132000000.0,3685000000.0,25447000000.0,65194191508.0,5711000000.0,0.0,359000000.0,-1495000000.0,0.0,-1218000000.0,-970000000.0,-679000000.0,7910000000.0,-11000000.0,5271000000.0,5271000000.0,5271000000.0,0.0,0.0,0.322,8429000000.0,7308000000.0,327000000.0,0.0,6.486,12.368,12.342,1400000000.0,0.0,92.44,3.986,3.995,2451000000.0,20675000000.0,16354000000.0,16354000000.0,4535000000.0,0.144,0.721,0.288,0.422,924000000.0,3162000000.0,1.0,705259536.0,706700000,726700000.0,23.141,15189000000.0,0.0,859000000.0,5212000000.0,21.493,8998000000.0
2,CELG,MRT,2019-03-31,2019-03-31,2019-03-31,2019-11-01,-32000000.0,37639000000.0,35194500000.0,10981000000.0,26658000000.0,0.448,11.624,-311000000.0,5433000000.0,5433000000.0,592000000.0,4745000000.0,2.776,3.61,20281000000.0,500000000.0,19781000000.0,20281000000.0,144000000.0,666000000.0,0.0,0.0,0.0,6383000000.0,7049000000.0,0.447,7049000000.0,6383000000.0,5616000000.0,6.73,6.56,6.73,8165000000.0,5654000000.0,8165000000.0,82278184307.0,13.0,11.672,6661000000.0,9.483,1.0,15176000000.0,0.962,24104000000.0,767000000.0,24428000000.0,23959250000.0,442000000.0,2258000000.0,2258000000.0,0.0,29474000000.0,3955000000.0,25519000000.0,66242184307.0,2614000000.0,0.0,-3212000000.0,0.0,0.0,-3270000000.0,-1055000000.0,-744000000.0,6972000000.0,-33000000.0,4745000000.0,4745000000.0,4745000000.0,0.0,0.0,0.301,8493000000.0,6683000000.0,340000000.0,0.0,8.113,13.96,14.018,1383000000.0,0.0,94.34,4.201,4.202,2327000000.0,19104000000.0,15768000000.0,15768000000.0,4686000000.0,0.135,0.839,0.266,0.405,994000000.0,3159000000.0,1.0,702164345.0,702400000,720500000.0,22.449,13535000000.0,0.0,871000000.0,5018000000.0,19.27,7026000000.0
3,CELG,MRT,2018-12-31,2018-12-31,2018-12-31,2019-11-01,-50000000.0,35480000000.0,34423750000.0,9067000000.0,26413000000.0,0.444,8.601,-330000000.0,4234000000.0,4234000000.0,587000000.0,4046000000.0,2.235,4.759,20270000000.0,501000000.0,19769000000.0,20270000000.0,146000000.0,635000000.0,0.0,0.0,0.0,5573000000.0,6208000000.0,0.406,6208000000.0,5573000000.0,4832000000.0,5.65,5.51,5.65,6161000000.0,4905750000.0,6161000000.0,62579050426.0,11.0,10.08,4841000000.0,6.758,1.0,14694000000.0,0.962,24216000000.0,741000000.0,23243000000.0,23921250000.0,458000000.0,1808000000.0,1808000000.0,0.0,29319000000.0,4057000000.0,25262000000.0,44815050426.0,-2779000000.0,-8648000000.0,-5952000000.0,4452000000.0,0.0,-1540000000.0,-6418000000.0,2560000000.0,5171000000.0,8000000.0,4046000000.0,4046000000.0,4046000000.0,0.0,0.0,0.265,9503000000.0,5191000000.0,418000000.0,0.0,7.274,11.076,11.343,1367000000.0,0.0,64.09,2.933,3.004,2066000000.0,17559000000.0,15281000000.0,15281000000.0,5673000000.0,0.118,0.825,0.233,0.365,954000000.0,3250000000.0,1.0,699251840.0,716300000,733800000.0,21.333,11264000000.0,0.0,786000000.0,5021000000.0,15.725,5010000000.0
4,CELG,MRT,2018-09-30,2018-09-30,2018-09-30,2019-11-01,-77000000.0,34215000000.0,33089000000.0,7827000000.0,26388000000.0,0.445,6.923,-335000000.0,2480000000.0,2480000000.0,537000000.0,2892000000.0,2.125,6.04,20244000000.0,502000000.0,19742000000.0,20244000000.0,153000000.0,581000000.0,0.0,0.0,0.0,5539000000.0,6120000000.0,0.416,6120000000.0,5539000000.0,4846000000.0,4.03,3.95,4.03,4860000000.0,5095750000.0,4860000000.0,82691955765.0,15.0,13.512,4182000000.0,5.957,1.0,14190000000.0,0.964,24346000000.0,693000000.0,23950000000.0,23779750000.0,510000000.0,1898000000.0,1898000000.0,0.0,29355000000.0,3683000000.0,25672000000.0,62943955765.0,-3031000000.0,-8648000000.0,-8827000000.0,6019000000.0,0.0,-2848000000.0,-4719000000.0,4264000000.0,4517000000.0,19000000.0,2892000000.0,2892000000.0,2892000000.0,0.0,0.0,0.196,9608000000.0,4582000000.0,292000000.0,0.0,12.951,21.765,22.206,1313000000.0,0.0,89.49,4.274,4.266,2120000000.0,16486000000.0,14727000000.0,14727000000.0,7273000000.0,0.087,0.568,0.233,0.376,925000000.0,3174000000.0,1.0,703363010.0,702000000,719700000.0,20.979,9869000000.0,0.0,1954000000.0,5367000000.0,14.058,4144000000.0
5,CELG,MRT,2018-06-30,2018-06-30,2018-06-30,2019-11-01,-119000000.0,33444000000.0,32469250000.0,6853000000.0,26591000000.0,0.435,4.79,-315000000.0,1503000000.0,1503000000.0,498000000.0,2798000000.0,1.522,8.75,21251000000.0,1497000000.0,19754000000.0,21251000000.0,127000000.0,527000000.0,0.0,0.0,0.0,5086000000.0,5613000000.0,0.397,5613000000.0,5086000000.0,4459000000.0,3.75,3.66,3.75,3430000000.0,6343250000.0,3430000000.0,75017769315.0,15.0,13.365,3366000000.0,4.7,1.0,13624000000.0,0.965,24474000000.0,627000000.0,24216000000.0,23154000000.0,555000000.0,1907000000.0,1907000000.0,0.0,30014000000.0,4502000000.0,25512000000.0,57565769315.0,-5157000000.0,-8648000000.0,-8774000000.0,7011000000.0,0.0,-1803000000.0,-7062000000.0,1928000000.0,3681000000.0,27000000.0,2798000000.0,2798000000.0,2798000000.0,0.0,0.0,0.198,9637000000.0,3987000000.0,294000000.0,0.0,16.783,20.574,21.179,1292000000.0,0.0,79.42,4.076,4.027,2064000000.0,15404000000.0,14122000000.0,14122000000.0,7539000000.0,0.086,0.441,0.22,0.36,845000000.0,3036000000.0,1.0,724827113.0,716100000,732600000.0,19.721,8970000000.0,0.0,1661000000.0,5171000000.0,12.526,2351000000.0
6,CELG,MRT,2018-03-31,2018-03-31,2018-03-31,2019-11-01,-328000000.0,34556000000.0,31684750000.0,7872000000.0,26684000000.0,0.429,6.912,-305000000.0,2819000000.0,2819000000.0,483000000.0,2854000000.0,2.527,5.681,20271000000.0,0.0,20271000000.0,20271000000.0,104000000.0,481000000.0,0.0,0.0,0.0,4891000000.0,5372000000.0,0.396,5372000000.0,4891000000.0,4330000000.0,3.7,3.59,3.7,5172000000.0,7597000000.0,5172000000.0,75926585990.0,16.0,14.134,3763000000.0,5.029,1.0,13096000000.0,0.964,24617000000.0,561000000.0,24276000000.0,22001250000.0,536000000.0,1921000000.0,1921000000.0,0.0,29384000000.0,3115000000.0,26269000000.0,67101585990.0,-2454000000.0,-8648000000.0,-5695000000.0,6016000000.0,0.0,281000000.0,-6889000000.0,2095000000.0,4068000000.0,86000000.0,2854000000.0,2854000000.0,2854000000.0,0.0,0.0,0.21,9284000000.0,3812000000.0,320000000.0,0.0,12.974,23.511,24.111,1251000000.0,0.0,89.21,4.942,4.916,1991000000.0,14359000000.0,13579000000.0,13579000000.0,7123000000.0,0.09,0.376,0.222,0.36,732000000.0,3185000000.0,1.0,752175608.0,748300000,768300000.0,18.146,9939000000.0,0.0,1476000000.0,5345000000.0,13.282,4757000000.0
7,CELG,MRT,2017-12-31,2017-12-31,2017-12-31,2019-11-01,287000000.0,30141000000.0,30250750000.0,14892000000.0,15249000000.0,0.43,8.882,-279000000.0,7013000000.0,7013000000.0,461000000.0,2940000000.0,4.986,3.355,15838000000.0,0.0,15838000000.0,15838000000.0,109000000.0,471000000.0,0.0,0.0,0.0,4836000000.0,5307000000.0,0.408,5307000000.0,4836000000.0,4314000000.0,3.77,3.64,3.77,6921000000.0,8215000000.0,6921000000.0,90927394919.0,19.0,17.133,4967000000.0,6.374,1.0,12542000000.0,0.965,13302000000.0,522000000.0,22677000000.0,20939500000.0,541000000.0,5029000000.0,5029000000.0,0.0,23220000000.0,2987000000.0,20233000000.0,82164394919.0,843000000.0,0.0,-3148000000.0,1564000000.0,0.0,-1584000000.0,-2891000000.0,-2585000000.0,5246000000.0,72000000.0,2940000000.0,2940000000.0,2940000000.0,0.0,0.0,0.226,7835000000.0,4707000000.0,305000000.0,0.0,11.872,27.947,27.682,1070000000.0,0.0,104.36,6.319,6.254,1921000000.0,13061000000.0,13003000000.0,13003000000.0,5915000000.0,0.097,0.358,0.231,0.372,678000000.0,2941000000.0,1.0,787316931.0,779200000,808700000.0,16.688,16839000000.0,0.0,1374000000.0,3901000000.0,21.611,11905000000.0
8,CELG,MRT,2017-09-30,2017-09-30,2017-09-30,2019-11-01,337000000.0,31736000000.0,29737000000.0,14783000000.0,16953000000.0,0.42,12.562,-242000000.0,5511000000.0,5511000000.0,455000000.0,3450000000.0,3.651,2.222,14274000000.0,1400000000.0,12874000000.0,14274000000.0,112000000.0,493000000.0,0.0,0.0,0.0,4189000000.0,4682000000.0,0.375,4682000000.0,4189000000.0,3682000000.0,4.42,4.26,4.42,9850000000.0,8134750000.0,9850000000.0,121705374991.0,29.0,25.994,4717000000.0,6.016,1.0,12045000000.0,0.964,15003000000.0,507000000.0,21447000000.0,19767500000.0,537000000.0,6248000000.0,6248000000.0,0.0,21886000000.0,4049000000.0,17837000000.0,114082374991.0,-12000000.0,0.0,-254000000.0,-4000000.0,0.0,-299000000.0,-4693000000.0,-4424000000.0,4959000000.0,21000000.0,3450000000.0,3450000000.0,3450000000.0,0.0,0.0,0.276,7607000000.0,4438000000.0,263000000.0,0.0,11.582,33.067,32.991,1002000000.0,0.0,145.82,9.127,9.147,1816000000.0,13142000000.0,12500000000.0,12500000000.0,4312000000.0,0.116,0.424,0.212,0.335,682000000.0,2852000000.0,1.0,782350672.0,784100000,815200000.0,15.942,16733000000.0,0.0,232000000.0,3043000000.0,21.34,10734000000.0
9,CELG,MRT,2017-06-30,2017-06-30,2017-06-30,2019-11-01,237000000.0,30306000000.0,28491425000.0,13136000000.0,17170000000.0,0.428,10.821,-265000000.0,6660000000.0,6660000000.0,445000000.0,2633000000.0,4.054,2.589,14283000000.0,500000000.0,13783000000.0,14283000000.0,88000000.0,495000000.0,0.0,0.0,0.0,3455000000.0,3950000000.0,0.324,3950000000.0,3455000000.0,2947000000.0,3.38,3.26,3.38,8445000000.0,7084825000.0,8445000000.0,110416656386.0,32.0,27.954,4376000000.0,5.607,1.0,11751000000.0,0.964,15084000000.0,508000000.0,19605000000.0,18785875000.0,533000000.0,3480000000.0,3480000000.0,0.0,21861000000.0,3240000000.0,18621000000.0,101405656386.0,1597000000.0,0.0,-595000000.0,0.0,0.0,-634000000.0,-2431000000.0,-2165000000.0,4641000000.0,21000000.0,2633000000.0,2633000000.0,2633000000.0,0.0,0.0,0.216,7986000000.0,3765000000.0,272000000.0,0.0,12.008,38.513,38.423,989000000.0,0.0,129.87,8.315,8.31,1729000000.0,12093000000.0,12196000000.0,12196000000.0,4618000000.0,0.092,0.372,0.184,0.283,667000000.0,2942000000.0,1.0,780824335.0,780400000,811700000.0,15.628,15222000000.0,0.0,314000000.0,3014000000.0,19.505,9896000000.0
10,CELG,MRT,2017-03-31,2017-03-31,2017-03-31,2019-11-01,410000000.0,28820000000.0,27555425000.0,11617000000.0,17203000000.0,0.424,9.813,-238000000.0,5273000000.0,5273000000.0,445000000.0,2130000000.0,4.419,2.77,14284000000.0,500000000.0,13784000000.0,14284000000.0,85000000.0,592000000.0,0.0,0.0,0.0,2969000000.0,3561000000.0,0.305,3561000000.0,2969000000.0,2464000000.0,2.74,2.65,2.74,7644000000.0,6360775000.0,7644000000.0,104921667986.0,35.0,29.464,3780000000.0,4.852,1.0,11234000000.0,0.962,15173000000.0,505000000.0,20029000000.0,18474575000.0,509000000.0,3588000000.0,3588000000.0,0.0,21176000000.0,2629000000.0,18547000000.0,96802367987.0,828000000.0,0.0,-562000000.0,0.0,0.0,-598000000.0,-2552000000.0,-2317000000.0,4018000000.0,-40000000.0,2130000000.0,2130000000.0,2130000000.0,0.0,0.0,0.182,7957000000.0,3277000000.0,240000000.0,0.0,12.664,45.447,45.412,958000000.0,0.0,124.43,8.289,8.3,1614000000.0,11032000000.0,11679000000.0,11679000000.0,4732000000.0,0.077,0.335,0.161,0.254,654000000.0,2735000000.0,1.0,777966471.0,779000000,811200000.0,14.992,13647000000.0,0.0,334000000.0,2985000000.0,17.519,8988000000.0
11,CELG,MRT,2016-12-31,2016-12-31,2016-12-31,2019-11-01,419000000.0,28086000000.0,26841400000.0,10868000000.0,17218000000.0,0.418,8.492,-236000000.0,6170000000.0,6170000000.0,438000000.0,1999000000.0,3.673,3.255,14290000000.0,501000000.0,13789000000.0,14290000000.0,83000000.0,505000000.0,0.0,0.0,0.0,2872000000.0,3377000000.0,0.301,3377000000.0,2872000000.0,2372000000.0,2.57,2.49,2.57,6600000000.0,5718475000.0,6600000000.0,98510704894.0,34.0,29.171,3929000000.0,5.055,1.0,10791000000.0,0.961,15258000000.0,500000000.0,17989000000.0,18045525000.0,498000000.0,1800000000.0,1800000000.0,0.0,21486000000.0,2959000000.0,18527000000.0,89729804894.0,1290000000.0,0.0,-1801000000.0,0.0,0.0,-1834000000.0,-1002000000.0,-765000000.0,4165000000.0,-39000000.0,1999000000.0,1999000000.0,1999000000.0,0.0,0.0,0.178,7625000000.0,3166000000.0,247000000.0,0.0,13.595,44.887,45.039,930000000.0,0.0,115.75,7.991,8.011,1621000000.0,10074000000.0,11229000000.0,11229000000.0,4470000000.0,0.074,0.35,0.159,0.256,646000000.0,2658000000.0,1.0,775203498.0,777200000,803300000.0,14.448,12828000000.0,0.0,373000000.0,2980000000.0,16.505,7909000000.0
12,CELG,MRT,2016-09-30,2016-09-30,2016-09-30,2019-11-01,145100000.0,26753700000.0,26561000000.0,9575600000.0,17178100000.0,0.407,7.283,-310500000.0,5522600000.0,5522600000.0,430300000.0,2131000000.0,3.614,3.735,14303500000.0,501000000.0,13802500000.0,14303500000.0,90500000.0,488600000.0,0.0,0.0,0.0,3116000000.0,3604600000.0,0.333,3604600000.0,3116000000.0,2618000000.0,2.73,2.63,2.73,5650300000.0,5548225000.0,5650300000.0,90271139800.0,29.0,25.043,3811700000.0,4.913,1.0,10382000000.0,0.96,15364700000.0,498000000.0,17520500000.0,18183150000.0,507900000.0,1346000000.0,1346000000.0,0.0,21103400000.0,2649400000.0,18454000000.0,81022739800.0,-493900000.0,-115700000.0,-2470100000.0,-1216400000.0,0.0,-3941400000.0,-659200000.0,-228500000.0,4122200000.0,-15500000.0,2131000000.0,2131000000.0,2131000000.0,0.0,0.0,0.197,7244400000.0,3137600000.0,235400000.0,0.0,14.34,38.021,38.289,891300000.0,0.0,104.53,7.494,7.5,1586300000.0,9644700000.0,10812300000.0,10812300000.0,4111500000.0,0.08,0.384,0.171,0.288,642500000.0,2581700000.0,1.0,775114702.0,775800000,801500000.0,13.937,11389000000.0,0.0,487000000.0,2893100000.0,14.68,6926200000.0
13,CELG,MRT,2016-06-30,2016-06-30,2016-06-30,2019-11-01,251000000.0,26562000000.0,26714875000.0,9169000000.0,17393000000.0,0.38,7.154,-294000000.0,5063700000.0,5063700000.0,432200000.0,1925900000.0,4.614,3.787,14312100000.0,0.0,14312100000.0,14312100000.0,76900000.0,462900000.0,0.0,0.0,0.0,2800600000.0,3263500000.0,0.321,3263500000.0,2800600000.0,2342100000.0,2.47,2.38,2.47,5548800000.0,5479525000.0,5548800000.0,86221745551.0,31.0,26.42,3343100000.0,4.31,1.0,9731200000.0,0.957,15463600000.0,458500000.0,18359800000.0,18365175000.0,490400000.0,1340000000.0,1340000000.0,0.0,21013200000.0,1987000000.0,19026200000.0,76398945551.0,531800000.0,-7695000000.0,-2741900000.0,6535800000.0,0.0,3610300000.0,-6684700000.0,1309300000.0,3637100000.0,-30900000.0,1925900000.0,1925900000.0,1925900000.0,0.0,0.0,0.189,6926000000.0,2805200000.0,229800000.0,0.0,13.769,39.669,39.931,854000000.0,0.0,98.63,7.517,7.527,1514900000.0,9473300000.0,10163400000.0,10163400000.0,3763000000.0,0.072,0.351,0.152,0.276,642400000.0,2434000000.0,1.0,774601496.0,775600000,801500000.0,13.104,11098400000.0,0.0,416200000.0,2877700000.0,14.309,7182000000.0
14,CELG,MRT,2016-03-31,2016-03-31,2016-03-31,2019-11-01,251500000.0,25963900000.0,24510800000.0,8386000000.0,17577900000.0,0.395,6.501,-303700000.0,4445500000.0,4445500000.0,422000000.0,1684100000.0,4.573,4.116,14268300000.0,0.0,14268300000.0,14268300000.0,86600000.0,336300000.0,0.0,0.0,0.0,2501700000.0,2838000000.0,0.293,2838000000.0,2501700000.0,2117900000.0,2.15,2.06,2.15,5074800000.0,5672800000.0,5074800000.0,87606903308.0,35.0,30.869,2624800000.0,3.363,1.0,9265200000.0,0.956,15640000000.0,383800000.0,18312800000.0,16711650000.0,470600000.0,1261800000.0,1261800000.0,0.0,20889100000.0,1833900000.0,19055200000.0,78236803308.0,76900000.0,-7695000000.0,-3454800000.0,7396600000.0,0.0,3846100000.0,-6707000000.0,1299700000.0,2928500000.0,9300000.0,1684100000.0,1684100000.0,1684100000.0,0.0,0.0,0.174,6867200000.0,2398000000.0,219700000.0,0.0,15.417,46.456,46.553,840000000.0,0.0,100.09,8.076,8.065,1420300000.0,8875100000.0,9687200000.0,9687200000.0,3924000000.0,0.069,0.297,0.15,0.258,630500000.0,2318800000.0,1.0,781664535.0,780600000,807700000.0,12.41,10323900000.0,0.0,433800000.0,2860700000.0,13.226,6552100000.0
15,CELG,MRT,2015-12-31,2015-12-31,2015-12-31,2019-11-01,767700000.0,26964400000.0,22389950000.0,9400900000.0,17563500000.0,0.413,7.472,-286000000.0,4880300000.0,4880300000.0,420000000.0,1602000000.0,4.775,3.556,14161400000.0,0.0,14161400000.0,14161400000.0,90600000.0,402000000.0,0.0,0.0,0.0,2334000000.0,2736000000.0,0.296,2736000000.0,2334000000.0,2023000000.0,2.02,1.94,2.02,5919000000.0,6095300000.0,5919000000.0,103571090944.0,44.0,37.855,2499000000.0,3.155,1.0,8836000000.0,0.955,15737100000.0,311000000.0,18539500000.0,15040775000.0,443400000.0,1671600000.0,1671600000.0,0.0,21045400000.0,1968900000.0,19076500000.0,94089990944.0,758000000.0,-7695000000.0,-3005000000.0,7297000000.0,0.0,4283000000.0,-6259000000.0,1730000000.0,2785000000.0,-51000000.0,1602000000.0,1602000000.0,1602000000.0,0.0,0.0,0.173,6581000000.0,2255000000.0,240800000.0,0.0,15.896,58.733,59.287,814100000.0,0.0,119.76,10.165,10.25,1420900000.0,8074400000.0,9256000000.0,9256000000.0,3697000000.0,0.072,0.263,0.155,0.252,612000000.0,2305000000.0,1.0,785654567.0,792200000,824900000.0,11.684,11227300000.0,0.0,421000000.0,2863200000.0,14.172,7432000000.0
16,CELG,MRT,2015-09-30,2015-09-30,2015-09-30,2019-11-01,639200000.0,27369200000.0,19983875000.0,10152400000.0,17216800000.0,0.439,6.795,-194900000.0,6016500000.0,6016500000.0,417900000.0,1654900000.0,3.229,4.091,15497600000.0,1199700000.0,14297900000.0,15497600000.0,104200000.0,368400000.0,0.0,0.0,0.0,2226500000.0,2594900000.0,0.296,2594900000.0,2226500000.0,1988800000.0,2.08,1.98,2.08,5375500000.0,6246750000.0,5375500000.0,88569307285.0,40.0,34.132,2063500000.0,2.608,1.0,8360300000.0,0.952,15457800000.0,237700000.0,18248600000.0,13335675000.0,420900000.0,1489100000.0,1489100000.0,0.0,21993700000.0,3143900000.0,18849800000.0,85481107285.0,2274000000.0,-7579300000.0,-2819100000.0,8513100000.0,0.0,6045900000.0,-5970700000.0,1811800000.0,2258400000.0,-59600000.0,1654900000.0,1654900000.0,1654900000.0,0.0,0.0,0.189,6254200000.0,2106100000.0,189400000.0,0.0,15.902,51.653,51.986,702000000.0,0.0,108.13,9.738,9.745,1272400000.0,7513400000.0,8778200000.0,8778200000.0,3505400000.0,0.083,0.265,0.167,0.254,590300000.0,2240700000.0,1.0,790540158.0,791100000,791100000.0,11.096,11911400000.0,249600000.0,333900000.0,2961100000.0,15.057,7008500000.0
17,CELG,MRT,2015-06-30,2015-06-30,2015-06-30,2019-11-01,1058100000.0,17745700000.0,17242400000.0,9883500000.0,7862200000.0,0.489,7.972,-183900000.0,4530800000.0,4530800000.0,405700000.0,2197500000.0,3.34,1.807,7619000000.0,1362900000.0,6256100000.0,7619000000.0,87900000.0,370000000.0,0.0,0.0,0.0,2788900000.0,3158900000.0,0.375,3158900000.0,2788900000.0,2586200000.0,2.76,2.63,2.76,6321900000.0,6344975000.0,6321900000.0,94234265051.0,34.0,29.831,2690500000.0,3.393,1.0,8020600000.0,0.952,6128700000.0,202700000.0,11745700000.0,11717900000.0,414300000.0,2961400000.0,2961400000.0,0.0,11423800000.0,2959500000.0,8464300000.0,91794565051.0,1311300000.0,0.0,-2482800000.0,668500000.0,0.0,-1478700000.0,7600000.0,219600000.0,2874400000.0,-92000000.0,2197500000.0,2197500000.0,2197500000.0,0.0,0.0,0.261,5347500000.0,2673100000.0,204900000.0,0.0,14.52,41.772,41.933,675200000.0,0.0,115.735,10.894,10.892,1273400000.0,7547500000.0,8426300000.0,8426300000.0,2876000000.0,0.127,0.346,0.238,0.331,556500000.0,2188000000.0,1.0,793144382.0,793000000,825300000.0,10.626,11617000000.0,11200000.0,388700000.0,633600000.0,14.649,6924000000.0
18,CELG,MRT,2015-03-31,2015-03-31,2015-03-31,2019-11-01,1181800000.0,17480500000.0,16706450000.0,9665400000.0,7815100000.0,0.48,8.468,-167900000.0,4367700000.0,4367700000.0,403800000.0,2439100000.0,4.608,1.584,6807400000.0,504400000.0,6303000000.0,6807400000.0,56000000.0,367000000.0,0.0,0.0,0.0,3018200000.0,3385200000.0,0.422,3385200000.0,3018200000.0,2822200000.0,3.06,2.92,3.06,6764800000.0,5977325000.0,6764800000.0,95042090824.0,31.0,28.076,2937800000.0,3.677,1.0,7617400000.0,0.95,6193600000.0,196000000.0,11629300000.0,11608825000.0,386700000.0,2945800000.0,2945800000.0,0.0,10715700000.0,2097300000.0,8618400000.0,92292090824.0,1971100000.0,-710000000.0,-2066800000.0,1600700000.0,0.0,-157000000.0,-879900000.0,23300000.0,3105700000.0,-97700000.0,2439100000.0,2439100000.0,2439100000.0,0.0,0.0,0.304,4601200000.0,3016200000.0,204000000.0,0.0,13.643,37.839,37.673,649700000.0,0.0,115.28,11.506,11.482,1179400000.0,7191300000.0,8021200000.0,8021200000.0,2222900000.0,0.146,0.408,0.26,0.376,513000000.0,2063000000.0,1.0,800590656.0,798900000,834100000.0,10.04,11286900000.0,11200000.0,383100000.0,714000000.0,14.128,7568100000.0
19,CELG,MRT,2014-12-31,2014-12-31,2014-12-31,2019-11-01,914800000.0,17340100000.0,15512450000.0,9712600000.0,7627500000.0,0.494,8.129,-150300000.0,4121600000.0,4121600000.0,385900000.0,1999900000.0,4.598,1.658,6871600000.0,605900000.0,6265700000.0,6871600000.0,56300000.0,369400000.0,0.0,0.0,0.0,2503500000.0,2872900000.0,0.375,2872900000.0,2503500000.0,2327400000.0,2.49,2.39,2.49,6524800000.0,5407275000.0,6524800000.0,92437850470.0,37.0,32.176,2656000000.0,3.309,1.0,7284500000.0,0.95,6258800000.0,176100000.0,11719100000.0,10742300000.0,393100000.0,3425100000.0,3425100000.0,0.0,10815300000.0,2112200000.0,8703100000.0,89343050470.0,887200000.0,-710000000.0,-2677900000.0,2025300000.0,0.0,-417400000.0,-1438000000.0,-552900000.0,2806300000.0,-63700000.0,1999900000.0,1999900000.0,1999900000.0,0.0,0.0,0.261,4765500000.0,2519000000.0,198200000.0,0.0,13.693,44.674,44.924,642600000.0,0.0,111.86,11.648,11.706,1166700000.0,6472400000.0,7670400000.0,7670400000.0,2430600000.0,0.129,0.37,0.233,0.326,488300000.0,2027900000.0,1.0,798704188.0,802700000,836000000.0,9.556,11081300000.0,0.0,327500000.0,285600000.0,13.805,7600400000.0
20,CELG,MRT,2014-09-30,2014-09-30,2014-09-30,2019-11-01,552500000.0,16403300000.0,14521975000.0,8836100000.0,7567200000.0,0.505,7.214,-127500000.0,3742500000.0,3742500000.0,375500000.0,1600400000.0,6.323,1.844,6837300000.0,100000000.0,6737300000.0,6837300000.0,61800000.0,378700000.0,0.0,0.0,0.0,1988300000.0,2367000000.0,0.322,2367000000.0,1988300000.0,1833800000.0,1.99,1.91,1.99,5768400000.0,5173550000.0,5768400000.0,79493667278.0,40.0,33.584,2396900000.0,2.998,1.0,6965300000.0,0.949,6323100000.0,154500000.0,11777500000.0,9827200000.0,372000000.0,3118200000.0,3118200000.0,0.0,10634900000.0,1397500000.0,9237400000.0,75777567278.0,1319500000.0,-710000000.0,-2831700000.0,2164600000.0,0.0,-723300000.0,-450300000.0,407400000.0,2524400000.0,-31300000.0,1600400000.0,1600400000.0,1600400000.0,0.0,0.0,0.218,4872200000.0,2093100000.0,196700000.0,0.0,13.137,47.349,47.628,623600000.0,0.0,94.78,10.323,10.324,1068100000.0,5858500000.0,7340800000.0,7340800000.0,2576900000.0,0.11,0.309,0.202,0.271,454300000.0,1932200000.0,1.0,799510100.0,799600000,832800000.0,9.181,10080200000.0,25900000.0,233400000.0,893900000.0,12.607,7438600000.0
21,CELG,MRT,2014-06-30,2014-06-30,2014-06-30,2019-11-01,163700000.0,15601900000.0,13828425000.0,8107000000.0,7494900000.0,0.509,6.067,-119800000.0,3219500000.0,3219500000.0,364000000.0,1464400000.0,5.435,2.216,6935600000.0,192300000.0,6743300000.0,6935600000.0,61200000.0,379400000.0,0.0,0.0,0.0,1823300000.0,2202700000.0,0.313,2202700000.0,1823300000.0,1698300000.0,1.8,1.73,1.8,4851300000.0,5205125000.0,4851300000.0,71473094206.0,39.0,32.448,2074800000.0,2.595,1.0,6669000000.0,0.948,6517000000.0,125000000.0,11309400000.0,9120000000.0,360000000.0,2993500000.0,2993500000.0,0.0,10750600000.0,1491600000.0,9259000000.0,68775594206.0,1477200000.0,-710000000.0,-2743800000.0,3254500000.0,0.0,455300000.0,-1207600000.0,-368500000.0,2194600000.0,34900000.0,1464400000.0,1464400000.0,1464400000.0,0.0,0.0,0.208,4766900000.0,1902100000.0,184500000.0,0.0,14.177,46.965,47.711,605100000.0,0.0,85.88,9.779,9.764,1124400000.0,5350000000.0,7033000000.0,7033000000.0,2486300000.0,0.106,0.281,0.2,0.259,434400000.0,1883300000.0,1.0,800833654.0,799600000,831000000.0,8.796,9084900000.0,27000000.0,233900000.0,934300000.0,11.362,6615400000.0
22,CELG,MRT,2014-03-31,2014-03-31,2014-03-31,2019-11-01,139900000.0,12704500000.0,12918875000.0,6942000000.0,5762500000.0,0.523,5.526,-119000000.0,2396600000.0,2396600000.0,346000000.0,1344700000.0,2.863,1.833,5094100000.0,869800000.0,4224300000.0,5094100000.0,55900000.0,380300000.0,0.0,0.0,0.0,1652300000.0,2032600000.0,0.301,2032600000.0,1652300000.0,1549300000.0,1.63,1.57,1.63,4484600000.0,5344075000.0,4484600000.0,58187303028.0,35.0,28.627,2296700000.0,2.83,1.0,6413300000.0,0.949,4813700000.0,103000000.0,8163200000.0,7934350000.0,347800000.0,2713500000.0,2713500000.0,0.0,8219900000.0,2425100000.0,5794800000.0,56680403028.0,901000000.0,0.0,-2945000000.0,1985400000.0,0.0,-1034800000.0,-497200000.0,-359300000.0,2415700000.0,17300000.0,1344700000.0,1344700000.0,1344700000.0,0.0,0.0,0.199,4706400000.0,1706900000.0,149400000.0,0.0,12.639,42.151,42.822,595700000.0,0.0,69.8,8.386,8.38,1072500000.0,4752200000.0,6759300000.0,6759300000.0,2487500000.0,0.104,0.252,0.208,0.244,397000000.0,1809600000.0,1.0,812040158.0,811500000,845100000.0,8.329,7890800000.0,25500000.0,204600000.0,1013000000.0,9.724,4516900000.0
23,CELG,MRT,2013-12-31,2013-12-31,2013-12-31,2019-11-01,94000000.0,13378200000.0,12605900000.0,7550500000.0,5827700000.0,0.515,6.754,-119700000.0,3234400000.0,3234400000.0,340400000.0,1449900000.0,3.881,1.393,4741300000.0,544800000.0,4196500000.0,4741300000.0,51400000.0,374100000.0,0.0,0.0,0.0,1757000000.0,2131100000.0,0.328,2131100000.0,1757000000.0,1665400000.0,1.75,1.68,1.75,5589900000.0,5611525000.0,5589900000.0,71837762486.0,41.0,33.709,2106200000.0,2.545,1.0,6153500000.0,0.948,4880900000.0,91600000.0,8058700000.0,7501675000.0,340400000.0,2452600000.0,2452600000.0,0.0,7788300000.0,1945500000.0,5842800000.0,69626562486.0,1144000000.0,0.0,-2213000000.0,1713700000.0,0.0,-553700000.0,-528600000.0,-388400000.0,2225900000.0,400000.0,1449900000.0,1449900000.0,1449900000.0,0.0,0.0,0.223,4344600000.0,1808900000.0,156200000.0,0.0,12.456,48.022,48.277,593400000.0,0.0,84.484,10.722,10.768,1061400000.0,4472500000.0,6493900000.0,6493900000.0,2226200000.0,0.115,0.258,0.234,0.271,358400000.0,1684500000.0,1.0,824139038.0,827700000,860600000.0,7.846,8497300000.0,25300000.0,215500000.0,1055900000.0,10.266,5605000000.0
24,CELG,MRT,2013-09-30,2013-09-30,2013-09-30,2019-11-01,99500000.0,13629100000.0,12194925000.0,7647200000.0,5981900000.0,0.507,7.149,-122700000.0,2423000000.0,2423000000.0,327700000.0,1498600000.0,3.939,1.312,4634200000.0,405900000.0,4228300000.0,4634200000.0,65600000.0,367400000.0,0.0,0.0,0.0,1822500000.0,2189900000.0,0.354,2189900000.0,1822500000.0,1738500000.0,1.805,1.74,1.805,5894700000.0,5637675000.0,5894700000.0,65268750199.0,36.0,29.804,2032100000.0,2.465,1.0,5857700000.0,0.947,4950300000.0,84000000.0,8948700000.0,6959575000.0,313300000.0,3424300000.0,3424300000.0,0.0,7734400000.0,1941300000.0,5793100000.0,63392850199.0,-292500000.0,0.0,-2017200000.0,1558300000.0,0.0,-290500000.0,-2218900000.0,-2025300000.0,2154800000.0,62100000.0,1498600000.0,1498600000.0,1498600000.0,0.0,0.0,0.242,4053400000.0,1804300000.0,139600000.0,0.0,10.754,42.301,42.697,592300000.0,0.0,77.069,10.249,10.273,1093300000.0,4258100000.0,6185400000.0,6185400000.0,1968500000.0,0.123,0.266,0.262,0.295,316800000.0,1605900000.0,1.0,822552018.0,824500000,857700000.0,7.502,8678800000.0,5500000.0,239900000.0,1076500000.0,10.526,5705900000.0
25,CELG,MRT,2013-06-30,2013-06-30,2013-06-30,2019-11-01,75800000.0,11963700000.0,11689856750.0,5897100000.0,6066600000.0,0.507,6.529,-113500000.0,1742300000.0,1742300000.0,316100000.0,1550300000.0,2.615,1.213,3618200000.0,887800000.0,2730400000.0,3618200000.0,44700000.0,341600000.0,0.0,0.0,0.0,1850900000.0,2192500000.0,0.37,2192500000.0,1850900000.0,1773000000.0,1.85,1.795,1.85,5407100000.0,5596177500.0,5407100000.0,50425487360.0,27.0,22.999,2041600000.0,2.465,1.0,5614100000.0,0.947,5017700000.0,77900000.0,6566800000.0,6073663000.0,294400000.0,2339100000.0,2339100000.0,0.0,6556600000.0,2255100000.0,4301500000.0,48794987360.0,-120200000.0,0.0,-2619000000.0,1981900000.0,0.0,-535200000.0,-1730500000.0,-1570000000.0,2155100000.0,-9600000.0,1550300000.0,1550300000.0,1550300000.0,0.0,0.0,0.261,3763800000.0,1850300000.0,142000000.0,0.0,9.024,31.475,31.616,584900000.0,0.0,58.49,8.228,8.169,1014300000.0,3885600000.0,5930200000.0,5930200000.0,1825500000.0,0.133,0.277,0.305,0.312,277600000.0,1511800000.0,1.0,834244954.0,828200000,858500000.0,7.16,6946000000.0,64700000.0,222700000.0,1132800000.0,8.387,3642000000.0
26,CELG,MRT,2013-03-31,2013-03-31,2013-03-31,2019-11-01,22000000.0,11452600000.0,11294233500.0,5301900000.0,6150700000.0,0.505,6.646,-108800000.0,1495600000.0,1495600000.0,307100000.0,1439600000.0,3.368,1.062,3126100000.0,362000000.0,2764100000.0,3126100000.0,33500000.0,313800000.0,0.0,0.0,0.0,1725600000.0,2039400000.0,0.358,2039400000.0,1725600000.0,1655900000.0,1.69,1.645,1.69,5554400000.0,5733909500.0,5554400000.0,49526073852.0,29.0,24.285,1932700000.0,2.312,1.0,5390900000.0,0.946,5076400000.0,69700000.0,6432500000.0,5302367000.0,275400000.0,2024900000.0,2024900000.0,0.0,5898200000.0,1574200000.0,4324000000.0,48536668852.0,-365500000.0,0.0,-2357500000.0,1698000000.0,0.0,-592200000.0,-1798700000.0,-1654800000.0,2041500000.0,-16100000.0,1439600000.0,1439600000.0,1439600000.0,0.0,0.0,0.253,3663000000.0,1727900000.0,116800000.0,0.0,8.738,33.715,34.293,578200000.0,0.0,57.955,8.518,8.501,1028700000.0,3407500000.0,5698000000.0,5698000000.0,1814600000.0,0.127,0.251,0.325,0.303,262500000.0,1416700000.0,1.0,837488894.0,835800000,864400000.0,6.817,6376200000.0,92300000.0,216300000.0,1175600000.0,7.629,3727700000.0
27,CELG,MRT,2012-12-31,2012-12-31,2012-12-31,2019-11-01,-49700000.0,11734300000.0,11017968250.0,5533700000.0,6200600000.0,0.5,6.607,-111500000.0,2090400000.0,2090400000.0,299100000.0,1456200000.0,3.274,1.061,3079800000.0,308500000.0,2771300000.0,3079800000.0,33500000.0,283500000.0,0.0,0.0,0.0,1744700000.0,2028200000.0,0.368,2028200000.0,1744700000.0,1681500000.0,1.69,1.65,1.69,5694500000.0,5864739250.0,5694500000.0,33570486176.0,19.0,16.552,1907100000.0,2.213,1.0,5207600000.0,0.946,5143200000.0,63200000.0,5890300000.0,4557200000.0,259500000.0,1809900000.0,1809900000.0,0.0,6039800000.0,1690200000.0,4349600000.0,33191812176.0,230900000.0,-352200000.0,-1567400000.0,1269300000.0,0.0,-248800000.0,-1553600000.0,-1055100000.0,2018600000.0,14700000.0,1456200000.0,1456200000.0,1456200000.0,0.0,0.0,0.264,3461200000.0,1746400000.0,145600000.0,0.0,5.829,22.793,23.216,578400000.0,0.0,39.235,6.028,6.141,960500000.0,3022600000.0,5506700000.0,5506700000.0,1724200000.0,0.132,0.248,0.383,0.317,250300000.0,1373500000.0,1.0,845974568.0,861900000,881600000.0,6.389,6591100000.0,93200000.0,225300000.0,1218400000.0,7.647,3843500000.0
28,CELG,MRT,2012-09-30,2012-09-30,2012-09-30,2019-11-01,-77803000.0,11608827000.0,10585870750.0,5385669000.0,6223158000.0,0.505,6.705,-123441000.0,2715534000.0,2715534000.0,296544000.0,1603222000.0,3.986,1.026,3094208000.0,324895000.0,2769313000.0,3094208000.0,27488000.0,286788000.0,0.0,0.0,0.0,1844786000.0,2131574000.0,0.399,2131574000.0,1844786000.0,1792846000.0,1.835,1.8,1.835,5728710000.0,5819296000.0,5728710000.0,32760858766.0,18.0,15.369,1853186000.0,2.169,1.0,5046683000.0,0.945,5231140000.0,51940000.0,5405052000.0,4003831250.0,235866000.0,1117402000.0,1117402000.0,0.0,5880117000.0,1351309000.0,4528808000.0,32960791766.0,920601000.0,-172185000.0,-1700143000.0,1542307000.0,0.0,-279270000.0,-712404000.0,-430627000.0,1976627000.0,-64352000.0,1603228000.0,1603228000.0,1603228000.0,0.0,-6000.0,0.3,3216805000.0,1829878000.0,110394000.0,0.0,5.754,20.559,20.817,547396000.0,0.0,38.2,6.169,6.108,957453000.0,2759481000.0,5343227000.0,5343227000.0,1687163000.0,0.151,0.276,0.461,0.345,246475000.0,1318493000.0,1.0,862847952.0,854400000,872600000.0,6.254,6377687000.0,134920000.0,189618000.0,1263572000.0,7.465,4034360000.0
29,CELG,MRT,2012-06-30,2012-06-30,2012-06-30,2019-11-01,-32918000.0,10381207000.0,10124440750.0,4078814000.0,6302393000.0,0.511,6.822,-138352000.0,1862479000.0,1862479000.0,316589000.0,1552006000.0,2.928,0.742,1662546000.0,390434000.0,1272112000.0,1662546000.0,29538000.0,312732000.0,0.0,0.0,0.0,1773319000.0,2086051000.0,0.403,2086051000.0,1773319000.0,1728987000.0,1.755,1.72,1.755,5958028000.0,5788391000.0,5958028000.0,27825652939.0,16.0,13.339,1868949000.0,2.14,1.0,4857175000.0,0.939,5306730000.0,44332000.0,3481616000.0,3534160250.0,223194000.0,699065000.0,699065000.0,0.0,4423179000.0,1392928000.0,3030251000.0,28262339939.0,214484000.0,-352185000.0,-1893131000.0,390300000.0,0.0,-1610293000.0,-141779000.0,351029000.0,2007301000.0,-40745000.0,1552012000.0,1552012000.0,1552012000.0,0.0,-6000.0,0.3,3097782000.0,1759393000.0,109044000.0,0.0,4.744,18.21,18.279,526827000.0,0.0,32.08,5.463,5.416,884908000.0,2335325000.0,5173764000.0,5173764000.0,1602502000.0,0.153,0.268,0.502,0.343,239832000.0,1267196000.0,1.0,880995634.0,873400000,890800000.0,5.924,5074477000.0,134049000.0,176975000.0,1393324000.0,5.81,2685886000.0
30,CELG,MRT,2012-03-31,2012-03-31,2012-03-31,2019-11-01,-21880000.0,10347539000.0,10042041750.0,4034872000.0,6312667000.0,0.497,6.933,-137039000.0,1861065000.0,1861065000.0,371132000.0,1463814000.0,3.709,0.703,1424378000.0,150528000.0,1273850000.0,1424378000.0,31830000.0,336542000.0,0.0,0.0,0.0,1649238000.0,1985780000.0,0.398,1985780000.0,1649238000.0,1606888000.0,1.635,1.605,1.635,6077719000.0,5797555750.0,6077719000.0,33959379766.0,21.0,17.101,1708191000.0,1.949,1.0,4618987000.0,0.926,5371106000.0,42350000.0,3451832000.0,3585450250.0,215637000.0,436828000.0,408302000.0,28526000.0,4269820000.0,1087914000.0,3181906000.0,34016574766.0,374136000.0,-257690000.0,-1577591000.0,150300000.0,0.0,-1539072000.0,95678000.0,497107000.0,1845230000.0,-27700000.0,1464010000.0,1464010000.0,1464010000.0,0.0,-196000.0,0.293,2981955000.0,1637032000.0,100415000.0,0.0,5.597,23.235,23.706,519126000.0,0.0,38.76,6.817,6.809,1035471000.0,1967953000.0,4990119000.0,4990119000.0,1526822000.0,0.146,0.253,0.46,0.331,235334000.0,1249839000.0,1.0,877620608.0,876600000,897200000.0,5.693,4976433000.0,133501000.0,142878000.0,1486311000.0,5.677,2946958000.0
31,CELG,MRT,2011-12-31,2011-12-31,2011-12-31,2019-11-01,-62337000.0,10005910000.0,9916245250.0,4353225000.0,5652685000.0,0.488,6.054,-132100000.0,1859464000.0,1859464000.0,425900000.0,1317400000.0,2.827,0.815,1802269000.0,526684000.0,1275585000.0,1802269000.0,26969000.0,362900000.0,0.0,0.0,0.0,1462900000.0,1825800000.0,0.377,1825800000.0,1462900000.0,1420200000.0,1.445,1.425,1.445,5512727000.0,5745085750.0,5512727000.0,29761226413.0,20.0,16.3,1644000000.0,1.805,1.0,4416200000.0,0.912,4731918000.0,42700000.0,3676825000.0,3632118250.0,189573000.0,788690000.0,788690000.0,0.0,4493183000.0,1539972000.0,2953211000.0,30009712413.0,508400000.0,93200000.0,-2022100000.0,525700000.0,0.0,-1622000000.0,377700000.0,422500000.0,1776100000.0,-23400000.0,1318100000.0,1318100000.0,1318100000.0,0.0,-700000.0,0.272,2973500000.0,1442700000.0,121525000.0,0.0,5.444,22.767,23.391,506042000.0,0.0,33.8,6.198,6.356,945531000.0,1566416000.0,4842100000.0,4842100000.0,1600300000.0,0.133,0.229,0.403,0.302,237900000.0,1226300000.0,1.0,887861314.0,910600000,925400000.0,5.317,5273992000.0,116751000.0,102100000.0,1421529000.0,5.792,2813253000.0
32,CELG,MRT,2011-09-30,2011-09-30,2011-09-30,2019-11-01,-65870000.0,9763107000.0,9959058250.0,4102544000.0,5660563000.0,0.465,6.2,-130053000.0,1794927000.0,1794927000.0,461427000.0,1116525000.0,3.501,0.742,1546441000.0,269125000.0,1277316000.0,1546441000.0,26242000.0,353173000.0,0.0,0.0,0.0,1283458000.0,1636631000.0,0.353,1636631000.0,1283458000.0,1240685000.0,1.21,1.19,1.21,5605090000.0,5862897250.0,5605090000.0,28016278736.0,22.0,17.118,1413265000.0,1.563,1.0,4168434000.0,0.9,4816295000.0,42773000.0,3526368000.0,3677510500.0,187525000.0,811630000.0,784160000.0,27470000.0,4158017000.0,1171958000.0,2986059000.0,28404676736.0,-1037058000.0,-2399825000.0,-1528981000.0,1506363000.0,0.0,20159000.0,-2592468000.0,-55707000.0,1543318000.0,-8067000.0,1117539000.0,1117539000.0,1117539000.0,0.0,-1014000.0,0.241,2889503000.0,1278931000.0,98405000.0,0.0,5.068,25.417,25.583,490192000.0,0.0,30.955,6.135,6.044,888168000.0,1156238000.0,4629861000.0,4629861000.0,1491367000.0,0.112,0.191,0.349,0.277,229112000.0,1206319000.0,1.0,917611912.0,904038000,919060000.0,5.121,4946812000.0,152365000.0,123146000.0,1427500000.0,5.472,2930586000.0
33,CELG,MRT,2011-06-30,2011-06-30,2011-06-30,2019-11-01,-102998000.0,10051611000.0,9156921250.0,4324124000.0,5727487000.0,0.469,6.479,-111442000.0,1648044000.0,1648044000.0,430324000.0,1024692000.0,3.986,0.677,1259646000.0,0.0,1259646000.0,1259646000.0,24310000.0,319663000.0,0.0,0.0,0.0,1191101000.0,1510764000.0,0.352,1510764000.0,1191101000.0,1158206000.0,1.1,1.085,1.1,5994687000.0,5748048250.0,5994687000.0,27676613575.0,23.0,18.32,1211462000.0,1.309,1.0,3859911000.0,0.9,4891591000.0,32895000.0,3686776000.0,3159889000.0,196384000.0,1169578000.0,1141067000.0,28511000.0,4056924000.0,1084846000.0,2972078000.0,27916185575.0,792436000.0,-2220118000.0,-670556000.0,1237270000.0,0.0,597362000.0,-1161645000.0,1174178000.0,1322904000.0,33815000.0,1025706000.0,1025706000.0,1025706000.0,0.0,-1014000.0,0.239,2701389000.0,1158522000.0,99744000.0,0.0,4.657,27.217,27.418,472695000.0,0.0,30.16,6.507,6.504,862996000.0,783254000.0,4290235000.0,4290235000.0,1388075000.0,0.112,0.178,0.377,0.278,223892000.0,1131297000.0,1.0,925602970.0,925250000,939924000.0,4.637,5160020000.0,151724000.0,132500000.0,1405715000.0,5.577,3239278000.0
34,CELG,MRT,2011-03-31,2011-03-31,2011-03-31,2019-11-01,-87069000.0,9844353000.0,8188578000.0,4193280000.0,5651073000.0,0.484,6.296,-102887000.0,1486992000.0,1486992000.0,371874000.0,900836000.0,4.157,0.676,1247420000.0,0.0,1247420000.0,1247420000.0,22541000.0,292221000.0,0.0,0.0,0.0,1035787000.0,1328008000.0,0.335,1328008000.0,1035787000.0,1011884000.0,0.97,0.955,0.97,5867839000.0,5481329000.0,5867839000.0,26663013910.0,26.0,20.077,1069289000.0,1.147,1.0,3587898000.0,0.906,4957438000.0,23903000.0,3638504000.0,3057770500.0,223233000.0,969299000.0,943627000.0,25672000.0,3965516000.0,1008839000.0,2956677000.0,26766557910.0,431446000.0,-2315529000.0,-559605000.0,1237270000.0,0.0,706342000.0,-1468132000.0,952218000.0,1172176000.0,21060000.0,901660000.0,901660000.0,901660000.0,0.0,-824000.0,0.228,2580543000.0,1007355000.0,99475000.0,0.0,4.562,29.686,29.678,516972000.0,0.0,28.788,6.76,6.776,804035000.0,503856000.0,3959772000.0,3959772000.0,1359316000.0,0.11,0.164,0.339,0.262,214993000.0,1044916000.0,1.0,929797930.0,931986000,944470000.0,4.249,4886915000.0,150416000.0,110224000.0,1408080000.0,5.244,3184441000.0
35,CELG,MRT,2010-12-31,2010-12-31,2010-12-31,2019-11-01,-73767000.0,10177162000.0,7223895500.0,4343199000.0,5833963000.0,0.502,6.472,-98632000.0,1351128000.0,1351128000.0,306521000.0,880192000.0,4.058,0.699,1247584000.0,0.0,1247584000.0,1247584000.0,29147000.0,259089000.0,0.0,0.0,0.0,1025564000.0,1284653000.0,0.354,1284653000.0,1025564000.0,1012930000.0,0.95,0.94,0.95,5983973000.0,5205470750.0,5983973000.0,25001686718.0,24.0,19.462,1082924000.0,1.171,1.0,3319224000.0,0.915,5144842000.0,12634000.0,3858394000.0,2861230250.0,260130000.0,1273246000.0,1250173000.0,23073000.0,4181690000.0,1070382000.0,3111308000.0,27833671718.0,248956000.0,-2652377000.0,-96227000.0,1237270000.0,0.0,1177167000.0,-2107305000.0,645638000.0,1181556000.0,-2462000.0,880512000.0,880512000.0,880512000.0,0.0,-320000.0,0.243,2329589000.0,989635000.0,94465000.0,0.0,4.651,31.611,31.126,509919000.0,0.0,29.57,7.677,7.541,706429000.0,248266000.0,3625745000.0,3625745000.0,1128495000.0,0.122,0.169,0.358,0.283,197199000.0,950634000.0,1.0,941280748.0,924596000,939034000.0,3.921,5032320000.0,151779000.0,132418000.0,1446189000.0,5.443,3272817000.0
36,CELG,MRT,2010-09-30,2010-09-30,2010-09-30,2019-11-01,-49744000.0,6554559000.0,6026932750.0,4545877000.0,2008682000.0,0.55,5.597,-92453000.0,2831985000.0,2831985000.0,242480000.0,925160000.0,6.113,0.274,0.0,0.0,0.0,0.0,15822000.0,203221000.0,0.0,0.0,0.0,1097199000.0,1300420000.0,0.392,1300420000.0,1097199000.0,1095369000.0,1.005,0.985,1.005,5145694000.0,4808129000.0,5145694000.0,25613534866.0,23.0,19.696,1204819000.0,1.311,1.0,3072614000.0,0.927,1523088000.0,1830000.0,1455882000.0,2612825750.0,108672000.0,720920000.0,698280000.0,22640000.0,1408865000.0,743604000.0,665261000.0,26469142866.0,1680930000.0,-339367000.0,-94135000.0,0.0,0.0,-87166000.0,471657000.0,903477000.0,1297272000.0,-833000.0,925160000.0,925160000.0,925160000.0,0.0,0.0,0.279,2041182000.0,1031432000.0,49852000.0,0.0,5.144,28.61,28.662,318669000.0,0.0,28.805,7.984,7.988,593086000.0,38699000.0,3315094000.0,3315094000.0,1002704000.0,0.154,0.192,0.42,0.331,188153000.0,867084000.0,1.0,918907928.0,919306000,932664000.0,3.606,5031471000.0,73173000.0,170209000.0,489446000.0,5.473,3802273000.0
37,CELG,MRT,2010-06-30,2010-06-30,2010-06-30,2019-11-01,58926000.0,6178238000.0,5658864500.0,4094894000.0,2083344000.0,0.548,5.353,-94920000.0,855608000.0,855608000.0,230996000.0,860824000.0,8.65,0.254,0.0,0.0,0.0,0.0,12153000.0,174973000.0,0.0,0.0,0.0,1037791000.0,1212764000.0,0.391,1212764000.0,1037791000.0,1035909000.0,0.935,0.915,0.935,4927810000.0,4548980250.0,4927810000.0,22365488842.0,22.0,18.442,1097946000.0,1.193,1.0,2869124000.0,0.925,1570925000.0,1882000.0,3278302000.0,2872626250.0,100797000.0,2312589000.0,2289009000.0,23580000.0,1250428000.0,473403000.0,777025000.0,23421034842.0,-11235000.0,-340977000.0,-136719000.0,0.0,0.0,-92656000.0,-1099942000.0,-664045000.0,1192866000.0,-11503000.0,860824000.0,860824000.0,860824000.0,0.0,0.0,0.278,1912304000.0,956820000.0,66975000.0,0.0,4.753,27.208,27.176,309401000.0,0.0,25.41,7.555,7.546,477361000.0,-242452000.0,3100120000.0,3100120000.0,942519000.0,0.152,0.189,0.361,0.335,176432000.0,831315000.0,1.0,921725102.0,920618000,934850000.0,3.367,4607313000.0,68751000.0,175085000.0,467707000.0,5.005,3621491000.0
38,CELG,MRT,2010-03-31,2010-03-31,2010-03-31,2019-11-01,6084000.0,5985623000.0,5301622000.0,3920039000.0,2065584000.0,0.542,5.18,-91316000.0,1055546000.0,1055546000.0,213905000.0,848307000.0,8.532,0.256,0.0,0.0,0.0,0.0,9874000.0,146611000.0,0.0,0.0,0.0,1054777000.0,1201388000.0,0.418,1201388000.0,1054777000.0,1052794000.0,0.92,0.905,0.92,4764406000.0,4282719750.0,4764406000.0,27382755679.0,26.0,22.793,976072000.0,1.061,1.0,2662189000.0,0.926,1618287000.0,1983000.0,2852343000.0,2675182000.0,102479000.0,1921171000.0,1898404000.0,22767000.0,1221217000.0,459447000.0,761770000.0,28484927679.0,101841000.0,-340697000.0,-139901000.0,0.0,0.0,-74586000.0,-908167000.0,-476154000.0,1067388000.0,17206000.0,848307000.0,848307000.0,848307000.0,0.0,0.0,0.295,1712855000.0,949334000.0,66697000.0,0.0,5.979,33.579,33.674,303729000.0,0.0,30.98,9.904,9.908,481072000.0,-397804000.0,2876094000.0,2876094000.0,818258000.0,0.16,0.198,0.394,0.367,169022000.0,788364000.0,1.0,919461836.0,919828000,935310000.0,3.127,4367336000.0,70472000.0,204487000.0,478200000.0,4.748,3460592000.0
39,CELG,MRT,2009-12-31,2009-12-31,2009-12-31,2019-11-01,-89425000.0,5389311000.0,4956814250.0,3844804000.0,1544507000.0,0.543,4.784,-93384000.0,1102172000.0,1102172000.0,216289000.0,776747000.0,7.772,0.226,0.0,0.0,0.0,0.0,8354000.0,126068000.0,0.0,0.0,0.0,977669000.0,1103737000.0,0.41,1103737000.0,977669000.0,975703000.0,0.845,0.83,0.845,4394606000.0,4030388000.0,4394606000.0,24439603904.0,25.0,22.143,816471000.0,0.889,1.0,2473604000.0,0.92,927658000.0,1966000.0,2864776000.0,2522709250.0,100683000.0,1916056000.0,1894580000.0,21476000.0,994705000.0,494705000.0,500000000.0,25590658904.0,9786000.0,-3603000.0,-159710000.0,0.0,0.0,-61872000.0,-856078000.0,-762424000.0,909855000.0,17881000.0,776747000.0,776747000.0,776747000.0,0.0,0.0,0.289,1632078000.0,841526000.0,36629000.0,0.0,5.823,32.946,32.947,297792000.0,0.0,27.84,9.514,9.507,438617000.0,-632246000.0,2689893000.0,2689893000.0,794848000.0,0.157,0.193,0.388,0.363,157444000.0,753827000.0,1.0,919204702.0,918608000,934708000.0,2.928,4461653000.0,49817000.0,198956000.0,469232000.0,4.857,3350099000.0
40,CELG,MRT,2009-09-30,2009-09-30,2009-09-30,2019-11-01,-129108000.0,5082286000.0,4720804000.0,3500493000.0,1581793000.0,0.542,4.478,-83813000.0,1151055000.0,1151055000.0,235074000.0,373271000.0,7.13,0.237,0.0,0.0,0.0,0.0,7202000.0,132329000.0,0.0,0.0,0.0,572489000.0,704818000.0,0.276,704818000.0,572489000.0,570563000.0,0.42,0.415,0.42,4109099000.0,3804568500.0,4109099000.0,24770154079.0,43.0,35.144,211324000.0,0.23,1.0,2322036000.0,0.908,945181000.0,1926000.0,2495084000.0,2257027750.0,85088000.0,1634639000.0,1613393000.0,21246000.0,973187000.0,490966000.0,482221000.0,25636997079.0,-366065000.0,-4273000.0,-93327000.0,0.0,0.0,100210000.0,-753310000.0,-669083000.0,295137000.0,-8102000.0,373271000.0,373271000.0,373271000.0,0.0,0.0,0.146,1897671000.0,424365000.0,47098000.0,0.0,6.239,68.682,66.548,281153000.0,0.0,27.95,10.026,10.03,406929000.0,-886461000.0,2557110000.0,2557110000.0,1061678000.0,0.079,0.098,0.254,0.224,146787000.0,742465000.0,1.0,917244976.0,917668000,934114000.0,2.787,4137105000.0,24392000.0,197292000.0,426539000.0,4.508,3009527000.0
41,CELG,MRT,2009-06-30,2009-06-30,2009-06-30,2019-11-01,-126640000.0,4749268000.0,4539588500.0,3168166000.0,1581102000.0,0.541,4.202,-81898000.0,866843000.0,866843000.0,253550000.0,293270000.0,7.344,0.229,0.0,0.0,0.0,0.0,5849000.0,143120000.0,0.0,0.0,0.0,480705000.0,623825000.0,0.254,623825000.0,480705000.0,478733000.0,0.335,0.33,0.335,3862768000.0,3674384000.0,3862768000.0,21066498945.0,44.0,33.77,153727000.0,0.167,1.0,2200888000.0,0.897,962530000.0,1972000.0,2488525000.0,1984617250.0,76839000.0,1650601000.0,1631125000.0,19476000.0,886500000.0,431370000.0,455130000.0,22020203945.0,-481825000.0,-13216000.0,-16883000.0,0.0,0.0,171756000.0,-814668000.0,-724834000.0,235625000.0,-74538000.0,293270000.0,293270000.0,293270000.0,0.0,0.0,0.119,1853037000.0,347851000.0,39246000.0,0.0,5.701,75.085,71.403,266645000.0,0.0,23.92,8.972,8.958,353627000.0,-1103276000.0,2454438000.0,2454438000.0,1029227000.0,0.065,0.08,0.242,0.196,136822000.0,718560000.0,1.0,920577088.0,919172000,934164000.0,2.67,3786738000.0,22752000.0,185463000.0,400052000.0,4.12,2736796000.0
42,CELG,MRT,2009-03-31,2009-03-31,2009-03-31,2019-11-01,-124690000.0,4606392000.0,4387164750.0,3022503000.0,1583889000.0,0.546,4.085,-80204000.0,953705000.0,953705000.0,277842000.0,270318000.0,7.262,0.227,0.0,0.0,0.0,0.0,4985000.0,154006000.0,0.0,0.0,0.0,451176000.0,605182000.0,0.252,605182000.0,451176000.0,448485000.0,0.315,0.305,0.315,3755079000.0,3565392250.0,3755079000.0,19307778615.0,43.0,31.904,165540000.0,0.18,1.0,2119394000.0,0.884,994007000.0,2691000.0,2242452000.0,1702339500.0,97255000.0,1458325000.0,1439640000.0,18685000.0,851313000.0,416228000.0,435085000.0,20400164615.0,15580000.0,-13350000.0,117194000.0,0.0,0.0,302688000.0,-440367000.0,-353925000.0,245744000.0,-92485000.0,270318000.0,270318000.0,270318000.0,0.0,0.0,0.113,1791874000.0,327520000.0,60579000.0,0.0,5.433,75.467,70.476,251114000.0,0.0,22.2,8.51,8.512,339902000.0,-1246110000.0,2397236000.0,2397236000.0,955588000.0,0.062,0.076,0.265,0.188,125675000.0,718536000.0,1.0,918926334.0,919166000,936210000.0,2.608,3612385000.0,18200000.0,178167000.0,380006000.0,3.93,2606275000.0
43,CELG,MRT,2008-12-31,2008-12-31,2008-12-31,2019-11-01,-127544000.0,4445270000.0,4213432750.0,2841366000.0,1603904000.0,0.535,3.944,-77379000.0,1092386000.0,1092386000.0,258267000.0,-1533653000.0,5.389,0.273,0.0,0.0,0.0,0.0,4546000.0,138162000.0,0.0,0.0,0.0,-1364388000.0,-1226226000.0,-0.544,-1226226000.0,-1364388000.0,-1368825000.0,-1.73,-1.73,-1.73,3491328000.0,3383991000.0,3491328000.0,23811536576.0,-17.0,-19.419,104808000.0,0.118,1.0,1996514000.0,0.885,1023586000.0,4437000.0,1802050000.0,1521288250.0,100176000.0,1148097000.0,1129705000.0,18392000.0,953942000.0,527248000.0,426694000.0,25328656576.0,-125887000.0,-759634000.0,128583000.0,0.0,0.0,281629000.0,-522246000.0,302713000.0,182187000.0,-67457000.0,-1533653000.0,-1533653000.0,-1533653000.0,0.0,0.0,-0.68,3460732000.0,-1464218000.0,53859000.0,0.0,7.255,-16.515,-15.977,248971000.0,0.0,27.64,11.233,10.852,312243000.0,-1408993000.0,2254781000.0,2254781000.0,931218000.0,-0.364,-0.453,-0.897,-0.605,114892000.0,685547000.0,1.0,916376866.0,885240000,885240000.0,2.547,3421684000.0,16415000.0,164828000.0,409740000.0,3.865,2314118000.0
44,CELG,MRT,2008-09-30,2008-09-30,2008-09-30,2019-11-01,-37931000.0,4357424000.0,4004936250.0,3024214000.0,1333210000.0,0.51,3.93,-79547000.0,1517120000.0,1517120000.0,235823000.0,-1309070000.0,6.735,0.214,0.0,0.0,0.0,0.0,4460000.0,112641000.0,0.0,0.0,0.0,-1096578000.0,-983937000.0,-0.482,-983937000.0,-1096578000.0,-1103760000.0,-1.61,-1.625,-1.61,3588361000.0,3222145000.0,3588361000.0,27436414997.0,-25.0,-27.884,563364000.0,0.617,1.0,1805293000.0,0.884,985852000.0,7182000.0,1405442000.0,1577011750.0,90344000.0,955295000.0,937050000.0,18245000.0,769063000.0,449010000.0,320053000.0,28785082997.0,476385000.0,-758964000.0,115602000.0,0.0,0.0,205439000.0,-326800000.0,507701000.0,642911000.0,-45165000.0,-1309070000.0,-1309070000.0,-1309070000.0,0.0,0.0,-0.641,2997559000.0,-1192266000.0,54938000.0,0.0,8.022,-21.989,-19.652,234414000.0,0.0,31.64,14.103,14.153,275409000.0,-1259731000.0,2041116000.0,2041116000.0,561764000.0,-0.327,-0.406,-0.695,-0.537,99132000.0,615638000.0,1.0,909768742.0,913018000,937782000.0,2.236,3371572000.0,59808000.0,205310000.0,272609000.0,3.693,2575204000.0
45,CELG,MRT,2008-06-30,2008-06-30,2008-06-30,2019-11-01,47120000.0,4139573000.0,3758876500.0,2806548000.0,1333025000.0,0.478,3.871,-72374000.0,1348668000.0,1348668000.0,199355000.0,-1407051000.0,6.886,0.208,0.0,0.0,0.0,0.0,4459000.0,77381000.0,0.0,0.0,0.0,-1160065000.0,-1082684000.0,-0.602,-1082684000.0,-1160065000.0,-1169349000.0,-1.71,-1.725,-1.71,3426801000.0,2944886250.0,3426801000.0,27097165920.0,-23.0,-25.028,471610000.0,0.533,1.0,1599204000.0,0.889,1023930000.0,9284000.0,1359414000.0,1720981250.0,82287000.0,917942000.0,908604000.0,9338000.0,712772000.0,407561000.0,305211000.0,27838778920.0,380752000.0,-748518000.0,132304000.0,0.0,0.0,232153000.0,-412111000.0,406192000.0,543984000.0,16726000.0,-1407051000.0,-1407051000.0,-1407051000.0,0.0,0.0,-0.782,2863075000.0,-1263871000.0,44359000.0,0.0,8.124,-19.785,-18.675,238045000.0,0.0,31.935,15.478,15.719,281576000.0,-1396545000.0,1798559000.0,1798559000.0,531694000.0,-0.374,-0.478,-0.674,-0.645,87253000.0,541767000.0,1.0,871732548.0,885280000,933374000.0,2.032,3115643000.0,59580000.0,237702000.0,246678000.0,3.519,2398987000.0
46,CELG,MRT,2008-03-31,2008-03-31,2008-03-31,2019-11-01,52478000.0,3911464000.0,3511135750.0,2557264000.0,1354200000.0,0.449,3.674,-71754000.0,938125000.0,938125000.0,152859000.0,-1472064000.0,4.328,0.291,196512000.0,196512000.0,0.0,196512000.0,4368000.0,42061000.0,0.0,0.0,0.0,-1184522000.0,-1142461000.0,-0.725,-1142461000.0,-1184522000.0,-1195171000.0,-1.775,-1.79,-1.775,3029474000.0,2659992750.0,3029474000.0,23724675891.0,-20.0,-20.766,379509000.0,0.46,1.0,1422143000.0,0.903,1060774000.0,10649000.0,1518247000.0,1839843250.0,96313000.0,1099049000.0,1088367000.0,10682000.0,881990000.0,590830000.0,291160000.0,24746393891.0,-80498000.0,-748969000.0,136650000.0,0.0,0.0,272420000.0,-821316000.0,-1350000.0,451263000.0,17135000.0,-1472064000.0,-1472064000.0,-1472064000.0,0.0,0.0,-0.935,2710683000.0,-1288540000.0,64072000.0,0.0,8.169,-16.811,-17.265,227225000.0,0.0,30.645,15.712,16.043,258385000.0,-1516428000.0,1575002000.0,1575002000.0,477566000.0,-0.419,-0.553,-0.644,-0.752,78028000.0,476420000.0,1.0,807518156.0,824526000,824526000.0,1.91,2850690000.0,54863000.0,276893000.0,230725000.0,3.457,1966434000.0
47,CELG,MRT,2007-12-31,2007-12-31,2007-12-31,2019-11-01,83882000.0,3611284000.0,3254674500.0,3084421000.0,526863000.0,0.432,3.711,-64359000.0,1218273000.0,1218273000.0,130211000.0,226433000.0,7.125,0.27,196555000.0,196555000.0,0.0,196555000.0,67969000.0,31535000.0,0.0,0.0,0.0,528096000.0,559631000.0,0.398,559631000.0,528096000.0,516969000.0,0.295,0.27,0.295,2843944000.0,2432390500.0,2843944000.0,17189596073.0,33.0,30.716,413141000.0,0.539,1.0,1275609000.0,0.907,131691000.0,11127000.0,2024944000.0,1959117750.0,49076000.0,1535067000.0,1520645000.0,14422000.0,767340000.0,432931000.0,334409000.0,17830600073.0,-221142000.0,-1621000.0,144703000.0,0.0,0.0,287695000.0,-990186000.0,-916688000.0,477500000.0,3849000.0,226433000.0,226433000.0,226433000.0,0.0,0.0,0.161,850488000.0,425121000.0,37876000.0,0.0,6.27,78.746,78.322,197428000.0,0.0,23.105,12.683,12.597,167252000.0,124660000.0,1405820000.0,1405820000.0,400456000.0,0.07,0.093,0.27,0.376,64190000.0,440962000.0,1.0,771720410.0,766450000,863716000.0,1.834,3479593000.0,20506000.0,290536000.0,216296000.0,4.54,2651490000.0
48,CELG,MRT,2007-09-30,2007-09-30,2007-09-30,2019-11-01,56523000.0,3373185000.0,3035801250.0,2895935000.0,477250000.0,0.417,3.23,-65110000.0,1040735000.0,1040735000.0,119430000.0,174024000.0,4.722,0.361,399731000.0,399731000.0,0.0,399731000.0,70375000.0,29569000.0,0.0,0.0,0.0,436629000.0,466198000.0,0.368,466198000.0,436629000.0,426385000.0,0.23,0.21,0.23,2479326000.0,2215448750.0,2479326000.0,26724438803.0,61.0,57.324,286556000.0,0.373,1.0,1146754000.0,0.906,137567000.0,10244000.0,1981320000.0,1782271500.0,56198000.0,1504059000.0,1488970000.0,15089000.0,893859000.0,613294000.0,280565000.0,27292474803.0,797070000.0,-7021000.0,1187305000.0,0.0,0.0,1344112000.0,-904050000.0,-831919000.0,351666000.0,5342000.0,174024000.0,174024000.0,174024000.0,0.0,0.0,0.137,799416000.0,347338000.0,24691000.0,0.0,11.008,156.832,155.022,175589000.0,0.0,35.655,21.555,21.614,146416000.0,49339000.0,1266184000.0,1266184000.0,382807000.0,0.057,0.079,0.245,0.345,72529000.0,401136000.0,1.0,765459958.0,767548000,865634000.0,1.65,3235618000.0,65731000.0,252361000.0,159064000.0,4.216,2282641000.0
49,CELG,MRT,2007-06-30,2007-06-30,2007-06-30,2019-11-01,18995000.0,3148610000.0,2574209750.0,2695399000.0,453211000.0,0.451,3.001,-67379000.0,967916000.0,967916000.0,119569000.0,155628000.0,4.433,0.377,399880000.0,399880000.0,0.0,399880000.0,70207000.0,28598000.0,0.0,0.0,0.0,384669000.0,413267000.0,0.356,413267000.0,384669000.0,374678000.0,0.21,0.19,0.21,2287227000.0,1805186750.0,2287227000.0,21160700719.0,55.0,51.203,240148000.0,0.315,1.0,1041546000.0,0.897,137736000.0,9991000.0,1834862000.0,1622883000.0,48161000.0,1369264000.0,1353896000.0,15368000.0,861383000.0,607976000.0,253407000.0,21779440719.0,846998000.0,-6621000.0,1147756000.0,0.0,0.0,1286717000.0,-751034000.0,-677034000.0,307527000.0,3788000.0,155628000.0,155628000.0,155628000.0,0.0,0.0,0.134,727897000.0,313649000.0,38006000.0,0.0,9.522,139.946,136.5,164804000.0,0.0,28.665,18.757,18.816,145654000.0,10506000.0,1161115000.0,1161115000.0,318722000.0,0.06,0.086,0.237,0.331,77152000.0,395992000.0,1.0,759792106.0,762172000,862754000.0,1.523,3010874000.0,87438000.0,219050000.0,134600000.0,3.95,2087423000.0
50,CELG,MRT,2007-03-31,2007-03-31,2007-03-31,2019-11-01,15284000.0,2885619000.0,2130228000.0,2442575000.0,443044000.0,0.474,2.806,-59889000.0,1018623000.0,1018623000.0,117670000.0,110366000.0,18.227,0.362,399883000.0,0.0,399883000.0,399883000.0,70173000.0,27035000.0,0.0,0.0,0.0,287668000.0,314703000.0,0.311,314703000.0,287668000.0,277927000.0,0.155,0.14,0.155,2119065000.0,1419787750.0,2119065000.0,18766892419.0,65.0,59.634,97766000.0,0.129,1.0,892777000.0,0.884,137526000.0,9741000.0,1995345000.0,1507281000.0,30216000.0,1111591000.0,1096495000.0,15096000.0,766554000.0,134008000.0,632546000.0,19806418419.0,824155000.0,-5400000.0,1127455000.0,0.0,0.0,1227386000.0,-564226000.0,-498937000.0,157655000.0,3340000.0,110366000.0,110366000.0,110366000.0,0.0,0.0,0.109,664028000.0,228749000.0,25126000.0,0.0,9.347,179.461,169.226,154172000.0,0.0,26.23,19.602,19.604,129650000.0,-44363000.0,1010447000.0,1010447000.0,285007000.0,0.052,0.078,0.191,0.285,77949000.0,368088000.0,1.0,755105544.0,755198000,858612000.0,1.338,2748093000.0,87022000.0,167561000.0,862000.0,3.639,2308567000.0
51,CELG,MRT,2006-12-31,2006-12-31,2006-12-31,2019-11-01,12357000.0,2735791000.0,1738769750.0,2311004000.0,424787000.0,0.517,2.805,-58582000.0,1439415000.0,1439415000.0,125759000.0,68981000.0,9.641,0.384,399889000.0,0.0,399889000.0,399889000.0,70674000.0,25714000.0,0.0,0.0,0.0,212312000.0,238026000.0,0.265,238026000.0,212312000.0,202895000.0,0.1,0.09,0.1,1976177000.0,1069667500.0,1976177000.0,20432266045.0,96.0,85.84,24979000.0,0.035,1.0,773114000.0,0.86,139003000.0,9417000.0,1317559000.0,1326361750.0,25371000.0,559184000.0,542805000.0,16379000.0,759614000.0,239703000.0,519911000.0,20275969045.0,1316099000.0,-7400000.0,1119254000.0,0.0,0.0,1221246000.0,6784000.0,72766000.0,83561000.0,4508000.0,68981000.0,68981000.0,68981000.0,0.0,0.0,0.077,598423000.0,174691000.0,24410000.0,0.0,10.26,293.936,287.65,146645000.0,0.0,28.765,22.557,22.543,127777000.0,-101773000.0,898873000.0,898873000.0,259956000.0,0.04,0.064,0.16,0.236,83265000.0,329749000.0,1.0,704883332.0,704434000,814362000.0,1.276,2596788000.0,87979000.0,133914000.0,84859000.0,3.686,2071301000.0
52,CELG,MRT,2006-09-30,2006-09-30,2006-09-30,2019-11-01,5348000.0,1526819000.0,1369400250.0,1214570000.0,312249000.0,0.565,1.193,-45143000.0,243665000.0,243665000.0,117876000.0,49997000.0,5.945,0.821,399962000.0,0.0,399962000.0,399962000.0,68431000.0,23162000.0,0.0,0.0,0.0,154162000.0,177324000.0,0.229,177324000.0,154162000.0,144699000.0,0.075,0.07,0.075,838278000.0,734567000.0,838278000.0,15466197778.0,100.0,87.22,-15021000.0,-0.021,1.0,655381000.0,0.848,135053000.0,9463000.0,1343766000.0,1314107250.0,36058000.0,642323000.0,628809000.0,13514000.0,688541000.0,204297000.0,484244000.0,15187148778.0,181360000.0,-723000.0,82701000.0,-3000.0,0.0,140497000.0,7334000.0,53322000.0,30122000.0,3407000.0,49997000.0,49997000.0,49997000.0,0.0,0.0,0.065,525926000.0,129455000.0,35158000.0,0.0,18.117,303.761,288.667,97760000.0,0.0,21.65,19.64,19.666,109856000.0,-124684000.0,773257000.0,773257000.0,230719000.0,0.037,0.068,0.117,0.199,58527000.0,295207000.0,1.0,701484932.0,702400000,,1.101,1391766000.0,160384000.0,94702000.0,64896000.0,1.981,1010273000.0
53,CELG,MRT,2006-06-30,2006-06-30,2006-06-30,2019-11-01,-7616000.0,1372683000.0,1291059250.0,1078065000.0,294618000.0,0.51,1.072,-44140000.0,120918000.0,120918000.0,106870000.0,30228000.0,7.388,0.841,399967000.0,0.0,399967000.0,399967000.0,67604000.0,19679000.0,0.0,0.0,0.0,106242000.0,125921000.0,0.191,125921000.0,106242000.0,96766000.0,0.045,0.045,0.045,745631000.0,670805500.0,745631000.0,16683080677.0,157.0,132.488,-60432000.0,-0.087,1.0,551054000.0,0.838,133365000.0,9476000.0,1372454000.0,1295402250.0,31289000.0,650751000.0,636838000.0,13913000.0,627052000.0,145913000.0,481139000.0,16477573677.0,67128000.0,-723000.0,75898000.0,-5000.0,0.0,116187000.0,-35279000.0,9706000.0,-16292000.0,2512000.0,30228000.0,30228000.0,30228000.0,0.0,0.0,0.046,465867000.0,85187000.0,22362000.0,0.0,22.099,545.11,527.0,88294000.0,0.0,23.715,25.045,25.066,84379000.0,-145122000.0,657924000.0,657924000.0,213311000.0,0.023,0.045,0.082,0.161,35387000.0,252556000.0,1.0,694816516.0,695392000,,0.946,1239318000.0,158392000.0,66538000.0,38162000.0,1.782,932152000.0
54,CELG,MRT,2006-03-31,2006-03-31,2006-03-31,2019-11-01,-1614000.0,1319786000.0,1236155000.0,1040224000.0,279562000.0,0.491,1.045,-41157000.0,194468000.0,194468000.0,98267000.0,31466000.0,8.419,0.837,399975000.0,0.0,399975000.0,399975000.0,64815000.0,16687000.0,0.0,0.0,0.0,110724000.0,127411000.0,0.21,127411000.0,110724000.0,101236000.0,0.045,0.045,0.045,718584000.0,624565000.0,718584000.0,15531232114.0,140.0,121.899,21565000.0,0.031,1.0,508119000.0,0.838,130063000.0,9488000.0,1271668000.0,1265747500.0,16214000.0,593397000.0,578109000.0,15288000.0,601202000.0,123562000.0,477640000.0,15254564114.0,122123000.0,-723000.0,61858000.0,-6000.0,0.0,83438000.0,-24273000.0,17729000.0,62722000.0,236000.0,31466000.0,31466000.0,31466000.0,0.0,0.0,0.052,416208000.0,91911000.0,24718000.0,0.0,21.229,484.795,491.333,83276000.0,0.0,22.11,25.157,25.083,90310000.0,-154730000.0,606386000.0,606386000.0,205321000.0,0.025,0.05,0.087,0.183,14584000.0,210887000.0,1.0,689939580.0,687932000,,0.881,1189723000.0,151048000.0,69770000.0,14884000.0,1.729,916662000.0
55,CELG,MRT,2005-12-31,2005-12-31,2005-12-31,2019-11-01,88000.0,1258313000.0,1187617500.0,972837000.0,285476000.0,0.452,0.947,-35861000.0,123316000.0,123316000.0,80727000.0,63656000.0,7.172,0.979,399984000.0,0.0,399984000.0,399984000.0,65540000.0,14286000.0,0.0,0.0,0.0,93709000.0,107995000.0,0.201,107995000.0,93709000.0,84212000.0,0.095,0.09,0.095,635775000.0,578595750.0,635775000.0,11328352209.0,121.0,104.897,6056000.0,0.009,1.0,456214000.0,0.85,130803000.0,9497000.0,1268541000.0,1249914250.0,20242000.0,617961000.0,600944000.0,17017000.0,622538000.0,135637000.0,486901000.0,10990665209.0,-11911000.0,-17652000.0,52640000.0,-9000.0,0.0,52631000.0,-103131000.0,-49496000.0,41917000.0,-3328000.0,63656000.0,63656000.0,63656000.0,0.0,0.0,0.119,372630000.0,83584000.0,16414000.0,0.0,17.287,172.657,170.526,77477000.0,0.0,16.2,20.469,20.245,77913000.0,-170754000.0,536941000.0,536941000.0,190834000.0,0.054,0.11,0.075,0.175,-243000.0,181796000.0,1.0,678436124.0,671024000,781170000.0,0.8,1127510000.0,113059000.0,20556000.0,14715000.0,1.68,837200000.0
56,CELG,MRT,2005-09-30,2005-09-30,2005-09-30,2019-11-01,5514000.0,1213455000.0,1149862500.0,954715000.0,258740000.0,0.429,0.868,-51950000.0,62305000.0,62305000.0,70070000.0,81967000.0,6.344,1.081,399992000.0,0.0,399992000.0,399992000.0,67977000.0,13201000.0,0.0,0.0,0.0,106729000.0,119930000.0,0.243,119930000.0,106729000.0,97221000.0,0.122,0.112,0.122,583232000.0,539013000.0,583232000.0,9465980568.0,89.0,78.929,112431000.0,0.167,1.0,422941000.0,0.858,131699000.0,9508000.0,1268946000.0,1202888500.0,31689000.0,701139000.0,683685000.0,17454000.0,630223000.0,150497000.0,479726000.0,9119770568.0,-142000.0,-128811000.0,43270000.0,-8000.0,0.0,43262000.0,-200440000.0,-19679000.0,164381000.0,-7345000.0,81967000.0,81967000.0,81967000.0,0.0,0.0,0.166,343647000.0,79294000.0,26995000.0,0.0,15.637,111.261,111.311,67838000.0,0.0,13.58,18.498,18.498,61571000.0,-174682000.0,493011000.0,493011000.0,182745000.0,0.071,0.152,0.089,0.216,185000.0,160902000.0,1.0,671558952.0,671558952,,0.734,1081756000.0,105134000.0,15254000.0,11225000.0,1.611,804218000.0
57,CELG,MRT,2005-06-30,2005-06-30,2005-06-30,2019-11-01,11080000.0,1153066000.0,1081885750.0,899743000.0,253323000.0,0.43,0.84,-40424000.0,53790000.0,53790000.0,62037000.0,100307000.0,8.138,1.057,400000000.0,0.0,400000000.0,400000000.0,71369000.0,12336000.0,0.0,0.0,0.0,114082000.0,126418000.0,0.272,126418000.0,114082000.0,104560000.0,0.152,0.14,0.152,560669000.0,504109750.0,560669000.0,7118057169.0,62.0,56.306,116909000.0,0.175,1.0,402936000.0,0.867,134882000.0,9522000.0,1253835000.0,1131533500.0,33684000.0,688201000.0,669943000.0,18258000.0,592397000.0,110559000.0,481838000.0,6790393169.0,-29218000.0,-128811000.0,30772000.0,-23000.0,0.0,30749000.0,-210430000.0,-41195000.0,157333000.0,-6870000.0,100307000.0,100307000.0,100307000.0,0.0,0.0,0.216,315262000.0,87674000.0,22614000.0,0.0,12.111,67.696,66.941,56811000.0,0.0,10.175,14.604,14.604,55762000.0,-175351000.0,464973000.0,464973000.0,173551000.0,0.093,0.199,0.101,0.245,202000.0,141711000.0,1.0,667360508.0,667360508,,0.697,1018184000.0,75871000.0,4253000.0,12002000.0,1.526,789184000.0
58,CELG,MRT,2005-03-31,2005-03-31,2005-03-31,2019-11-01,20235000.0,1125636000.0,1009423250.0,865625000.0,260011000.0,0.403,0.809,-37928000.0,72345000.0,72345000.0,57935000.0,92056000.0,8.299,1.105,400009000.0,6000.0,400003000.0,400009000.0,78304000.0,10873000.0,0.0,0.0,0.0,77034000.0,87907000.0,0.216,87907000.0,77034000.0,67498000.0,0.143,0.13,0.143,534707000.0,458811750.0,534707000.0,5892227479.0,76.0,67.028,106053000.0,0.16,1.0,349090000.0,0.858,140659000.0,9536000.0,1208335000.0,1071123500.0,33497000.0,647977000.0,628939000.0,19038000.0,590929000.0,104306000.0,486623000.0,5627442479.0,33750000.0,-128811000.0,26596000.0,-30000.0,0.0,26566000.0,-130790000.0,35949000.0,143981000.0,-6007000.0,92056000.0,92056000.0,92056000.0,0.0,0.0,0.226,289227000.0,59863000.0,18308000.0,0.0,10.524,61.131,59.528,53284000.0,0.0,8.512,13.826,13.826,49207000.0,-186195000.0,407025000.0,407025000.0,163161000.0,0.091,0.201,0.072,0.189,411000.0,126066000.0,1.0,661079880.0,661079880,,0.616,984977000.0,80673000.0,-24558000.0,22851000.0,1.49,761319000.0
59,CELG,MRT,2004-12-31,2004-12-31,2004-12-31,2019-11-01,68602000.0,1107293000.0,933546000.0,849880000.0,257413000.0,0.404,0.728,-36015000.0,135227000.0,135227000.0,59726000.0,52756000.0,6.01,1.319,400000000.0,0.0,400000000.0,400000000.0,80918000.0,9690000.0,0.0,0.0,0.0,72722000.0,82412000.0,0.218,82412000.0,72722000.0,63171000.0,0.08,0.075,0.08,477444000.0,410359750.0,477444000.0,4496993435.0,62.0,54.567,119924000.0,0.183,1.0,317776000.0,0.842,150213000.0,9551000.0,1080438000.0,995969500.0,24404000.0,613310000.0,613310000.0,0.0,629849000.0,141415000.0,488434000.0,4365976435.0,74899000.0,-109882000.0,16036000.0,-34000.0,0.0,16002000.0,-92636000.0,53261000.0,155939000.0,-4406000.0,52756000.0,52756000.0,52756000.0,0.0,0.0,0.14,275048000.0,42728000.0,18650000.0,0.0,9.144,82.758,82.875,53738000.0,0.0,6.63,11.565,11.512,46074000.0,-234410000.0,377502000.0,377502000.0,160852000.0,0.057,0.129,0.073,0.193,449000.0,114196000.0,1.0,658518316.0,655476000,691420000.0,0.576,957080000.0,18695000.0,10415000.0,46635000.0,1.46,708465000.0
60,CELG,MRT,2004-09-30,2004-09-30,2004-09-30,2019-11-01,86608000.0,941548000.0,859979250.0,885834000.0,55714000.0,0.41,0.676,-10008000.0,268997000.0,268997000.0,60246000.0,48071000.0,10.633,1.122,400014000.0,8000.0,400006000.0,400014000.0,1989000.0,8145000.0,0.0,0.0,0.0,61561000.0,69706000.0,0.198,69706000.0,61561000.0,51997000.0,0.075,0.072,0.075,443619000.0,373934750.0,443619000.0,5001966711.0,81.0,71.758,41026000.0,0.063,1.0,292616000.0,0.829,5729000.0,9564000.0,983526000.0,994551250.0,21566000.0,529834000.0,529834000.0,0.0,497929000.0,83310000.0,414619000.0,4776492711.0,-250748000.0,-11250000.0,12639000.0,-45000.0,0.0,12594000.0,-314376000.0,-293118000.0,51034000.0,0.0,48071000.0,48071000.0,48071000.0,0.0,0.0,0.136,259228000.0,33388000.0,22644000.0,0.0,10.767,99.363,97.05,22668000.0,0.0,7.279,13.536,13.536,44476000.0,-266537000.0,352862000.0,352862000.0,151178000.0,0.056,0.129,0.062,0.174,407000.0,108050000.0,1.0,656224312.0,656224312,,0.538,935819000.0,0.0,3926000.0,0.0,1.426,802524000.0
61,CELG,MRT,2004-06-30,2004-06-30,2004-06-30,2019-11-01,46543000.0,863216000.0,817825000.0,806898000.0,56318000.0,0.398,0.58,-10528000.0,174558000.0,174558000.0,61012000.0,33356000.0,11.451,1.275,400032000.0,24000.0,400008000.0,400032000.0,1933000.0,7905000.0,0.0,0.0,0.0,45536000.0,53441000.0,0.164,53441000.0,45536000.0,35686000.0,0.052,0.05,0.052,379477000.0,338111750.0,379477000.0,4846519383.0,106.0,90.689,27887000.0,0.043,1.0,264714000.0,0.813,6030000.0,9850000.0,1012195000.0,946150750.0,12191000.0,562016000.0,562016000.0,0.0,483739000.0,70465000.0,413274000.0,4685200383.0,-429869000.0,-11250000.0,13204000.0,-155000.0,0.0,13049000.0,-481333000.0,-459555000.0,38415000.0,0.0,33356000.0,33356000.0,33356000.0,0.0,0.0,0.102,248818000.0,15896000.0,19696000.0,0.0,12.346,140.46,137.644,22982000.0,0.0,7.157,14.384,14.384,40547000.0,-287792000.0,325726000.0,325726000.0,143828000.0,0.041,0.099,0.048,0.14,586000.0,104990000.0,1.0,654586152.0,654586152,,0.498,857186000.0,0.0,2330000.0,0.0,1.31,736433000.0
62,CELG,MRT,2004-03-31,2004-03-31,2004-03-31,2019-11-01,25147000.0,822127000.0,791692484.0,765409000.0,56718000.0,0.386,0.523,-10270000.0,238720000.0,238720000.0,60792000.0,33655000.0,10.994,1.412,400039000.0,29000.0,400010000.0,400039000.0,1872000.0,8022000.0,0.0,0.0,0.0,43093000.0,51115000.0,0.167,51115000.0,43093000.0,35039000.0,0.052,0.049,0.052,340899000.0,316471387.0,340899000.0,4014934692.0,93.0,78.547,22201000.0,0.034,1.0,244467000.0,0.801,6109000.0,8054000.0,907719000.0,838571515.0,13065000.0,456594000.0,456594000.0,0.0,481228000.0,69618000.0,411610000.0,3882341692.0,-78869000.0,-11250000.0,11110000.0,387722000.0,0.0,398874000.0,-510214000.0,-488694000.0,32471000.0,0.0,33655000.0,33655000.0,33655000.0,0.0,0.0,0.11,238635000.0,5832000.0,20746000.0,0.0,11.389,115.357,114.543,22646000.0,0.0,5.956,12.718,12.718,38167000.0,-300236000.0,305259000.0,305259000.0,135707000.0,0.043,0.106,0.051,0.141,628000.0,102928000.0,1.0,651809728.0,651809728,,0.468,816018000.0,0.0,1384000.0,0.0,1.252,695791000.0
63,CELG,MRT,2003-12-31,2003-12-31,2003-12-31,2019-11-01,10612000.0,813026000.0,668725256.0,730099000.0,82927000.0,0.406,0.513,-11089000.0,60328000.0,60328000.0,52950000.0,25693000.0,10.169,1.451,400046000.0,30000.0,400016000.0,400046000.0,1711000.0,8027000.0,0.0,0.0,0.0,32078000.0,40105000.0,0.148,40105000.0,32078000.0,26411000.0,0.04,0.04,0.04,331744000.0,302148118.0,331744000.0,3732883922.0,116.0,93.078,7636000.0,0.012,1.0,218525000.0,0.805,6185000.0,5667000.0,1074765000.0,653533163.0,9696000.0,606639000.0,606639000.0,0.0,481282000.0,71794000.0,409488000.0,3645930922.0,-25147000.0,-11250000.0,11970000.0,387687000.0,0.0,399699000.0,-443571000.0,-421232000.0,18725000.0,0.0,25693000.0,25693000.0,25693000.0,0.0,0.0,0.095,221174000.0,-2649000.0,15340000.0,0.0,10.99,141.904,140.25,22546000.0,0.0,5.61,13.43,13.372,35495000.0,-287166000.0,271475000.0,271475000.0,122700000.0,0.038,0.085,0.049,0.118,704000.0,98474000.0,1.0,649898560.0,647096000,683184000.0,0.42,806841000.0,0.0,718000.0,281000.0,1.247,658305000.0
64,CELG,MRT,2003-09-30,2003-09-30,2003-09-30,2019-11-01,9089000.0,772931000.0,547290506.0,712406000.0,60525000.0,0.416,0.463,-9414000.0,313195000.0,313195000.0,45023000.0,-78779000.0,11.06,1.574,400148000.0,52000.0,400096000.0,400148000.0,1693000.0,6516000.0,0.0,0.0,0.0,-74887000.0,-68371000.0,-0.3,-68371000.0,-74887000.0,-78154000.0,-0.127,-0.131,-0.127,300327000.0,288386618.0,300327000.0,3395246457.0,-45.0,-49.659,-16172000.0,-0.025,1.0,182857000.0,0.802,5545000.0,3267000.0,789924000.0,432759163.0,8426000.0,347680000.0,347680000.0,0.0,472604000.0,64415000.0,408189000.0,3508071260.0,212544000.0,-9299000.0,10575000.0,387655000.0,0.0,398272000.0,-178970000.0,-160257000.0,-6758000.0,0.0,-78779000.0,-78779000.0,-78779000.0,0.0,0.0,-0.346,279636000.0,-96779000.0,16633000.0,0.0,11.681,-44.531,-42.618,22341000.0,0.0,5.412,15.394,15.394,29924000.0,-314228000.0,227880000.0,227880000.0,115382000.0,-0.144,-0.273,-0.173,-0.329,-315000.0,85850000.0,1.0,648142496.0,648142496,,0.352,767386000.0,0.0,625000.0,0.0,1.184,647991000.0
65,CELG,MRT,2003-06-30,2003-06-30,2003-06-30,2019-11-01,9535052.0,758685937.0,441902839.0,701741208.0,56944729.0,0.425,0.453,-11464657.0,512877470.0,512877470.0,33520000.0,-84109000.0,12.058,1.59,400052667.0,27049.0,400025618.0,400052667.0,1499455.0,5944793.0,0.0,0.0,0.0,-83258000.0,-77313207.0,-0.412,-77313207.0,-83258000.0,-83862000.0,-0.136,-0.137,-0.136,292915547.0,293803799.0,292915547.0,2333230573.0,-28.0,-30.179,-25581131.0,-0.04,1.0,154286000.0,0.822,5786517.0,604000.0,581878058.0,291354324.0,8920993.0,137233993.0,137233993.0,0.0,465770390.0,58196559.0,407573831.0,2450610283.0,474170343.0,-9299000.0,7638673.0,387690349.0,0.0,395371022.0,92915795.0,113679452.0,-14116474.0,0.0,-84109000.0,-84109000.0,-84109000.0,0.0,0.0,-0.448,258429000.0,-104143000.0,23465276.0,0.0,8.366,-29.136,-27.886,21316388.0,0.0,3.792,13.049,13.049,29731352.0,-318520722.0,187806000.0,187806000.0,103127000.0,-0.19,-0.286,-0.286,-0.443,-117524.0,76898000.0,1.0,646172784.0,646172784,,0.291,752899420.0,0.0,247000.0,0.0,1.165,643544649.0
66,CELG,MRT,2003-03-31,2003-03-31,2003-03-31,2019-11-01,6577934.0,330258086.0,339696417.0,297315753.0,32942333.0,0.454,0.458,-12231706.0,117464101.0,117464101.0,23756074.0,-88717502.0,7.544,0.164,84391.0,51600.0,32791.0,84391.0,1614944.0,5614784.0,0.0,0.0,0.0,-88662210.0,-83047426.0,-0.539,-83047426.0,-88662210.0,-88680502.0,-0.144,-0.144,-0.144,283605924.0,299931008.0,283605924.0,2012747310.0,-23.0,-24.236,-45433108.0,-0.073,1.0,130384557.0,0.846,5903951.0,18292.0,167565594.0,216283191.0,5237231.0,139565721.0,139565721.0,0.0,46652162.0,39408831.0,7243331.0,2098096228.0,109939089.0,-9299000.0,7691887.0,-401540.0,0.0,7290347.0,135850144.0,157380850.0,-33201402.0,0.0,-88717502.0,-88717502.0,-88717502.0,0.0,0.0,-0.576,241870778.0,-111486221.0,10605549.0,0.0,7.398,-23.649,-22.639,20945784.0,0.0,3.26,13.612,13.085,25618344.0,-321414793.0,154140631.0,154140631.0,91832205.0,-0.261,-0.296,-0.41,-0.575,5739.0,71634573.0,1.0,643587800.0,618696000,,0.249,324354135.0,0.0,37000.0,0.0,0.524,257906922.0
67,CELG,MRT,2002-12-31,2002-12-31,2002-12-31,2019-11-01,7028000.0,327287000.0,344526318.0,296096000.0,31191000.0,0.394,0.447,-11077000.0,85475000.0,85475000.0,20867000.0,-90492000.0,6.686,0.183,126000.0,86000.0,40000.0,126000.0,1499000.0,5182000.0,0.0,0.0,0.0,-90563000.0,-85381000.0,-0.629,-85381000.0,-90563000.0,-90590000.0,-0.147,-0.147,-0.147,276698000.0,305441640.0,276698000.0,1589103462.0,-18.0,-18.612,-39387000.0,-0.064,1.0,114879000.0,0.846,5983000.0,27000.0,191669000.0,255507117.0,4806000.0,175707000.0,175707000.0,0.0,50589000.0,44286000.0,6303000.0,1689664181.0,38334000.0,-9299000.0,3966000.0,-587000.0,0.0,3379000.0,63265000.0,83641000.0,-28310000.0,0.0,-90492000.0,-90492000.0,-90492000.0,0.0,0.0,-0.667,229500000.0,-114621000.0,16516000.0,0.0,6.107,-18.672,-18.257,19600000.0,0.0,2.684,12.447,12.232,17659000.0,-322367000.0,135746000.0,135746000.0,84924000.0,-0.263,-0.296,-0.354,-0.667,467000.0,66172000.0,1.0,629590752.0,618696000,618696000.0,0.219,321304000.0,0.0,-98000.0,0.0,0.519,251810000.0
68,CELG,MRT,2002-09-30,2002-09-30,2002-09-30,2019-11-01,4331982.0,351380331.0,351200172.0,318399043.0,32981288.0,0.4,0.512,-11026819.0,100651224.0,100651224.0,17008066.0,3161415.0,12.008,0.091,90505.0,90505.0,0.0,90505.0,1451971.0,6330001.0,0.0,0.0,0.0,1965202.0,8295203.0,0.059,8295203.0,1965202.0,1929415.0,0.005,0.005,0.005,321995726.0,313873507.0,321995726.0,1284887027.0,654.0,154.895,-10304575.0,-0.016,1.0,123299981.0,0.879,0.0,35787.0,224304644.0,279894814.0,5373654.0,196792686.0,188292686.0,8500000.0,29384605.0,26514968.0,2869637.0,1323411378.0,59153034.0,992000.0,4348148.0,-771481.0,0.0,3596667.0,54834123.0,64868942.0,722244.0,0.0,3161415.0,3161415.0,3161415.0,0.0,0.0,0.023,144914242.0,-21614261.0,9049863.0,0.0,4.11,418.614,421.0,16378104.0,0.0,2.105,9.432,9.432,13593441.0,-225941331.0,140308047.0,140308047.0,77641875.0,0.009,0.01,0.007,0.014,2221234.0,67272367.0,1.0,628698992.0,628664000,628664000.0,0.223,351380331.0,0.0,-1232000.0,0.0,0.559,291884075.0
69,CELG,MRT,2002-06-30,2002-06-30,2002-06-30,2019-11-01,-449455.0,349860249.0,348750020.0,330100168.0,19760081.0,0.379,0.52,-9189354.0,38706948.0,38706948.0,15810522.0,-2143211.0,11.099,0.102,182597.0,179885.0,2712.0,182597.0,2683225.0,6276542.0,0.0,0.0,0.0,-3327219.0,2949323.0,0.022,2949323.0,-3327219.0,-3375211.0,-0.004,-0.004,-0.004,317424380.0,309016077.0,317424380.0,1162676863.0,-349.0,394.218,-9771005.0,-0.016,1.0,116417158.0,0.88,0.0,47992.0,281593527.0,295864523.0,6908922.0,255083978.0,255083978.0,0.0,32435869.0,29742371.0,2693498.0,1158082979.0,-32524143.0,992000.0,4416370.0,-906109.0,0.0,3530261.0,-35472753.0,-27275399.0,-581651.0,0.0,-2143211.0,-2143211.0,-2143211.0,0.0,0.0,-0.016,143735826.0,-27318668.0,14870105.0,0.0,3.648,-540.349,-478.125,12911731.0,0.0,1.913,8.758,8.838,16974083.0,-224904830.0,132227680.0,132227680.0,75470494.0,-0.006,-0.007,-0.011,-0.025,2538036.0,68265332.0,1.0,605533584.0,611016000,611016000.0,0.216,349860249.0,0.0,-1232000.0,0.0,0.573,300357797.0
70,CELG,MRT,2002-03-31,2002-03-31,2002-03-31,2019-11-01,988916.0,349577691.0,345767218.0,331704374.0,17873317.0,0.354,0.505,-7866794.0,7525202.0,7525202.0,14540175.0,-2847747.0,11.165,0.144,12119086.0,388383.0,11730703.0,12119086.0,3626418.0,5561310.0,0.0,0.0,0.0,-4019276.0,1542034.0,0.013,1542034.0,-4019276.0,-4079747.0,-0.005,-0.005,-0.005,305648455.0,305114952.0,305648455.0,1837511273.0,-457.0,1191.615,-8582959.0,-0.014,1.0,107997671.0,0.881,0.0,60471.0,324461296.0,290235721.0,6897005.0,294300173.0,294300173.0,0.0,43929236.0,29710279.0,14218957.0,1872306018.0,-98272198.0,992000.0,4202312.0,-907240.0,0.0,3315072.0,-100871105.0,-93996311.0,-716165.0,0.0,-2847747.0,-2847747.0,-2847747.0,0.0,0.0,-0.023,134949599.0,-26951928.0,14640137.0,0.0,6.126,-657.469,-618.75,11348311.0,0.0,3.094,15.279,15.275,13775421.0,-223190328.0,122537846.0,122537846.0,71972659.0,-0.008,-0.009,-0.014,-0.033,3314977.0,62976940.0,1.0,605189824.0,605000000,605000000.0,0.203,349577691.0,0.0,-1232000.0,0.0,0.578,301994095.0
71,CELG,MRT,2001-12-31,2001-12-31,2001-12-31,2019-11-01,6651100.0,353982418.0,344013858.0,336422326.0,17560092.0,0.332,0.517,-7870000.0,47141291.0,47141291.0,13571000.0,-1912000.0,11.226,0.14,12346546.0,586731.0,11759815.0,12346546.0,4882668.0,5086000.0,0.0,0.0,0.0,-3061000.0,2025000.0,0.018,2025000.0,-3061000.0,-3144000.0,-0.004,-0.004,-0.004,310425467.0,304213067.0,310425467.0,2380334520.0,-778.0,1175.474,-9525000.0,-0.016,1.0,100672000.0,0.881,0.0,83000.0,289219788.0,265671923.0,3603462.0,262900049.0,262900049.0,0.0,43556951.0,29967885.0,13589066.0,2409256036.0,-114253000.0,992000.0,6773000.0,-929000.0,0.0,5864000.0,-118462000.0,-111584000.0,-1655000.0,0.0,-1912000.0,-1912000.0,-1912000.0,0.0,0.0,-0.017,125615000.0,-24943000.0,10831464.0,0.0,7.761,-1260.071,-997.5,10645647.0,0.0,3.99,21.089,20.986,13415101.0,-222367088.0,114243000.0,114243000.0,67653000.0,-0.006,-0.006,-0.012,-0.027,3529000.0,57962000.0,1.0,603823568.0,600864000,600864000.0,0.19,353982418.0,0.0,-1232000.0,0.0,0.589,306454441.0
72,CELG,MRT,2001-09-30,2001-09-30,2001-09-30,2019-11-01,7333043.0,341579722.0,342199732.0,324144820.0,17434902.0,0.294,0.502,-10338525.0,41497801.0,41497801.0,12348720.0,-5404706.0,13.244,0.129,12576285.0,772180.0,11804105.0,12576285.0,6848212.0,4672385.0,0.0,0.0,0.0,-7071806.0,-2399421.0,-0.024,-2399421.0,-7071806.0,-7214383.0,-0.005,-0.005,-0.005,302566006.0,300489918.0,302566006.0,1932659672.0,-273.0,-805.469,-13860767.0,-0.023,1.0,88140180.0,0.877,0.0,142577.0,288183482.0,234573244.0,4201172.0,260708915.0,260708915.0,0.0,39013716.0,24474724.0,14538992.0,1991087743.0,-117878432.0,719103.0,9084419.0,-1144955.0,0.0,7973064.0,-122329254.0,-112709832.0,-3522242.0,0.0,-5404706.0,-4954706.0,-4954706.0,0.0,0.0,-0.049,116985228.0,-28845048.0,9394920.0,0.0,6.581,-401.858,-660.75,10269184.0,-450000.0,3.304,19.814,19.82,11058690.0,-229102879.0,100488900.0,100488900.0,64155749.0,-0.014,-0.016,-0.03,-0.07,4222449.0,53329479.0,1.0,602675064.0,602848000,602848000.0,0.167,341579722.0,0.0,-1809677.0,0.0,0.567,299670096.0
73,CELG,MRT,2001-06-30,2001-06-30,2001-06-30,2019-11-01,1456465.0,337929041.0,339801489.0,321751753.0,16177288.0,0.286,0.502,-9825219.0,71230635.0,71230635.0,11426559.0,-6533905.0,15.755,0.12,12802564.0,906367.0,11896197.0,12802564.0,9219501.0,4368391.0,0.0,0.0,0.0,-7784110.0,-3415719.0,-0.035,-3415719.0,-7784110.0,-8343582.0,-0.009,-0.009,-0.009,301819880.0,294212460.0,301819880.0,2074395336.0,-266.0,-607.309,-8662937.0,-0.014,1.0,85716225.0,0.882,0.0,559472.0,259078319.0,203015424.0,4549397.0,227193415.0,227193415.0,0.0,36109161.0,20422651.0,15686510.0,2167165696.0,-54191504.0,719103.0,10461779.0,-1162669.0,0.0,9332710.0,-64686496.0,-55580380.0,1162282.0,0.0,-6533905.0,-6083905.0,-6083905.0,0.0,0.0,-0.063,114768429.0,-29052204.0,6003261.0,0.0,7.18,-356.213,-400.694,9694957.0,-450000.0,3.606,22.309,22.307,11172196.0,-222761253.0,97142784.0,97142784.0,59962149.0,-0.018,-0.021,-0.038,-0.08,4383309.0,48138170.0,1.0,600947160.0,600904000,600904000.0,0.162,337929041.0,0.0,-1809677.0,0.0,0.562,301329102.0
74,CELG,MRT,2001-03-31,2001-03-31,2001-03-31,2019-11-01,2730363.0,342564250.0,336610556.0,327063414.0,15500836.0,0.276,0.507,-10681695.0,105796944.0,105796944.0,11305769.0,-9996931.0,13.866,0.134,13026584.0,907498.0,12119086.0,13026584.0,13123279.0,4049687.0,0.0,0.0,0.0,-10084376.0,-6034689.0,-0.065,-6034689.0,-10084376.0,-11806608.0,-0.016,-0.016,-0.016,302040914.0,287949968.0,302040914.0,1714556319.0,-170.0,-284.117,-6110070.0,-0.01,1.0,81752646.0,0.879,0.0,1722232.0,226206104.0,189751478.0,5299565.0,200120800.0,200120800.0,0.0,40523336.0,23587786.0,16935550.0,1862674350.0,-62925519.0,719103.0,10810797.0,-1339309.0,0.0,9505088.0,-77002232.0,-67039640.0,4571625.0,0.0,-9996931.0,-9546931.0,-9546931.0,0.0,0.0,-0.103,112631164.0,-30878518.0,7107316.0,0.0,6.167,-195.107,-195.313,9494338.0,-450000.0,3.125,20.016,19.998,9986385.0,-220342215.0,93058415.0,93058415.0,59732955.0,-0.028,-0.033,-0.053,-0.108,4211969.0,46230099.0,1.0,596055792.0,595512000,644864000.0,0.156,342564250.0,0.0,-1809677.0,0.0,0.575,303475628.0
75,CELG,MRT,2000-12-31,2000-12-31,2000-12-31,2019-11-01,909879.0,346725915.0,327760641.0,332021596.0,14704319.0,0.259,0.555,-9637333.0,161393835.0,161393835.0,9986743.0,-16284370.0,9.828,0.173,13275804.0,929258.0,12346546.0,13275804.0,17339574.0,3722467.0,0.0,0.0,0.0,-16013066.0,-12290599.0,-0.145,-12290599.0,-16013066.0,-18094047.0,-0.03,-0.03,-0.03,295532872.0,280220438.0,295532872.0,2227103082.0,-139.0,-181.204,-11072879.0,-0.021,1.0,74921244.0,0.882,0.0,2080981.0,164825072.0,174915989.0,4266257.0,144767777.0,144767777.0,0.0,51193043.0,33782812.0,17410231.0,2364153903.0,139524579.0,719103.0,288126562.0,-1593127.0,0.0,286567035.0,-145606910.0,-136688680.0,-1435546.0,0.0,-16284370.0,-16284370.0,-16284370.0,0.0,0.0,-0.192,109230269.0,-34309025.0,10868473.0,0.0,8.0,-145.179,-135.417,8395902.0,0.0,4.063,27.844,25.492,9846000.0,-220454722.0,84907987.0,84907987.0,56172848.0,-0.05,-0.058,-0.092,-0.189,4057990.0,46389311.0,1.0,581945576.0,532784000,532784000.0,0.159,346725915.0,0.0,-1809677.0,0.0,0.651,298238784.0
76,CELG,MRT,2000-09-30,2000-09-30,2000-09-30,2019-11-01,102290.0,331986750.0,252797296.0,320128019.0,11858731.0,0.277,0.533,-6555283.0,159376233.0,159376233.0,7942857.0,-24785951.0,9.706,0.197,22325412.0,867094.0,21458318.0,22325412.0,9895622.0,3443859.0,0.0,0.0,0.0,-24399440.0,-20955581.0,-0.3,-20955581.0,-24399440.0,-27803861.0,-0.051,-0.051,-0.051,277456172.0,203905514.0,277456172.0,3863115442.0,-158.0,-184.348,-16352947.0,-0.031,1.0,61963569.0,0.886,0.0,3404421.0,161952201.0,146544056.0,4354838.0,139934298.0,139934298.0,0.0,54530578.0,32983728.0,21546850.0,3960188089.0,142006977.0,0.0,289844451.0,-2207314.0,0.0,288630019.0,-136825378.0,-129820095.0,-9797664.0,0.0,-24785951.0,-25604438.0,-25604438.0,0.0,0.0,-0.366,99305312.0,-37341743.0,8992378.0,0.0,14.273,-154.668,-145.833,6074115.0,818487.0,7.438,56.65,55.346,8661901.0,-224148174.0,69906426.0,69906426.0,53879095.0,-0.101,-0.126,-0.166,-0.349,2754042.0,38258107.0,1.0,532462264.0,520208000,,0.134,331986750.0,0.0,-3017910.0,0.0,0.638,287144291.0
77,CELG,MRT,2000-06-30,2000-06-30,2000-06-30,2019-11-01,-330376.0,325165309.0,176572801.0,318386205.0,6779104.0,0.355,0.528,-4911329.0,122450487.0,122450487.0,6335378.0,-29326694.0,14.426,0.175,25377840.0,96527.0,25281313.0,25377840.0,9615384.0,4178765.0,0.0,0.0,0.0,-28124577.0,-23945812.0,-0.382,-23945812.0,-28124577.0,-32344604.0,-0.068,-0.068,-0.068,276769913.0,129917473.0,276769913.0,3659250070.0,-130.0,-152.814,-30697868.0,-0.059,1.0,56294475.0,0.899,0.0,4220027.0,206022534.0,117155990.0,3144485.0,169498195.0,169498195.0,0.0,48395396.0,22070128.0,26325268.0,3792760440.0,112600535.0,0.0,289319916.0,12450699.0,0.0,302763497.0,-164376423.0,-159015094.0,-25786539.0,0.0,-29326694.0,-30145181.0,-30145181.0,0.0,0.0,-0.481,92761437.0,-36466962.0,4413031.0,0.0,13.704,-125.816,-108.235,3080085.0,818487.0,7.36,60.558,61.62,18370980.0,-170365446.0,62629853.0,62629853.0,57222595.0,-0.171,-0.232,-0.24,-0.449,2292209.0,35538842.0,1.0,515320712.0,524352000,,0.119,325165309.0,0.0,-3017910.0,0.0,0.62,296316077.0
78,CELG,MRT,2000-03-31,2000-03-31,2000-03-31,2019-11-01,-370660.0,307164589.0,100279537.0,302369872.0,4794717.0,0.484,0.573,-2683167.0,162907319.0,162907319.0,4335232.0,-29670204.0,44.531,0.133,29396949.0,145226.0,29251723.0,29396949.0,0.0,3610586.0,0.0,0.0,0.0,-29101391.0,-25490805.0,-0.525,-25490805.0,-29101391.0,-32688114.0,-0.071,-0.071,-0.071,271122795.0,57314253.0,271122795.0,2150422707.0,-74.0,-84.361,-29450319.0,-0.062,1.0,44199451.0,0.911,0.0,3586723.0,166864148.0,72470647.0,2614501.0,129457911.0,129457911.0,0.0,36041794.0,6790071.0,29251723.0,2126980525.0,152930572.0,0.0,287445202.0,12787791.0,0.0,301225875.0,-121528151.0,-118394984.0,-26767152.0,0.0,-29670204.0,-30488691.0,-30488691.0,0.0,0.0,-0.628,76886414.0,-32686963.0,2573316.0,0.0,7.845,-69.763,-58.427,2436231.0,818487.0,4.148,43.824,40.446,5689067.0,-169538715.0,48534683.0,48534683.0,46644930.0,-0.304,-0.532,-0.402,-0.6,1397345.0,30241484.0,1.0,512731344.0,473208000,,0.103,307164589.0,0.0,-3017910.0,0.0,0.649,295579801.0
79,CELG,MRT,1999-12-31,1999-12-31,1999-12-31,2019-11-01,-91904.0,46872535.0,29263741.0,37763056.0,9109479.0,1.305,-0.024,-1875072.0,21869256.0,21869256.0,3216847.0,-29636948.0,2.469,-5.819,41630483.0,1307467.0,40323016.0,41630483.0,4099792.0,3038222.0,0.0,0.0,0.0,-29363494.0,-26325272.0,-0.689,-26325272.0,-29363494.0,-32654858.0,-0.074,-0.074,-0.074,-9726824.0,-12516553.0,-9726824.0,1227043528.0,-42.0,-46.611,-25499356.0,-0.062,1.0,34975236.0,0.916,0.0,3291364.0,51337339.0,38206519.0,2456059.0,7077314.0,7077314.0,0.0,56599359.0,15296423.0,41302936.0,1202650540.0,12305940.0,0.0,8425801.0,27498941.0,0.0,36917624.0,-987400.0,1337672.0,-23624284.0,0.0,-29636948.0,-30455435.0,-30455435.0,0.0,0.0,-0.797,65640533.0,-30665297.0,3254823.0,0.0,-123.643,-39.489,-39.414,5741389.0,818487.0,2.917,31.49,31.433,5037431.0,-204170352.0,38192083.0,38192083.0,38777628.0,-1.041,2.433,-0.769,-0.769,700040.0,26862905.0,1.0,412337328.0,411592000,,0.093,46872535.0,0.0,-3017910.0,0.0,0.114,22466633.0
80,CELG,MRT,1999-09-30,1999-09-30,1999-09-30,2019-11-01,-63502.0,27088771.0,20527607.0,24316827.0,2771944.0,2.128,-0.044,-2451584.0,14324499.0,14324499.0,2299494.0,-37560699.0,3.434,-2.465,38717487.0,214544.0,38502943.0,38717487.0,0.0,4027066.0,0.0,0.0,0.0,-34548722.0,-30521656.0,-0.699,-30521656.0,-34548722.0,-37560699.0,-0.093,-0.094,-0.093,-18495992.0,-11018003.0,-18495992.0,476960582.0,-14.0,-15.627,-37555610.0,-0.09,1.0,41390170.0,0.947,0.0,3011977.0,44399939.0,28000901.0,2072272.0,4299974.0,4299974.0,0.0,45584763.0,7081820.0,38502943.0,459548452.0,-635046.0,0.0,4755533.0,27272303.0,0.0,32100972.0,2368008.0,5099592.0,-35104026.0,0.0,-37560699.0,-37560699.0,-37560699.0,0.0,0.0,-0.86,78194224.0,-36804054.0,3041185.0,0.0,-24.846,-12.235,-12.124,2083212.0,0.0,1.127,10.518,10.784,2941555.0,-163548803.0,43689664.0,43689664.0,48336257.0,-1.83,3.409,-1.234,-0.791,1079093.0,29857967.0,1.0,407581776.0,417888000,,0.105,27088771.0,0.0,0.0,0.0,0.065,17235007.0
81,CELG,MRT,1999-06-30,1999-06-30,1999-06-30,2019-11-01,-51430.0,19992251.0,17834481.0,17407306.0,2584945.0,1.637,-0.034,-2212493.0,6325241.0,6325241.0,1656948.0,-33569642.0,1.72,-2.465,23737371.0,225372.0,23511999.0,23737371.0,0.0,2456887.0,0.0,0.0,0.0,-31774285.0,-29317398.0,-1.004,-29317398.0,-31774285.0,-33569642.0,-0.083,-0.084,-0.083,-13642969.0,-5569808.0,-13642969.0,311260101.0,-10.0,-10.617,-34950735.0,-0.086,1.0,27533610.0,0.943,0.0,1795357.0,27281160.0,19753936.0,2148428.0,4312047.0,4312047.0,0.0,33635220.0,10123221.0,23511999.0,296791148.0,-1385323.0,0.0,6492892.0,21372883.0,0.0,27938911.0,3414008.0,5906501.0,-32738242.0,0.0,-33569642.0,-33569642.0,-33569642.0,0.0,0.0,-1.15,60960570.0,-33426960.0,5946590.0,0.0,-21.754,-8.841,-8.815,2130778.0,0.0,0.732,10.167,10.18,3803824.0,-157430431.0,29190558.0,29190558.0,36046844.0,-1.882,6.027,-1.609,-1.089,614788.0,24913726.0,1.0,405637104.0,406152000,,0.072,19992251.0,0.0,0.0,0.0,0.049,7284085.0
82,CELG,MRT,1999-03-31,1999-03-31,1999-03-31,2019-11-01,0.0,23101407.0,16072015.0,20472664.0,2628743.0,1.458,-0.02,-1996581.0,9295528.0,9295528.0,938157.0,-36133419.0,2.637,-3.817,23764481.0,225372.0,23539109.0,23764481.0,0.0,2392592.0,0.0,0.0,0.0,-34880547.0,-32487955.0,-1.386,-32487955.0,-34880547.0,-36133419.0,-0.092,-0.093,-0.092,-8200426.0,-88761.0,-8200426.0,273751404.0,-8.0,-8.426,-36338400.0,-0.09,1.0,22501143.0,0.96,0.0,1252872.0,29807636.0,13746502.0,1859316.0,5505813.0,5505813.0,0.0,31301833.0,7762724.0,23539109.0,268048448.0,-3483181.0,0.0,6433745.0,21401793.0,0.0,28064527.0,2794111.0,5070692.0,-34341819.0,0.0,-36133419.0,-36133419.0,-36133419.0,0.0,0.0,-1.542,59035893.0,-36534750.0,3217987.0,0.0,-32.687,-7.418,-7.246,2109851.0,0.0,0.667,11.436,11.437,3222317.0,-151204858.0,23439300.0,23439300.0,35919676.0,-2.248,407.087,-2.537,-1.488,614788.0,23116217.0,1.0,402072672.0,402120000,,0.058,23101407.0,0.0,0.0,0.0,0.057,12709940.0
83,CELG,MRT,1998-12-31,1998-12-31,1998-12-31,2019-11-01,0.0,11927997.0,14994395.0,9586700.0,2341297.0,1.281,-0.01,-2188910.0,3066953.0,3066953.0,282307.0,-29424282.0,1.347,-4.196,8769909.0,225372.0,8544537.0,8769909.0,0.0,2394197.0,0.0,0.0,0.0,-28715841.0,-26321644.0,-1.37,-26321644.0,-28715841.0,-29424282.0,-0.075,-0.094,-0.075,-3732624.0,5884199.0,-3732624.0,251969262.0,-9.0,-9.573,-35979621.0,-0.092,1.0,18932425.0,0.985,0.0,708441.0,10514869.0,7706173.0,1571408.0,2056890.0,2056890.0,0.0,15660621.0,7116084.0,8544537.0,252432847.0,-12756598.0,7500000.0,5471928.0,6956820.0,0.0,12428748.0,8605365.0,3574275.0,-33790711.0,0.0,-29424282.0,-29448930.0,-29448930.0,0.0,0.0,-1.533,56361328.0,-37428903.0,3848853.0,0.0,-67.629,-8.572,-8.544,2262130.0,24648.0,0.641,13.137,13.023,2662389.0,-144613068.0,19214732.0,19214732.0,35344580.0,-1.964,-5.005,-3.726,-1.494,614788.0,21016748.0,1.0,393913416.0,390488000,,0.049,11927997.0,0.0,0.0,0.0,0.031,2470616.0
84,CELG,MRT,1998-09-30,1998-09-30,1998-09-30,2019-11-01,0.0,16316269.0,16566760.0,13881549.0,2434720.0,0.088,0.008,-895756.0,9267833.0,9267833.0,59270.0,-24584300.0,3.126,3.949,8804248.0,225372.0,8578876.0,8804248.0,0.0,425124.0,0.0,0.0,0.0,-24532203.0,-24107079.0,-16.615,-24107079.0,-24532203.0,-24584300.0,-0.067,-0.061,-0.067,3296786.0,10673628.0,3296786.0,153894261.0,-6.0,-6.384,-30691486.0,-0.078,1.0,1391693.0,0.959,0.0,52097.0,11412077.0,5765827.0,317437.0,3030340.0,3030340.0,0.0,13019483.0,4440607.0,8578876.0,159075069.0,8792195.0,7500000.0,22387392.0,8172754.0,0.0,30487010.0,8100915.0,1496671.0,-29795730.0,0.0,-24584300.0,-24656028.0,-24656028.0,0.0,0.0,-16.993,33749026.0,-32357333.0,1975067.0,0.0,48.252,-6.452,-6.103,2355553.0,71728.0,0.409,109.634,110.908,1042321.0,-136237703.0,1450963.0,1450963.0,18929375.0,-1.488,-2.31,-4.255,-16.908,0.0,14819651.0,1.0,389055504.0,393576000,,0.004,16316269.0,0.0,0.0,0.0,0.041,9440942.0
85,CELG,MRT,1998-06-30,1998-06-30,1998-06-30,2019-11-01,0.0,12942385.0,,10669439.0,2272946.0,,0.021,-1102034.0,5470458.0,5470458.0,0.0,-22663075.0,2.366,0.563,289650.0,138637.0,151013.0,289650.0,0.0,370629.0,0.0,0.0,0.0,-22639687.0,-22269058.0,-18.524,-22269058.0,-22639687.0,-22663075.0,-0.071,-0.065,-0.071,8281220.0,,8281220.0,160184405.0,-7.0,-7.193,-27905035.0,-0.072,1.0,1202193.0,1.0,0.0,23388.0,3251425.0,,0.0,4638813.0,4638813.0,0.0,4661165.0,4510152.0,151013.0,170414314.0,-887409.0,7500000.0,19351313.0,289650.0,0.0,19567832.0,6347760.0,-50206.0,-26803001.0,0.0,-22663075.0,-23786609.0,-23786609.0,0.0,0.0,-19.786,30699830.0,-29497637.0,2573787.0,0.0,20.578,-7.164,-6.238,2193779.0,1123534.0,0.443,141.753,142.438,2500.0,-128217191.0,1202193.0,1202193.0,17590354.0,,,,-18.832,0.0,13109476.0,1.0,384754800.0,386616000,,0.003,12942385.0,0.0,0.0,0.0,0.033,6159287.0
86,CELG,MRT,1998-03-31,1998-03-31,1998-03-31,2019-11-01,0.0,18790930.0,,16387294.0,2403636.0,,0.042,-1287472.0,10554217.0,10554217.0,0.0,-20374310.0,5.622,0.198,324308.0,139494.0,184814.0,324308.0,0.0,326368.0,0.0,0.0,0.0,-20329554.0,-20003186.0,-16.639,-20003186.0,-20329554.0,-20374310.0,-0.072,-0.065,-0.072,15691415.0,,15691415.0,160970140.0,-8.0,-8.047,-27355517.0,-0.073,1.0,1202193.0,1.0,0.0,44756.0,5646320.0,,0.0,4945340.0,4945340.0,0.0,3099515.0,2914701.0,184814.0,173992416.0,7593875.0,7500000.0,18576000.0,324308.0,0.0,22790780.0,10871140.0,4658612.0,-26068045.0,0.0,-20374310.0,-21736649.0,-21736649.0,0.0,0.0,-18.081,28429269.0,-27227076.0,1703094.0,0.0,11.088,-8.005,-6.296,2324469.0,1362339.0,0.453,144.729,141.843,180287.0,-119427840.0,1202193.0,1202193.0,17344861.0,,,,-16.91,55625.0,11084408.0,1.0,383806800.0,376152000,,0.003,18790930.0,0.0,0.0,0.0,0.05,13472593.0
87,CELG,MRT,1997-12-31,1997-12-31,1997-12-31,2019-11-01,0.0,18217456.0,19577659.0,15852265.0,2365191.0,0.057,0.053,-1240775.0,13583445.0,13583445.0,0.0,-25447027.0,6.492,0.181,561169.0,210499.0,350670.0,561169.0,0.0,380364.0,0.0,0.0,0.0,-25335256.0,-24954892.0,-22.238,-24954892.0,-25335256.0,-25447027.0,-0.092,-0.085,-0.092,15425092.0,15745051.0,15425092.0,,,,-27132802.0,-0.093,1.0,1122193.0,1.0,0.0,111771.0,2753486.0,11386342.0,0.0,0.0,0.0,0.0,2792364.0,2441694.0,350670.0,134940074.0,12660484.0,0.0,18226347.0,561169.0,0.0,22906977.0,15645534.0,16886309.0,-25892027.0,0.0,-25447027.0,-26921501.0,-26921501.0,0.0,0.0,-23.99,26525846.0,-25403653.0,842262.0,0.0,8.748,-5.012,-3.822,2286024.0,1474474.0,0.352,120.247,91.847,1430384.0,-119520540.0,1122193.0,1122193.0,17380390.0,-1.375,-1.71,-2.225,-22.577,56758.0,9145456.0,1.0,383806800.0,293160000,293160000.0,0.004,18217456.0,0.0,0.0,0.0,0.062,13410571.0
88,CELG,MRT,1997-09-30,1997-09-30,1997-09-30,2019-11-01,,,,,,,,,,,,,,,,,,,,,,0.0,0.0,,,,,,,,,,,,,,,,,,1.0,,,,,,,,,,,,,,,,,,,,,,,,,,,,,,,,,,,,,,,,0.464,,,,,,,,,,,,,,1.0,,296952000,,,,,,,,
89,CELG,MRT,1997-06-30,1997-06-30,1997-06-30,2019-11-01,,,,,,,,,,,,,,,,,,,,,,0.0,0.0,,,,,,,,,,,,,,,,,,1.0,,,,,,,,,,,,,,,,,,,,,,,,,,,,,,,,,,,,,,,,0.307,,,,,,,,,,,,,,1.0,,282048000,,,,,,,,
90,CELG,MRT,1997-03-31,1997-03-31,1997-03-31,2019-11-01,,,,,,,,,,,,,,,,,,,,,,0.0,0.0,,,,,,,,,,,,,,,,,,1.0,,,,,,,,,,,,,,,,,,,,,,,,,,,,,,,,,,,,,,,,0.297,,,,,,,,,,,,,,1.0,,259584000,,,,,,,,
91,CELG,MRT,1996-12-31,1996-12-31,1996-12-31,2019-11-01,5714.0,20937862.0,,18829420.0,2108442.0,,0.071,-1340232.0,922961.0,922961.0,0.0,-17818982.0,7.735,0.303,2438575.0,0.0,2438575.0,2438575.0,0.0,362590.0,0.0,0.0,0.0,-17495069.0,-17132479.0,-19.432,-17132479.0,-17495069.0,-17818982.0,-0.095,-0.075,-0.095,16065009.0,,16065009.0,,,,-17984343.0,-0.079,1.0,881665.0,1.0,0.0,323913.0,20019198.0,,0.0,16892023.0,16892023.0,0.0,4872853.0,2434278.0,2438575.0,,585796.0,0.0,237946.0,0.0,0.0,24067570.0,-6837663.0,-5497431.0,-16644111.0,0.0,-17818982.0,-21609640.0,-21609640.0,0.0,0.0,-24.51,18923516.0,-18041851.0,1552674.0,0.0,,,-4.877,1940615.0,3790658.0,0.463,,119.188,378595.0,-92599039.0,881665.0,881665.0,15152735.0,,,,-19.843,5952.0,3770781.0,1.0,,226800000,226800000.0,0.004,20937862.0,0.0,0.0,0.0,0.092,16395142.0
92,CELG,MRT,1995-12-31,1995-12-31,1995-12-31,2019-11-01,,,,,,,,-27695.0,,,0.0,-10516523.0,,,,,,,,422031.0,,0.0,0.0,-10091785.0,-9669754.0,-20.487,-9669754.0,-10091785.0,-10516523.0,-0.054,-0.054,-0.054,,,,,,,-8234779.0,-0.043,1.0,472000.0,1.0,,424738.0,,,,,,,,,,,44240.0,0.0,170888.0,11022570.0,0.0,11193458.0,-2942134.0,-2914439.0,-8207084.0,0.0,-10516523.0,-10516523.0,-10516523.0,0.0,0.0,-22.281,8982158.0,-8510158.0,,0.0,,,-10.324,,0.0,0.557,,228.849,,,472000.0,472000.0,6393120.0,,,,-21.381,12089.0,2589038.0,1.0,,193752000,193752000.0,0.002,,,0.0,,,
