None,ticker,dimension,calendardate,datekey,reportperiod,lastupdated,accoci,assets,assetsavg,assetsc,assetsnc,assetturnover,bvps,capex,cashneq,cashnequsd,cor,consolinc,currentratio,de,debt,debtc,debtnc,debtusd,deferredrev,depamor,deposits,divyield,dps,ebit,ebitda,ebitdamargin,ebitdausd,ebitusd,ebt,eps,epsdil,epsusd,equity,equityavg,equityusd,ev,evebit,evebitda,fcf,fcfps,fxusd,gp,grossmargin,intangibles,intexp,invcap,invcapavg,inventory,investments,investmentsc,investmentsnc,liabilities,liabilitiesc,liabilitiesnc,marketcap,ncf,ncfbus,ncfcommon,ncfdebt,ncfdiv,ncff,ncfi,ncfinv,ncfo,ncfx,netinc,netinccmn,netinccmnusd,netincdis,netincnci,netmargin,opex,opinc,payables,payoutratio,pb,pe,pe1,ppnenet,prefdivis,price,ps,ps1,receivables,retearn,revenue,revenueusd,rnd,roa,roe,roic,ros,sbcomp,sgna,sharefactor,sharesbas,shareswa,shareswadil,sps,tangibles,taxassets,taxexp,taxliabilities,tbvps,workingcapital
0,AIZ,MRY,2020-12-31,2020-12-31,2020-12-31,2021-08-05,709800000.0,44649900000.0,43972250000.0,,,0.23,99.001,-121200000.0,2207600000.0,2207600000.0,2549300000.0,442700000.0,,6.502,2252900000.0,,,2252900000.0,17293100000.0,144300000.0,0.0,0.019,2.55,618900000.0,763200000.0,0.076,763200000.0,618900000.0,514400000.0,7.04,6.99,7.04,5951400000.0,5806400000.0,5951400000.0,7809776998.0,13.0,10.233,1220800000.0,20.308,1.0,7545500000.0,0.747,3285500000.0,104500000.0,41409700000.0,40986050000.0,0.0,9375000000.0,,,38695100000.0,,,8004176998.0,361500000.0,-509900000.0,-307300000.0,242500000.0,-154600000.0,-264800000.0,-735200000.0,-107100000.0,1342000000.0,19500000.0,441800000.0,423100000.0,423100000.0,0.0,900000.0,0.042,6925700000.0,619800000.0,5309200000.0,0.362,1.345,18.918,19.349,446100000.0,18700000.0,136.22,0.793,0.811,8154300000.0,3548700000.0,10094800000.0,10094800000.0,0.0,0.01,0.073,0.015,0.061,57900000.0,3110000000.0,1.0,58759191.0,60114670,63179938.0,167.926,41364400000.0,0.0,72600000.0,0.0,688.092,
1,AIZ,MRY,2019-12-31,2019-12-31,2019-12-31,2021-08-05,411500000.0,44291200000.0,43354800000.0,,,0.233,91.258,-110300000.0,1867100000.0,1867100000.0,2654700000.0,386800000.0,,6.83,2006900000.0,,,2006900000.0,16603600000.0,125800000.0,0.0,0.019,2.43,660900000.0,786700000.0,0.078,786700000.0,660900000.0,550300000.0,5.87,5.84,5.87,5652800000.0,5620550000.0,5652800000.0,8205144859.0,12.0,10.43,1303100000.0,21.037,1.0,7432100000.0,0.737,2883600000.0,110600000.0,41547400000.0,40865775000.0,0.0,16571600000.0,,,38609100000.0,,,7948144859.0,613100000.0,-7600000.0,-252100000.0,235500000.0,-151300000.0,-179200000.0,-619800000.0,-509700000.0,1413400000.0,-1300000.0,382600000.0,363900000.0,363900000.0,0.0,4200000.0,0.036,6735600000.0,696500000.0,6345200000.0,0.414,1.406,21.842,22.33,433700000.0,18700000.0,131.08,0.788,0.805,11286200000.0,5966400000.0,10086800000.0,10086800000.0,0.0,0.008,0.065,0.016,0.066,55900000.0,3250500000.0,1.0,60635832.0,61942969,62313468.0,162.84,41407600000.0,0.0,167700000.0,0.0,668.479,
2,AIZ,MRY,2018-12-31,2018-12-31,2018-12-31,2021-08-05,-155400000.0,41089300000.0,39830400000.0,,,0.202,86.294,-82800000.0,1254000000.0,1254000000.0,2342600000.0,252600000.0,,7.034,2006000000.0,,,2006000000.0,15648000000.0,126900000.0,0.0,0.025,2.28,432200000.0,559100000.0,0.069,559100000.0,432200000.0,331900000.0,4.0,3.98,4.0,5112000000.0,5033425000.0,5112000000.0,6248903946.0,14.0,11.177,573900000.0,9.688,1.0,5715000000.0,0.709,2944200000.0,100300000.0,38897100000.0,37763375000.0,0.0,16561700000.0,,,35955400000.0,,,5550103946.0,257200000.0,-1050100000.0,-123600000.0,1823900000.0,-133800000.0,1838000000.0,-2202500000.0,-1072200000.0,656700000.0,-35000000.0,251000000.0,236800000.0,236800000.0,0.0,1600000.0,0.029,5281200000.0,433800000.0,5723700000.0,0.57,1.086,23.438,22.36,392500000.0,14200000.0,89.44,0.689,0.658,10809500000.0,5759700000.0,8057600000.0,8057600000.0,0.0,0.006,0.047,0.011,0.054,57100000.0,2980400000.0,1.0,62053935.0,59239608,59545524.0,136.017,38145100000.0,0.0,80900000.0,0.0,643.912,
3,AIZ,MRY,2017-12-31,2017-12-31,2017-12-31,2021-08-05,234000000.0,31843000000.0,30968700000.0,,,0.207,77.666,-35900000.0,996800000.0,996800000.0,1870600000.0,519600000.0,,6.454,1068200000.0,,,1068200000.0,7038600000.0,115700000.0,0.0,0.021,2.15,494000000.0,609700000.0,0.095,609700000.0,494000000.0,444500000.0,9.45,9.39,9.45,4270600000.0,4198050000.0,4270600000.0,5501472534.0,11.0,9.023,494500000.0,8.993,1.0,4544400000.0,0.708,1206300000.0,49500000.0,30708100000.0,29906775000.0,0.0,11577900000.0,,,27561500000.0,,,5426372534.0,-35200000.0,-129100000.0,-388900000.0,450800000.0,-119000000.0,-26700000.0,-541200000.0,-380900000.0,530400000.0,2300000.0,519600000.0,519600000.0,519600000.0,0.0,0.0,0.081,4050400000.0,494000000.0,6338900000.0,0.228,1.271,10.443,10.671,347600000.0,0.0,100.84,0.846,0.864,11027500000.0,5697300000.0,6415000000.0,6415000000.0,0.0,0.017,0.124,0.017,0.077,35500000.0,2710400000.0,1.0,53811707.0,54986654,55311032.0,116.665,30636700000.0,126300000.0,-75100000.0,0.0,557.166,
4,AIZ,MRY,2016-12-31,2016-12-31,2016-12-31,2021-08-05,94600000.0,29709100000.0,30021086000.0,,,0.251,66.895,-85200000.0,1032000000.0,1032000000.0,1808500000.0,565400000.0,,6.249,1067000000.0,,,1067000000.0,6626500000.0,125100000.0,0.0,0.022,2.03,906200000.0,1031300000.0,0.137,1031300000.0,906200000.0,848600000.0,9.23,9.13,9.23,4098100000.0,4443932500.0,4098100000.0,5343128400.0,6.0,5.181,23400000.0,0.382,1.0,5723300000.0,0.76,1071200000.0,57600000.0,28672900000.0,28770523500.0,0.0,11511100000.0,,,25611000000.0,,,5294194400.0,-256300000.0,810700000.0,-863100000.0,-123400000.0,-125300000.0,-1080300000.0,725600000.0,-5000000.0,108600000.0,-16100000.0,565400000.0,565400000.0,565400000.0,0.0,0.0,0.075,4794100000.0,929200000.0,5768400000.0,0.22,1.292,9.364,10.061,343600000.0,0.0,92.86,0.703,0.755,10301200000.0,5296700000.0,7531800000.0,7531800000.0,0.0,0.019,0.127,0.031,0.12,41600000.0,3442800000.0,1.0,57012647.0,61261288,61934774.0,122.946,28637900000.0,20500000.0,283200000.0,0.0,467.471,
5,AIZ,MRY,2015-12-31,2015-12-31,2015-12-31,2021-08-05,118549000.0,30036402000.0,30566232750.0,,,0.338,66.369,-114900000.0,1288305000.0,1288305000.0,4742500000.0,141600000.0,,5.639,1164656000.0,,,1164656000.0,6423720000.0,137100000.0,0.0,0.017,1.37,256300000.0,393400000.0,0.038,393400000.0,256300000.0,201200000.0,2.08,2.05,2.08,4523967000.0,4790934500.0,4523967000.0,4930049631.0,19.0,12.532,115000000.0,1.687,1.0,5583000000.0,0.541,1110675000.0,55100000.0,28802078000.0,29290329750.0,0.0,13035926000.0,,,25512435000.0,,,5302680631.0,-30300000.0,33000000.0,-292900000.0,0.0,-94200000.0,-462400000.0,264300000.0,242700000.0,229900000.0,-56200000.0,141600000.0,141600000.0,141600000.0,0.0,0.0,0.014,5326700000.0,256300000.0,6472517000.0,0.659,1.172,37.448,38.721,298414000.0,0.0,80.54,0.514,0.532,8731120000.0,4856674000.0,10325500000.0,10325500000.0,0.0,0.005,0.03,0.009,0.025,38800000.0,3924100000.0,1.0,65839094.0,68163825,69017209.0,151.481,28925727000.0,24176000.0,59600000.0,0.0,424.356,
6,AIZ,MRY,2014-12-31,2014-12-31,2014-12-31,2021-08-05,555767000.0,31562466000.0,30630288250.0,,,0.339,71.782,-83603000.0,1318656000.0,1318656000.0,4405333000.0,470907000.0,,5.092,1171079000.0,,,1171079000.0,6529675000.0,132217000.0,0.0,0.015,1.06,802532000.0,934749000.0,0.09,934749000.0,802532000.0,744137000.0,6.52,6.44,6.52,5181307000.0,5242466250.0,5181307000.0,4567291250.0,6.0,4.886,310213000.0,4.298,1.0,5976320000.0,0.576,1223199000.0,58395000.0,30191690000.0,29313857500.0,0.0,14176914000.0,,,26381159000.0,,,4807552250.0,-398528000.0,-149194000.0,-215183000.0,-467330000.0,-77495000.0,-776199000.0,63889000.0,318739000.0,393816000.0,-28126000.0,470907000.0,470907000.0,470907000.0,0.0,0.0,0.045,5173788000.0,802532000.0,7018532000.0,0.163,0.928,10.209,10.495,277645000.0,0.0,68.43,0.463,0.476,8700215000.0,4809287000.0,10381653000.0,10381653000.0,0.0,0.015,0.09,0.027,0.077,49354000.0,3688230000.0,1.0,70255038.0,72181447,73152010.0,143.827,30339267000.0,15132000.0,273230000.0,0.0,420.319,
7,AIZ,MRY,2013-12-31,2013-12-31,2013-12-31,2021-08-05,426830000.0,29714689000.0,29318402250.0,,,0.309,63.06,-50904000.0,1717184000.0,1717184000.0,3675532000.0,488907000.0,,5.148,1638118000.0,,,1638118000.0,6662672000.0,124851000.0,0.0,0.018,1.21,867434000.0,992285000.0,0.11,992285000.0,867434000.0,789699000.0,6.38,6.3,6.38,4833479000.0,4904722250.0,4833479000.0,5177915104.0,6.0,5.218,976657000.0,12.742,1.0,5372125000.0,0.594,1139197000.0,77735000.0,28496426000.0,28509437500.0,0.0,14297564000.0,,,24881210000.0,,,4826224104.0,807780000.0,-181865000.0,-393012000.0,664459000.0,-74128000.0,196699000.0,-392738000.0,-159969000.0,1027561000.0,-23742000.0,488907000.0,488907000.0,488907000.0,0.0,0.0,0.054,4504691000.0,867434000.0,5717435000.0,0.19,0.998,9.871,10.403,253630000.0,0.0,66.37,0.533,0.562,6832305000.0,4415875000.0,9047657000.0,9047657000.0,0.0,0.017,0.1,0.03,0.096,51116000.0,3034404000.0,1.0,72716952.0,76648688,77654764.0,118.041,28575492000.0,0.0,300792000.0,3371000.0,372.811,
8,AIZ,MRY,2012-12-31,2012-12-31,2012-12-31,2021-08-05,830403000.0,28946607000.0,27903671750.0,,,0.305,61.528,-54082000.0,909404000.0,909404000.0,3655404000.0,483705000.0,,4.582,972399000.0,,,972399000.0,6192260000.0,124387000.0,0.0,0.023,0.81,818057000.0,942444000.0,0.111,942444000.0,818057000.0,757751000.0,5.74,5.67,5.74,5185366000.0,5103359250.0,5185366000.0,2631041606.0,3.0,2.792,625616000.0,7.423,1.0,4852866000.0,0.57,903708000.0,60306000.0,28105894000.0,26918163750.0,0.0,15038427000.0,,,23761241000.0,,,2731179606.0,-257309000.0,-2136000.0,-412196000.0,0.0,-69393000.0,-480641000.0,-449883000.0,-393665000.0,679698000.0,-6483000.0,483705000.0,483705000.0,483705000.0,0.0,0.0,0.057,4034809000.0,818057000.0,5918169000.0,0.141,0.527,5.646,6.045,250796000.0,0.0,34.7,0.321,0.344,6971764000.0,4001096000.0,8508270000.0,8508270000.0,0.0,0.017,0.095,0.03,0.096,35861000.0,2631594000.0,1.0,78708346.0,84276427,85307065.0,100.957,28042899000.0,32740000.0,274046000.0,161288000.0,332.749,
9,AIZ,MRY,2011-12-31,2011-12-31,2011-12-31,2021-08-05,557576000.0,27019862000.0,26817748000.0,,,0.308,50.441,-31924000.0,1166713000.0,1166713000.0,3749734000.0,538956000.0,,4.544,972278000.0,,,972278000.0,5482017000.0,129391000.0,0.0,0.017,0.7,766487000.0,895878000.0,0.108,895878000.0,766487000.0,706127000.0,5.58,5.51,5.58,4873950000.0,4877947750.0,4873950000.0,3694695138.0,5.0,4.124,823380000.0,8.521,1.0,4523070000.0,0.547,942929000.0,60360000.0,25882498000.0,25763167500.0,0.0,14097179000.0,,,22145912000.0,,,3781969138.0,16197000.0,-45080000.0,-533848000.0,0.0,-67385000.0,-636848000.0,-196588000.0,-119584000.0,855304000.0,-5671000.0,538956000.0,538956000.0,538956000.0,0.0,0.0,0.065,3756583000.0,766487000.0,5313311000.0,0.125,0.776,7.017,7.358,242908000.0,0.0,41.06,0.457,0.48,6060186000.0,3586784000.0,8272804000.0,8272804000.0,0.0,0.02,0.11,0.03,0.093,40155000.0,2428795000.0,1.0,92108357.0,96626306,97795309.0,85.616,26076933000.0,44280000.0,167171000.0,30431000.0,269.874,
10,AIZ,MRY,2010-12-31,2010-12-31,2010-12-31,2021-08-05,285524000.0,26397018000.0,26399124000.0,,,0.323,43.211,-50831000.0,1150516000.0,1150516000.0,3635999000.0,278607000.0,,4.522,972164000.0,,,972164000.0,5063999000.0,126602000.0,0.0,0.016,0.63,667151000.0,793753000.0,0.093,793753000.0,667151000.0,606505000.0,2.52,2.5,2.52,4780537000.0,5039707750.0,4780537000.0,3908286151.0,6.0,4.924,489911000.0,4.428,1.0,4891723000.0,0.574,931288000.0,60646000.0,25287378000.0,25380790250.0,0.0,13602056000.0,,,21616481000.0,,,4104456151.0,-168036000.0,-11560000.0,-522546000.0,0.0,-69618000.0,-699473000.0,-8876000.0,53515000.0,540742000.0,-429000.0,278607000.0,278607000.0,278607000.0,0.0,0.0,0.033,4224572000.0,667151000.0,5070493000.0,0.25,0.859,14.732,15.286,267169000.0,0.0,38.52,0.481,0.5,5540243000.0,3264025000.0,8527722000.0,8527722000.0,0.0,0.011,0.055,0.026,0.078,41303000.0,2516622000.0,1.0,106553898.0,110632551,111473214.0,77.081,25465730000.0,76430000.0,327898000.0,41702000.0,230.183,
11,AIZ,MRY,2009-12-31,2009-12-31,2009-12-31,2021-08-05,65925000.0,25860667000.0,25042340750.0,,,0.347,41.116,-54337000.0,1318552000.0,1318552000.0,3867982000.0,430574000.0,,4.329,972058000.0,,,972058000.0,5153564000.0,113799000.0,0.0,0.02,0.59,770275000.0,884074000.0,0.102,884074000.0,770275000.0,709606000.0,3.65,3.63,3.65,4853249000.0,4447899250.0,4853249000.0,3179438986.0,4.0,3.596,215588000.0,1.826,1.0,4832519000.0,0.555,926398000.0,60669000.0,24587775000.0,24019902500.0,0.0,13252464000.0,,,21007418000.0,,,3443257986.0,277868000.0,4923000.0,-31949000.0,0.0,-69596000.0,-142562000.0,141467000.0,190881000.0,269925000.0,9038000.0,430574000.0,430574000.0,430574000.0,0.0,0.0,0.049,4062244000.0,770275000.0,5068667000.0,0.162,0.709,7.997,8.077,275420000.0,0.0,29.48,0.396,0.4,4739667000.0,3054466000.0,8700501000.0,8700501000.0,0.0,0.017,0.097,0.032,0.089,32078000.0,2377364000.0,1.0,116799796.0,118036632,118495640.0,73.71,24934269000.0,167240000.0,279032000.0,30126000.0,211.242,
12,AIZ,MRY,2008-12-31,2008-12-31,2008-12-31,2021-08-05,-670946000.0,24514586000.0,25631837000.0,,,0.336,31.435,-55329000.0,1040684000.0,1040684000.0,4019147000.0,447796000.0,,5.609,971957000.0,,,971957000.0,5407859000.0,91609000.0,0.0,0.018,0.54,624231000.0,715840000.0,0.083,715840000.0,624231000.0,563278000.0,3.79,3.76,3.79,3709505000.0,3974002750.0,3709505000.0,3446762830.0,6.0,4.815,943806000.0,7.998,1.0,4582081000.0,0.533,1001899000.0,60953000.0,23443960000.0,24710825500.0,0.0,12174996000.0,,,20805081000.0,,,3528508830.0,235720000.0,-333545000.0,-59000000.0,0.0,-63672000.0,-412134000.0,-329003000.0,-180096000.0,999135000.0,-22278000.0,447796000.0,447796000.0,447796000.0,0.0,0.0,0.052,3957850000.0,624231000.0,5057352000.0,0.142,0.951,7.88,7.916,278621000.0,0.0,30.0,0.41,0.412,4523351000.0,2650371000.0,8601228000.0,8601228000.0,0.0,0.017,0.113,0.025,0.073,18447000.0,2286170000.0,1.0,117616961.0,118005967,118974679.0,72.888,23512687000.0,493528000.0,115482000.0,0.0,199.25,
13,AIZ,MRY,2007-12-31,2007-12-31,2007-12-31,2021-08-05,53911000.0,26750316000.0,26138175000.0,,,0.323,34.093,-57291000.0,804964000.0,804964000.0,3712711000.0,653746000.0,,5.542,971863000.0,,,971863000.0,5410709000.0,94307000.0,0.0,0.007,0.46,1072218000.0,1166525000.0,0.138,1166525000.0,1072218000.0,1011040000.0,5.45,5.38,5.45,4088903000.0,3936905250.0,4088903000.0,8044807473.0,8.0,6.896,1146270000.0,9.557,1.0,4740804000.0,0.561,832656000.0,61178000.0,26084559000.0,25458471500.0,0.0,13872763000.0,,,22661413000.0,,,7888123473.0,-182708000.0,-161985000.0,-315570000.0,-42000.0,-55038000.0,-186577000.0,-1208585000.0,-827777000.0,1203561000.0,8893000.0,653746000.0,653746000.0,653746000.0,0.0,0.0,0.077,3668586000.0,1072218000.0,5007899000.0,0.084,1.929,12.066,12.275,275779000.0,0.0,66.9,0.933,0.949,4484727000.0,2269107000.0,8453515000.0,8453515000.0,0.0,0.025,0.166,0.042,0.127,10145000.0,2238851000.0,1.0,117909170.0,119934873,121559567.0,70.484,25917660000.0,26012000.0,357294000.0,108429000.0,216.098,
14,AIZ,MRY,2006-12-31,2006-12-31,2006-12-31,2021-08-05,88064000.0,25165148000.0,24850424500.0,,,0.325,30.214,96707000.0,987672000.0,987672000.0,3535521000.0,717418000.0,,5.566,971774000.0,,,971774000.0,4429893000.0,93305000.0,0.0,0.007,0.38,1158532000.0,1251837000.0,0.155,1251837000.0,1158532000.0,1097289000.0,5.66,5.57,5.66,3832597000.0,3703990250.0,3832597000.0,7142341632.0,6.0,5.705,1016970000.0,8.017,1.0,4535063000.0,0.562,790519000.0,61243000.0,24358731000.0,24283451000.0,0.0,12563582000.0,,,21332551000.0,,,6817725632.0,132103000.0,47514000.0,-422451000.0,-59000.0,-48157000.0,-714810000.0,-84511000.0,-441447000.0,920263000.0,11161000.0,717418000.0,717418000.0,717418000.0,0.0,0.0,0.089,3378078000.0,1156985000.0,5096469000.0,0.067,1.779,9.503,9.761,275201000.0,0.0,55.25,0.845,0.868,4526983000.0,1676171000.0,8070584000.0,8070584000.0,0.0,0.029,0.194,0.048,0.144,15008000.0,2191368000.0,1.0,123397749.0,126846990,128812813.0,63.625,24374629000.0,0.0,379871000.0,93389000.0,192.158,
15,AIZ,MRY,2005-12-31,2005-12-31,2005-12-31,2021-08-05,219499000.0,25365453000.0,24889158500.0,,,0.301,27.248,-41833000.0,855569000.0,855569000.0,3705904000.0,479355000.0,,5.856,971690000.0,,,971690000.0,3851614000.0,83169000.0,0.0,0.007,0.31,716866000.0,800035000.0,0.107,800035000.0,716866000.0,655608000.0,3.53,3.5,3.53,3699559000.0,3711090000.0,3699559000.0,6023113835.0,8.0,7.529,864476000.0,6.367,1.0,3791771000.0,0.506,804864000.0,61258000.0,24676710000.0,24426706000.0,0.0,12667335000.0,,,21665894000.0,,,5692711835.0,48487000.0,0.0,-338874000.0,-179000.0,-42050000.0,-305772000.0,-548688000.0,-411670000.0,906309000.0,-3362000.0,479355000.0,479355000.0,479355000.0,0.0,0.0,0.064,3074905000.0,716866000.0,5657175000.0,0.088,1.539,11.876,12.32,267720000.0,0.0,43.49,0.759,0.788,4902599000.0,1006910000.0,7497675000.0,7497675000.0,0.0,0.019,0.129,0.029,0.096,40089000.0,2148297000.0,1.0,130897030.0,135773551,136945310.0,55.222,24560589000.0,3868000.0,176253000.0,47514000.0,180.894,
16,AIZ,MRY,2004-12-31,2004-12-31,2004-12-31,2021-08-05,338163000.0,24548106000.0,23805275250.0,,,0.311,26.275,-51456000.0,807082000.0,807082000.0,3839769000.0,350560000.0,,5.752,971611000.0,,,971611000.0,3354299000.0,60757000.0,0.0,0.007,0.21,592346000.0,653103000.0,0.088,653103000.0,592346000.0,535928000.0,2.53,2.53,2.53,3635431000.0,3523535750.0,3635431000.0,4554982908.0,8.0,6.974,763498000.0,5.518,1.0,3570945000.0,0.482,823054000.0,56418000.0,23889581000.0,23277168750.0,0.0,12318709000.0,,,20912675000.0,,,4275762908.0,-151115000.0,0.0,661863000.0,-778515000.0,-29676000.0,-228003000.0,-744962000.0,-566659000.0,814954000.0,6896000.0,350560000.0,350560000.0,350560000.0,0.0,0.0,0.047,2976436000.0,594509000.0,5352373000.0,0.083,1.176,12.197,12.075,277088000.0,0.0,30.55,0.577,0.57,4613327000.0,569605000.0,7410714000.0,7410714000.0,0.0,0.015,0.099,0.025,0.08,945000.0,2155980000.0,1.0,139959506.0,138358767,138467564.0,53.562,23725052000.0,0.0,185368000.0,76093000.0,171.475,
17,AIZ,MRY,2003-12-31,2003-12-31,2003-12-31,2021-08-05,318527000.0,24060016000.0,23169535500.0,,,0.305,24.099,-78769000.0,958197000.0,958197000.0,3657763000.0,185652000.0,,8.141,1750000000.0,,,1750000000.0,3133847000.0,48117000.0,0.0,,0.0,260532000.0,308649000.0,0.044,308649000.0,260532000.0,259357000.0,1.7,1.7,1.7,2632103000.0,2593581000.0,2632103000.0,,,,639915000.0,5.859,1.0,3418455000.0,0.483,828523000.0,1175000.0,24023296000.0,22428759500.0,0.0,11536317000.0,,,21427913000.0,,,,347503000.0,0.0,0.0,1750000000.0,-181187000.0,361564000.0,-732745000.0,-642024000.0,718684000.0,0.0,185652000.0,185652000.0,185652000.0,0.0,0.0,0.026,2839143000.0,579312000.0,5274964000.0,0.0,,,,283762000.0,0.0,,,,4845287000.0,248721000.0,7076218000.0,7076218000.0,0.0,0.008,0.072,0.012,0.037,0.0,2004481000.0,1.0,145072251.0,109222276,109222276.0,64.787,23231493000.0,86820000.0,73705000.0,0.0,212.699,
18,AIZ,MRY,2002-12-31,2002-12-31,2002-12-31,2021-08-05,244985000.0,22279055000.0,,,,,23.393,-64179000.0,610694000.0,610694000.0,3435175000.0,-1001199000.0,,7.144,0.0,,,0.0,3207636000.0,46867000.0,0.0,,0.0,-890542000.0,-843675000.0,-0.129,-843675000.0,-890542000.0,-890542000.0,-9.17,-9.17,-9.17,2555059000.0,,2555059000.0,,,,300784000.0,2.754,1.0,3097025000.0,0.474,834138000.0,0.0,20834223000.0,,0.0,10299323000.0,,,18253262000.0,,,,-57890000.0,0.0,0.0,0.0,-41876000.0,-43428000.0,-379425000.0,-355310000.0,364963000.0,0.0,-1001199000.0,-1001199000.0,-1001199000.0,0.0,0.0,-0.153,2608232000.0,488793000.0,5155664000.0,0.0,,,,250785000.0,0.0,,,,5051003000.0,245219000.0,6532200000.0,6532200000.0,0.0,,,,-0.136,0.0,1876222000.0,1.0,145072251.0,109222276,109222276.0,59.806,21444917000.0,168200000.0,110657000.0,25191000.0,196.342,
19,AIZ,MRY,2001-12-31,2001-12-31,2001-12-31,2021-08-05,,,,,,,,-41798000.0,,,3240091000.0,98053000.0,,,,,,,,156899000.0,,,0.0,219645000.0,376544000.0,0.061,376544000.0,219645000.0,205644000.0,0.9,0.9,0.9,,,,,,,590620000.0,5.408,1.0,2946783000.0,0.476,,14001000.0,,,,,,,,,,,34691000.0,137840000.0,0.0,-238983000.0,-109298000.0,-379809000.0,-217918000.0,-313960000.0,632418000.0,0.0,98053000.0,98053000.0,98053000.0,0.0,0.0,0.016,2608768000.0,338015000.0,,0.0,,,,,0.0,,,,,,6186874000.0,6186874000.0,0.0,,,,0.036,0.0,1619765000.0,1.0,,109222276,109222276.0,56.645,,,107591000.0,,,
20,AIZ,MRY,2000-12-31,2000-12-31,2000-12-31,2021-08-05,,,,,,,,-36483000.0,,,3208054000.0,89684000.0,,,,,,,,168670000.0,,,0.0,218910000.0,387580000.0,0.062,387580000.0,218910000.0,194184000.0,0.831,0.831,0.831,,,,,,,496333000.0,4.595,1.0,3003925000.0,0.484,,24726000.0,,,,,,,,,,,76036000.0,-326666000.0,0.0,-768260000.0,-21111000.0,-428655000.0,-28125000.0,335024000.0,532816000.0,0.0,89684000.0,89684000.0,89684000.0,0.0,0.0,0.014,2674873000.0,329052000.0,,0.0,,,,,0.0,,,,,,6211979000.0,6211979000.0,0.0,,,,0.035,0.0,1801196000.0,1.0,,108013480,108013480.0,57.511,,,104500000.0,,,
0,AIZ,MRQ,2021-06-30,2021-06-30,2021-06-30,2021-08-05,604000000.0,45994800000.0,,,,,96.874,-45600000.0,2746000000.0,2746000000.0,538300000.0,203600000.0,,6.785,2550500000.0,,,2550500000.0,17948000000.0,42700000.0,0.0,0.017,0.66,284100000.0,326800000.0,0.129,326800000.0,284100000.0,255300000.0,3.34,3.32,3.34,5908400000.0,,5908400000.0,10011696742.0,13.0,10.935,902100000.0,14.791,1.0,2004000000.0,0.788,3243100000.0,28800000.0,42556200000.0,,0.0,8735300000.0,,,40086400000.0,,,9459296742.0,1100200000.0,-11100000.0,-173200000.0,347200000.0,-41800000.0,132200000.0,18800000.0,141500000.0,947700000.0,1500000.0,203400000.0,203400000.0,203400000.0,-18900000.0,200000.0,0.08,1738600000.0,265400000.0,5393900000.0,0.198,1.601,20.506,20.309,495200000.0,0.0,156.18,0.943,0.949,8402400000.0,3640300000.0,2542300000.0,2542300000.0,0.0,,,,,17200000.0,747200000.0,1.0,60566633.0,60990609,61322556.0,41.683,42751700000.0,0.0,51900000.0,0.0,700.955,
1,AIZ,MRQ,2021-03-31,2021-03-31,2021-03-31,2021-08-05,504500000.0,44410600000.0,,,,,98.36,-39600000.0,1651300000.0,1651300000.0,528700000.0,162800000.0,,6.627,2203700000.0,,,2203700000.0,17301000000.0,41400000.0,0.0,0.018,0.66,236000000.0,277400000.0,0.114,277400000.0,236000000.0,207600000.0,2.67,2.64,2.67,5822200000.0,,5822200000.0,8233216107.0,11.0,9.459,-458300000.0,-7.742,1.0,1903900000.0,0.783,3258700000.0,28400000.0,41704300000.0,,0.0,9353400000.0,,,38585000000.0,,,8208916107.0,-557000000.0,-4100000.0,-60100000.0,-50000000.0,-38200000.0,-153000000.0,14500000.0,106400000.0,-418700000.0,200000.0,163000000.0,158300000.0,158300000.0,-14300000.0,-200000.0,0.065,1682400000.0,221500000.0,4987500000.0,0.247,1.41,19.029,19.636,469100000.0,4700000.0,141.77,0.834,0.853,8452300000.0,3635500000.0,2432600000.0,2432600000.0,0.0,,,,,13200000.0,735700000.0,1.0,57903055.0,59192880,61783392.0,41.096,41151900000.0,0.0,44600000.0,0.0,695.217,
2,AIZ,MRQ,2020-12-31,2020-12-31,2020-12-31,2021-08-05,709800000.0,44649900000.0,,,,,100.354,-40100000.0,2207600000.0,2207600000.0,640400000.0,139000000.0,,6.502,2252900000.0,,,2252900000.0,17293100000.0,39200000.0,0.0,0.019,0.66,210400000.0,249600000.0,0.098,249600000.0,210400000.0,183600000.0,2.26,2.23,2.26,5951400000.0,,5951400000.0,7809776998.0,13.0,10.233,400300000.0,6.75,1.0,1914700000.0,0.749,3285500000.0,26800000.0,41409700000.0,,0.0,9375000000.0,,,38695100000.0,,,8004176998.0,25600000.0,-292500000.0,-140800000.0,243700000.0,-39500000.0,32000000.0,-460000000.0,-130000000.0,440400000.0,13200000.0,139200000.0,134500000.0,134500000.0,0.0,-200000.0,0.053,1704500000.0,210200000.0,5309200000.0,0.292,1.345,18.918,19.349,446100000.0,4700000.0,136.22,0.793,0.811,8154300000.0,3548700000.0,2555100000.0,2555100000.0,0.0,,,,,16000000.0,778200000.0,1.0,58759191.0,59304229,70796917.0,43.085,41364400000.0,0.0,44400000.0,0.0,697.495,
3,AIZ,MRQ,2020-09-30,2020-09-30,2020-09-30,2021-08-05,658200000.0,43582600000.0,,,,,98.628,-34900000.0,2203000000.0,2203000000.0,709600000.0,-30500000.0,,6.341,2008600000.0,,,2008600000.0,17116600000.0,40100000.0,0.0,0.021,0.63,21700000.0,61800000.0,0.025,61800000.0,21700000.0,-3800000.0,-0.58,-0.58,-0.58,5936400000.0,,5936400000.0,7306408221.0,12.0,9.755,574500000.0,9.545,1.0,1792900000.0,0.716,2907600000.0,25500000.0,40480600000.0,,0.0,16545700000.0,,,37642600000.0,,,7235908221.0,65500000.0,-30300000.0,-66600000.0,-200000000.0,-37500000.0,-308800000.0,-243000000.0,-178300000.0,609400000.0,7900000.0,-30200000.0,-34900000.0,-34900000.0,0.0,-300000.0,-0.014,1771500000.0,21400000.0,6242700000.0,-1.086,1.219,17.584,17.945,468400000.0,4700000.0,121.31,0.73,0.737,11372900000.0,6126000000.0,2502500000.0,2502500000.0,0.0,,,,,15500000.0,687500000.0,1.0,59648077.0,60190103,60190103.0,41.577,40675000000.0,0.0,26400000.0,0.0,675.776,
4,AIZ,MRQ,2020-06-30,2020-06-30,2020-06-30,2021-08-05,568900000.0,44233200000.0,,,,,98.864,-25900000.0,2137500000.0,2137500000.0,523600000.0,178400000.0,,6.409,2208000000.0,,,2208000000.0,16557200000.0,32200000.0,0.0,0.024,0.63,249400000.0,281600000.0,0.12,281600000.0,249400000.0,222700000.0,2.87,2.81,2.87,5967800000.0,,5967800000.0,6369081109.0,11.0,8.84,390000000.0,6.461,1.0,1828400000.0,0.777,3023500000.0,26700000.0,41280200000.0,,0.0,16186100000.0,,,38248700000.0,,,6161481109.0,137600000.0,-187100000.0,-34700000.0,-500000.0,-39600000.0,-79400000.0,-214100000.0,44500000.0,415900000.0,15200000.0,178100000.0,173500000.0,173500000.0,-13700000.0,300000.0,0.074,1592400000.0,236000000.0,5924900000.0,0.22,1.032,15.925,16.19,450100000.0,4600000.0,103.29,0.622,0.629,11057300000.0,6194400000.0,2352000000.0,2352000000.0,0.0,,,,,14900000.0,725400000.0,1.0,59652252.0,60363577,63347189.0,38.964,41209700000.0,0.0,44600000.0,0.0,682.691,
5,AIZ,MRQ,2020-03-31,2020-03-31,2020-03-31,2021-08-05,88400000.0,43423300000.0,,,,,88.61,-20300000.0,1999900000.0,1999900000.0,535200000.0,155800000.0,,7.083,2207500000.0,,,2207500000.0,16673600000.0,32500000.0,0.0,0.024,0.63,131700000.0,164200000.0,0.067,164200000.0,131700000.0,106200000.0,2.48,2.43,2.48,5370000000.0,,5370000000.0,6366854554.0,12.0,9.355,-144000000.0,-2.376,1.0,1913500000.0,0.781,2857200000.0,25500000.0,40773700000.0,,0.0,15378000000.0,,,38037100000.0,,,6227054554.0,132800000.0,0.0,-65200000.0,199300000.0,-38000000.0,91400000.0,181900000.0,257700000.0,-123700000.0,-16800000.0,154700000.0,150000000.0,150000000.0,-7200000.0,1100000.0,0.061,1787900000.0,125600000.0,5862600000.0,0.254,1.16,17.645,18.103,438100000.0,4700000.0,104.09,0.617,0.625,11175500000.0,6061100000.0,2448700000.0,2448700000.0,0.0,,,,,11500000.0,892600000.0,1.0,59823754.0,60602911,63626926.0,40.406,40566100000.0,0.0,-48500000.0,0.0,669.375,
6,AIZ,MRQ,2019-12-31,2019-12-31,2019-12-31,2021-08-05,411500000.0,44291200000.0,,,,,92.428,-39800000.0,1867100000.0,1867100000.0,647800000.0,128800000.0,,6.83,2006900000.0,,,2006900000.0,16603600000.0,38400000.0,0.0,0.019,0.63,203000000.0,241400000.0,0.093,241400000.0,203000000.0,177600000.0,1.99,1.98,1.99,5652800000.0,,5652800000.0,8205144859.0,12.0,10.43,205700000.0,3.363,1.0,1958600000.0,0.751,2883600000.0,25400000.0,41547400000.0,,0.0,16571600000.0,,,38609100000.0,,,7948144859.0,117800000.0,-7600000.0,-105900000.0,-6800000.0,-38300000.0,-129100000.0,-6200000.0,37400000.0,245500000.0,7600000.0,127600000.0,122900000.0,122900000.0,0.0,1200000.0,0.047,1754400000.0,204200000.0,6345200000.0,0.317,1.406,21.842,22.33,433700000.0,4700000.0,131.08,0.788,0.805,11286200000.0,5966400000.0,2606400000.0,2606400000.0,0.0,,,,,15200000.0,862400000.0,1.0,60635832.0,61159150,61873137.0,42.617,41407600000.0,0.0,50000000.0,0.0,677.047,
7,AIZ,MRQ,2019-09-30,2019-09-30,2019-09-30,2021-08-05,405200000.0,43751500000.0,,,,,91.556,-12700000.0,1749300000.0,1749300000.0,705200000.0,-53200000.0,,6.726,2006300000.0,,,2006300000.0,16383200000.0,27300000.0,0.0,0.019,0.6,6000000.0,33300000.0,0.013,33300000.0,6000000.0,-26200000.0,-0.96,-0.96,-0.96,5658600000.0,,5658600000.0,8208389838.0,16.0,12.644,429500000.0,6.949,1.0,1794100000.0,0.718,2878800000.0,32200000.0,41129700000.0,,0.0,16814300000.0,,,38061100000.0,,,7691489838.0,258900000.0,0.0,-62400000.0,-45100000.0,-37300000.0,-168700000.0,-4000000.0,7200000.0,442200000.0,-10600000.0,-54800000.0,-59500000.0,-59500000.0,0.0,1600000.0,-0.024,1755100000.0,39000000.0,6365400000.0,-0.625,1.359,29.435,30.539,418800000.0,4700000.0,125.82,0.785,0.794,11277700000.0,5882900000.0,2499300000.0,2499300000.0,0.0,,,,,15000000.0,764500000.0,1.0,61130900.0,61804492,61804492.0,40.439,40872700000.0,0.0,28600000.0,0.0,661.322,
8,AIZ,MRQ,2019-06-30,2019-06-30,2019-06-30,2021-08-05,328700000.0,43139500000.0,,,,,92.093,-25400000.0,1490400000.0,1490400000.0,687000000.0,142600000.0,,6.523,2007300000.0,,,2007300000.0,15934600000.0,30400000.0,0.0,0.022,0.6,211300000.0,241700000.0,0.095,241700000.0,211300000.0,184800000.0,2.24,2.21,2.24,5730200000.0,,5730200000.0,7272076671.0,12.0,9.646,453600000.0,7.29,1.0,1858500000.0,0.73,2902100000.0,26500000.0,40754300000.0,,0.0,16984400000.0,,,37379200000.0,,,6539676671.0,216200000.0,0.0,-33800000.0,-2800000.0,-38300000.0,-102300000.0,-162400000.0,-139200000.0,479000000.0,1900000.0,144100000.0,139500000.0,139500000.0,0.0,-1500000.0,0.055,1648700000.0,209800000.0,6090300000.0,0.268,1.141,17.718,18.216,419200000.0,4600000.0,106.38,0.683,0.692,10908300000.0,5980900000.0,2545500000.0,2545500000.0,0.0,,,,,14200000.0,823700000.0,1.0,61474682.0,62222090,65288447.0,40.91,40237400000.0,0.0,40700000.0,0.0,646.674,
9,AIZ,MRQ,2019-03-31,2019-03-31,2019-03-31,2021-08-05,103400000.0,42237000000.0,,,,,86.918,-32400000.0,1274200000.0,1274200000.0,614700000.0,168600000.0,,6.758,2006600000.0,,,2006600000.0,15638700000.0,29700000.0,0.0,0.024,0.6,240600000.0,270300000.0,0.111,270300000.0,240600000.0,214100000.0,2.57,2.52,2.57,5440600000.0,,5440600000.0,6607572580.0,13.0,10.302,214300000.0,3.424,1.0,1820900000.0,0.748,2937700000.0,26500000.0,40031700000.0,,0.0,16841800000.0,,,36765300000.0,,,5855572580.0,20200000.0,0.0,-50000000.0,290200000.0,-37400000.0,220900000.0,-447200000.0,-415100000.0,246700000.0,-200000.0,165700000.0,161000000.0,161000000.0,0.0,2900000.0,0.066,1577400000.0,243500000.0,5867500000.0,0.233,1.076,20.067,20.237,409800000.0,4700000.0,94.91,0.661,0.671,10757100000.0,5879700000.0,2435600000.0,2435600000.0,0.0,,,,,11500000.0,799900000.0,1.0,61696055.0,62594828,65777945.0,38.911,39299300000.0,10700000.0,48400000.0,0.0,627.836,
10,AIZ,MRQ,2018-12-31,2018-12-31,2018-12-31,2021-08-05,-155400000.0,41089300000.0,,,,,81.152,-23900000.0,1254000000.0,1254000000.0,756500000.0,26600000.0,,7.034,2006000000.0,,,2006000000.0,15648000000.0,36300000.0,0.0,0.025,0.6,67600000.0,103900000.0,0.045,103900000.0,67600000.0,41300000.0,0.27,0.26,0.27,5112000000.0,,5112000000.0,6248903946.0,14.0,11.177,178200000.0,2.829,1.0,1560500000.0,0.674,2944200000.0,26300000.0,38897100000.0,,0.0,16561700000.0,,,35955400000.0,,,5550103946.0,-52600000.0,126700000.0,-36400000.0,139400000.0,-37700000.0,47600000.0,-298100000.0,-401900000.0,202100000.0,-4200000.0,25000000.0,20300000.0,20300000.0,0.0,1600000.0,0.009,1491300000.0,69200000.0,5723700000.0,2.222,1.086,23.438,22.36,392500000.0,4700000.0,89.44,0.689,0.658,10809500000.0,5759700000.0,2317000000.0,2317000000.0,0.0,,,,,18000000.0,750700000.0,1.0,62053935.0,62992722,63600276.0,36.782,38145100000.0,0.0,16300000.0,0.0,605.548,
11,AIZ,MRQ,2018-09-30,2018-09-30,2018-09-30,2021-08-05,-97700000.0,43443100000.0,,,,,82.039,-20800000.0,1306600000.0,1306600000.0,680900000.0,53000000.0,,7.32,2005400000.0,,,2005400000.0,15497200000.0,35700000.0,0.0,0.021,0.56,102300000.0,138000000.0,0.061,138000000.0,102300000.0,75800000.0,0.76,0.76,0.76,5219400000.0,,5219400000.0,7534609020.0,14.0,10.161,261500000.0,4.11,1.0,1589400000.0,0.7,2955300000.0,26500000.0,41186600000.0,,0.0,17403700000.0,,,38203400000.0,,,6783509020.0,52900000.0,36700000.0,-80300000.0,254400000.0,-35500000.0,145900000.0,-389600000.0,-408200000.0,282300000.0,-8000000.0,53000000.0,48300000.0,48300000.0,0.0,0.0,0.021,1487100000.0,102300000.0,6596400000.0,0.737,1.3,12.814,11.316,381700000.0,4700000.0,107.95,0.915,0.926,12857800000.0,5777100000.0,2270300000.0,2270300000.0,0.0,,,,,17400000.0,736500000.0,1.0,62839361.0,63621184,63800347.0,35.685,40487800000.0,42700000.0,22800000.0,0.0,636.389,
12,AIZ,MRQ,2018-06-30,2018-06-30,2018-06-30,2021-08-05,-137900000.0,42361300000.0,,,,,93.103,-21600000.0,1253700000.0,1253700000.0,490600000.0,67000000.0,,6.97,2004800000.0,,,2004800000.0,14505000000.0,24900000.0,0.0,0.021,0.56,104300000.0,129200000.0,0.071,129200000.0,104300000.0,78300000.0,1.09,1.09,1.09,5312500000.0,,5312500000.0,5115285202.0,15.0,10.067,226400000.0,3.968,1.0,1341100000.0,0.732,3034000000.0,26000000.0,40078400000.0,,0.0,17351700000.0,,,37028400000.0,,,5452885202.0,-1088300000.0,-1213500000.0,100000.0,337700000.0,-30900000.0,300500000.0,-1593900000.0,-361100000.0,248000000.0,-20600000.0,67000000.0,62200000.0,62200000.0,0.0,0.0,0.034,1236800000.0,104300000.0,6746000000.0,0.514,1.026,12.867,13.388,370600000.0,4800000.0,103.49,0.81,0.877,12491000000.0,5846300000.0,1831700000.0,1831700000.0,0.0,,,,,5500000.0,773600000.0,1.0,52689972.0,57060313,57264408.0,32.101,39327300000.0,54300000.0,11300000.0,0.0,689.223,
13,AIZ,MRQ,2018-03-31,2018-03-31,2018-03-31,2021-08-05,51700000.0,32427900000.0,,,,,84.443,-16500000.0,2342000000.0,2342000000.0,414600000.0,106000000.0,,6.22,2004400000.0,,,2004400000.0,7084800000.0,30000000.0,0.0,0.024,0.56,158000000.0,188000000.0,0.115,188000000.0,158000000.0,136500000.0,1.99,1.96,1.99,4489800000.0,,4489800000.0,4868177045.0,11.0,8.541,-92200000.0,-1.734,1.0,1224000000.0,0.747,1198900000.0,21500000.0,30891400000.0,,0.0,10985500000.0,,,27926900000.0,,,4796777045.0,1345200000.0,0.0,-7000000.0,1092400000.0,-29700000.0,1344000000.0,79100000.0,99000000.0,-75700000.0,-2200000.0,106000000.0,106000000.0,106000000.0,0.0,0.0,0.065,1066000000.0,158000000.0,5521900000.0,0.281,1.068,9.956,10.364,355200000.0,0.0,91.41,0.738,0.747,10526900000.0,5815000000.0,1638600000.0,1638600000.0,0.0,,,,,16200000.0,719600000.0,1.0,52475408.0,53169358,54189498.0,30.819,31229000000.0,34600000.0,30500000.0,0.0,587.35,
14,AIZ,MRQ,2017-12-31,2017-12-31,2017-12-31,2021-08-05,234000000.0,31843000000.0,,,,,78.136,7500000.0,996800000.0,996800000.0,414000000.0,312900000.0,,6.454,1068200000.0,,,1068200000.0,7038600000.0,115700000.0,0.0,0.021,0.56,170600000.0,286300000.0,0.171,286300000.0,170600000.0,158300000.0,5.7,5.66,5.7,4270600000.0,,4270600000.0,5501472534.0,11.0,9.023,171500000.0,3.138,1.0,1262600000.0,0.753,1206300000.0,12300000.0,30708100000.0,,0.0,11577900000.0,,,27561500000.0,,,5426372534.0,4000000.0,-1700000.0,-132100000.0,293100000.0,-30200000.0,143000000.0,-299200000.0,-307900000.0,164000000.0,-3800000.0,312900000.0,312900000.0,312900000.0,0.0,0.0,0.187,1092000000.0,170600000.0,6338900000.0,0.098,1.271,10.443,10.671,347600000.0,0.0,100.84,0.846,0.864,11027500000.0,5697300000.0,1676600000.0,1676600000.0,0.0,,,,,35500000.0,745700000.0,1.0,53811707.0,54655817,55016375.0,30.676,30636700000.0,126300000.0,-154600000.0,0.0,560.539,
15,AIZ,MRQ,2017-09-30,2017-09-30,2017-09-30,2021-08-05,256400000.0,32405200000.0,,,,,75.896,-12300000.0,992800000.0,992800000.0,682200000.0,-57300000.0,,6.831,1067900000.0,,,1067900000.0,6962600000.0,0.0,0.0,0.022,0.53,-95400000.0,-95400000.0,-0.06,-95400000.0,-95400000.0,-107600000.0,-1.05,-1.05,-1.05,4138200000.0,,4138200000.0,5435665512.0,14.0,10.514,354400000.0,6.5,1.0,904200000.0,0.57,1222600000.0,12200000.0,31257700000.0,,0.0,11702900000.0,,,28267000000.0,,,5147265512.0,144600000.0,0.0,-38200000.0,88700000.0,-28800000.0,22600000.0,-245700000.0,-236000000.0,366700000.0,1000000.0,-57300000.0,-57300000.0,-57300000.0,0.0,0.0,-0.036,999600000.0,-95400000.0,7708100000.0,-0.505,1.244,21.627,21.808,358400000.0,0.0,95.52,0.793,0.802,11864700000.0,5414600000.0,1586400000.0,1586400000.0,0.0,,,,,0.0,667100000.0,1.0,53886783.0,54524874,54524874.0,29.095,31182600000.0,117400000.0,-50300000.0,0.0,571.897,
16,AIZ,MRQ,2017-06-30,2017-06-30,2017-06-30,2021-08-05,236900000.0,30058900000.0,,,,,76.491,-16300000.0,848200000.0,848200000.0,416400000.0,120200000.0,,6.115,1136600000.0,,,1136600000.0,6718300000.0,0.0,0.0,0.02,0.53,191100000.0,191100000.0,0.119,191100000.0,191100000.0,178700000.0,2.18,2.16,2.18,4224600000.0,,4224600000.0,5873767513.0,8.0,6.932,-40800000.0,-0.739,1.0,1184100000.0,0.74,1222000000.0,12400000.0,29125300000.0,,0.0,11668400000.0,,,25834300000.0,,,5680967513.0,-26300000.0,0.0,-113500000.0,69000000.0,-30300000.0,-64600000.0,62500000.0,54900000.0,-24500000.0,300000.0,120200000.0,120200000.0,120200000.0,0.0,0.0,0.075,993000000.0,191100000.0,5598700000.0,0.243,1.345,12.92,13.243,355500000.0,0.0,103.69,0.843,0.85,10289500000.0,5500700000.0,1600500000.0,1600500000.0,0.0,,,,,0.0,646300000.0,1.0,54787998.0,55230367,55509898.0,28.979,28836900000.0,37500000.0,58500000.0,0.0,522.12,
17,AIZ,MRQ,2017-03-31,2017-03-31,2017-03-31,2021-08-05,148300000.0,29567700000.0,,,,,73.998,-14800000.0,874500000.0,874500000.0,358000000.0,143800000.0,,6.11,1067300000.0,,,1067300000.0,6601600000.0,0.0,0.0,0.022,0.53,227700000.0,227700000.0,0.147,227700000.0,227700000.0,215100000.0,2.56,2.53,2.56,4158800000.0,,4158800000.0,5357774969.0,7.0,5.908,9400000.0,0.167,1.0,1193500000.0,0.769,1224500000.0,12600000.0,28536000000.0,,0.0,11483700000.0,,,25408900000.0,,,5322725969.0,-157500000.0,-127400000.0,-105100000.0,0.0,-29700000.0,-127700000.0,-58800000.0,108100000.0,24200000.0,4800000.0,143800000.0,143800000.0,143800000.0,0.0,0.0,0.093,965800000.0,227700000.0,5503000000.0,0.207,1.28,10.889,11.43,348800000.0,0.0,95.67,0.767,0.775,10112800000.0,5410800000.0,1551500000.0,1551500000.0,0.0,,,,,0.0,651300000.0,1.0,55636312.0,56201342,56756641.0,27.606,28343200000.0,10200000.0,71300000.0,0.0,504.315,
18,AIZ,MRQ,2016-12-31,2016-12-31,2016-12-31,2021-08-05,94600000.0,29709100000.0,,,,,71.301,-18400000.0,1032000000.0,1032000000.0,428700000.0,31300000.0,,6.249,1067000000.0,,,1067000000.0,6626500000.0,125100000.0,0.0,0.022,0.53,68500000.0,193600000.0,0.11,193600000.0,68500000.0,54600000.0,0.69,0.67,0.69,4098100000.0,,4098100000.0,5343128400.0,6.0,5.181,158200000.0,2.752,1.0,1323700000.0,0.755,1071200000.0,13900000.0,28672900000.0,,0.0,11511100000.0,,,25611000000.0,,,5294194400.0,-84700000.0,0.0,-188800000.0,-123000000.0,-30300000.0,-345000000.0,94300000.0,110100000.0,176600000.0,-10600000.0,31300000.0,31300000.0,31300000.0,0.0,0.0,0.018,1232200000.0,91500000.0,5768400000.0,0.768,1.292,9.364,10.061,343600000.0,0.0,92.86,0.703,0.755,10301200000.0,5296700000.0,1752400000.0,1752400000.0,0.0,,,,,41600000.0,888200000.0,1.0,57012647.0,57476212,58459136.0,30.489,28637900000.0,20500000.0,23300000.0,0.0,498.257,
19,AIZ,MRQ,2016-09-30,2016-09-30,2016-09-30,2021-08-05,328106000.0,30283836000.0,,,,,74.755,-19100000.0,1116623000.0,1116623000.0,435200000.0,144400000.0,,5.722,1165557000.0,,,1165557000.0,6443266000.0,0.0,0.0,0.022,0.5,234900000.0,234900000.0,0.128,234900000.0,234900000.0,220900000.0,2.4,2.37,2.4,4504914000.0,,4504914000.0,5486441051.0,6.0,4.993,236700000.0,3.928,1.0,1398900000.0,0.763,1102965000.0,14000000.0,29229805000.0,,0.0,12067440000.0,,,25778922000.0,,,5553860051.0,-116000000.0,-27400000.0,-228700000.0,-100000.0,-30000000.0,-254400000.0,-114300000.0,-68200000.0,255800000.0,-3100000.0,144400000.0,144400000.0,144400000.0,0.0,0.0,0.079,1164000000.0,234900000.0,5905845000.0,0.208,1.233,9.258,9.731,337100000.0,0.0,92.25,0.667,0.668,10372685000.0,5295671000.0,1834100000.0,1834100000.0,0.0,,,,,0.0,833700000.0,1.0,60204445.0,60262073,60828341.0,30.435,29180871000.0,0.0,76500000.0,57083000.0,484.233,
20,AIZ,MRQ,2016-06-30,2016-06-30,2016-06-30,2021-08-05,327254000.0,29804213000.0,,,,,74.031,-24900000.0,1232674000.0,1232674000.0,400800000.0,169300000.0,,5.468,1165255000.0,,,1165255000.0,6298466000.0,0.0,0.0,0.021,0.5,250700000.0,250700000.0,0.139,250700000.0,250700000.0,235500000.0,2.72,2.7,2.72,4608071000.0,,4608071000.0,4699663443.0,7.0,5.559,-2700000.0,-0.043,1.0,1397000000.0,0.777,1084592000.0,15200000.0,28652202000.0,,0.0,11998125000.0,,,25196142000.0,,,5345774443.0,-828100000.0,-65900000.0,-199800000.0,-249900000.0,-32600000.0,-461100000.0,-387400000.0,-297500000.0,22200000.0,-1900000.0,169300000.0,169300000.0,169300000.0,0.0,0.0,0.094,1146300000.0,250700000.0,5643527000.0,0.184,1.16,11.92,12.365,327861000.0,0.0,86.31,0.592,0.595,9945642000.0,5181375000.0,1797800000.0,1797800000.0,0.0,,,,,0.0,803600000.0,1.0,61936907.0,62244778,62723292.0,28.883,28719621000.0,0.0,66200000.0,81302000.0,461.398,
21,AIZ,MRQ,2016-03-31,2016-03-31,2016-03-31,2021-08-05,225240000.0,30287195000.0,,,,,70.132,-22800000.0,2060815000.0,2060815000.0,543800000.0,220400000.0,,5.635,1414704000.0,,,1414704000.0,6308939000.0,0.0,0.0,0.021,0.5,352100000.0,352100000.0,0.164,352100000.0,352100000.0,337600000.0,3.38,3.34,3.38,4564645000.0,,4564645000.0,4880650093.0,10.0,7.526,-368800000.0,-5.666,1.0,1603700000.0,0.747,1113897000.0,14500000.0,28527187000.0,,0.0,11464061000.0,,,25722550000.0,,,4997573093.0,772500000.0,904000000.0,-245800000.0,249600000.0,-32400000.0,-19800000.0,1133000000.0,250600000.0,-346000000.0,-500000.0,220400000.0,220400000.0,220400000.0,0.0,0.0,0.103,1251600000.0,352100000.0,5632633000.0,0.148,1.095,16.02,16.276,312324000.0,0.0,77.15,0.506,0.509,10021350000.0,5044544000.0,2147500000.0,2147500000.0,0.0,,,,,0.0,917300000.0,1.0,64777357.0,65086935,65920546.0,32.994,29173298000.0,0.0,117200000.0,258087000.0,448.22,
22,AIZ,MRQ,2015-12-31,2015-12-31,2015-12-31,2021-08-05,118549000.0,30036402000.0,,,,,67.808,-28861000.0,1288305000.0,1288305000.0,1009854000.0,65789000.0,,5.639,1164656000.0,,,1164656000.0,6423720000.0,137100000.0,0.0,0.017,0.5,123998000.0,261098000.0,0.102,261098000.0,123998000.0,110233000.0,0.98,0.96,0.98,4523967000.0,,4523967000.0,4930049631.0,19.0,12.532,-328435000.0,-4.923,1.0,1537986000.0,0.604,1110675000.0,13765000.0,28802078000.0,,0.0,13035926000.0,,,25512435000.0,,,5302680631.0,-255580000.0,-15158000.0,-74227000.0,0.0,-33294000.0,-137068000.0,193926000.0,134445000.0,-299574000.0,-20741000.0,65789000.0,65789000.0,65789000.0,0.0,0.0,0.026,1413988000.0,123998000.0,6472517000.0,0.51,1.172,37.448,38.721,298414000.0,0.0,80.54,0.514,0.532,8731120000.0,4856674000.0,2547840000.0,2547840000.0,0.0,,,,,38800000.0,1075713000.0,1.0,65839094.0,66717171,68043178.0,38.189,28925727000.0,24176000.0,44444000.0,0.0,433.557,
23,AIZ,MRQ,2015-09-30,2015-09-30,2015-09-30,2021-08-05,246038000.0,30586091000.0,,,,,69.25,-27195000.0,1543936000.0,1543936000.0,1254205000.0,-7022000.0,,5.53,1171305000.0,,,1171305000.0,6449260000.0,0.0,0.0,0.014,0.3,-18472000.0,-18472000.0,-0.007,-18472000.0,-18472000.0,-32251000.0,-0.1,-0.1,-0.1,4683599000.0,,4683599000.0,5153119367.0,22.0,13.979,333383000.0,4.929,1.0,1279951000.0,0.505,1141964000.0,13779000.0,29071496000.0,,0.0,13543537000.0,,,25902492000.0,,,5279326367.0,246500000.0,-5273000.0,-30921000.0,0.0,-20456000.0,-94945000.0,14624000.0,47092000.0,360578000.0,-19980000.0,-7022000.0,-7022000.0,-7022000.0,0.0,0.0,-0.003,1298423000.0,-18472000.0,6826082000.0,-3.0,1.127,42.044,43.412,286751000.0,0.0,79.01,0.508,0.514,8554288000.0,4824192000.0,2534156000.0,2534156000.0,0.0,,,,,0.0,956984000.0,1.0,66818458.0,67632920,67632920.0,37.469,29444127000.0,29335000.0,-25229000.0,0.0,435.352,
24,AIZ,MRQ,2015-06-30,2015-06-30,2015-06-30,2021-08-05,348419000.0,30842082000.0,,,,,70.421,-36697000.0,1297436000.0,1297436000.0,1267714000.0,32789000.0,,5.388,1171229000.0,,,1171229000.0,6429804000.0,0.0,0.0,0.017,0.3,53803000.0,53803000.0,0.02,53803000.0,53803000.0,40025000.0,0.48,0.47,0.48,4827960000.0,,4827960000.0,4656389815.0,9.0,7.443,309865000.0,4.52,1.0,1377180000.0,0.521,1174572000.0,13778000.0,29541303000.0,,0.0,13747091000.0,,,26014122000.0,,,4550401815.0,232271000.0,-11571000.0,-103423000.0,0.0,-21616000.0,-126037000.0,1735000.0,50003000.0,346562000.0,6798000.0,32789000.0,32789000.0,32789000.0,0.0,0.0,0.012,1323377000.0,53803000.0,6691421000.0,0.625,0.943,16.675,17.358,289416000.0,0.0,67.0,0.431,0.435,8803226000.0,4851670000.0,2644894000.0,2644894000.0,0.0,,,,,0.0,969494000.0,1.0,67916445.0,68558472,69244399.0,38.579,29667510000.0,0.0,7236000.0,26945000.0,432.733,
25,AIZ,MRQ,2015-03-31,2015-03-31,2015-03-31,2021-08-05,548997000.0,30800356000.0,,,,,73.501,-22147000.0,1065165000.0,1065165000.0,1210727000.0,50044000.0,,5.006,1171153000.0,,,1171153000.0,6259389000.0,0.0,0.0,0.018,0.27,96971000.0,96971000.0,0.037,96971000.0,96971000.0,83193000.0,0.72,0.71,0.72,5128212000.0,,5128212000.0,4081460847.0,6.0,5.237,-199813000.0,-2.864,1.0,1387883000.0,0.534,1159902000.0,13778000.0,29746442000.0,,0.0,14215985000.0,,,25672144000.0,,,4229037847.0,-253491000.0,65002000.0,-84329000.0,0.0,-18834000.0,-104350000.0,54015000.0,11160000.0,-177666000.0,-22277000.0,50044000.0,50044000.0,50044000.0,0.0,0.0,0.019,1290912000.0,96971000.0,6581241000.0,0.375,0.825,11.022,11.457,286186000.0,0.0,61.41,0.402,0.407,8779268000.0,4840497000.0,2598610000.0,2598610000.0,0.0,,,,,0.0,921909000.0,1.0,68865622.0,69770224,70757549.0,37.245,29640454000.0,0.0,33149000.0,31193000.0,424.83,
26,AIZ,MRQ,2014-12-31,2014-12-31,2014-12-31,2021-08-05,555767000.0,31562466000.0,,,,,72.933,-24897000.0,1318656000.0,1318656000.0,1123995000.0,49755000.0,,5.092,1171079000.0,,,1171079000.0,6529675000.0,132217000.0,0.0,0.015,0.27,104124000.0,236341000.0,0.09,236341000.0,104124000.0,90346000.0,0.72,0.7,0.72,5181307000.0,,5181307000.0,4567291250.0,6.0,4.886,-145745000.0,-2.052,1.0,1498697000.0,0.571,1223199000.0,13778000.0,30191690000.0,,0.0,14176914000.0,,,26381159000.0,,,4807552250.0,-92610000.0,-61039000.0,-99317000.0,0.0,-19113000.0,-117905000.0,207417000.0,315406000.0,-120848000.0,-9366000.0,49755000.0,49755000.0,49755000.0,0.0,0.0,0.019,1394573000.0,104124000.0,7018532000.0,0.375,0.928,10.209,10.495,277645000.0,0.0,68.43,0.463,0.476,8700215000.0,4809287000.0,2622692000.0,2622692000.0,0.0,,,,,49354000.0,1007095000.0,1.0,70255038.0,71042215,72325954.0,36.917,30339267000.0,15132000.0,40591000.0,0.0,427.06,
27,AIZ,MRQ,2014-09-30,2014-09-30,2014-09-30,2021-08-05,659746000.0,30673129000.0,,,,,74.015,-27967000.0,1411266000.0,1411266000.0,1123693000.0,140297000.0,,4.741,1171005000.0,,,1171005000.0,6784089000.0,0.0,0.0,0.02,0.27,238527000.0,238527000.0,0.088,238527000.0,238527000.0,224751000.0,1.94,1.92,1.94,5342563000.0,,5342563000.0,4361763207.0,5.0,4.267,224929000.0,3.116,1.0,1578795000.0,0.584,1185839000.0,13776000.0,29247029000.0,,0.0,14656306000.0,,,25330566000.0,,,4589701207.0,12396000.0,-28614000.0,-34008000.0,0.0,-19449000.0,-52495000.0,-178123000.0,-121542000.0,252896000.0,-9882000.0,140297000.0,140297000.0,140297000.0,0.0,0.0,0.052,1340268000.0,238527000.0,6078970000.0,0.139,0.859,8.66,8.82,274419000.0,0.0,64.3,0.452,0.457,7489908000.0,4778645000.0,2702488000.0,2702488000.0,0.0,,,,,0.0,953559000.0,1.0,71379490.0,72182547,73046704.0,37.44,29487290000.0,0.0,84454000.0,347667000.0,408.51,
28,AIZ,MRQ,2014-06-30,2014-06-30,2014-06-30,2021-08-05,764072000.0,30617173000.0,,,,,73.627,-17634000.0,1398870000.0,1398870000.0,1149613000.0,143610000.0,,4.723,1170932000.0,,,1170932000.0,6690889000.0,0.0,0.0,0.019,0.27,207563000.0,207563000.0,0.08,207563000.0,207563000.0,193787000.0,1.98,1.95,1.98,5349707000.0,,5349707000.0,4761115366.0,5.0,4.769,116956000.0,1.61,1.0,1458488000.0,0.559,1175165000.0,13776000.0,29214070000.0,,0.0,14711360000.0,,,25267466000.0,,,4696168366.0,292958000.0,-59541000.0,-55751000.0,0.0,-20753000.0,-71611000.0,225732000.0,302907000.0,134590000.0,4247000.0,143610000.0,143610000.0,143610000.0,0.0,0.0,0.055,1250925000.0,207563000.0,6086514000.0,0.136,0.878,9.058,9.298,262117000.0,0.0,65.55,0.483,0.49,7297133000.0,4657797000.0,2608101000.0,2608101000.0,0.0,,,,,0.0,884336000.0,1.0,71642538.0,72659590,73544191.0,35.895,29442008000.0,48220000.0,50177000.0,324920000.0,405.205,
29,AIZ,MRQ,2014-03-31,2014-03-31,2014-03-31,2021-08-05,583481000.0,29668385000.0,,,,,69.957,-13105000.0,1105912000.0,1105912000.0,1008032000.0,137245000.0,,4.822,1170859000.0,,,1170859000.0,6610702000.0,0.0,0.0,0.019,0.25,252318000.0,252318000.0,0.103,252318000.0,252318000.0,235253000.0,1.88,1.86,1.88,5096288000.0,,5096288000.0,4574851847.0,5.0,4.472,114073000.0,1.566,1.0,1440340000.0,0.588,1130691000.0,17065000.0,28602641000.0,,0.0,14669257000.0,,,24572097000.0,,,4653917847.0,-611272000.0,0.0,-26107000.0,-467330000.0,-18180000.0,-534188000.0,-191137000.0,-178032000.0,127178000.0,-13125000.0,137245000.0,137245000.0,137245000.0,0.0,0.0,0.056,1188022000.0,252318000.0,5664289000.0,0.133,0.913,9.155,9.567,255514000.0,0.0,64.96,0.498,0.506,6953635000.0,4534940000.0,2448372000.0,2448372000.0,0.0,,,,,0.0,843240000.0,1.0,71642824.0,72848756,73873952.0,33.609,28537694000.0,0.0,98008000.0,266533000.0,391.739,
30,AIZ,MRQ,2013-12-31,2013-12-31,2013-12-31,2021-08-05,426830000.0,29714689000.0,,,,,65.667,-17539000.0,1717184000.0,1717184000.0,967389000.0,108816000.0,,5.148,1638118000.0,,,1638118000.0,6662672000.0,124851000.0,0.0,0.018,0.5,198903000.0,323754000.0,0.135,323754000.0,198903000.0,178537000.0,1.49,1.46,1.49,4833479000.0,,4833479000.0,5177915104.0,6.0,5.218,285984000.0,3.885,1.0,1433229000.0,0.597,1139197000.0,20366000.0,28496426000.0,,0.0,14297564000.0,,,24881210000.0,,,4826224104.0,430487000.0,-131878000.0,-93388000.0,-1324000.0,-18351000.0,-113006000.0,248853000.0,398270000.0,303523000.0,-8883000.0,108816000.0,108816000.0,108816000.0,0.0,0.0,0.045,1234326000.0,198903000.0,5717435000.0,0.336,0.998,9.871,10.403,253630000.0,0.0,66.37,0.533,0.562,6832305000.0,4415875000.0,2400618000.0,2400618000.0,0.0,,,,,51116000.0,866037000.0,1.0,72716952.0,73606364,74933053.0,32.614,28575492000.0,0.0,69721000.0,3371000.0,388.22,
31,AIZ,MRQ,2013-09-30,2013-09-30,2013-09-30,2021-08-05,386306000.0,29348585000.0,,,,,63.313,-11501000.0,1286697000.0,1286697000.0,933832000.0,128788000.0,,5.136,1638388000.0,,,1638388000.0,6455337000.0,0.0,0.0,0.017,0.25,214742000.0,214742000.0,0.095,214742000.0,214742000.0,193971000.0,1.7,1.68,1.7,4782919000.0,,4782919000.0,4432240645.0,6.0,5.259,438875000.0,5.809,1.0,1324818000.0,0.587,966236000.0,20771000.0,28734040000.0,,0.0,14929660000.0,,,24565666000.0,,,4055745645.0,16302000.0,-49987000.0,-106500000.0,-8590000.0,-18833000.0,-133792000.0,-297989000.0,-236501000.0,450376000.0,-2293000.0,128788000.0,128788000.0,128788000.0,0.0,0.0,0.057,1110076000.0,214742000.0,5655689000.0,0.147,0.848,10.012,10.246,253870000.0,0.0,54.1,0.46,0.464,6667751000.0,4325410000.0,2258650000.0,2258650000.0,0.0,,,,,0.0,737326000.0,1.0,74967572.0,75544542,76459791.0,29.898,28382349000.0,0.0,65183000.0,65837000.0,375.704,
32,AIZ,MRQ,2013-06-30,2013-06-30,2013-06-30,2021-08-05,420508000.0,28728795000.0,,,,,61.876,-10194000.0,1270395000.0,1270395000.0,916950000.0,133523000.0,,4.99,1646890000.0,,,1646890000.0,6232639000.0,0.0,0.0,0.017,0.25,232287000.0,232287000.0,0.104,232287000.0,232287000.0,210767000.0,1.72,1.7,1.72,4795886000.0,,4795886000.0,3985520959.0,5.0,4.679,211787000.0,2.732,1.0,1320816000.0,0.59,910721000.0,21520000.0,28194569000.0,,0.0,14705951000.0,,,23932909000.0,,,3919622959.0,-334230000.0,0.0,-186507000.0,-23720000.0,-20155000.0,-226675000.0,-325091000.0,-314897000.0,221981000.0,-4445000.0,133523000.0,133523000.0,133523000.0,0.0,0.0,0.06,1088529000.0,232287000.0,5416507000.0,0.145,0.817,9.736,9.943,250564000.0,0.0,50.91,0.451,0.454,6567399000.0,4215455000.0,2237766000.0,2237766000.0,0.0,,,,,0.0,742070000.0,1.0,76991219.0,77508062,78366115.0,28.871,27818074000.0,0.0,77244000.0,66543000.0,358.906,
33,AIZ,MRQ,2013-03-31,2013-03-31,2013-03-31,2021-08-05,778029000.0,29481540000.0,,,,,65.095,-11670000.0,1604625000.0,1604625000.0,857361000.0,117780000.0,,4.662,1670523000.0,,,1670523000.0,6174246000.0,0.0,0.0,0.019,0.21,221502000.0,221502000.0,0.103,221502000.0,221502000.0,206424000.0,1.47,1.46,1.47,5206605000.0,,5206605000.0,3610221848.0,5.0,4.015,40011000.0,0.5,1.0,1293262000.0,0.601,934723000.0,15078000.0,28612715000.0,,0.0,14942711000.0,,,24274935000.0,,,3547226848.0,695221000.0,0.0,-6617000.0,698093000.0,-16789000.0,670172000.0,-18511000.0,-6841000.0,51681000.0,-8121000.0,117780000.0,117780000.0,117780000.0,0.0,0.0,0.055,1071760000.0,221502000.0,5664959000.0,0.143,0.681,8.095,8.397,250481000.0,0.0,45.01,0.413,0.419,6757388000.0,4102087000.0,2150623000.0,2150623000.0,0.0,,,,,0.0,688971000.0,1.0,78809750.0,79984576,80946649.0,26.888,28546817000.0,9167000.0,88644000.0,179502000.0,356.904,
34,AIZ,MRQ,2012-12-31,2012-12-31,2012-12-31,2021-08-05,830403000.0,28946607000.0,,,,,64.869,-16493000.0,909404000.0,909404000.0,1031539000.0,24987000.0,,4.582,972399000.0,,,972399000.0,6192260000.0,124387000.0,0.0,0.023,0.21,49901000.0,174288000.0,0.081,174288000.0,49901000.0,34823000.0,0.39,0.37,0.39,5185366000.0,,5185366000.0,2631041606.0,3.0,2.792,234046000.0,2.928,1.0,1129437000.0,0.523,903708000.0,15078000.0,28105894000.0,,0.0,15038427000.0,,,23761241000.0,,,2731179606.0,-163102000.0,1364000.0,-41727000.0,0.0,-16760000.0,-58533000.0,-351592000.0,-336463000.0,250539000.0,-3516000.0,24987000.0,24987000.0,24987000.0,0.0,0.0,0.012,1079536000.0,49901000.0,5918169000.0,0.538,0.527,5.646,6.045,250796000.0,0.0,34.7,0.321,0.344,6971764000.0,4001096000.0,2160976000.0,2160976000.0,0.0,,,,,35861000.0,716937000.0,1.0,78708346.0,79935547,81432136.0,27.034,28042899000.0,32740000.0,9836000.0,161288000.0,350.819,
35,AIZ,MRQ,2012-09-30,2012-09-30,2012-09-30,2021-08-05,858859000.0,28169623000.0,,,,,63.654,-17032000.0,1072506000.0,1072506000.0,895480000.0,126288000.0,,4.387,972368000.0,,,972368000.0,5896673000.0,0.0,0.0,0.021,0.21,223697000.0,223697000.0,0.104,223697000.0,223697000.0,208619000.0,1.54,1.52,1.54,5229613000.0,,5229613000.0,2889802258.0,3.0,2.489,227616000.0,2.771,1.0,1249600000.0,0.583,910887000.0,15078000.0,27158598000.0,,0.0,14828781000.0,,,22940010000.0,,,3024457258.0,-34486000.0,0.0,-111774000.0,0.0,-17284000.0,-129572000.0,-149708000.0,-132676000.0,244648000.0,146000.0,126288000.0,126288000.0,126288000.0,0.0,0.0,0.059,1025903000.0,223697000.0,5365248000.0,0.136,0.578,4.895,5.291,246969000.0,0.0,37.3,0.358,0.362,6251286000.0,3992869000.0,2145080000.0,2145080000.0,0.0,,,,,0.0,661907000.0,1.0,81084645.0,82156838,82959453.0,26.11,27258736000.0,49128000.0,82331000.0,183557000.0,331.789,
36,AIZ,MRQ,2012-06-30,2012-06-30,2012-06-30,2021-08-05,676432000.0,27243589000.0,,,,,58.34,-15242000.0,1106992000.0,1106992000.0,872027000.0,169170000.0,,4.412,972337000.0,,,972337000.0,5685188000.0,0.0,0.0,0.022,0.21,279735000.0,279735000.0,0.131,279735000.0,279735000.0,264661000.0,1.96,1.94,1.96,5033568000.0,,5033568000.0,2895032790.0,3.0,2.718,168248000.0,1.95,1.0,1257263000.0,0.59,919423000.0,15074000.0,26189511000.0,,0.0,14222265000.0,,,22210021000.0,,,2987539790.0,42177000.0,-3500000.0,-155066000.0,0.0,-19408000.0,-170236000.0,32841000.0,51583000.0,183490000.0,-3918000.0,169170000.0,169170000.0,169170000.0,0.0,0.0,0.079,977528000.0,279735000.0,5086233000.0,0.107,0.594,5.282,5.539,241722000.0,0.0,34.84,0.357,0.359,6113926000.0,3883865000.0,2129290000.0,2129290000.0,0.0,,,,,0.0,642667000.0,1.0,85750281.0,86279670,87044581.0,24.679,26324166000.0,9989000.0,95491000.0,52336000.0,305.103,
37,AIZ,MRQ,2012-03-31,2012-03-31,2012-03-31,2021-08-05,597216000.0,27254868000.0,,,,,55.928,-5315000.0,1064815000.0,1064815000.0,856358000.0,163260000.0,,4.49,972308000.0,,,972308000.0,5564783000.0,0.0,0.0,0.018,0.18,264724000.0,264724000.0,0.128,264724000.0,264724000.0,249648000.0,1.84,1.81,1.84,4964890000.0,,4964890000.0,3349364208.0,4.0,3.597,-4294000.0,-0.048,1.0,1216566000.0,0.587,943709000.0,15076000.0,26218652000.0,,0.0,14202590000.0,,,22289978000.0,,,3543799208.0,-101898000.0,0.0,-103629000.0,0.0,-15941000.0,-122300000.0,18576000.0,23891000.0,1021000.0,805000.0,163260000.0,163260000.0,163260000.0,0.0,0.0,0.079,951842000.0,264724000.0,5112471000.0,0.098,0.714,6.312,6.728,236465000.0,0.0,40.5,0.426,0.433,6101717000.0,3734103000.0,2072924000.0,2072924000.0,0.0,,,,,0.0,610084000.0,1.0,87501215.0,88772845,90069097.0,23.351,26311159000.0,18384000.0,86388000.0,53700000.0,296.387,
38,AIZ,MRQ,2011-12-31,2011-12-31,2011-12-31,2021-08-05,557576000.0,27019862000.0,,,,,52.8,-9336000.0,1166713000.0,1166713000.0,872431000.0,159152000.0,,4.544,972278000.0,,,972278000.0,5482017000.0,129391000.0,0.0,0.017,0.18,263712000.0,393103000.0,0.186,393103000.0,263712000.0,248636000.0,1.71,1.67,1.71,4873950000.0,,4873950000.0,3694695138.0,5.0,4.124,336277000.0,3.643,1.0,1239100000.0,0.587,942929000.0,15076000.0,25882498000.0,,0.0,14097179000.0,,,22145912000.0,,,3781969138.0,107190000.0,0.0,-168905000.0,0.0,-16527000.0,-186691000.0,-51129000.0,-41793000.0,345613000.0,-603000.0,159152000.0,159152000.0,159152000.0,0.0,0.0,0.075,975388000.0,263712000.0,5313311000.0,0.105,0.776,7.017,7.358,242908000.0,0.0,41.06,0.457,0.48,6060186000.0,3586784000.0,2111531000.0,2111531000.0,0.0,,,,,40155000.0,645412000.0,1.0,92108357.0,92309978,94299100.0,22.874,26076933000.0,44280000.0,89484000.0,30431000.0,282.493,
39,AIZ,MRQ,2011-09-30,2011-09-30,2011-09-30,2021-08-05,524412000.0,26774000000.0,,,,,52.589,-8735000.0,1059523000.0,1059523000.0,997431000.0,74037000.0,,4.339,972249000.0,,,972249000.0,5315673000.0,0.0,0.0,0.019,0.18,127501000.0,127501000.0,0.062,127501000.0,127501000.0,112423000.0,0.78,0.77,0.78,5014472000.0,,5014472000.0,3219074326.0,8.0,6.161,177205000.0,1.858,1.0,1064284000.0,0.516,945405000.0,15078000.0,25741321000.0,,0.0,14009665000.0,,,21759528000.0,,,3381953326.0,-75576000.0,0.0,-78152000.0,0.0,-17178000.0,-91511000.0,-162265000.0,-153530000.0,185940000.0,-7740000.0,74037000.0,74037000.0,74037000.0,0.0,0.0,0.036,936783000.0,127501000.0,5275074000.0,0.231,0.674,17.357,15.911,247497000.0,0.0,35.8,0.409,0.413,5909779000.0,3596751000.0,2061715000.0,2061715000.0,0.0,,,,,0.0,596110000.0,1.0,94467970.0,95351601,96303012.0,21.622,25828595000.0,30691000.0,38386000.0,13674000.0,270.877,
40,AIZ,MRQ,2011-06-30,2011-06-30,2011-06-30,2021-08-05,381273000.0,26779755000.0,,,,,49.901,-7674000.0,1135099000.0,1135099000.0,986844000.0,165016000.0,,4.492,972220000.0,,,972220000.0,5245001000.0,0.0,0.0,0.018,0.18,145717000.0,145717000.0,0.071,145717000.0,145717000.0,130642000.0,1.69,1.67,1.69,4875976000.0,,4875976000.0,3532064315.0,7.0,5.546,132451000.0,1.356,1.0,1076043000.0,0.522,989321000.0,15075000.0,25627555000.0,,0.0,13669519000.0,,,21903779000.0,,,3500306315.0,194665000.0,-45080000.0,-111197000.0,0.0,-17558000.0,-127576000.0,183256000.0,236010000.0,140125000.0,-1140000.0,165016000.0,165016000.0,165016000.0,0.0,0.0,0.08,930326000.0,145717000.0,5198859000.0,0.107,0.718,13.336,13.047,254257000.0,0.0,36.27,0.421,0.426,5763929000.0,3537946000.0,2062887000.0,2062887000.0,0.0,,,,,0.0,598728000.0,1.0,96506929.0,97713045,98690114.0,21.112,25790434000.0,88592000.0,-34374000.0,0.0,263.941,
41,AIZ,MRQ,2011-03-31,2011-03-31,2011-03-31,2021-08-05,297022000.0,26697375000.0,,,,,46.913,-6179000.0,940434000.0,940434000.0,893028000.0,140751000.0,,4.624,972192000.0,,,972192000.0,5119984000.0,0.0,0.0,0.017,0.16,229557000.0,229557000.0,0.113,229557000.0,229557000.0,214426000.0,1.39,1.38,1.39,4747393000.0,,4747393000.0,3670186441.0,6.0,4.831,177447000.0,1.754,1.0,1143643000.0,0.562,927837000.0,15131000.0,25801296000.0,,0.0,13990797000.0,,,21949982000.0,,,3848538441.0,-210082000.0,0.0,-175594000.0,0.0,-16122000.0,-231070000.0,-166450000.0,-160271000.0,183626000.0,3812000.0,140751000.0,140751000.0,140751000.0,0.0,0.0,0.069,914086000.0,229557000.0,5115469000.0,0.115,0.811,14.682,15.043,259460000.0,0.0,38.51,0.458,0.464,5625274000.0,3389644000.0,2036671000.0,2036671000.0,0.0,,,,,0.0,588546000.0,1.0,99936080.0,101194814,101974815.0,20.126,25769538000.0,24093000.0,73675000.0,50002000.0,254.653,
42,AIZ,MRQ,2010-12-31,2010-12-31,2010-12-31,2021-08-05,285524000.0,26397018000.0,,,,,45.049,-8849000.0,1150516000.0,1150516000.0,889434000.0,-184961000.0,,4.522,972164000.0,,,972164000.0,5063999000.0,126602000.0,0.0,0.016,0.16,-106887000.0,19715000.0,0.009,19715000.0,-106887000.0,-122049000.0,-1.61,-1.61,-1.61,4780537000.0,,4780537000.0,3908286151.0,6.0,4.924,66432000.0,0.626,1.0,1216167000.0,0.578,931288000.0,15162000.0,25287378000.0,,0.0,13602056000.0,,,21616481000.0,,,4104456151.0,-17791000.0,-4398000.0,-153387000.0,0.0,-16916000.0,-185916000.0,91612000.0,148475000.0,75281000.0,1232000.0,-184961000.0,-184961000.0,-184961000.0,0.0,0.0,-0.088,1323054000.0,-106887000.0,5070493000.0,-0.099,0.859,14.732,15.286,267169000.0,0.0,38.52,0.481,0.5,5540243000.0,3264025000.0,2105601000.0,2105601000.0,0.0,,,,,41303000.0,759255000.0,1.0,106553898.0,106117530,107519487.0,19.842,25465730000.0,76430000.0,62912000.0,41702000.0,239.977,
43,AIZ,MRQ,2010-09-30,2010-09-30,2010-09-30,2021-08-05,514671000.0,26845334000.0,,,,,49.78,-14196000.0,1168307000.0,1168307000.0,913253000.0,141670000.0,,4.002,972137000.0,,,972137000.0,4964668000.0,0.0,0.0,0.015,0.16,241894000.0,241894000.0,0.114,241894000.0,241894000.0,226732000.0,1.31,1.3,1.31,5366541000.0,,5366541000.0,4304627678.0,5.0,4.465,132981000.0,1.234,1.0,1200718000.0,0.568,926195000.0,15162000.0,25722969000.0,,0.0,13985373000.0,,,21478793000.0,,,4336240678.0,164584000.0,-427000.0,-56345000.0,0.0,-17238000.0,-73268000.0,87365000.0,103575000.0,147177000.0,3310000.0,141670000.0,141670000.0,141670000.0,0.0,0.0,0.067,958824000.0,241894000.0,5151818000.0,0.122,0.808,9.119,9.599,272750000.0,0.0,40.7,0.504,0.51,5476318000.0,3465332000.0,2113971000.0,2113971000.0,0.0,,,,,0.0,581974000.0,1.0,106541540.0,107806207,108584282.0,19.609,25919139000.0,0.0,85062000.0,104598000.0,240.423,
44,AIZ,MRQ,2010-06-30,2010-06-30,2010-06-30,2021-08-05,278151000.0,26115330000.0,,,,,45.026,-14631000.0,1003723000.0,1003723000.0,905316000.0,164675000.0,,4.183,972110000.0,,,972110000.0,4963981000.0,0.0,0.0,0.018,0.16,268617000.0,268617000.0,0.126,268617000.0,268617000.0,253456000.0,1.47,1.46,1.47,5038168000.0,,5038168000.0,3919925985.0,5.0,4.142,181760000.0,1.624,1.0,1234978000.0,0.577,924426000.0,15161000.0,25159291000.0,,0.0,13777062000.0,,,21077162000.0,,,3880382985.0,71182000.0,-5503000.0,-212475000.0,0.0,-17876000.0,-241594000.0,119128000.0,142584000.0,196391000.0,-2743000.0,164675000.0,164675000.0,164675000.0,0.0,0.0,0.077,966361000.0,268617000.0,5181136000.0,0.109,0.77,8.108,8.361,272922000.0,0.0,34.7,0.449,0.449,5185003000.0,3340900000.0,2140294000.0,2140294000.0,0.0,,,,,0.0,604244000.0,1.0,111826599.0,111893858,112715117.0,19.128,25190904000.0,47371000.0,88781000.0,39690000.0,225.132,
45,AIZ,MRQ,2010-03-31,2010-03-31,2010-03-31,2021-08-05,154038000.0,26238814000.0,,,,,42.576,-13155000.0,932541000.0,932541000.0,927996000.0,157223000.0,,4.276,972084000.0,,,972084000.0,5045536000.0,0.0,0.0,0.017,0.15,263527000.0,263527000.0,0.122,263527000.0,263527000.0,248366000.0,1.35,1.34,1.35,4973585000.0,,4973585000.0,3658290829.0,4.0,3.754,108738000.0,0.931,1.0,1239860000.0,0.572,924834000.0,15161000.0,25353523000.0,,0.0,13700105000.0,,,21265229000.0,,,4004784829.0,-386011000.0,-1232000.0,-100339000.0,0.0,-17588000.0,-198695000.0,-306981000.0,-341119000.0,121893000.0,-2228000.0,157223000.0,157223000.0,157223000.0,0.0,0.0,0.073,976333000.0,263527000.0,5017534000.0,0.111,0.805,7.896,7.977,273270000.0,0.0,34.38,0.456,0.457,5108481000.0,3194101000.0,2167856000.0,2167856000.0,0.0,,,,,0.0,571149000.0,1.0,116485888.0,116817005,117194873.0,18.558,25313980000.0,124515000.0,91143000.0,121119000.0,216.698,
46,AIZ,MRQ,2009-12-31,2009-12-31,2009-12-31,2021-08-05,65925000.0,25860667000.0,,,,,41.275,-16284000.0,1318552000.0,1318552000.0,977093000.0,11941000.0,,4.329,972058000.0,,,972058000.0,5153564000.0,113799000.0,0.0,0.02,0.15,76315000.0,190114000.0,0.087,190114000.0,76315000.0,61155000.0,0.11,0.09,0.11,4853249000.0,,4853249000.0,3179438986.0,4.0,3.596,40602000.0,0.345,1.0,1205049000.0,0.552,926398000.0,15160000.0,24587775000.0,,0.0,13252464000.0,,,21007418000.0,,,3443257986.0,82701000.0,8123000.0,0.0,0.0,-17635000.0,5277000.0,19380000.0,66849000.0,56886000.0,1158000.0,11941000.0,11941000.0,11941000.0,0.0,0.0,0.005,1128734000.0,76315000.0,5068667000.0,1.364,0.709,7.997,8.077,275420000.0,0.0,29.48,0.396,0.4,4739667000.0,3054466000.0,2182142000.0,2182142000.0,0.0,,,,,32078000.0,620523000.0,1.0,116799796.0,117584454,119198168.0,18.558,24934269000.0,167240000.0,49214000.0,30126000.0,212.054,
47,AIZ,MRQ,2009-09-30,2009-09-30,2009-09-30,2021-08-05,122361000.0,25665578000.0,,,,,41.49,-10277000.0,1235851000.0,1235851000.0,941145000.0,144730000.0,,4.234,972032000.0,,,972032000.0,5154685000.0,0.0,0.0,0.018,0.15,224226000.0,224226000.0,0.104,224226000.0,224226000.0,209066000.0,1.22,1.22,1.22,4903449000.0,,4903449000.0,3943549135.0,4.0,3.974,376519000.0,3.186,1.0,1215728000.0,0.564,1009089000.0,15160000.0,24392670000.0,,0.0,13235985000.0,,,20762129000.0,,,3780724135.0,426669000.0,-3200000.0,-31949000.0,0.0,-17701000.0,-77315000.0,116157000.0,102977000.0,386796000.0,1031000.0,144730000.0,144730000.0,144730000.0,0.0,0.0,0.067,991502000.0,224226000.0,4937621000.0,0.123,0.771,6.29,6.323,274646000.0,0.0,32.06,0.433,0.434,4599312000.0,3060160000.0,2156873000.0,2156873000.0,0.0,,,,,0.0,601120000.0,1.0,117926517.0,118184367,118291841.0,18.25,24656489000.0,153824000.0,64336000.0,43804000.0,208.627,
48,AIZ,MRQ,2009-06-30,2009-06-30,2009-06-30,2021-08-05,-311600000.0,24822474000.0,,,,,36.837,-14627000.0,809182000.0,809182000.0,989402000.0,193322000.0,,4.687,972007000.0,,,972007000.0,5203442000.0,0.0,0.0,0.024,0.15,296678000.0,296678000.0,0.13,296678000.0,296678000.0,281518000.0,1.63,1.63,1.63,4364577000.0,,4364577000.0,3144322671.0,6.0,5.074,76185000.0,0.643,1.0,1284207000.0,0.565,1009394000.0,15160000.0,23975905000.0,,0.0,12740272000.0,,,20457897000.0,,,2836679671.0,144843000.0,0.0,0.0,0.0,-17771000.0,3510000.0,41085000.0,99096000.0,90812000.0,9436000.0,193322000.0,193322000.0,193322000.0,0.0,0.0,0.085,987529000.0,296678000.0,4797154000.0,0.092,0.65,8.224,8.278,275735000.0,0.0,24.09,0.332,0.334,4655892000.0,2933131000.0,2273609000.0,2273609000.0,0.0,,,,,0.0,589036000.0,1.0,117753411.0,118482958,118728304.0,19.189,23813080000.0,358729000.0,88196000.0,55492000.0,200.983,
49,AIZ,MRQ,2009-03-31,2009-03-31,2009-03-31,2021-08-05,-782328000.0,23820644000.0,,,,,31.133,-13149000.0,664339000.0,664339000.0,960342000.0,80581000.0,,5.49,971982000.0,,,971982000.0,5227849000.0,0.0,0.0,0.026,0.14,173056000.0,173056000.0,0.083,173056000.0,173056000.0,157867000.0,0.68,0.68,0.68,3670322000.0,,3670322000.0,2496488033.0,5.0,4.248,-277718000.0,-2.356,1.0,1127535000.0,0.54,1005027000.0,15189000.0,23123260000.0,,0.0,11982673000.0,,,20150322000.0,,,2565215033.0,-376345000.0,0.0,0.0,0.0,-16489000.0,-74034000.0,-35155000.0,-78041000.0,-264569000.0,-2587000.0,80581000.0,80581000.0,80581000.0,0.0,0.0,0.039,954479000.0,173056000.0,4703657000.0,0.206,0.699,7.511,7.536,277288000.0,0.0,21.78,0.301,0.302,4516108000.0,2714463000.0,2087877000.0,2087877000.0,0.0,,,,,0.0,566685000.0,1.0,117778468.0,117891543,117967747.0,17.71,22815617000.0,530700000.0,77286000.0,64496000.0,193.531,
50,AIZ,MRQ,2008-12-31,2008-12-31,2008-12-31,2021-08-05,-670946000.0,24514586000.0,,,,,31.536,-18321000.0,1040684000.0,1040684000.0,988432000.0,182441000.0,,5.609,971957000.0,,,971957000.0,5407859000.0,91609000.0,0.0,0.018,0.14,206644000.0,298253000.0,0.134,298253000.0,206644000.0,191456000.0,1.54,1.54,1.54,3709505000.0,,3709505000.0,3446762830.0,6.0,4.815,166443000.0,1.415,1.0,1232176000.0,0.555,1001899000.0,15188000.0,23443960000.0,,0.0,12174996000.0,,,20805081000.0,,,3528508830.0,-12995000.0,-222709000.0,0.0,0.0,-16469000.0,-115979000.0,-66186000.0,77037000.0,184764000.0,-15594000.0,182441000.0,182441000.0,182441000.0,0.0,0.0,0.082,1025532000.0,206644000.0,5057352000.0,0.091,0.951,7.88,7.916,278621000.0,0.0,30.0,0.41,0.412,4523351000.0,2650371000.0,2220608000.0,2220608000.0,0.0,,,,,18447000.0,606916000.0,1.0,117616961.0,117626689,118072963.0,18.878,23512687000.0,493528000.0,9015000.0,0.0,199.892,
51,AIZ,MRQ,2008-09-30,2008-09-30,2008-09-30,2021-08-05,-475798000.0,25354315000.0,,,,,31.629,-8771000.0,1053679000.0,1053679000.0,1095048000.0,-111429000.0,,5.794,971933000.0,,,971933000.0,5579160000.0,0.0,0.0,0.009,0.14,-148330000.0,-148330000.0,-0.076,-148330000.0,-148330000.0,-163520000.0,-0.94,-0.94,-0.94,3731811000.0,,3731811000.0,6537991125.0,10.0,9.029,371940000.0,3.152,1.0,859487000.0,0.44,840490000.0,15190000.0,24432079000.0,,0.0,12721177000.0,,,21622504000.0,,,6522685125.0,97076000.0,-142689000.0,-59000000.0,0.0,-16463000.0,-229888000.0,-46787000.0,-71211000.0,380711000.0,-6960000.0,-111429000.0,-111429000.0,-111429000.0,0.0,0.0,-0.057,1007817000.0,-148330000.0,4978363000.0,-0.149,1.748,16.891,16.82,266281000.0,0.0,55.0,0.762,0.758,4530368000.0,2484399000.0,1954535000.0,1954535000.0,0.0,,,,,0.0,585050000.0,1.0,118594275.0,117985882,117985882.0,16.566,24513825000.0,351426000.0,-52091000.0,0.0,207.769,
52,AIZ,MRQ,2008-06-30,2008-06-30,2008-06-30,2021-08-05,-137768000.0,26212032000.0,,,,,35.901,-14033000.0,956603000.0,956603000.0,998208000.0,189954000.0,,5.171,971909000.0,,,971909000.0,5531862000.0,0.0,0.0,0.008,0.14,264701000.0,264701000.0,0.118,264701000.0,264701000.0,249414000.0,1.61,1.59,1.61,4247480000.0,,4247480000.0,7749532651.0,7.0,6.613,-30565000.0,-0.258,1.0,1250552000.0,0.556,828743000.0,15287000.0,25398595000.0,,0.0,13643847000.0,,,21964552000.0,,,7798240651.0,-63991000.0,31853000.0,0.0,0.0,-16567000.0,-22390000.0,-26119000.0,4142000.0,-16532000.0,1050000.0,189954000.0,189954000.0,189954000.0,0.0,0.0,0.084,985851000.0,264701000.0,4820401000.0,0.087,1.836,11.388,11.392,270139000.0,0.0,65.96,0.89,0.891,4444837000.0,2612291000.0,2248760000.0,2248760000.0,0.0,,,,,0.0,560763000.0,1.0,118226814.0,118309388,119640883.0,19.007,25383289000.0,68713000.0,59460000.0,0.0,214.55,
53,AIZ,MRQ,2008-03-31,2008-03-31,2008-03-31,2021-08-05,-5497000.0,26446415000.0,,,,,35.623,-14204000.0,1020594000.0,1020594000.0,937459000.0,186830000.0,,5.286,971886000.0,,,971886000.0,5412023000.0,0.0,0.0,0.008,0.12,301216000.0,301216000.0,0.138,301216000.0,301216000.0,285928000.0,1.58,1.56,1.58,4207215000.0,,4207215000.0,7354669368.0,7.0,6.26,435988000.0,3.692,1.0,1239866000.0,0.569,829039000.0,15288000.0,25568668000.0,,0.0,13778868000.0,,,22239200000.0,,,7187770368.0,215630000.0,0.0,0.0,0.0,-14173000.0,-43877000.0,-189911000.0,-190064000.0,450192000.0,-774000.0,186830000.0,186830000.0,186830000.0,0.0,0.0,0.086,938650000.0,301216000.0,5018353000.0,0.076,1.708,10.872,10.946,272333000.0,0.0,60.86,0.838,0.838,4516689000.0,2438904000.0,2177325000.0,2177325000.0,0.0,,,,,0.0,533442000.0,1.0,118103358.0,118103519,119387321.0,18.436,25617376000.0,0.0,99098000.0,146888000.0,216.906,
54,AIZ,MRQ,2007-12-31,2007-12-31,2007-12-31,2021-08-05,53911000.0,26750316000.0,,,,,34.498,-17638000.0,804964000.0,804964000.0,985591000.0,120818000.0,,5.542,971863000.0,,,971863000.0,5410709000.0,94307000.0,0.0,0.007,0.12,212200000.0,306507000.0,0.14,306507000.0,212200000.0,196903000.0,1.02,1.01,1.02,4088903000.0,,4088903000.0,8044807473.0,8.0,6.896,349084000.0,2.945,1.0,1197742000.0,0.549,832656000.0,15297000.0,26084559000.0,,0.0,13872763000.0,,,22661413000.0,,,7888123473.0,-10183000.0,-60899000.0,0.0,0.0,-14161000.0,-125461000.0,-252424000.0,-283403000.0,366722000.0,980000.0,120818000.0,120818000.0,120818000.0,0.0,0.0,0.055,985542000.0,212200000.0,5007899000.0,0.118,1.929,12.066,12.275,275779000.0,0.0,66.9,0.933,0.949,4484727000.0,2269107000.0,2183333000.0,2183333000.0,0.0,,,,,10145000.0,590322000.0,1.0,117909170.0,118526079,120052235.0,18.421,25917660000.0,26012000.0,76085000.0,108429000.0,218.666,
55,AIZ,MRQ,2007-09-30,2007-09-30,2007-09-30,2021-08-05,-2486000.0,26568380000.0,,,,,33.121,-7486000.0,815147000.0,815147000.0,935545000.0,187191000.0,,5.772,971831000.0,,,971831000.0,5142208000.0,0.0,0.0,0.008,0.12,299433000.0,299433000.0,0.139,299433000.0,299433000.0,284145000.0,1.58,1.56,1.58,3923065000.0,,3923065000.0,6334911870.0,5.0,4.662,313196000.0,2.644,1.0,1212647000.0,0.564,801709000.0,15288000.0,25923355000.0,,0.0,13719347000.0,,,22645315000.0,,,6373164870.0,-194924000.0,-101086000.0,-124882000.0,0.0,-14146000.0,-114334000.0,-404321000.0,-271819000.0,320682000.0,3049000.0,187191000.0,187191000.0,187191000.0,0.0,0.0,0.087,913214000.0,299433000.0,5045056000.0,0.076,1.625,8.114,8.282,276960000.0,0.0,53.5,0.752,0.747,4505314000.0,2162450000.0,2148192000.0,2148192000.0,0.0,,,,,0.0,553458000.0,1.0,119124577.0,118447175,119741434.0,18.136,25766671000.0,0.0,96954000.0,64877000.0,217.537,
56,AIZ,MRQ,2007-06-30,2007-06-30,2007-06-30,2021-08-05,-48216000.0,25772955000.0,,,,,31.614,-17202000.0,1010071000.0,1010071000.0,902053000.0,166280000.0,,5.757,971818000.0,,,971818000.0,4860076000.0,0.0,0.0,0.007,0.12,267770000.0,267770000.0,0.13,267770000.0,267770000.0,252474000.0,1.38,1.36,1.38,3814392000.0,,3814392000.0,7341990220.0,6.0,5.623,328362000.0,2.721,1.0,1162674000.0,0.563,791195000.0,15296000.0,24943507000.0,,0.0,12977440000.0,,,21958563000.0,,,7130029220.0,250236000.0,0.0,-115686000.0,-21000.0,-14498000.0,-71137000.0,-28699000.0,35205000.0,345564000.0,4508000.0,166280000.0,166280000.0,166280000.0,0.0,0.0,0.081,894904000.0,267770000.0,4997919000.0,0.087,1.869,9.512,9.691,279748000.0,0.0,58.92,0.858,0.855,4425991000.0,1989405000.0,2064727000.0,2064727000.0,0.0,,,,,0.0,539859000.0,1.0,121012037.0,120657052,122492504.0,17.112,24981760000.0,0.0,86194000.0,55298000.0,207.048,
57,AIZ,MRQ,2007-03-31,2007-03-31,2007-03-31,2021-08-05,88990000.0,25461049000.0,,,,,32.102,-14965000.0,759835000.0,759835000.0,889522000.0,179457000.0,,5.493,971796000.0,,,971796000.0,4602760000.0,0.0,0.0,0.007,0.1,292815000.0,292815000.0,0.142,292815000.0,292815000.0,277518000.0,1.47,1.45,1.47,3921261000.0,,3921261000.0,6545526239.0,5.0,5.092,155628000.0,1.274,1.0,1167741000.0,0.568,790545000.0,15297000.0,24882465000.0,,0.0,13177368000.0,,,21539788000.0,,,6561424239.0,-227837000.0,0.0,-75002000.0,-21000.0,-12233000.0,124355000.0,-523141000.0,-307760000.0,170593000.0,356000.0,179457000.0,179457000.0,179457000.0,0.0,0.0,0.087,874926000.0,292815000.0,4937065000.0,0.068,1.673,8.934,9.121,278653000.0,0.0,53.63,0.8,0.799,4368187000.0,1837623000.0,2057263000.0,2057263000.0,0.0,,,,,0.0,555212000.0,1.0,122346154.0,122149873,124111534.0,16.842,24670504000.0,0.0,98061000.0,138251000.0,201.969,
58,AIZ,MRQ,2006-12-31,2006-12-31,2006-12-31,2021-08-05,88064000.0,25165148000.0,,,,,31.12,128122000.0,987672000.0,987672000.0,883321000.0,252507000.0,,5.566,971774000.0,,,971774000.0,4429893000.0,93305000.0,0.0,0.007,0.1,405488000.0,498793000.0,0.226,498793000.0,405488000.0,390182000.0,2.03,1.99,2.03,3832597000.0,,3832597000.0,7142341632.0,6.0,5.705,436848000.0,3.547,1.0,1324312000.0,0.6,790519000.0,15306000.0,24358731000.0,,0.0,12563582000.0,,,21332551000.0,,,6817725632.0,340535000.0,0.0,-103986000.0,0.0,-12320000.0,-412271000.0,442404000.0,31380000.0,308726000.0,1676000.0,252507000.0,252507000.0,252507000.0,0.0,0.0,0.114,918824000.0,405488000.0,5096469000.0,0.049,1.779,9.503,9.761,275201000.0,0.0,55.25,0.845,0.868,4526983000.0,1676171000.0,2207633000.0,2207633000.0,0.0,,,,,15008000.0,600650000.0,1.0,123397749.0,123153882,125618413.0,17.926,24374629000.0,0.0,137675000.0,93389000.0,197.92,
59,AIZ,MRQ,2006-09-30,2006-09-30,2006-09-30,2021-08-05,158150000.0,25023450000.0,,,,,29.886,-9081000.0,647137000.0,647137000.0,888317000.0,151303000.0,,5.656,971753000.0,,,971753000.0,4215615000.0,0.0,0.0,0.007,0.1,246348000.0,246348000.0,0.124,246348000.0,246348000.0,231041000.0,1.2,1.18,1.2,3759441000.0,,3759441000.0,7052271818.0,8.0,7.046,298197000.0,2.371,1.0,1095762000.0,0.552,805186000.0,15307000.0,24542880000.0,,0.0,12920233000.0,,,21264009000.0,,,6744041818.0,-16364000.0,0.0,-154969000.0,-21000.0,-12568000.0,-110688000.0,-215473000.0,-142950000.0,307278000.0,2519000.0,151303000.0,151303000.0,151303000.0,0.0,0.0,0.076,849414000.0,246348000.0,5037746000.0,0.083,1.794,11.204,11.437,271696000.0,0.0,53.41,0.871,0.868,4513516000.0,1435984000.0,1984079000.0,1984079000.0,0.0,,,,,0.0,551042000.0,1.0,126269272.0,125793731,127766049.0,15.772,24218264000.0,1952000.0,79738000.0,63345000.0,192.524,
60,AIZ,MRQ,2006-06-30,2006-06-30,2006-06-30,2021-08-05,-39997000.0,24532416000.0,,,,,27.787,-11706000.0,663501000.0,663501000.0,874204000.0,151136000.0,,5.871,971731000.0,,,971731000.0,4049636000.0,0.0,0.0,0.007,0.1,247478000.0,247478000.0,0.127,247478000.0,247478000.0,232163000.0,1.18,1.16,1.18,3570354000.0,,3570354000.0,6563973073.0,8.0,7.203,235550000.0,1.833,1.0,1074886000.0,0.551,805254000.0,15315000.0,24035392000.0,,0.0,12439165000.0,,,20962062000.0,,,6242967073.0,12796000.0,47514000.0,-101633000.0,-20000.0,-12860000.0,-51201000.0,-189811000.0,-160598000.0,247256000.0,6552000.0,151136000.0,151136000.0,151136000.0,0.0,0.0,0.078,827408000.0,247478000.0,4994632000.0,0.085,1.749,11.331,11.496,274670000.0,0.0,48.4,0.817,0.814,4461585000.0,1297249000.0,1949090000.0,1949090000.0,0.0,,,,,0.0,542627000.0,1.0,128986923.0,128488126,130327634.0,15.169,23727162000.0,78157000.0,81027000.0,0.0,184.664,
61,AIZ,MRQ,2006-03-31,2006-03-31,2006-03-31,2021-08-05,78400000.0,24680684000.0,,,,,28.105,-10628000.0,650705000.0,650705000.0,889679000.0,162472000.0,,5.755,971711000.0,,,971711000.0,3906705000.0,0.0,0.0,0.006,0.08,259218000.0,259218000.0,0.134,259218000.0,259218000.0,243903000.0,1.25,1.23,1.25,3653569000.0,,3653569000.0,6516605148.0,8.0,7.514,46375000.0,0.357,1.0,1040103000.0,0.539,804889000.0,15315000.0,24196801000.0,,0.0,12396472000.0,,,21027115000.0,,,6400484148.0,-204864000.0,0.0,-61863000.0,-18000.0,-10409000.0,-140650000.0,-121631000.0,-169279000.0,57003000.0,414000.0,162472000.0,162472000.0,162472000.0,0.0,0.0,0.084,782432000.0,257671000.0,4992501000.0,0.064,1.752,12.135,12.437,268242000.0,0.0,49.25,0.846,0.846,4589963000.0,1158973000.0,1929782000.0,1929782000.0,0.0,,,,,0.0,497049000.0,1.0,129959069.0,129998426,132000306.0,14.845,23875795000.0,12953000.0,81431000.0,36569000.0,183.662,
62,AIZ,MRQ,2005-12-31,2005-12-31,2005-12-31,2021-08-05,219499000.0,25365453000.0,,,,,28.24,-5812000.0,855569000.0,855569000.0,867773000.0,137046000.0,,5.856,971690000.0,,,971690000.0,3851614000.0,83169000.0,0.0,0.007,0.08,164727000.0,247896000.0,0.132,247896000.0,164727000.0,149412000.0,1.04,1.03,1.04,3699559000.0,,3699559000.0,6023113835.0,8.0,7.529,283478000.0,2.164,1.0,1013804000.0,0.539,804864000.0,15315000.0,24676710000.0,,0.0,12667335000.0,,,21665894000.0,,,5692711835.0,214301000.0,0.0,-88272000.0,-64000.0,-10474000.0,-22459000.0,-50607000.0,47411000.0,289290000.0,-1923000.0,137046000.0,137046000.0,137046000.0,0.0,0.0,0.073,849077000.0,164727000.0,5657175000.0,0.077,1.539,11.876,12.32,267720000.0,0.0,43.49,0.759,0.788,4902599000.0,1006910000.0,1881577000.0,1881577000.0,0.0,,,,,40089000.0,600785000.0,1.0,130897030.0,131005996,131643350.0,14.363,24560589000.0,3868000.0,12366000.0,47514000.0,187.477,
63,AIZ,MRQ,2005-09-30,2005-09-30,2005-09-30,2021-08-05,263029000.0,25412444000.0,,,,,27.213,-14285000.0,641268000.0,641268000.0,970596000.0,100287000.0,,5.932,971670000.0,,,971670000.0,3661575000.0,0.0,0.0,0.008,0.08,156689000.0,156689000.0,0.083,156689000.0,156689000.0,141374000.0,0.74,0.74,0.74,3665802000.0,,3665802000.0,5628186294.0,8.0,7.328,418856000.0,3.109,1.0,908845000.0,0.484,817828000.0,15315000.0,24925018000.0,,0.0,12613096000.0,,,21746642000.0,,,5157306294.0,140498000.0,0.0,-137463000.0,-74000.0,-10776000.0,-195944000.0,-95260000.0,-136237000.0,433141000.0,-1439000.0,100287000.0,100287000.0,100287000.0,0.0,0.0,0.053,752156000.0,156689000.0,5997292000.0,0.108,1.407,12.037,12.277,275149000.0,0.0,38.06,0.688,0.684,5270953000.0,880338000.0,1879441000.0,1879441000.0,0.0,,,,,0.0,516381000.0,1.0,135504632.0,134706785,136177498.0,13.952,24594616000.0,0.0,41087000.0,94936000.0,182.579,
64,AIZ,MRQ,2005-06-30,2005-06-30,2005-06-30,2021-08-05,399549000.0,24456763000.0,,,,,27.912,-8147000.0,500770000.0,500770000.0,924011000.0,127624000.0,,5.363,971650000.0,,,971650000.0,3493567000.0,0.0,0.0,0.008,0.08,203413000.0,203413000.0,0.109,203413000.0,203413000.0,188099000.0,0.93,0.92,0.93,3843422000.0,,3843422000.0,5482500090.0,8.0,7.452,177923000.0,1.292,1.0,950292000.0,0.507,820501000.0,15314000.0,24107142000.0,,0.0,12719827000.0,,,20613341000.0,,,4985903090.0,25736000.0,0.0,-95310000.0,0.0,-11005000.0,-124694000.0,-35640000.0,-33245000.0,186070000.0,0.0,127624000.0,127624000.0,127624000.0,0.0,0.0,0.068,746879000.0,203413000.0,5038160000.0,0.086,1.297,12.372,12.491,273642000.0,0.0,36.1,0.669,0.667,4482479000.0,790827000.0,1874303000.0,1874303000.0,0.0,,,,,0.0,519784000.0,1.0,138113659.0,137700163,139019388.0,13.611,23636262000.0,0.0,60475000.0,141378000.0,171.65,
65,AIZ,MRQ,2005-03-31,2005-03-31,2005-03-31,2021-08-05,256529000.0,24321974000.0,,,,,26.017,-13589000.0,475034000.0,475034000.0,943524000.0,114398000.0,,5.69,971631000.0,,,971631000.0,3381896000.0,0.0,0.0,0.008,0.07,192037000.0,192037000.0,0.103,192037000.0,192037000.0,176723000.0,0.82,0.82,0.82,3635577000.0,,3635577000.0,4879956308.0,8.0,7.05,-15781000.0,-0.113,1.0,918830000.0,0.493,820617000.0,15314000.0,23997954000.0,,0.0,12563332000.0,,,20686397000.0,,,4715427308.0,-332048000.0,0.0,-17829000.0,-41000.0,-9795000.0,37325000.0,-367181000.0,-289599000.0,-2192000.0,0.0,114398000.0,114398000.0,114398000.0,0.0,0.0,0.061,726793000.0,192037000.0,5252748000.0,0.085,1.297,12.724,12.814,278691000.0,0.0,33.7,0.636,0.635,4621963000.0,674208000.0,1862354000.0,1862354000.0,0.0,,,,,0.0,511348000.0,1.0,139923659.0,139736533,139833013.0,13.328,23501357000.0,31757000.0,62325000.0,110159000.0,168.183,
66,AIZ,MRQ,2004-12-31,2004-12-31,2004-12-31,2021-08-05,338163000.0,24548106000.0,,,,,26.009,-16718000.0,807082000.0,807082000.0,950821000.0,86128000.0,,5.752,971611000.0,,,971611000.0,3354299000.0,60757000.0,0.0,0.007,0.07,155183000.0,215940000.0,0.115,215940000.0,155183000.0,139869000.0,0.61,0.61,0.61,3635431000.0,,3635431000.0,4554982908.0,8.0,6.974,224863000.0,1.609,1.0,927275000.0,0.494,823054000.0,15314000.0,23889581000.0,,0.0,12318709000.0,,,20912675000.0,,,4275762908.0,114709000.0,0.0,-27593000.0,-24000.0,-9789000.0,-41467000.0,-92301000.0,-85646000.0,241581000.0,6896000.0,86128000.0,86128000.0,86128000.0,0.0,0.0,0.046,772092000.0,155183000.0,5352373000.0,0.115,1.176,12.197,12.075,277088000.0,0.0,30.55,0.577,0.57,4613327000.0,569605000.0,1878096000.0,1878096000.0,0.0,,,,,945000.0,602814000.0,1.0,139959506.0,139778082,140415065.0,13.436,23725052000.0,0.0,53741000.0,76093000.0,169.734,
67,AIZ,MRQ,2004-09-30,2004-09-30,2004-09-30,2021-08-05,306665000.0,23619537000.0,,,,,25.073,-10745000.0,692373000.0,692373000.0,976934000.0,74844000.0,,5.644,971593000.0,,,971593000.0,3221977000.0,0.0,0.0,0.005,0.07,124361000.0,124361000.0,0.068,124361000.0,124361000.0,109254000.0,0.53,0.53,0.53,3555051000.0,,3555051000.0,4061714756.0,13.0,11.537,249269000.0,1.758,1.0,856613000.0,0.467,831346000.0,15107000.0,23067411000.0,,0.0,11610075000.0,,,20064486000.0,,,3698970756.0,83503000.0,0.0,-35238000.0,-28000.0,-9928000.0,-44805000.0,-131706000.0,-148496000.0,260014000.0,0.0,74844000.0,74844000.0,74844000.0,0.0,0.0,0.041,732252000.0,124361000.0,5362600000.0,0.132,1.04,19.802,21.311,270922000.0,0.0,26.0,0.501,0.5,4745602000.0,493266000.0,1833547000.0,1833547000.0,0.0,,,,,0.0,518455000.0,1.0,142268106.0,141787153,141694172.0,12.932,22788191000.0,31385000.0,34410000.0,74589000.0,160.721,
68,AIZ,MRQ,2004-06-30,2004-06-30,2004-06-30,2021-08-05,135697000.0,23349181000.0,,,,,23.588,-10682000.0,608870000.0,608870000.0,943049000.0,95210000.0,,5.961,971614000.0,,,971614000.0,3139535000.0,0.0,0.0,0.003,0.07,159878000.0,159878000.0,0.087,159878000.0,159878000.0,144044000.0,0.67,0.67,0.67,3354204000.0,,3354204000.0,4149179873.0,13.0,11.11,125336000.0,0.881,1.0,896114000.0,0.487,833789000.0,15834000.0,22878136000.0,,0.0,11181456000.0,,,19994977000.0,,,3751464873.0,35009000.0,0.0,-1049000.0,0.0,-9959000.0,-75686000.0,-25323000.0,-77199000.0,136018000.0,0.0,95210000.0,95210000.0,95210000.0,0.0,0.0,0.052,736236000.0,159878000.0,5241156000.0,0.104,1.118,17.75,16.488,272198000.0,0.0,26.38,0.512,0.512,4764866000.0,428350000.0,1839163000.0,1839163000.0,0.0,,,,,0.0,496117000.0,1.0,142208676.0,142196828,142220994.0,12.934,22515392000.0,130394000.0,48834000.0,57707000.0,158.34,
69,AIZ,MRQ,2004-03-31,2004-03-31,2004-03-31,2021-08-05,415760000.0,23704277000.0,,,,,27.404,-13311000.0,573861000.0,573861000.0,968965000.0,94378000.0,,5.678,971576000.0,,,971576000.0,3170594000.0,0.0,0.0,0.0,0.0,152924000.0,152924000.0,0.082,152924000.0,152924000.0,142761000.0,0.73,0.73,0.73,3549457000.0,,3549457000.0,4369845866.0,14.0,12.442,164030000.0,1.266,1.0,890943000.0,0.479,828445000.0,10163000.0,23273547000.0,,0.0,11556865000.0,,,20154820000.0,,,3578042866.0,-384336000.0,0.0,725743000.0,-778463000.0,0.0,-66045000.0,-495632000.0,-255318000.0,177341000.0,0.0,94378000.0,94378000.0,94378000.0,0.0,0.0,0.051,735856000.0,155087000.0,5303076000.0,0.0,1.008,17.303,14.29,284294000.0,0.0,25.15,0.497,0.452,4825185000.0,343099000.0,1859908000.0,1859908000.0,0.0,,,,,0.0,538594000.0,1.0,142268106.0,129521599,129521599.0,14.36,22875832000.0,8909000.0,48383000.0,90916000.0,176.618,
70,AIZ,MRQ,2003-12-31,2003-12-31,2003-12-31,2021-08-05,318527000.0,24060016000.0,,,,,24.099,-13297000.0,958197000.0,958197000.0,1001438000.0,-77633000.0,,8.141,1750000000.0,,,1750000000.0,3133847000.0,48117000.0,0.0,,0.0,-133217000.0,-85100000.0,-0.046,-85100000.0,-133217000.0,-134392000.0,-0.71,-0.71,-0.71,2632103000.0,,2632103000.0,,,,73784000.0,0.676,1.0,844862000.0,0.458,828523000.0,1175000.0,24023296000.0,,0.0,11536317000.0,,,21427913000.0,,,,413832000.0,0.0,0.0,1750000000.0,0.0,543966000.0,-217215000.0,-191079000.0,87081000.0,0.0,-77633000.0,-77633000.0,-77633000.0,0.0,0.0,-0.042,747153000.0,97709000.0,5274964000.0,0.0,,,,283762000.0,0.0,,,,4845287000.0,248721000.0,1846300000.0,1846300000.0,0.0,,,,,0.0,553133000.0,1.0,145072251.0,109222276,109222276.0,16.904,23231493000.0,86820000.0,-56759000.0,0.0,212.699,
71,AIZ,MRQ,2003-09-30,2003-09-30,2003-09-30,2021-08-05,361766000.0,22873297000.0,,,,,25.208,-15527000.0,441468000.0,441468000.0,879321000.0,99398000.0,,7.308,0.0,,,0.0,3194138000.0,0.0,0.0,,0.0,145776000.0,145776000.0,0.082,145776000.0,145776000.0,145776000.0,0.91,0.91,0.91,2753223000.0,,2753223000.0,,,,238141000.0,2.18,1.0,896256000.0,0.505,834138000.0,0.0,21597691000.0,,0.0,10911544000.0,,,20120074000.0,,,,103819000.0,0.0,0.0,0.0,-21053000.0,-21252000.0,-128597000.0,-124319000.0,253668000.0,0.0,99398000.0,99398000.0,99398000.0,0.0,0.0,0.056,721192000.0,175064000.0,5097575000.0,0.0,,,,284906000.0,0.0,,,,4945756000.0,326602000.0,1775577000.0,1775577000.0,0.0,,,,,0.0,526630000.0,1.0,145072251.0,109222276,109222276.0,16.257,22039159000.0,90007000.0,46378000.0,90747000.0,201.783,
72,AIZ,MRQ,2003-06-30,2003-06-30,2003-06-30,2021-08-05,,,,,,,,-36839000.0,,,888241000.0,90650000.0,,,,,,,,0.0,,,0.0,137606000.0,137606000.0,0.08,137606000.0,137606000.0,137606000.0,0.83,0.83,0.83,,,,,,,69501000.0,0.636,1.0,834360000.0,0.484,,0.0,,,,,,,,,,,-298091000.0,0.0,0.0,0.0,-139311000.0,-139564000.0,-264867000.0,-217666000.0,106340000.0,0.0,90650000.0,90650000.0,90650000.0,0.0,0.0,0.053,667819000.0,166541000.0,,0.0,,,,,0.0,,,,,,1722601000.0,1722601000.0,0.0,,,,,0.0,433549000.0,1.0,145072251.0,109222276,109222276.0,15.772,,,46956000.0,,,
73,AIZ,MRQ,2003-03-31,2003-03-31,2003-03-31,2021-08-05,,,,,,,,-13106000.0,,,888763000.0,73237000.0,,,,,,,,0.0,,,0.0,110367000.0,110367000.0,0.064,110367000.0,110367000.0,110367000.0,0.67,0.67,0.67,,,,,,,258489000.0,2.367,1.0,842977000.0,0.487,,0.0,,,,,,,,,,,127943000.0,0.0,0.0,0.0,-20823000.0,-21586000.0,-122066000.0,-108960000.0,271595000.0,0.0,73237000.0,73237000.0,73237000.0,0.0,0.0,0.042,702979000.0,139998000.0,,0.0,,,,,0.0,,,,,,1731740000.0,1731740000.0,0.0,,,,,0.0,563820000.0,1.0,145072251.0,109222276,109222276.0,15.855,,,37130000.0,,,
74,AIZ,MRQ,2002-12-31,2002-12-31,2002-12-31,2021-08-05,244985000.0,22279055000.0,,,,,23.392,-3288000.0,610694000.0,610694000.0,874324000.0,60408000.0,,7.144,0.0,,,0.0,3207636000.0,8787000.0,0.0,,0.0,84716000.0,93503000.0,0.056,93503000.0,84716000.0,84716000.0,0.55,0.55,0.55,2555059000.0,,2555059000.0,,,,153247000.0,1.403,1.0,807460000.0,0.48,834138000.0,0.0,20834223000.0,,0.0,10299323000.0,,,18253262000.0,,,,96553000.0,-12000000.0,0.0,0.0,0.0,-763000.0,-59219000.0,-83995000.0,156535000.0,0.0,60408000.0,60408000.0,60408000.0,0.0,0.0,0.036,692470000.0,114990000.0,5155664000.0,0.0,,,,250785000.0,0.0,,,,5051003000.0,245219000.0,1681784000.0,1681784000.0,0.0,,,,,0.0,632037000.0,1.0,145072251.0,109229925,109229925.0,15.397,21444917000.0,168200000.0,24308000.0,25191000.0,196.328,
0,AIZ,MRT,2021-06-30,2021-06-30,2021-06-30,2021-08-05,604000000.0,45994800000.0,44659475000.0,,,0.225,96.874,-160200000.0,2746000000.0,2746000000.0,2417000000.0,474900000.0,,6.785,2550500000.0,,,2550500000.0,17948000000.0,163400000.0,0.0,0.017,2.61,752200000.0,915600000.0,0.091,915600000.0,752200000.0,642700000.0,7.69,7.61,7.69,5908400000.0,5904600000.0,5908400000.0,10011696742.0,13.0,10.935,1418600000.0,23.259,1.0,7615500000.0,0.759,3243100000.0,109500000.0,42556200000.0,41537700000.0,0.0,8735300000.0,,,40086400000.0,,,9459296742.0,634300000.0,-338000000.0,-440700000.0,340900000.0,-157000000.0,-297600000.0,-669700000.0,-60400000.0,1578800000.0,22800000.0,475400000.0,461300000.0,461300000.0,-33200000.0,-500000.0,0.046,6897000000.0,718500000.0,5393900000.0,0.339,1.601,20.506,20.309,495200000.0,14100000.0,156.18,0.943,0.949,8402400000.0,3640300000.0,10032500000.0,10032500000.0,0.0,0.01,0.078,0.018,0.075,61900000.0,2948600000.0,1.0,60566633.0,60990609,61322556.0,164.493,42751700000.0,0.0,167300000.0,0.0,700.955,
1,AIZ,MRT,2021-03-31,2021-03-31,2021-03-31,2021-08-05,504500000.0,44410600000.0,44219075000.0,,,0.223,98.36,-140500000.0,1651300000.0,1651300000.0,2402300000.0,449700000.0,,6.627,2203700000.0,,,2203700000.0,17301000000.0,152900000.0,0.0,0.018,2.58,717500000.0,870400000.0,0.088,870400000.0,717500000.0,610100000.0,7.22,7.1,7.22,5822200000.0,5919450000.0,5822200000.0,8233216107.0,11.0,9.459,906500000.0,15.314,1.0,7439900000.0,0.756,3258700000.0,107400000.0,41704300000.0,41218700000.0,0.0,9353400000.0,,,38585000000.0,,,8208916107.0,-328300000.0,-514000000.0,-302200000.0,-6800000.0,-154800000.0,-509200000.0,-902600000.0,-157400000.0,1047000000.0,36500000.0,450100000.0,431400000.0,431400000.0,-28000000.0,-400000.0,0.044,6750800000.0,689100000.0,4987500000.0,0.357,1.41,19.029,19.636,469100000.0,18700000.0,141.77,0.834,0.853,8452300000.0,3635500000.0,9842200000.0,9842200000.0,0.0,0.01,0.073,0.017,0.073,59600000.0,2926800000.0,1.0,57903055.0,59192880,61783392.0,166.273,41151900000.0,0.0,160000000.0,0.0,695.217,
2,AIZ,MRT,2020-12-31,2020-12-31,2020-12-31,2021-08-05,709800000.0,44649900000.0,43972250000.0,,,0.23,99.001,-121200000.0,2207600000.0,2207600000.0,2549300000.0,442700000.0,,6.502,2252900000.0,,,2252900000.0,17293100000.0,144300000.0,0.0,0.019,2.55,618900000.0,763200000.0,0.076,763200000.0,618900000.0,514400000.0,7.04,6.99,7.04,5951400000.0,5806400000.0,5951400000.0,7809776998.0,13.0,10.233,1220800000.0,20.308,1.0,7545500000.0,0.747,3285500000.0,104500000.0,41409700000.0,40986050000.0,0.0,9375000000.0,,,38695100000.0,,,8004176998.0,361500000.0,-509900000.0,-307300000.0,242500000.0,-154600000.0,-264800000.0,-735200000.0,-107100000.0,1342000000.0,19500000.0,441800000.0,423100000.0,423100000.0,0.0,900000.0,0.042,6925700000.0,619800000.0,5309200000.0,0.362,1.345,18.918,19.349,446100000.0,18700000.0,136.22,0.793,0.811,8154300000.0,3548700000.0,10094800000.0,10094800000.0,0.0,0.01,0.073,0.015,0.061,57900000.0,3110000000.0,1.0,58759191.0,60114670,63179938.0,167.926,41364400000.0,0.0,72600000.0,0.0,688.092,
3,AIZ,MRT,2020-09-30,2020-09-30,2020-09-30,2021-08-05,658200000.0,43582600000.0,43882575000.0,,,0.226,98.628,-120900000.0,2203000000.0,2203000000.0,2416200000.0,432500000.0,,6.341,2008600000.0,,,2008600000.0,17116600000.0,143200000.0,0.0,0.021,2.52,605800000.0,749000000.0,0.076,749000000.0,605800000.0,502700000.0,6.76,6.64,6.76,5936400000.0,5731750000.0,5936400000.0,7306408221.0,12.0,9.755,1026200000.0,17.049,1.0,7493400000.0,0.756,2907600000.0,103100000.0,40480600000.0,41020475000.0,0.0,16545700000.0,,,37642600000.0,,,7235908221.0,453700000.0,-225000000.0,-272400000.0,-8000000.0,-153400000.0,-425900000.0,-281400000.0,161300000.0,1147100000.0,13900000.0,430200000.0,411500000.0,411500000.0,-20900000.0,2300000.0,0.042,6906200000.0,587200000.0,6242700000.0,0.373,1.219,17.584,17.945,468400000.0,18700000.0,121.31,0.73,0.737,11372900000.0,6126000000.0,9909600000.0,9909600000.0,0.0,0.009,0.072,0.015,0.061,57100000.0,3167900000.0,1.0,59648077.0,60190103,60190103.0,164.638,40675000000.0,0.0,72500000.0,0.0,675.776,
4,AIZ,MRT,2020-06-30,2020-06-30,2020-06-30,2021-08-05,568900000.0,44233200000.0,43924800000.0,,,0.226,98.864,-98700000.0,2137500000.0,2137500000.0,2411800000.0,409800000.0,,6.409,2208000000.0,,,2208000000.0,16557200000.0,130400000.0,0.0,0.024,2.49,590100000.0,720500000.0,0.073,720500000.0,590100000.0,480300000.0,6.38,6.26,6.38,5967800000.0,5662300000.0,5967800000.0,6369081109.0,11.0,8.84,881200000.0,14.598,1.0,7494600000.0,0.757,3023500000.0,109800000.0,41280200000.0,41182750000.0,0.0,16186100000.0,,,38248700000.0,,,6161481109.0,647100000.0,-194700000.0,-268200000.0,146900000.0,-153200000.0,-285800000.0,-42400000.0,346800000.0,979900000.0,-4600000.0,405600000.0,386900000.0,386900000.0,-20900000.0,4200000.0,0.039,6889800000.0,604800000.0,5924900000.0,0.39,1.032,15.925,16.19,450100000.0,18700000.0,103.29,0.622,0.629,11057300000.0,6194400000.0,9906400000.0,9906400000.0,0.0,0.009,0.068,0.014,0.06,56600000.0,3244900000.0,1.0,59652252.0,60363577,63347189.0,164.112,41209700000.0,0.0,74700000.0,0.0,682.691,
5,AIZ,MRT,2020-03-31,2020-03-31,2020-03-31,2021-08-05,88400000.0,43423300000.0,43651375000.0,,,0.231,88.61,-98200000.0,1999900000.0,1999900000.0,2575200000.0,374000000.0,,7.083,2207500000.0,,,2207500000.0,16673600000.0,128600000.0,0.0,0.024,2.46,552000000.0,680600000.0,0.067,680600000.0,552000000.0,442400000.0,5.75,5.66,5.75,5370000000.0,5602900000.0,5370000000.0,6366854554.0,12.0,9.355,944800000.0,15.59,1.0,7524700000.0,0.745,2857200000.0,109600000.0,40773700000.0,41051275000.0,0.0,15378000000.0,,,38037100000.0,,,6227054554.0,725700000.0,-7600000.0,-267300000.0,144600000.0,-151900000.0,-308700000.0,9300000.0,163100000.0,1043000000.0,-17900000.0,371600000.0,352900000.0,352900000.0,-7200000.0,2400000.0,0.035,6946100000.0,578600000.0,5862600000.0,0.428,1.16,17.645,18.103,438100000.0,18700000.0,104.09,0.617,0.625,11175500000.0,6061100000.0,10099900000.0,10099900000.0,0.0,0.008,0.063,0.013,0.055,55900000.0,3343200000.0,1.0,59823754.0,60602911,63626926.0,166.657,40566100000.0,0.0,70800000.0,0.0,669.375,
6,AIZ,MRT,2019-12-31,2019-12-31,2019-12-31,2021-08-05,411500000.0,44291200000.0,43354800000.0,,,0.233,91.258,-110300000.0,1867100000.0,1867100000.0,2654700000.0,386800000.0,,6.83,2006900000.0,,,2006900000.0,16603600000.0,125800000.0,0.0,0.019,2.43,660900000.0,786700000.0,0.078,786700000.0,660900000.0,550300000.0,5.87,5.84,5.87,5652800000.0,5620550000.0,5652800000.0,8205144859.0,12.0,10.43,1303100000.0,21.037,1.0,7432100000.0,0.737,2883600000.0,110600000.0,41547400000.0,40865775000.0,0.0,16571600000.0,,,38609100000.0,,,7948144859.0,613100000.0,-7600000.0,-252100000.0,235500000.0,-151300000.0,-179200000.0,-619800000.0,-509700000.0,1413400000.0,-1300000.0,382600000.0,363900000.0,363900000.0,0.0,4200000.0,0.036,6735600000.0,696500000.0,6345200000.0,0.414,1.406,21.842,22.33,433700000.0,18700000.0,131.08,0.788,0.805,11286200000.0,5966400000.0,10086800000.0,10086800000.0,0.0,0.008,0.065,0.016,0.066,55900000.0,3250500000.0,1.0,60635832.0,61942969,62313468.0,162.84,41407600000.0,0.0,167700000.0,0.0,668.479,
7,AIZ,MRT,2019-09-30,2019-09-30,2019-09-30,2021-08-05,405200000.0,43751500000.0,42554325000.0,,,0.23,91.556,-94400000.0,1749300000.0,1749300000.0,2763400000.0,284600000.0,,6.726,2006300000.0,,,2006300000.0,16383200000.0,123700000.0,0.0,0.019,2.4,525500000.0,649200000.0,0.066,649200000.0,525500000.0,414000000.0,4.12,4.03,4.12,5658600000.0,5485350000.0,5658600000.0,8208389838.0,16.0,12.644,1275600000.0,20.639,1.0,7034000000.0,0.718,2878800000.0,111500000.0,41129700000.0,40203200000.0,0.0,16814300000.0,,,38061100000.0,,,7691489838.0,442700000.0,126700000.0,-182600000.0,381700000.0,-150700000.0,-2500000.0,-911700000.0,-949000000.0,1370000000.0,-13100000.0,280000000.0,261300000.0,261300000.0,0.0,4600000.0,0.027,6472500000.0,561500000.0,6365400000.0,0.583,1.359,29.435,30.539,418800000.0,18700000.0,125.82,0.785,0.794,11277700000.0,5882900000.0,9797400000.0,9797400000.0,0.0,0.006,0.048,0.013,0.054,58700000.0,3138800000.0,1.0,61130900.0,61804492,61804492.0,158.522,40872700000.0,0.0,134000000.0,0.0,661.322,
8,AIZ,MRT,2019-06-30,2019-06-30,2019-06-30,2021-08-05,328700000.0,43139500000.0,42477225000.0,,,0.225,92.093,-102500000.0,1490400000.0,1490400000.0,2739100000.0,390800000.0,,6.523,2007300000.0,,,2007300000.0,15934600000.0,132100000.0,0.0,0.022,2.36,621800000.0,753900000.0,0.079,753900000.0,621800000.0,516000000.0,5.84,5.75,5.84,5730200000.0,5375550000.0,5730200000.0,7272076671.0,12.0,9.646,1107600000.0,17.801,1.0,6829300000.0,0.714,2902100000.0,105800000.0,40754300000.0,40217425000.0,0.0,16984400000.0,,,37379200000.0,,,6539676671.0,236700000.0,163400000.0,-200500000.0,681200000.0,-148900000.0,312100000.0,-1297300000.0,-1364400000.0,1210100000.0,-10500000.0,387800000.0,369100000.0,369100000.0,0.0,3000000.0,0.039,6204500000.0,624800000.0,6090300000.0,0.404,1.141,17.718,18.216,419200000.0,18700000.0,106.38,0.683,0.692,10908300000.0,5980900000.0,9568400000.0,9568400000.0,0.0,0.009,0.069,0.015,0.065,61100000.0,3110800000.0,1.0,61474682.0,62222090,65288447.0,153.778,40237400000.0,0.0,128200000.0,0.0,646.674,
9,AIZ,MRT,2019-03-31,2019-03-31,2019-03-31,2021-08-05,103400000.0,42237000000.0,42282675000.0,,,0.209,86.918,-98700000.0,1274200000.0,1274200000.0,2542700000.0,315200000.0,,6.758,2006600000.0,,,2006600000.0,15638700000.0,126600000.0,0.0,0.024,2.32,514800000.0,641400000.0,0.072,641400000.0,514800000.0,409500000.0,4.69,4.63,4.69,5440600000.0,5271125000.0,5440600000.0,6607572580.0,13.0,10.302,880400000.0,14.065,1.0,6311900000.0,0.713,2937700000.0,105300000.0,40031700000.0,40048450000.0,0.0,16841800000.0,,,36765300000.0,,,5855572580.0,-1067800000.0,-1050100000.0,-166600000.0,1021700000.0,-141500000.0,714900000.0,-2728800000.0,-1586300000.0,979100000.0,-33000000.0,310700000.0,291800000.0,291800000.0,0.0,4500000.0,0.033,5792600000.0,519300000.0,5867500000.0,0.495,1.076,20.067,20.237,409800000.0,18900000.0,94.91,0.661,0.671,10757100000.0,5879700000.0,8854600000.0,8854600000.0,0.0,0.007,0.055,0.013,0.058,52400000.0,3060700000.0,1.0,61696055.0,62594828,65777945.0,141.459,39299300000.0,10700000.0,98800000.0,0.0,627.836,
10,AIZ,MRT,2018-12-31,2018-12-31,2018-12-31,2021-08-05,-155400000.0,41089300000.0,39830400000.0,,,0.202,86.294,-82800000.0,1254000000.0,1254000000.0,2342600000.0,252600000.0,,7.034,2006000000.0,,,2006000000.0,15648000000.0,126900000.0,0.0,0.025,2.28,432200000.0,559100000.0,0.069,559100000.0,432200000.0,331900000.0,4.0,3.98,4.0,5112000000.0,5033425000.0,5112000000.0,6248903946.0,14.0,11.177,573900000.0,9.688,1.0,5715000000.0,0.709,2944200000.0,100300000.0,38897100000.0,37763375000.0,0.0,16561700000.0,,,35955400000.0,,,5550103946.0,257200000.0,-1050100000.0,-123600000.0,1823900000.0,-133800000.0,1838000000.0,-2202500000.0,-1072200000.0,656700000.0,-35000000.0,251000000.0,236800000.0,236800000.0,0.0,1600000.0,0.029,5281200000.0,433800000.0,5723700000.0,0.57,1.086,23.438,22.36,392500000.0,14200000.0,89.44,0.689,0.658,10809500000.0,5759700000.0,8057600000.0,8057600000.0,0.0,0.006,0.047,0.011,0.054,57100000.0,2980400000.0,1.0,62053935.0,59239608,59545524.0,136.017,38145100000.0,0.0,80900000.0,0.0,643.912,
11,AIZ,MRT,2018-09-30,2018-09-30,2018-09-30,2021-08-05,-97700000.0,43443100000.0,37518825000.0,,,0.198,82.039,-51400000.0,1306600000.0,1306600000.0,2000100000.0,538900000.0,,7.32,2005400000.0,,,2005400000.0,15497200000.0,206300000.0,0.0,0.021,2.24,535200000.0,741500000.0,0.1,741500000.0,535200000.0,448900000.0,9.54,9.47,9.54,5219400000.0,4823075000.0,5219400000.0,7534609020.0,14.0,10.161,567200000.0,8.915,1.0,5417100000.0,0.73,2955300000.0,86300000.0,41186600000.0,35716125000.0,0.0,17403700000.0,,,38203400000.0,,,6783509020.0,313800000.0,-1178500000.0,-219300000.0,1977600000.0,-126300000.0,1933400000.0,-2203600000.0,-978200000.0,618600000.0,-34600000.0,538900000.0,529400000.0,529400000.0,0.0,0.0,0.071,4881900000.0,535200000.0,6596400000.0,0.235,1.3,12.814,11.316,381700000.0,9500000.0,107.95,0.915,0.926,12857800000.0,5777100000.0,7417200000.0,7417200000.0,0.0,0.014,0.11,0.015,0.072,74600000.0,2975400000.0,1.0,62839361.0,63621184,63800347.0,116.584,40487800000.0,42700000.0,-90000000.0,0.0,636.389,
12,AIZ,MRT,2018-06-30,2018-06-30,2018-06-30,2021-08-05,-137900000.0,42361300000.0,34759350000.0,,,0.194,93.103,-42900000.0,1253700000.0,1253700000.0,2001400000.0,428600000.0,,6.97,2004800000.0,,,2004800000.0,14505000000.0,170600000.0,0.0,0.021,2.21,337500000.0,508100000.0,0.075,508100000.0,337500000.0,265500000.0,7.73,7.66,7.73,5312500000.0,4552775000.0,5312500000.0,5115285202.0,15.0,10.067,660100000.0,11.568,1.0,4731900000.0,0.703,3034000000.0,72000000.0,40078400000.0,33233900000.0,0.0,17351700000.0,,,37028400000.0,,,5452885202.0,405500000.0,-1215200000.0,-177200000.0,1811900000.0,-119600000.0,1810100000.0,-2059700000.0,-806000000.0,703000000.0,-25600000.0,428600000.0,423800000.0,423800000.0,0.0,0.0,0.063,4394400000.0,337500000.0,6746000000.0,0.286,1.026,12.867,13.388,370600000.0,4800000.0,103.49,0.81,0.877,12491000000.0,5846300000.0,6733300000.0,6733300000.0,0.0,0.012,0.093,0.01,0.05,57200000.0,2906000000.0,1.0,52689972.0,57060313,57264408.0,118.003,39327300000.0,54300000.0,-163100000.0,0.0,689.223,
13,AIZ,MRT,2018-03-31,2018-03-31,2018-03-31,2021-08-05,51700000.0,32427900000.0,31683750000.0,,,0.205,84.443,-37600000.0,2342000000.0,2342000000.0,1927200000.0,481800000.0,,6.22,2004400000.0,,,2004400000.0,7084800000.0,145700000.0,0.0,0.024,2.18,424300000.0,570000000.0,0.088,570000000.0,424300000.0,365900000.0,8.82,8.73,8.82,4489800000.0,4280800000.0,4489800000.0,4868177045.0,11.0,8.541,392900000.0,7.39,1.0,4574900000.0,0.704,1198900000.0,58400000.0,30891400000.0,30495625000.0,0.0,10985500000.0,,,27926900000.0,,,4796777045.0,1467500000.0,-1700000.0,-290800000.0,1543200000.0,-119000000.0,1445000000.0,-403300000.0,-390000000.0,430500000.0,-4700000.0,481800000.0,481800000.0,481800000.0,0.0,0.0,0.074,4150600000.0,424300000.0,5521900000.0,0.247,1.068,9.956,10.364,355200000.0,0.0,91.41,0.738,0.747,10526900000.0,5815000000.0,6502100000.0,6502100000.0,0.0,0.015,0.113,0.014,0.065,51700000.0,2778700000.0,1.0,52475408.0,53169358,54189498.0,122.29,31229000000.0,34600000.0,-115900000.0,0.0,587.35,
14,AIZ,MRT,2017-12-31,2017-12-31,2017-12-31,2021-08-05,234000000.0,31843000000.0,30968700000.0,,,0.207,77.666,-35900000.0,996800000.0,996800000.0,1870600000.0,519600000.0,,6.454,1068200000.0,,,1068200000.0,7038600000.0,115700000.0,0.0,0.021,2.15,494000000.0,609700000.0,0.095,609700000.0,494000000.0,444500000.0,9.45,9.39,9.45,4270600000.0,4198050000.0,4270600000.0,5501472534.0,11.0,9.023,494500000.0,8.993,1.0,4544400000.0,0.708,1206300000.0,49500000.0,30708100000.0,29906775000.0,0.0,11577900000.0,,,27561500000.0,,,5426372534.0,-35200000.0,-129100000.0,-388900000.0,450800000.0,-119000000.0,-26700000.0,-541200000.0,-380900000.0,530400000.0,2300000.0,519600000.0,519600000.0,519600000.0,0.0,0.0,0.081,4050400000.0,494000000.0,6338900000.0,0.228,1.271,10.443,10.671,347600000.0,0.0,100.84,0.846,0.864,11027500000.0,5697300000.0,6415000000.0,6415000000.0,0.0,0.017,0.124,0.017,0.077,35500000.0,2710400000.0,1.0,53811707.0,54986654,55311032.0,116.665,30636700000.0,126300000.0,-75100000.0,0.0,557.166,
15,AIZ,MRT,2017-09-30,2017-09-30,2017-09-30,2021-08-05,256400000.0,32405200000.0,30435225000.0,,,0.213,75.896,-61800000.0,992800000.0,992800000.0,1885300000.0,238000000.0,,6.831,1067900000.0,,,1067900000.0,6962600000.0,125100000.0,0.0,0.022,2.12,391900000.0,517000000.0,0.08,517000000.0,391900000.0,340800000.0,4.38,4.31,4.38,4138200000.0,4154925000.0,4138200000.0,5435665512.0,14.0,10.514,481200000.0,8.825,1.0,4605500000.0,0.71,1222600000.0,51100000.0,31257700000.0,29397975000.0,0.0,11702900000.0,,,28267000000.0,,,5147265512.0,-123900000.0,-127400000.0,-445600000.0,34700000.0,-119100000.0,-514700000.0,-147700000.0,37100000.0,543000000.0,-4500000.0,238000000.0,238000000.0,238000000.0,0.0,0.0,0.037,4190600000.0,414900000.0,7708100000.0,0.484,1.244,21.627,21.808,358400000.0,0.0,95.52,0.793,0.802,11864700000.0,5414600000.0,6490800000.0,6490800000.0,0.0,0.008,0.057,0.013,0.06,41600000.0,2852900000.0,1.0,53886783.0,54524874,54524874.0,119.043,31182600000.0,117400000.0,102800000.0,0.0,571.897,
16,AIZ,MRT,2017-06-30,2017-06-30,2017-06-30,2021-08-05,236900000.0,30058900000.0,29904884000.0,,,0.225,76.491,-68600000.0,848200000.0,848200000.0,1638300000.0,439700000.0,,6.115,1136600000.0,,,1136600000.0,6718300000.0,125100000.0,0.0,0.02,2.09,722200000.0,847300000.0,0.126,847300000.0,722200000.0,669300000.0,7.83,7.73,7.83,4224600000.0,4246603500.0,4224600000.0,5873767513.0,8.0,6.932,363500000.0,6.582,1.0,5100200000.0,0.757,1222000000.0,52900000.0,29125300000.0,28891001250.0,0.0,11668400000.0,,,25834300000.0,,,5680967513.0,-384500000.0,-154800000.0,-636100000.0,-54100000.0,-120300000.0,-791700000.0,-16300000.0,204900000.0,432100000.0,-8600000.0,439700000.0,439700000.0,439700000.0,0.0,0.0,0.065,4355000000.0,745200000.0,5598700000.0,0.267,1.345,12.92,13.243,355500000.0,0.0,103.69,0.843,0.85,10289500000.0,5500700000.0,6738500000.0,6738500000.0,0.0,0.015,0.104,0.025,0.107,41600000.0,3019500000.0,1.0,54787998.0,55230367,55509898.0,122.007,28836900000.0,37500000.0,229600000.0,0.0,522.12,
17,AIZ,MRT,2017-03-31,2017-03-31,2017-03-31,2021-08-05,148300000.0,29567700000.0,29841212250.0,,,0.232,73.998,-77200000.0,874500000.0,874500000.0,1622700000.0,488800000.0,,6.11,1067300000.0,,,1067300000.0,6601600000.0,125100000.0,0.0,0.022,2.06,781800000.0,906900000.0,0.131,906900000.0,781800000.0,726100000.0,8.37,8.27,8.37,4158800000.0,4342471250.0,4158800000.0,5357774969.0,7.0,5.908,401600000.0,7.146,1.0,5313100000.0,0.766,1224500000.0,55700000.0,28536000000.0,28772726750.0,0.0,11483700000.0,,,25408900000.0,,,5322725969.0,-1186300000.0,-220700000.0,-722400000.0,-373000000.0,-122600000.0,-1188200000.0,-466200000.0,-147500000.0,478800000.0,-10800000.0,488800000.0,488800000.0,488800000.0,0.0,0.0,0.07,4508300000.0,804800000.0,5503000000.0,0.246,1.28,10.889,11.43,348800000.0,0.0,95.67,0.767,0.775,10112800000.0,5410800000.0,6935800000.0,6935800000.0,0.0,0.016,0.113,0.027,0.113,41600000.0,3176800000.0,1.0,55636312.0,56201342,56756641.0,123.41,28343200000.0,10200000.0,237300000.0,0.0,504.315,
18,AIZ,MRT,2016-12-31,2016-12-31,2016-12-31,2021-08-05,94600000.0,29709100000.0,30021086000.0,,,0.251,66.895,-85200000.0,1032000000.0,1032000000.0,1808500000.0,565400000.0,,6.249,1067000000.0,,,1067000000.0,6626500000.0,125100000.0,0.0,0.022,2.03,906200000.0,1031300000.0,0.137,1031300000.0,906200000.0,848600000.0,9.23,9.13,9.23,4098100000.0,4443932500.0,4098100000.0,5343128400.0,6.0,5.181,23400000.0,0.382,1.0,5723300000.0,0.76,1071200000.0,57600000.0,28672900000.0,28770523500.0,0.0,11511100000.0,,,25611000000.0,,,5294194400.0,-256300000.0,810700000.0,-863100000.0,-123400000.0,-125300000.0,-1080300000.0,725600000.0,-5000000.0,108600000.0,-16100000.0,565400000.0,565400000.0,565400000.0,0.0,0.0,0.075,4794100000.0,929200000.0,5768400000.0,0.22,1.292,9.364,10.061,343600000.0,0.0,92.86,0.703,0.755,10301200000.0,5296700000.0,7531800000.0,7531800000.0,0.0,0.019,0.127,0.031,0.12,41600000.0,3442800000.0,1.0,57012647.0,61261288,61934774.0,122.946,28637900000.0,20500000.0,283200000.0,0.0,467.471,
19,AIZ,MRT,2016-09-30,2016-09-30,2016-09-30,2021-08-05,328106000.0,30283836000.0,30102911500.0,,,0.277,74.755,-95661000.0,1116623000.0,1116623000.0,2389654000.0,599889000.0,,5.722,1165557000.0,,,1165557000.0,6443266000.0,137100000.0,0.0,0.022,2.0,961698000.0,1098798000.0,0.132,1098798000.0,961698000.0,904233000.0,9.48,9.37,9.48,4504914000.0,4550399250.0,4504914000.0,5486441051.0,6.0,4.993,-463235000.0,-7.687,1.0,5937586000.0,0.713,1102965000.0,57465000.0,29229805000.0,28802818000.0,0.0,12067440000.0,,,25778922000.0,,,5553860051.0,-427180000.0,795542000.0,-748527000.0,-400000.0,-128294000.0,-872368000.0,825226000.0,19345000.0,-367574000.0,-26241000.0,599889000.0,599889000.0,599889000.0,0.0,0.0,0.072,4975888000.0,961698000.0,5905845000.0,0.211,1.233,9.258,9.731,337100000.0,0.0,92.25,0.667,0.668,10372685000.0,5295671000.0,8327240000.0,8327240000.0,0.0,0.02,0.132,0.033,0.115,38800000.0,3630313000.0,1.0,60204445.0,60262073,60828341.0,138.184,29180871000.0,0.0,304344000.0,57083000.0,484.233,
20,AIZ,MRT,2016-06-30,2016-06-30,2016-06-30,2021-08-05,327254000.0,29804213000.0,30178475250.0,,,0.299,74.031,-103756000.0,1232674000.0,1232674000.0,3208659000.0,448467000.0,,5.468,1165255000.0,,,1165255000.0,6298466000.0,137100000.0,0.0,0.021,1.8,708326000.0,845426000.0,0.094,845426000.0,708326000.0,651082000.0,6.98,6.9,6.98,4608071000.0,4595070500.0,4608071000.0,4699663443.0,7.0,5.559,-366552000.0,-5.889,1.0,5818637000.0,0.645,1084592000.0,57244000.0,28652202000.0,28763240750.0,0.0,11998125000.0,,,25196142000.0,,,5345774443.0,-64680000.0,817669000.0,-550748000.0,-300000.0,-118750000.0,-712913000.0,954150000.0,134637000.0,-262796000.0,-43121000.0,448467000.0,448467000.0,448467000.0,0.0,0.0,0.05,5110311000.0,708326000.0,5643527000.0,0.258,1.16,11.92,12.365,327861000.0,0.0,86.31,0.592,0.595,9945642000.0,5181375000.0,9027296000.0,9027296000.0,0.0,0.015,0.098,0.025,0.078,38800000.0,3753597000.0,1.0,61936907.0,62244778,62723292.0,145.029,28719621000.0,0.0,202615000.0,81302000.0,461.398,
21,AIZ,MRT,2016-03-31,2016-03-31,2016-03-31,2021-08-05,225240000.0,30287195000.0,30437942500.0,,,0.324,70.132,-115553000.0,2060815000.0,2060815000.0,4075573000.0,311956000.0,,5.635,1414704000.0,,,1414704000.0,6308939000.0,137100000.0,0.0,0.021,1.6,511429000.0,648529000.0,0.066,648529000.0,511429000.0,455607000.0,4.74,4.67,4.74,4564645000.0,4650042750.0,4564645000.0,4880650093.0,10.0,7.526,-53987000.0,-0.829,1.0,5798817000.0,0.587,1113897000.0,55822000.0,28527187000.0,28985516000.0,0.0,11464061000.0,,,25722550000.0,,,4997573093.0,995691000.0,871998000.0,-454371000.0,249600000.0,-107766000.0,-377850000.0,1343285000.0,482140000.0,61566000.0,-34423000.0,311956000.0,311956000.0,311956000.0,0.0,0.0,0.032,5287388000.0,511429000.0,5632633000.0,0.338,1.095,16.02,16.276,312324000.0,0.0,77.15,0.506,0.509,10021350000.0,5044544000.0,9874390000.0,9874390000.0,0.0,0.01,0.067,0.018,0.052,38800000.0,3919491000.0,1.0,64777357.0,65086935,65920546.0,151.711,29173298000.0,0.0,143651000.0,258087000.0,448.22,
22,AIZ,MRT,2015-12-31,2015-12-31,2015-12-31,2021-08-05,118549000.0,30036402000.0,30566232750.0,,,0.338,66.369,-114900000.0,1288305000.0,1288305000.0,4742500000.0,141600000.0,,5.639,1164656000.0,,,1164656000.0,6423720000.0,137100000.0,0.0,0.017,1.37,256300000.0,393400000.0,0.038,393400000.0,256300000.0,201200000.0,2.08,2.05,2.08,4523967000.0,4790934500.0,4523967000.0,4930049631.0,19.0,12.532,115000000.0,1.687,1.0,5583000000.0,0.541,1110675000.0,55100000.0,28802078000.0,29290329750.0,0.0,13035926000.0,,,25512435000.0,,,5302680631.0,-30300000.0,33000000.0,-292900000.0,0.0,-94200000.0,-462400000.0,264300000.0,242700000.0,229900000.0,-56200000.0,141600000.0,141600000.0,141600000.0,0.0,0.0,0.014,5326700000.0,256300000.0,6472517000.0,0.659,1.172,37.448,38.721,298414000.0,0.0,80.54,0.514,0.532,8731120000.0,4856674000.0,10325500000.0,10325500000.0,0.0,0.005,0.03,0.009,0.025,38800000.0,3924100000.0,1.0,65839094.0,68163825,69017209.0,151.481,28925727000.0,24176000.0,59600000.0,0.0,424.356,
23,AIZ,MRT,2015-09-30,2015-09-30,2015-09-30,2021-08-05,246038000.0,30586091000.0,30947748750.0,,,0.336,69.25,-110936000.0,1543936000.0,1543936000.0,4856641000.0,125566000.0,,5.53,1171305000.0,,,1171305000.0,6449260000.0,132217000.0,0.0,0.014,1.14,236426000.0,368643000.0,0.035,368643000.0,236426000.0,181313000.0,1.82,1.78,1.82,4683599000.0,4955269500.0,4683599000.0,5153119367.0,22.0,13.979,297690000.0,4.402,1.0,5543711000.0,0.533,1141964000.0,55113000.0,29071496000.0,29637732750.0,0.0,13543537000.0,,,25902492000.0,,,5279326367.0,132670000.0,-12881000.0,-317990000.0,0.0,-80019000.0,-443237000.0,277791000.0,423661000.0,408626000.0,-44825000.0,125566000.0,125566000.0,125566000.0,0.0,0.0,0.012,5307285000.0,236426000.0,6826082000.0,0.626,1.127,42.044,43.412,286751000.0,0.0,79.01,0.508,0.514,8554288000.0,4824192000.0,10400352000.0,10400352000.0,0.0,0.004,0.025,0.008,0.023,49354000.0,3855482000.0,1.0,66818458.0,67632920,67632920.0,153.776,29444127000.0,29335000.0,55747000.0,0.0,435.352,
24,AIZ,MRT,2015-06-30,2015-06-30,2015-06-30,2021-08-05,348419000.0,30842082000.0,30969508250.0,,,0.341,70.421,-111708000.0,1297436000.0,1297436000.0,4726129000.0,272885000.0,,5.388,1171229000.0,,,1171229000.0,6429804000.0,132217000.0,0.0,0.017,1.11,493425000.0,625642000.0,0.059,625642000.0,493425000.0,438315000.0,3.86,3.8,3.86,4827960000.0,5120010500.0,4827960000.0,4656389815.0,9.0,7.443,189236000.0,2.76,1.0,5842555000.0,0.553,1174572000.0,55110000.0,29541303000.0,29681616000.0,0.0,13747091000.0,,,26014122000.0,,,4550401815.0,-101434000.0,-36222000.0,-321077000.0,0.0,-79012000.0,-400787000.0,85044000.0,255027000.0,300944000.0,-34727000.0,272885000.0,272885000.0,272885000.0,0.0,0.0,0.026,5349130000.0,493425000.0,6691421000.0,0.288,0.943,16.675,17.358,289416000.0,0.0,67.0,0.431,0.435,8803226000.0,4851670000.0,10568684000.0,10568684000.0,0.0,0.009,0.053,0.017,0.047,49354000.0,3852057000.0,1.0,67916445.0,68558472,69244399.0,154.156,29667510000.0,0.0,165430000.0,26945000.0,432.733,
25,AIZ,MRT,2015-03-31,2015-03-31,2015-03-31,2021-08-05,548997000.0,30800356000.0,30913281000.0,,,0.341,73.501,-92645000.0,1065165000.0,1065165000.0,4608028000.0,383706000.0,,5.006,1171153000.0,,,1171153000.0,6259389000.0,132217000.0,0.0,0.018,1.08,647185000.0,779402000.0,0.074,779402000.0,647185000.0,592077000.0,5.36,5.28,5.36,5128212000.0,5250447250.0,5128212000.0,4081460847.0,6.0,5.237,-3673000.0,-0.053,1.0,5923863000.0,0.562,1159902000.0,55108000.0,29746442000.0,29599807750.0,0.0,14215985000.0,,,25672144000.0,,,4229037847.0,-40747000.0,-84192000.0,-273405000.0,0.0,-78149000.0,-346361000.0,309041000.0,507931000.0,88972000.0,-37278000.0,383706000.0,383706000.0,383706000.0,0.0,0.0,0.036,5276678000.0,647185000.0,6581241000.0,0.201,0.825,11.022,11.457,286186000.0,0.0,61.41,0.402,0.407,8779268000.0,4840497000.0,10531891000.0,10531891000.0,0.0,0.012,0.073,0.022,0.061,49354000.0,3766899000.0,1.0,68865622.0,69770224,70757549.0,150.951,29640454000.0,0.0,208371000.0,31193000.0,424.83,
26,AIZ,MRT,2014-12-31,2014-12-31,2014-12-31,2021-08-05,555767000.0,31562466000.0,30630288250.0,,,0.339,71.782,-83603000.0,1318656000.0,1318656000.0,4405333000.0,470907000.0,,5.092,1171079000.0,,,1171079000.0,6529675000.0,132217000.0,0.0,0.015,1.06,802532000.0,934749000.0,0.09,934749000.0,802532000.0,744137000.0,6.52,6.44,6.52,5181307000.0,5242466250.0,5181307000.0,4567291250.0,6.0,4.886,310213000.0,4.298,1.0,5976320000.0,0.576,1223199000.0,58395000.0,30191690000.0,29313857500.0,0.0,14176914000.0,,,26381159000.0,,,4807552250.0,-398528000.0,-149194000.0,-215183000.0,-467330000.0,-77495000.0,-776199000.0,63889000.0,318739000.0,393816000.0,-28126000.0,470907000.0,470907000.0,470907000.0,0.0,0.0,0.045,5173788000.0,802532000.0,7018532000.0,0.163,0.928,10.209,10.495,277645000.0,0.0,68.43,0.463,0.476,8700215000.0,4809287000.0,10381653000.0,10381653000.0,0.0,0.015,0.09,0.027,0.077,49354000.0,3688230000.0,1.0,70255038.0,72181447,73152010.0,143.827,30339267000.0,15132000.0,273230000.0,0.0,420.319,
27,AIZ,MRT,2014-09-30,2014-09-30,2014-09-30,2021-08-05,659746000.0,30673129000.0,30168344000.0,,,0.337,74.015,-76245000.0,1411266000.0,1411266000.0,4248727000.0,529968000.0,,4.741,1171005000.0,,,1171005000.0,6784089000.0,124851000.0,0.0,0.02,1.29,897311000.0,1022162000.0,0.101,1022162000.0,897311000.0,832328000.0,7.29,7.19,7.29,5342563000.0,5155509250.0,5342563000.0,4361763207.0,5.0,4.267,741942000.0,10.279,1.0,5910852000.0,0.582,1185839000.0,64983000.0,29247029000.0,28890041500.0,0.0,14656306000.0,,,25330566000.0,,,4589701207.0,124569000.0,-220033000.0,-209254000.0,-468654000.0,-76733000.0,-771300000.0,105325000.0,401603000.0,818187000.0,-27643000.0,529968000.0,529968000.0,529968000.0,0.0,0.0,0.052,5013541000.0,897311000.0,6078970000.0,0.177,0.859,8.66,8.82,274419000.0,0.0,64.3,0.452,0.457,7489908000.0,4778645000.0,10159579000.0,10159579000.0,0.0,0.018,0.103,0.031,0.088,51116000.0,3547172000.0,1.0,71379490.0,72182547,73046704.0,140.748,29487290000.0,0.0,302360000.0,347667000.0,408.51,
28,AIZ,MRT,2014-06-30,2014-06-30,2014-06-30,2021-08-05,764072000.0,30617173000.0,29837208000.0,,,0.326,73.627,-59779000.0,1398870000.0,1398870000.0,4058866000.0,518459000.0,,4.723,1170932000.0,,,1170932000.0,6690889000.0,124851000.0,0.0,0.019,1.27,873526000.0,998377000.0,0.103,998377000.0,873526000.0,801548000.0,7.05,6.95,7.05,5349707000.0,5015598250.0,5349707000.0,4761115366.0,5.0,4.769,955888000.0,13.156,1.0,5656875000.0,0.582,1175165000.0,71978000.0,29214070000.0,28761794250.0,0.0,14711360000.0,,,25267466000.0,,,4696168366.0,128475000.0,-241406000.0,-281746000.0,-477244000.0,-76117000.0,-852597000.0,-14541000.0,286644000.0,1015667000.0,-20054000.0,518459000.0,518459000.0,518459000.0,0.0,0.0,0.053,4783349000.0,873526000.0,6086514000.0,0.18,0.878,9.058,9.298,262117000.0,0.0,65.55,0.483,0.49,7297133000.0,4657797000.0,9715741000.0,9715741000.0,0.0,0.017,0.103,0.03,0.09,51116000.0,3330939000.0,1.0,71642538.0,72659590,73544191.0,133.716,29442008000.0,48220000.0,283089000.0,324920000.0,405.205,
29,AIZ,MRT,2014-03-31,2014-03-31,2014-03-31,2021-08-05,583481000.0,29668385000.0,29365113500.0,,,0.318,69.957,-52339000.0,1105912000.0,1105912000.0,3826203000.0,508372000.0,,4.822,1170859000.0,,,1170859000.0,6610702000.0,124851000.0,0.0,0.019,1.25,898250000.0,1023101000.0,0.109,1023101000.0,898250000.0,818528000.0,6.79,6.7,6.79,5096288000.0,4877143000.0,5096288000.0,4574851847.0,5.0,4.472,1050719000.0,14.423,1.0,5519203000.0,0.591,1130691000.0,79722000.0,28602641000.0,28506919000.0,0.0,14669257000.0,,,24572097000.0,,,4653917847.0,-498713000.0,-181865000.0,-412502000.0,-500964000.0,-75519000.0,-1007661000.0,-565364000.0,-331160000.0,1103058000.0,-28746000.0,508372000.0,508372000.0,508372000.0,0.0,0.0,0.054,4620953000.0,898250000.0,5664289000.0,0.184,0.913,9.155,9.567,255514000.0,0.0,64.96,0.498,0.506,6953635000.0,4534940000.0,9345406000.0,9345406000.0,0.0,0.017,0.104,0.032,0.096,51116000.0,3188673000.0,1.0,71642824.0,72848756,73873952.0,128.285,28537694000.0,0.0,310156000.0,266533000.0,391.739,
30,AIZ,MRT,2013-12-31,2013-12-31,2013-12-31,2021-08-05,426830000.0,29714689000.0,29318402250.0,,,0.309,63.06,-50904000.0,1717184000.0,1717184000.0,3675532000.0,488907000.0,,5.148,1638118000.0,,,1638118000.0,6662672000.0,124851000.0,0.0,0.018,1.21,867434000.0,992285000.0,0.11,992285000.0,867434000.0,789699000.0,6.38,6.3,6.38,4833479000.0,4904722250.0,4833479000.0,5177915104.0,6.0,5.218,976657000.0,12.742,1.0,5372125000.0,0.594,1139197000.0,77735000.0,28496426000.0,28509437500.0,0.0,14297564000.0,,,24881210000.0,,,4826224104.0,807780000.0,-181865000.0,-393012000.0,664459000.0,-74128000.0,196699000.0,-392738000.0,-159969000.0,1027561000.0,-23742000.0,488907000.0,488907000.0,488907000.0,0.0,0.0,0.054,4504691000.0,867434000.0,5717435000.0,0.19,0.998,9.871,10.403,253630000.0,0.0,66.37,0.533,0.562,6832305000.0,4415875000.0,9047657000.0,9047657000.0,0.0,0.017,0.1,0.03,0.096,51116000.0,3034404000.0,1.0,72716952.0,76648688,77654764.0,118.041,28575492000.0,0.0,300792000.0,3371000.0,372.811,
31,AIZ,MRT,2013-09-30,2013-09-30,2013-09-30,2021-08-05,386306000.0,29348585000.0,29126381750.0,,,0.302,63.313,-49858000.0,1286697000.0,1286697000.0,3739682000.0,405078000.0,,5.136,1638388000.0,,,1638388000.0,6455337000.0,124387000.0,0.0,0.017,0.92,718432000.0,842819000.0,0.096,842819000.0,718432000.0,645985000.0,5.28,5.21,5.28,4782919000.0,4992694000.0,4782919000.0,4432240645.0,6.0,5.259,924719000.0,12.241,1.0,5068333000.0,0.575,966236000.0,72447000.0,28734040000.0,28411804500.0,0.0,14929660000.0,,,24565666000.0,,,4055745645.0,214191000.0,-48623000.0,-341351000.0,665783000.0,-72537000.0,251172000.0,-993183000.0,-894702000.0,974577000.0,-18375000.0,405078000.0,405078000.0,405078000.0,0.0,0.0,0.046,4349901000.0,718432000.0,5655689000.0,0.174,0.848,10.012,10.246,253870000.0,0.0,54.1,0.46,0.464,6667751000.0,4325410000.0,8808015000.0,8808015000.0,0.0,0.014,0.081,0.025,0.082,35861000.0,2885304000.0,1.0,74967572.0,75544542,76459791.0,116.594,28382349000.0,0.0,240907000.0,65837000.0,375.704,
32,AIZ,MRT,2013-06-30,2013-06-30,2013-06-30,2021-08-05,420508000.0,28728795000.0,28831641250.0,,,0.302,61.876,-55389000.0,1270395000.0,1270395000.0,3701330000.0,402578000.0,,4.99,1646890000.0,,,1646890000.0,6232639000.0,124387000.0,0.0,0.017,0.88,727387000.0,851774000.0,0.098,851774000.0,727387000.0,660633000.0,5.12,5.05,5.12,4795886000.0,5104367500.0,4795886000.0,3985520959.0,5.0,4.679,713460000.0,9.205,1.0,4993115000.0,0.574,910721000.0,66754000.0,28194569000.0,28017944000.0,0.0,14705951000.0,,,23932909000.0,,,3919622959.0,163403000.0,1364000.0,-346625000.0,674373000.0,-70988000.0,255392000.0,-844902000.0,-790877000.0,768849000.0,-15936000.0,402578000.0,402578000.0,402578000.0,0.0,0.0,0.046,4265728000.0,727387000.0,5416507000.0,0.172,0.817,9.736,9.943,250564000.0,0.0,50.91,0.451,0.454,6567399000.0,4215455000.0,8694445000.0,8694445000.0,0.0,0.014,0.079,0.026,0.084,35861000.0,2809885000.0,1.0,76991219.0,77508062,78366115.0,112.175,27818074000.0,0.0,258055000.0,66543000.0,358.906,
33,AIZ,MRT,2013-03-31,2013-03-31,2013-03-31,2021-08-05,778029000.0,29481540000.0,28460339750.0,,,0.302,65.095,-60437000.0,1604625000.0,1604625000.0,3656407000.0,438225000.0,,4.662,1670523000.0,,,1670523000.0,6174246000.0,124387000.0,0.0,0.019,0.84,774835000.0,899222000.0,0.105,899222000.0,774835000.0,714527000.0,5.36,5.29,5.36,5206605000.0,5163788000.0,5206605000.0,3610221848.0,5.0,4.015,669921000.0,8.376,1.0,4929562000.0,0.574,934723000.0,60308000.0,28612715000.0,27516679500.0,0.0,14942711000.0,,,24274935000.0,,,3547226848.0,539810000.0,-2136000.0,-315184000.0,698093000.0,-70241000.0,311831000.0,-486970000.0,-424397000.0,730358000.0,-15409000.0,438225000.0,438225000.0,438225000.0,0.0,0.0,0.051,4154727000.0,774835000.0,5664959000.0,0.157,0.681,8.095,8.397,250481000.0,0.0,45.01,0.413,0.419,6757388000.0,4102087000.0,8585969000.0,8585969000.0,0.0,0.015,0.085,0.028,0.09,35861000.0,2710482000.0,1.0,78809750.0,79984576,80946649.0,107.345,28546817000.0,9167000.0,276302000.0,179502000.0,356.904,
34,AIZ,MRT,2012-12-31,2012-12-31,2012-12-31,2021-08-05,830403000.0,28946607000.0,27903671750.0,,,0.305,61.528,-54082000.0,909404000.0,909404000.0,3655404000.0,483705000.0,,4.582,972399000.0,,,972399000.0,6192260000.0,124387000.0,0.0,0.023,0.81,818057000.0,942444000.0,0.111,942444000.0,818057000.0,757751000.0,5.74,5.67,5.74,5185366000.0,5103359250.0,5185366000.0,2631041606.0,3.0,2.792,625616000.0,7.423,1.0,4852866000.0,0.57,903708000.0,60306000.0,28105894000.0,26918163750.0,0.0,15038427000.0,,,23761241000.0,,,2731179606.0,-257309000.0,-2136000.0,-412196000.0,0.0,-69393000.0,-480641000.0,-449883000.0,-393665000.0,679698000.0,-6483000.0,483705000.0,483705000.0,483705000.0,0.0,0.0,0.057,4034809000.0,818057000.0,5918169000.0,0.141,0.527,5.646,6.045,250796000.0,0.0,34.7,0.321,0.344,6971764000.0,4001096000.0,8508270000.0,8508270000.0,0.0,0.017,0.095,0.03,0.096,35861000.0,2631594000.0,1.0,78708346.0,84276427,85307065.0,100.957,28042899000.0,32740000.0,274046000.0,161288000.0,332.749,
35,AIZ,MRT,2012-09-30,2012-09-30,2012-09-30,2021-08-05,858859000.0,28169623000.0,27421985500.0,,,0.308,63.654,-46925000.0,1072506000.0,1072506000.0,3496296000.0,617870000.0,,4.387,972368000.0,,,972368000.0,5896673000.0,129391000.0,0.0,0.021,0.78,1031868000.0,1161259000.0,0.137,1161259000.0,1031868000.0,971564000.0,7.05,6.94,7.05,5229613000.0,5025505250.0,5229613000.0,2889802258.0,3.0,2.489,727847000.0,8.859,1.0,4962529000.0,0.587,910887000.0,60304000.0,27158598000.0,26362314750.0,0.0,14828781000.0,,,22940010000.0,,,3024457258.0,12983000.0,-3500000.0,-539374000.0,0.0,-69160000.0,-608799000.0,-149420000.0,-98995000.0,774772000.0,-3570000.0,617870000.0,617870000.0,617870000.0,0.0,0.0,0.073,3930661000.0,1031868000.0,5365248000.0,0.111,0.578,4.895,5.291,246969000.0,0.0,37.3,0.358,0.362,6251286000.0,3992869000.0,8458825000.0,8458825000.0,0.0,0.023,0.123,0.039,0.122,40155000.0,2560070000.0,1.0,81084645.0,82156838,82959453.0,102.959,27258736000.0,49128000.0,353694000.0,183557000.0,331.789,
36,AIZ,MRT,2012-06-30,2012-06-30,2012-06-30,2021-08-05,676432000.0,27243589000.0,27073079750.0,,,0.309,58.34,-38628000.0,1106992000.0,1106992000.0,3598247000.0,565619000.0,,4.412,972337000.0,,,972337000.0,5685188000.0,129391000.0,0.0,0.022,0.75,935672000.0,1065063000.0,0.127,1065063000.0,935672000.0,875368000.0,6.29,6.19,6.29,5033568000.0,4971720000.0,5033568000.0,2895032790.0,3.0,2.718,677436000.0,7.852,1.0,4777213000.0,0.57,919423000.0,60304000.0,26189511000.0,26007995500.0,0.0,14222265000.0,,,22210021000.0,,,2987539790.0,-28107000.0,-3500000.0,-505752000.0,0.0,-69054000.0,-570738000.0,-161977000.0,-119849000.0,716064000.0,-11456000.0,565619000.0,565619000.0,565619000.0,0.0,0.0,0.068,3841541000.0,935672000.0,5086233000.0,0.119,0.594,5.282,5.539,241722000.0,0.0,34.84,0.357,0.359,6113926000.0,3883865000.0,8375460000.0,8375460000.0,0.0,0.021,0.114,0.036,0.112,40155000.0,2494273000.0,1.0,85750281.0,86279670,87044581.0,97.073,26324166000.0,9989000.0,309749000.0,52336000.0,305.103,
37,AIZ,MRT,2012-03-31,2012-03-31,2012-03-31,2021-08-05,597216000.0,27254868000.0,26957121250.0,,,0.308,55.928,-31060000.0,1064815000.0,1064815000.0,3713064000.0,561465000.0,,4.49,972308000.0,,,972308000.0,5564783000.0,129391000.0,0.0,0.018,0.72,801654000.0,931045000.0,0.112,931045000.0,801654000.0,741349000.0,6.02,5.92,6.02,4964890000.0,4932322000.0,4964890000.0,3349364208.0,4.0,3.597,641639000.0,7.228,1.0,4595993000.0,0.553,943709000.0,60305000.0,26218652000.0,25867506500.0,0.0,14202590000.0,,,22289978000.0,,,3543799208.0,124381000.0,-45080000.0,-461883000.0,0.0,-67204000.0,-528078000.0,-11562000.0,64578000.0,672699000.0,-8678000.0,561465000.0,561465000.0,561465000.0,0.0,0.0,0.068,3794339000.0,801654000.0,5112471000.0,0.12,0.714,6.312,6.728,236465000.0,0.0,40.5,0.426,0.433,6101717000.0,3734103000.0,8309057000.0,8309057000.0,0.0,0.021,0.114,0.031,0.096,40155000.0,2450334000.0,1.0,87501215.0,88772845,90069097.0,93.599,26311159000.0,18384000.0,179884000.0,53700000.0,296.387,
38,AIZ,MRT,2011-12-31,2011-12-31,2011-12-31,2021-08-05,557576000.0,27019862000.0,26817748000.0,,,0.308,50.441,-31924000.0,1166713000.0,1166713000.0,3749734000.0,538956000.0,,4.544,972278000.0,,,972278000.0,5482017000.0,129391000.0,0.0,0.017,0.7,766487000.0,895878000.0,0.108,895878000.0,766487000.0,706127000.0,5.58,5.51,5.58,4873950000.0,4877947750.0,4873950000.0,3694695138.0,5.0,4.124,823380000.0,8.521,1.0,4523070000.0,0.547,942929000.0,60360000.0,25882498000.0,25763167500.0,0.0,14097179000.0,,,22145912000.0,,,3781969138.0,16197000.0,-45080000.0,-533848000.0,0.0,-67385000.0,-636848000.0,-196588000.0,-119584000.0,855304000.0,-5671000.0,538956000.0,538956000.0,538956000.0,0.0,0.0,0.065,3756583000.0,766487000.0,5313311000.0,0.125,0.776,7.017,7.358,242908000.0,0.0,41.06,0.457,0.48,6060186000.0,3586784000.0,8272804000.0,8272804000.0,0.0,0.02,0.11,0.03,0.093,40155000.0,2428795000.0,1.0,92108357.0,96626306,97795309.0,85.616,26076933000.0,44280000.0,167171000.0,30431000.0,269.874,
39,AIZ,MRT,2011-09-30,2011-09-30,2011-09-30,2021-08-05,524412000.0,26774000000.0,26662037000.0,,,0.31,52.589,-31437000.0,1059523000.0,1059523000.0,3766737000.0,194843000.0,,4.339,972249000.0,,,972249000.0,5315673000.0,126602000.0,0.0,0.019,0.68,395888000.0,522490000.0,0.063,522490000.0,395888000.0,335442000.0,2.25,2.21,2.25,5014472000.0,4854594500.0,5014472000.0,3219074326.0,8.0,6.161,553535000.0,5.805,1.0,4500137000.0,0.544,945405000.0,60446000.0,25741321000.0,25614387500.0,0.0,14009665000.0,,,21759528000.0,,,3381953326.0,-108784000.0,-49478000.0,-518330000.0,0.0,-67774000.0,-636073000.0,-53847000.0,70684000.0,584972000.0,-3836000.0,194843000.0,194843000.0,194843000.0,0.0,0.0,0.024,4104249000.0,395888000.0,5275074000.0,0.302,0.674,17.357,15.911,247497000.0,0.0,35.8,0.409,0.413,5909779000.0,3596751000.0,8266874000.0,8266874000.0,0.0,0.007,0.04,0.015,0.048,41303000.0,2542639000.0,1.0,94467970.0,95351601,96303012.0,86.699,25828595000.0,30691000.0,140599000.0,13674000.0,270.877,
40,AIZ,MRT,2011-06-30,2011-06-30,2011-06-30,2021-08-05,381273000.0,26779755000.0,26679870500.0,,,0.312,49.901,-36898000.0,1135099000.0,1135099000.0,3682559000.0,262476000.0,,4.492,972220000.0,,,972220000.0,5245001000.0,126602000.0,0.0,0.018,0.66,510281000.0,636883000.0,0.077,636883000.0,510281000.0,449751000.0,2.78,2.74,2.78,4875976000.0,4942611750.0,4875976000.0,3532064315.0,7.0,5.546,509311000.0,5.212,1.0,4636571000.0,0.557,989321000.0,60530000.0,25627555000.0,25609799500.0,0.0,13669519000.0,,,21903779000.0,,,3500306315.0,131376000.0,-49905000.0,-496523000.0,0.0,-67834000.0,-617830000.0,195783000.0,327789000.0,546209000.0,7214000.0,262476000.0,262476000.0,262476000.0,0.0,0.0,0.032,4126290000.0,510281000.0,5198859000.0,0.237,0.718,13.336,13.047,254257000.0,0.0,36.27,0.421,0.426,5763929000.0,3537946000.0,8319130000.0,8319130000.0,0.0,0.01,0.053,0.02,0.061,41303000.0,2528503000.0,1.0,96506929.0,97713045,98690114.0,85.138,25790434000.0,88592000.0,187275000.0,0.0,263.941,
41,AIZ,MRT,2011-03-31,2011-03-31,2011-03-31,2021-08-05,297022000.0,26697375000.0,26513764250.0,,,0.317,46.913,-43855000.0,940434000.0,940434000.0,3601031000.0,262135000.0,,4.624,972192000.0,,,972192000.0,5119984000.0,126602000.0,0.0,0.017,0.64,633181000.0,759783000.0,0.09,759783000.0,633181000.0,572565000.0,2.56,2.53,2.56,4747393000.0,4983159750.0,4747393000.0,3670186441.0,6.0,4.831,558620000.0,5.52,1.0,4795506000.0,0.571,927837000.0,60616000.0,25801296000.0,25492733500.0,0.0,13990797000.0,,,21949982000.0,,,3848538441.0,7893000.0,-10328000.0,-597801000.0,0.0,-68152000.0,-731848000.0,131655000.0,234363000.0,602475000.0,5611000.0,262135000.0,262135000.0,262135000.0,0.0,0.0,0.031,4162325000.0,633181000.0,5115469000.0,0.25,0.811,14.682,15.043,259460000.0,0.0,38.51,0.458,0.464,5625274000.0,3389644000.0,8396537000.0,8396537000.0,0.0,0.01,0.053,0.025,0.075,41303000.0,2534019000.0,1.0,99936080.0,101194814,101974815.0,82.974,25769538000.0,24093000.0,310430000.0,50002000.0,254.653,
42,AIZ,MRT,2010-12-31,2010-12-31,2010-12-31,2021-08-05,285524000.0,26397018000.0,26399124000.0,,,0.323,43.211,-50831000.0,1150516000.0,1150516000.0,3635999000.0,278607000.0,,4.522,972164000.0,,,972164000.0,5063999000.0,126602000.0,0.0,0.016,0.63,667151000.0,793753000.0,0.093,793753000.0,667151000.0,606505000.0,2.52,2.5,2.52,4780537000.0,5039707750.0,4780537000.0,3908286151.0,6.0,4.924,489911000.0,4.428,1.0,4891723000.0,0.574,931288000.0,60646000.0,25287378000.0,25380790250.0,0.0,13602056000.0,,,21616481000.0,,,4104456151.0,-168036000.0,-11560000.0,-522546000.0,0.0,-69618000.0,-699473000.0,-8876000.0,53515000.0,540742000.0,-429000.0,278607000.0,278607000.0,278607000.0,0.0,0.0,0.033,4224572000.0,667151000.0,5070493000.0,0.25,0.859,14.732,15.286,267169000.0,0.0,38.52,0.481,0.5,5540243000.0,3264025000.0,8527722000.0,8527722000.0,0.0,0.011,0.055,0.026,0.078,41303000.0,2516622000.0,1.0,106553898.0,110632551,111473214.0,77.081,25465730000.0,76430000.0,327898000.0,41702000.0,230.183,
43,AIZ,MRT,2010-09-30,2010-09-30,2010-09-30,2021-08-05,514671000.0,26845334000.0,26265036250.0,,,0.328,49.78,-58266000.0,1168307000.0,1168307000.0,3723658000.0,475509000.0,,4.002,972137000.0,,,972137000.0,4964668000.0,113799000.0,0.0,0.015,0.62,850353000.0,964152000.0,0.112,964152000.0,850353000.0,789709000.0,4.24,4.19,4.24,5366541000.0,5057885750.0,5366541000.0,4304627678.0,5.0,4.465,464081000.0,4.305,1.0,4880605000.0,0.567,926195000.0,60644000.0,25722969000.0,25205889500.0,0.0,13985373000.0,,,21478793000.0,,,4336240678.0,-67544000.0,961000.0,-369159000.0,0.0,-70337000.0,-508280000.0,-81108000.0,-28111000.0,522347000.0,-503000.0,475509000.0,475509000.0,475509000.0,0.0,0.0,0.055,4030252000.0,850353000.0,5151818000.0,0.146,0.808,9.119,9.599,272750000.0,0.0,40.7,0.504,0.51,5476318000.0,3465332000.0,8604263000.0,8604263000.0,0.0,0.018,0.094,0.034,0.099,32078000.0,2377890000.0,1.0,106541540.0,107806207,108584282.0,79.812,25919139000.0,0.0,314200000.0,104598000.0,240.423,
44,AIZ,MRT,2010-06-30,2010-06-30,2010-06-30,2021-08-05,278151000.0,26115330000.0,25970097250.0,,,0.333,45.026,-54347000.0,1003723000.0,1003723000.0,3751550000.0,478569000.0,,4.183,972110000.0,,,972110000.0,4963981000.0,113799000.0,0.0,0.018,0.61,832685000.0,946484000.0,0.109,946484000.0,832685000.0,772043000.0,4.15,4.11,4.15,5038168000.0,4942112750.0,5038168000.0,3919925985.0,5.0,4.142,707619000.0,6.324,1.0,4895615000.0,0.566,924426000.0,60642000.0,25159291000.0,24873314750.0,0.0,13777062000.0,,,21077162000.0,,,3880382985.0,194541000.0,-1812000.0,-344763000.0,0.0,-70800000.0,-512327000.0,-52316000.0,-28709000.0,761966000.0,-2782000.0,478569000.0,478569000.0,478569000.0,0.0,0.0,0.055,4062930000.0,832685000.0,5181136000.0,0.147,0.77,8.108,8.361,272922000.0,0.0,34.7,0.449,0.449,5185003000.0,3340900000.0,8647165000.0,8647165000.0,0.0,0.018,0.097,0.033,0.096,32078000.0,2397036000.0,1.0,111826599.0,111893858,112715117.0,77.28,25190904000.0,47371000.0,293474000.0,39690000.0,225.132,
45,AIZ,MRT,2010-03-31,2010-03-31,2010-03-31,2021-08-05,154038000.0,26238814000.0,25646883250.0,,,0.342,42.576,-54343000.0,932541000.0,932541000.0,3835636000.0,507216000.0,,4.276,972084000.0,,,972084000.0,5045536000.0,113799000.0,0.0,0.017,0.6,860746000.0,974545000.0,0.111,974545000.0,860746000.0,800105000.0,4.31,4.28,4.31,4973585000.0,4773715000.0,4973585000.0,3658290829.0,4.0,3.754,602044000.0,5.154,1.0,4944844000.0,0.563,924834000.0,60641000.0,25353523000.0,24577468250.0,0.0,13700105000.0,,,21265229000.0,,,4004784829.0,268202000.0,3691000.0,-132288000.0,0.0,-70695000.0,-267223000.0,-130359000.0,-72197000.0,656387000.0,9397000.0,507216000.0,507216000.0,507216000.0,0.0,0.0,0.058,4084098000.0,860746000.0,5017534000.0,0.139,0.805,7.896,7.977,273270000.0,0.0,34.38,0.456,0.457,5108481000.0,3194101000.0,8780480000.0,8780480000.0,0.0,0.02,0.106,0.035,0.098,32078000.0,2381828000.0,1.0,116485888.0,116817005,117194873.0,75.164,25313980000.0,124515000.0,292889000.0,121119000.0,216.698,
46,AIZ,MRT,2009-12-31,2009-12-31,2009-12-31,2021-08-05,65925000.0,25860667000.0,25042340750.0,,,0.347,41.116,-54337000.0,1318552000.0,1318552000.0,3867982000.0,430574000.0,,4.329,972058000.0,,,972058000.0,5153564000.0,113799000.0,0.0,0.02,0.59,770275000.0,884074000.0,0.102,884074000.0,770275000.0,709606000.0,3.65,3.63,3.65,4853249000.0,4447899250.0,4853249000.0,3179438986.0,4.0,3.596,215588000.0,1.826,1.0,4832519000.0,0.555,926398000.0,60669000.0,24587775000.0,24019902500.0,0.0,13252464000.0,,,21007418000.0,,,3443257986.0,277868000.0,4923000.0,-31949000.0,0.0,-69596000.0,-142562000.0,141467000.0,190881000.0,269925000.0,9038000.0,430574000.0,430574000.0,430574000.0,0.0,0.0,0.049,4062244000.0,770275000.0,5068667000.0,0.162,0.709,7.997,8.077,275420000.0,0.0,29.48,0.396,0.4,4739667000.0,3054466000.0,8700501000.0,8700501000.0,0.0,0.017,0.097,0.032,0.089,32078000.0,2377364000.0,1.0,116799796.0,118036632,118495640.0,73.71,24934269000.0,167240000.0,279032000.0,30126000.0,211.242,
47,AIZ,MRT,2009-09-30,2009-09-30,2009-09-30,2021-08-05,122361000.0,25665578000.0,24705820500.0,,,0.354,41.49,-56374000.0,1235851000.0,1235851000.0,3879321000.0,601074000.0,,4.234,972032000.0,,,972032000.0,5154685000.0,91609000.0,0.0,0.018,0.58,900604000.0,992213000.0,0.114,992213000.0,900604000.0,839907000.0,5.07,5.07,5.07,4903449000.0,4161963250.0,4903449000.0,3943549135.0,4.0,3.974,341429000.0,2.889,1.0,4859646000.0,0.556,1009089000.0,60697000.0,24392670000.0,23733948750.0,0.0,13235985000.0,,,20762129000.0,,,3780724135.0,182172000.0,-225909000.0,-31949000.0,0.0,-68430000.0,-263818000.0,55901000.0,201069000.0,397803000.0,-7714000.0,601074000.0,601074000.0,601074000.0,0.0,0.0,0.069,3959042000.0,900604000.0,4937621000.0,0.114,0.771,6.29,6.323,274646000.0,0.0,32.06,0.433,0.434,4599312000.0,3060160000.0,8738967000.0,8738967000.0,0.0,0.024,0.144,0.038,0.103,18447000.0,2363757000.0,1.0,117926517.0,118184367,118291841.0,73.944,24656489000.0,153824000.0,238833000.0,43804000.0,208.627,
48,AIZ,MRT,2009-06-30,2009-06-30,2009-06-30,2021-08-05,-311600000.0,24822474000.0,24628004750.0,,,0.347,36.837,-54868000.0,809182000.0,809182000.0,4033224000.0,344915000.0,,4.687,972007000.0,,,972007000.0,5203442000.0,91609000.0,0.0,0.024,0.57,528048000.0,619657000.0,0.073,619657000.0,528048000.0,467321000.0,2.91,2.91,2.91,4364577000.0,3869053750.0,4364577000.0,3144322671.0,6.0,5.074,336850000.0,2.843,1.0,4503405000.0,0.528,1009394000.0,60727000.0,23975905000.0,23743801000.0,0.0,12740272000.0,,,20457897000.0,,,2836679671.0,-147421000.0,-365398000.0,-59000000.0,0.0,-67192000.0,-416391000.0,-107043000.0,26881000.0,391718000.0,-15705000.0,344915000.0,344915000.0,344915000.0,0.0,0.0,0.04,3975357000.0,528048000.0,4797154000.0,0.196,0.65,8.224,8.278,275735000.0,0.0,24.09,0.332,0.334,4655892000.0,2933131000.0,8536629000.0,8536629000.0,0.0,0.014,0.089,0.022,0.062,18447000.0,2347687000.0,1.0,117753411.0,118482958,118728304.0,72.049,23813080000.0,358729000.0,122406000.0,55492000.0,200.983,
49,AIZ,MRT,2009-03-31,2009-03-31,2009-03-31,2021-08-05,-782328000.0,23820644000.0,24975394250.0,,,0.341,31.133,-54274000.0,664339000.0,664339000.0,4042030000.0,341547000.0,,5.49,971982000.0,,,971982000.0,5227849000.0,91609000.0,0.0,0.026,0.56,496071000.0,587680000.0,0.069,587680000.0,496071000.0,435217000.0,2.89,2.87,2.89,3670322000.0,3839779500.0,3670322000.0,2496488033.0,5.0,4.248,230100000.0,1.952,1.0,4469750000.0,0.525,1005027000.0,60854000.0,23123260000.0,24099473500.0,0.0,11982673000.0,,,20150322000.0,,,2565215033.0,-356255000.0,-333545000.0,-59000000.0,0.0,-65988000.0,-442291000.0,-174247000.0,-68073000.0,284374000.0,-24091000.0,341547000.0,341547000.0,341547000.0,0.0,0.0,0.04,3973679000.0,496071000.0,4703657000.0,0.194,0.699,7.511,7.536,277288000.0,0.0,21.78,0.301,0.302,4516108000.0,2714463000.0,8511780000.0,8511780000.0,0.0,0.014,0.089,0.021,0.058,18447000.0,2319414000.0,1.0,117778468.0,117891543,117967747.0,72.2,22815617000.0,530700000.0,93670000.0,64496000.0,193.531,
50,AIZ,MRT,2008-12-31,2008-12-31,2008-12-31,2021-08-05,-670946000.0,24514586000.0,25631837000.0,,,0.336,31.435,-55329000.0,1040684000.0,1040684000.0,4019147000.0,447796000.0,,5.609,971957000.0,,,971957000.0,5407859000.0,91609000.0,0.0,0.018,0.54,624231000.0,715840000.0,0.083,715840000.0,624231000.0,563278000.0,3.79,3.76,3.79,3709505000.0,3974002750.0,3709505000.0,3446762830.0,6.0,4.815,943806000.0,7.998,1.0,4582081000.0,0.533,1001899000.0,60953000.0,23443960000.0,24710825500.0,0.0,12174996000.0,,,20805081000.0,,,3528508830.0,235720000.0,-333545000.0,-59000000.0,0.0,-63672000.0,-412134000.0,-329003000.0,-180096000.0,999135000.0,-22278000.0,447796000.0,447796000.0,447796000.0,0.0,0.0,0.052,3957850000.0,624231000.0,5057352000.0,0.142,0.951,7.88,7.916,278621000.0,0.0,30.0,0.41,0.412,4523351000.0,2650371000.0,8601228000.0,8601228000.0,0.0,0.017,0.113,0.025,0.073,18447000.0,2286170000.0,1.0,117616961.0,118005967,118974679.0,72.888,23512687000.0,493528000.0,115482000.0,0.0,199.25,
51,AIZ,MRT,2008-09-30,2008-09-30,2008-09-30,2021-08-05,-475798000.0,25354315000.0,26190769500.0,,,0.327,31.629,-54646000.0,1053679000.0,1053679000.0,4016306000.0,386173000.0,,5.794,971933000.0,,,971933000.0,5579160000.0,94307000.0,0.0,0.009,0.52,629787000.0,724094000.0,0.085,724094000.0,629787000.0,568725000.0,3.27,3.22,3.27,3731811000.0,4068852250.0,3731811000.0,6537991125.0,10.0,9.029,1126447000.0,9.547,1.0,4547647000.0,0.531,840490000.0,61062000.0,24432079000.0,25370975250.0,0.0,12721177000.0,,,21622504000.0,,,6522685125.0,238532000.0,-171735000.0,-59000000.0,0.0,-61364000.0,-421616000.0,-515241000.0,-540536000.0,1181093000.0,-5704000.0,386173000.0,386173000.0,386173000.0,0.0,0.0,0.045,3917860000.0,629787000.0,4978363000.0,0.159,1.748,16.891,16.82,266281000.0,0.0,55.0,0.762,0.758,4530368000.0,2484399000.0,8563953000.0,8563953000.0,0.0,0.015,0.095,0.025,0.074,10145000.0,2269577000.0,1.0,118594275.0,117985882,117985882.0,72.585,24513825000.0,351426000.0,182552000.0,0.0,207.769,
52,AIZ,MRT,2008-06-30,2008-06-30,2008-06-30,2021-08-05,-137768000.0,26212032000.0,26494285750.0,,,0.331,35.901,-53361000.0,956603000.0,956603000.0,3856803000.0,684793000.0,,5.171,971909000.0,,,971909000.0,5531862000.0,94307000.0,0.0,0.008,0.5,1077550000.0,1171857000.0,0.134,1171857000.0,1077550000.0,1016390000.0,5.79,5.72,5.79,4247480000.0,4116665750.0,4247480000.0,7749532651.0,7.0,6.613,1067703000.0,9.025,1.0,4900807000.0,0.56,828743000.0,61160000.0,25398595000.0,25743794250.0,0.0,13643847000.0,,,21964552000.0,,,7798240651.0,-53468000.0,-130132000.0,-124882000.0,0.0,-59047000.0,-306062000.0,-872775000.0,-741144000.0,1121064000.0,4305000.0,684793000.0,684793000.0,684793000.0,0.0,0.0,0.078,3823257000.0,1077550000.0,4820401000.0,0.086,1.836,11.388,11.392,270139000.0,0.0,65.96,0.89,0.891,4444837000.0,2612291000.0,8757610000.0,8757610000.0,0.0,0.026,0.166,0.042,0.123,10145000.0,2237985000.0,1.0,118226814.0,118309388,119640883.0,74.023,25383289000.0,68713000.0,331597000.0,0.0,214.55,
53,AIZ,MRT,2008-03-31,2008-03-31,2008-03-31,2021-08-05,-5497000.0,26446415000.0,26384516500.0,,,0.325,35.623,-56530000.0,1020594000.0,1020594000.0,3760648000.0,661119000.0,,5.286,971886000.0,,,971886000.0,5412023000.0,94307000.0,0.0,0.008,0.48,1080619000.0,1174926000.0,0.137,1174926000.0,1080619000.0,1019450000.0,5.56,5.49,5.56,4207215000.0,4008393750.0,4207215000.0,7354669368.0,7.0,6.26,1426630000.0,12.079,1.0,4812929000.0,0.561,829039000.0,61169000.0,25568668000.0,25630022250.0,0.0,13778868000.0,,,22239200000.0,,,7187770368.0,260759000.0,-161985000.0,-240568000.0,-21000.0,-56978000.0,-354809000.0,-875355000.0,-710081000.0,1483160000.0,7763000.0,661119000.0,661119000.0,661119000.0,0.0,0.0,0.077,3732310000.0,1080619000.0,5018353000.0,0.086,1.708,10.872,10.946,272333000.0,0.0,60.86,0.838,0.838,4516689000.0,2438904000.0,8573577000.0,8573577000.0,0.0,0.025,0.165,0.042,0.126,10145000.0,2217081000.0,1.0,118103358.0,118103519,119387321.0,72.594,25617376000.0,0.0,358331000.0,146888000.0,216.906,
54,AIZ,MRT,2007-12-31,2007-12-31,2007-12-31,2021-08-05,53911000.0,26750316000.0,26138175000.0,,,0.323,34.093,-57291000.0,804964000.0,804964000.0,3712711000.0,653746000.0,,5.542,971863000.0,,,971863000.0,5410709000.0,94307000.0,0.0,0.007,0.46,1072218000.0,1166525000.0,0.138,1166525000.0,1072218000.0,1011040000.0,5.45,5.38,5.45,4088903000.0,3936905250.0,4088903000.0,8044807473.0,8.0,6.896,1146270000.0,9.557,1.0,4740804000.0,0.561,832656000.0,61178000.0,26084559000.0,25458471500.0,0.0,13872763000.0,,,22661413000.0,,,7888123473.0,-182708000.0,-161985000.0,-315570000.0,-42000.0,-55038000.0,-186577000.0,-1208585000.0,-827777000.0,1203561000.0,8893000.0,653746000.0,653746000.0,653746000.0,0.0,0.0,0.077,3668586000.0,1072218000.0,5007899000.0,0.084,1.929,12.066,12.275,275779000.0,0.0,66.9,0.933,0.949,4484727000.0,2269107000.0,8453515000.0,8453515000.0,0.0,0.025,0.166,0.042,0.127,10145000.0,2238851000.0,1.0,117909170.0,119934873,121559567.0,70.484,25917660000.0,26012000.0,357294000.0,108429000.0,216.098,
55,AIZ,MRT,2007-09-30,2007-09-30,2007-09-30,2021-08-05,-2486000.0,26568380000.0,25741883000.0,,,0.329,33.121,88469000.0,815147000.0,815147000.0,3610441000.0,785435000.0,,5.772,971831000.0,,,971831000.0,5142208000.0,93305000.0,0.0,0.008,0.44,1265506000.0,1358811000.0,0.16,1358811000.0,1265506000.0,1204319000.0,6.46,6.36,6.46,3923065000.0,3872828750.0,3923065000.0,6334911870.0,5.0,4.662,1234034000.0,10.418,1.0,4867374000.0,0.574,801709000.0,61187000.0,25923355000.0,25027014500.0,0.0,13719347000.0,,,22645315000.0,,,6373164870.0,168010000.0,-101086000.0,-419556000.0,-42000.0,-53197000.0,-473387000.0,-513757000.0,-512994000.0,1145565000.0,9589000.0,785435000.0,785435000.0,785435000.0,0.0,0.0,0.093,3601868000.0,1265506000.0,5045056000.0,0.068,1.625,8.114,8.282,276960000.0,0.0,53.5,0.752,0.747,4505314000.0,2162450000.0,8477815000.0,8477815000.0,0.0,0.031,0.203,0.051,0.149,15008000.0,2249179000.0,1.0,119124577.0,118447175,119741434.0,71.575,25766671000.0,0.0,418884000.0,64877000.0,217.537,
56,AIZ,MRT,2007-06-30,2007-06-30,2007-06-30,2021-08-05,-48216000.0,25772955000.0,25355650500.0,,,0.328,31.614,86874000.0,1010071000.0,1010071000.0,3563213000.0,749547000.0,,5.757,971818000.0,,,971818000.0,4860076000.0,93305000.0,0.0,0.007,0.42,1212421000.0,1305726000.0,0.157,1305726000.0,1212421000.0,1151215000.0,6.08,5.98,6.08,3814392000.0,3831922750.0,3814392000.0,7341990220.0,6.0,5.623,1219035000.0,10.103,1.0,4750489000.0,0.571,791195000.0,61206000.0,24943507000.0,24681895750.0,0.0,12977440000.0,,,21958563000.0,,,7130029220.0,346570000.0,0.0,-449643000.0,-63000.0,-51619000.0,-469741000.0,-324909000.0,-384125000.0,1132161000.0,9059000.0,749547000.0,749547000.0,749547000.0,0.0,0.0,0.09,3538068000.0,1212421000.0,4997919000.0,0.069,1.869,9.512,9.691,279748000.0,0.0,58.92,0.858,0.855,4425991000.0,1989405000.0,8313702000.0,8313702000.0,0.0,0.03,0.196,0.049,0.146,15008000.0,2246763000.0,1.0,121012037.0,120657052,122492504.0,68.904,24981760000.0,0.0,401668000.0,55298000.0,207.048,
57,AIZ,MRT,2007-03-31,2007-03-31,2007-03-31,2021-08-05,88990000.0,25461049000.0,25045515750.0,,,0.327,32.102,92370000.0,759835000.0,759835000.0,3535364000.0,734403000.0,,5.493,971796000.0,,,971796000.0,4602760000.0,93305000.0,0.0,0.007,0.4,1192129000.0,1285434000.0,0.157,1285434000.0,1192129000.0,1130904000.0,5.88,5.78,5.88,3921261000.0,3770913250.0,3921261000.0,6545526239.0,5.0,5.092,1126223000.0,9.22,1.0,4662701000.0,0.569,790545000.0,61225000.0,24882465000.0,24454867000.0,0.0,13177368000.0,,,21539788000.0,,,6561424239.0,109130000.0,47514000.0,-435590000.0,-62000.0,-49981000.0,-449805000.0,-486021000.0,-579928000.0,1033853000.0,11103000.0,734403000.0,734403000.0,734403000.0,0.0,0.0,0.09,3470572000.0,1192129000.0,4937065000.0,0.068,1.673,8.934,9.121,278653000.0,0.0,53.63,0.8,0.799,4368187000.0,1837623000.0,8198065000.0,8198065000.0,0.0,0.029,0.195,0.049,0.145,15008000.0,2249531000.0,1.0,122346154.0,122149873,124111534.0,67.115,24670504000.0,0.0,396501000.0,138251000.0,201.969,
58,AIZ,MRT,2006-12-31,2006-12-31,2006-12-31,2021-08-05,88064000.0,25165148000.0,24850424500.0,,,0.325,30.214,96707000.0,987672000.0,987672000.0,3535521000.0,717418000.0,,5.566,971774000.0,,,971774000.0,4429893000.0,93305000.0,0.0,0.007,0.38,1158532000.0,1251837000.0,0.155,1251837000.0,1158532000.0,1097289000.0,5.66,5.57,5.66,3832597000.0,3703990250.0,3832597000.0,7142341632.0,6.0,5.705,1016970000.0,8.017,1.0,4535063000.0,0.562,790519000.0,61243000.0,24358731000.0,24283451000.0,0.0,12563582000.0,,,21332551000.0,,,6817725632.0,132103000.0,47514000.0,-422451000.0,-59000.0,-48157000.0,-714810000.0,-84511000.0,-441447000.0,920263000.0,11161000.0,717418000.0,717418000.0,717418000.0,0.0,0.0,0.089,3378078000.0,1156985000.0,5096469000.0,0.067,1.779,9.503,9.761,275201000.0,0.0,55.25,0.845,0.868,4526983000.0,1676171000.0,8070584000.0,8070584000.0,0.0,0.029,0.194,0.048,0.144,15008000.0,2191368000.0,1.0,123397749.0,126846990,128812813.0,63.625,24374629000.0,0.0,379871000.0,93389000.0,192.158,
59,AIZ,MRT,2006-09-30,2006-09-30,2006-09-30,2021-08-05,158150000.0,25023450000.0,24900500750.0,,,0.311,29.886,-37227000.0,647137000.0,647137000.0,3519973000.0,601957000.0,,5.656,971753000.0,,,971753000.0,4215615000.0,83169000.0,0.0,0.007,0.36,917771000.0,1000940000.0,0.129,1000940000.0,917771000.0,856519000.0,4.67,4.6,4.67,3759441000.0,3670730750.0,3759441000.0,7052271818.0,8.0,7.046,863600000.0,6.865,1.0,4224555000.0,0.545,805186000.0,61252000.0,24542880000.0,24362945750.0,0.0,12920233000.0,,,21264009000.0,,,6744041818.0,5869000.0,47514000.0,-406737000.0,-123000.0,-46311000.0,-324998000.0,-577522000.0,-425416000.0,900827000.0,7562000.0,601957000.0,601957000.0,601957000.0,0.0,0.0,0.078,3308331000.0,916224000.0,5037746000.0,0.077,1.794,11.204,11.437,271696000.0,0.0,53.41,0.871,0.868,4513516000.0,1435984000.0,7744528000.0,7744528000.0,0.0,0.024,0.164,0.038,0.119,40089000.0,2191503000.0,1.0,126269272.0,125793731,127766049.0,61.565,24218264000.0,1952000.0,254562000.0,63345000.0,192.524,
60,AIZ,MRT,2006-06-30,2006-06-30,2006-06-30,2021-08-05,-39997000.0,24532416000.0,24997749250.0,,,0.306,27.787,-42431000.0,663501000.0,663501000.0,3602252000.0,550941000.0,,5.871,971731000.0,,,971731000.0,4049636000.0,83169000.0,0.0,0.007,0.34,828112000.0,911281000.0,0.119,911281000.0,828112000.0,766852000.0,4.21,4.16,4.21,3570354000.0,3647321000.0,3570354000.0,6563973073.0,8.0,7.203,984259000.0,7.66,1.0,4037638000.0,0.528,805254000.0,61260000.0,24035392000.0,24458480250.0,0.0,12439165000.0,,,20962062000.0,,,6242967073.0,162731000.0,47514000.0,-389231000.0,-176000.0,-44519000.0,-410254000.0,-457309000.0,-418703000.0,1026690000.0,3604000.0,550941000.0,550941000.0,550941000.0,0.0,0.0,0.072,3211073000.0,826565000.0,4994632000.0,0.081,1.749,11.331,11.496,274670000.0,0.0,48.4,0.817,0.814,4461585000.0,1297249000.0,7639890000.0,7639890000.0,0.0,0.022,0.151,0.034,0.108,40089000.0,2156842000.0,1.0,128986923.0,128488126,130327634.0,59.46,23727162000.0,78157000.0,215911000.0,0.0,184.664,
61,AIZ,MRT,2006-03-31,2006-03-31,2006-03-31,2021-08-05,78400000.0,24680684000.0,24978836000.0,,,0.303,28.105,-38872000.0,650705000.0,650705000.0,3652059000.0,527429000.0,,5.755,971711000.0,,,971711000.0,3906705000.0,83169000.0,0.0,0.006,0.32,784047000.0,867216000.0,0.115,867216000.0,784047000.0,722788000.0,3.96,3.92,3.96,3653569000.0,3715588000.0,3653569000.0,6516605148.0,8.0,7.514,926632000.0,7.128,1.0,3913044000.0,0.517,804889000.0,61259000.0,24196801000.0,24476417750.0,0.0,12396472000.0,,,21027115000.0,,,6400484148.0,175671000.0,0.0,-382908000.0,-156000.0,-42664000.0,-483747000.0,-303138000.0,-291350000.0,965504000.0,-2948000.0,527429000.0,527429000.0,527429000.0,0.0,0.0,0.07,3130544000.0,782500000.0,4992501000.0,0.081,1.752,12.135,12.437,268242000.0,0.0,49.25,0.846,0.846,4589963000.0,1158973000.0,7565103000.0,7565103000.0,0.0,0.021,0.142,0.032,0.104,40089000.0,2133999000.0,1.0,129959069.0,129998426,132000306.0,58.194,23875795000.0,12953000.0,195359000.0,36569000.0,183.662,
62,AIZ,MRT,2005-12-31,2005-12-31,2005-12-31,2021-08-05,219499000.0,25365453000.0,24889158500.0,,,0.301,27.248,-41833000.0,855569000.0,855569000.0,3705904000.0,479355000.0,,5.856,971690000.0,,,971690000.0,3851614000.0,83169000.0,0.0,0.007,0.31,716866000.0,800035000.0,0.107,800035000.0,716866000.0,655608000.0,3.53,3.5,3.53,3699559000.0,3711090000.0,3699559000.0,6023113835.0,8.0,7.529,864476000.0,6.367,1.0,3791771000.0,0.506,804864000.0,61258000.0,24676710000.0,24426706000.0,0.0,12667335000.0,,,21665894000.0,,,5692711835.0,48487000.0,0.0,-338874000.0,-179000.0,-42050000.0,-305772000.0,-548688000.0,-411670000.0,906309000.0,-3362000.0,479355000.0,479355000.0,479355000.0,0.0,0.0,0.064,3074905000.0,716866000.0,5657175000.0,0.088,1.539,11.876,12.32,267720000.0,0.0,43.49,0.759,0.788,4902599000.0,1006910000.0,7497675000.0,7497675000.0,0.0,0.019,0.129,0.029,0.096,40089000.0,2148297000.0,1.0,130897030.0,135773551,136945310.0,55.222,24560589000.0,3868000.0,176253000.0,47514000.0,180.894,
63,AIZ,MRT,2005-09-30,2005-09-30,2005-09-30,2021-08-05,263029000.0,25412444000.0,24684821750.0,,,0.304,27.213,-52739000.0,641268000.0,641268000.0,3788952000.0,428437000.0,,5.932,971670000.0,,,971670000.0,3661575000.0,60757000.0,0.0,0.008,0.3,707322000.0,768079000.0,0.102,768079000.0,707322000.0,646065000.0,3.1,3.09,3.1,3665802000.0,3695058000.0,3665802000.0,5628186294.0,8.0,7.328,805861000.0,5.982,1.0,3705242000.0,0.494,817828000.0,61257000.0,24925018000.0,24229923750.0,0.0,12613096000.0,,,21746642000.0,,,5157306294.0,-51105000.0,0.0,-278195000.0,-139000.0,-41365000.0,-324780000.0,-590382000.0,-544727000.0,858600000.0,5457000.0,428437000.0,428437000.0,428437000.0,0.0,0.0,0.057,2997920000.0,707322000.0,5997292000.0,0.097,1.407,12.037,12.277,275149000.0,0.0,38.06,0.688,0.684,5270953000.0,880338000.0,7494194000.0,7494194000.0,0.0,0.017,0.116,0.029,0.094,945000.0,2150327000.0,1.0,135504632.0,134706785,136177498.0,55.633,24594616000.0,0.0,217628000.0,94936000.0,182.579,
64,AIZ,MRT,2005-06-30,2005-06-30,2005-06-30,2021-08-05,399549000.0,24456763000.0,24236595000.0,,,0.307,27.912,-49199000.0,500770000.0,500770000.0,3795290000.0,402994000.0,,5.363,971650000.0,,,971650000.0,3493567000.0,60757000.0,0.0,0.008,0.29,674994000.0,735751000.0,0.099,735751000.0,674994000.0,613945000.0,2.89,2.88,2.89,3843422000.0,3667370250.0,3843422000.0,5482500090.0,8.0,7.452,636274000.0,4.621,1.0,3653010000.0,0.49,820501000.0,61049000.0,24107142000.0,23765522000.0,0.0,12719827000.0,,,20613341000.0,,,4985903090.0,-108100000.0,0.0,-175970000.0,-93000.0,-40517000.0,-173641000.0,-626828000.0,-556986000.0,685473000.0,6896000.0,402994000.0,402994000.0,402994000.0,0.0,0.0,0.054,2978016000.0,674994000.0,5038160000.0,0.1,1.297,12.372,12.491,273642000.0,0.0,36.1,0.669,0.667,4482479000.0,790827000.0,7448300000.0,7448300000.0,0.0,0.017,0.11,0.028,0.091,945000.0,2152401000.0,1.0,138113659.0,137700163,139019388.0,54.091,23636262000.0,0.0,210951000.0,141378000.0,171.65,
65,AIZ,MRT,2005-03-31,2005-03-31,2005-03-31,2021-08-05,256529000.0,24321974000.0,23959699500.0,,,0.309,26.017,-51734000.0,475034000.0,475034000.0,3814328000.0,370580000.0,,5.69,971631000.0,,,971631000.0,3381896000.0,60757000.0,0.0,0.008,0.28,631459000.0,692216000.0,0.093,692216000.0,631459000.0,569890000.0,2.63,2.63,2.63,3635577000.0,3545065750.0,3635577000.0,4879956308.0,8.0,7.05,583687000.0,4.177,1.0,3598832000.0,0.485,820617000.0,61569000.0,23997954000.0,23458270500.0,0.0,12563332000.0,,,20686397000.0,,,4715427308.0,-98827000.0,0.0,-81709000.0,-93000.0,-39471000.0,-124633000.0,-616511000.0,-600940000.0,635421000.0,6896000.0,370580000.0,370580000.0,370580000.0,0.0,0.0,0.05,2967373000.0,631459000.0,5252748000.0,0.106,1.297,12.724,12.814,278691000.0,0.0,33.7,0.636,0.635,4621963000.0,674208000.0,7413160000.0,7413160000.0,0.0,0.015,0.105,0.027,0.085,945000.0,2128734000.0,1.0,139923659.0,139736533,139833013.0,53.051,23501357000.0,31757000.0,199310000.0,110159000.0,168.183,
66,AIZ,MRT,2004-12-31,2004-12-31,2004-12-31,2021-08-05,338163000.0,24548106000.0,23805275250.0,,,0.311,26.275,-51456000.0,807082000.0,807082000.0,3839769000.0,350560000.0,,5.752,971611000.0,,,971611000.0,3354299000.0,60757000.0,0.0,0.007,0.21,592346000.0,653103000.0,0.088,653103000.0,592346000.0,535928000.0,2.53,2.53,2.53,3635431000.0,3523535750.0,3635431000.0,4554982908.0,8.0,6.974,763498000.0,5.518,1.0,3570945000.0,0.482,823054000.0,56418000.0,23889581000.0,23277168750.0,0.0,12318709000.0,,,20912675000.0,,,4275762908.0,-151115000.0,0.0,661863000.0,-778515000.0,-29676000.0,-228003000.0,-744962000.0,-566659000.0,814954000.0,6896000.0,350560000.0,350560000.0,350560000.0,0.0,0.0,0.047,2976436000.0,594509000.0,5352373000.0,0.083,1.176,12.197,12.075,277088000.0,0.0,30.55,0.577,0.57,4613327000.0,569605000.0,7410714000.0,7410714000.0,0.0,0.015,0.099,0.025,0.08,945000.0,2155980000.0,1.0,139959506.0,138358767,138467564.0,53.562,23725052000.0,0.0,185368000.0,76093000.0,171.475,
67,AIZ,MRT,2004-09-30,2004-09-30,2004-09-30,2021-08-05,306665000.0,23619537000.0,23683252750.0,,,0.312,25.073,-48035000.0,692373000.0,692373000.0,3890386000.0,186799000.0,,5.644,971593000.0,,,971593000.0,3221977000.0,48117000.0,0.0,0.005,0.14,303946000.0,352063000.0,0.048,352063000.0,303946000.0,261667000.0,1.22,1.22,1.22,3555051000.0,3272703750.0,3555051000.0,4061714756.0,13.0,11.537,612419000.0,4.319,1.0,3488532000.0,0.473,831346000.0,42279000.0,23067411000.0,23310597500.0,0.0,11610075000.0,,,20064486000.0,,,3698970756.0,148008000.0,0.0,689456000.0,971509000.0,-19887000.0,357430000.0,-869876000.0,-672092000.0,660454000.0,0.0,186799000.0,186799000.0,186799000.0,0.0,0.0,0.025,2951497000.0,537035000.0,5362600000.0,0.115,1.04,19.802,21.311,270922000.0,0.0,26.0,0.501,0.5,4745602000.0,493266000.0,7378918000.0,7378918000.0,0.0,0.008,0.057,0.013,0.041,0.0,2106299000.0,1.0,142268106.0,141787153,141694172.0,52.042,22788191000.0,31385000.0,74868000.0,74589000.0,160.721,
68,AIZ,MRT,2004-06-30,2004-06-30,2004-06-30,2021-08-05,135697000.0,23349181000.0,23496692750.0,,,0.312,23.588,-52817000.0,608870000.0,608870000.0,3792773000.0,211353000.0,,5.961,971614000.0,,,971614000.0,3139535000.0,48117000.0,0.0,0.003,0.07,325361000.0,373478000.0,0.051,373478000.0,325361000.0,298189000.0,1.6,1.6,1.6,3354204000.0,3072246750.0,3354204000.0,4149179873.0,13.0,11.11,601291000.0,4.229,1.0,3528175000.0,0.482,833789000.0,27172000.0,22878136000.0,22943167500.0,0.0,11181456000.0,,,19994977000.0,,,3751464873.0,168324000.0,0.0,724694000.0,971537000.0,-31012000.0,380983000.0,-866767000.0,-647915000.0,654108000.0,0.0,211353000.0,211353000.0,211353000.0,0.0,0.0,0.029,2940437000.0,587738000.0,5241156000.0,0.044,1.118,17.75,16.488,272198000.0,0.0,26.38,0.512,0.512,4764866000.0,428350000.0,7320948000.0,7320948000.0,0.0,0.009,0.069,0.014,0.044,0.0,2114474000.0,1.0,142208676.0,142196828,142220994.0,51.485,22515392000.0,130394000.0,86836000.0,57707000.0,158.34,
69,AIZ,MRT,2004-03-31,2004-03-31,2004-03-31,2021-08-05,415760000.0,23704277000.0,,,,,27.404,-78974000.0,573861000.0,573861000.0,3737965000.0,206793000.0,,5.678,971576000.0,,,971576000.0,3170594000.0,48117000.0,0.0,0.0,0.0,303089000.0,351206000.0,0.049,351206000.0,303089000.0,291751000.0,1.76,1.76,1.76,3549457000.0,,3549457000.0,4369845866.0,14.0,12.442,545456000.0,4.211,1.0,3466421000.0,0.481,828445000.0,11338000.0,23273547000.0,,0.0,11556865000.0,,,20154820000.0,,,3578042866.0,-164776000.0,0.0,725743000.0,971537000.0,-160364000.0,317105000.0,-1106311000.0,-788382000.0,624430000.0,0.0,206793000.0,206793000.0,206793000.0,0.0,0.0,0.029,2872020000.0,594401000.0,5303076000.0,0.0,1.008,17.303,14.29,284294000.0,0.0,25.15,0.497,0.452,4825185000.0,343099000.0,7204386000.0,7204386000.0,0.0,,,,0.042,0.0,2051906000.0,1.0,142268106.0,129521599,129521599.0,55.623,22875832000.0,8909000.0,84958000.0,90916000.0,176.618,
70,AIZ,MRT,2003-12-31,2003-12-31,2003-12-31,2021-08-05,318527000.0,24060016000.0,23169535500.0,,,0.305,24.099,-78769000.0,958197000.0,958197000.0,3657763000.0,185652000.0,,8.141,1750000000.0,,,1750000000.0,3133847000.0,48117000.0,0.0,,0.0,260532000.0,308649000.0,0.044,308649000.0,260532000.0,259357000.0,1.7,1.7,1.7,2632103000.0,2593581000.0,2632103000.0,,,,639915000.0,5.859,1.0,3418455000.0,0.483,828523000.0,1175000.0,24023296000.0,22428759500.0,0.0,11536317000.0,,,21427913000.0,,,,347503000.0,0.0,0.0,1750000000.0,-181187000.0,361564000.0,-732745000.0,-642024000.0,718684000.0,0.0,185652000.0,185652000.0,185652000.0,0.0,0.0,0.026,2839143000.0,579312000.0,5274964000.0,0.0,,,,283762000.0,0.0,,,,4845287000.0,248721000.0,7076218000.0,7076218000.0,0.0,0.008,0.072,0.012,0.037,0.0,2004481000.0,1.0,145072251.0,109222276,109222276.0,64.787,23231493000.0,86820000.0,73705000.0,0.0,212.699,
71,AIZ,MRT,2003-09-30,2003-09-30,2003-09-30,2021-08-05,361766000.0,22873297000.0,,,,,25.208,-68760000.0,441468000.0,441468000.0,3530649000.0,323693000.0,,7.308,0.0,,,0.0,3194138000.0,8787000.0,0.0,,0.0,478465000.0,487252000.0,0.07,487252000.0,478465000.0,478465000.0,2.96,2.96,2.96,2753223000.0,,2753223000.0,,,,719378000.0,6.586,1.0,3381053000.0,0.489,834138000.0,0.0,21597691000.0,,0.0,10911544000.0,,,20120074000.0,,,,30224000.0,-12000000.0,0.0,0.0,-181187000.0,-183165000.0,-574749000.0,-534940000.0,788138000.0,0.0,323693000.0,323693000.0,323693000.0,0.0,0.0,0.047,2784460000.0,596593000.0,5097575000.0,0.0,,,,284906000.0,0.0,,,,4945756000.0,326602000.0,6911702000.0,6911702000.0,0.0,,,,0.069,0.0,2156036000.0,1.0,145072251.0,109222276,109222276.0,63.281,22039159000.0,90007000.0,154772000.0,90747000.0,201.783,
72,AIZ,MRT,2003-06-30,2003-06-30,2003-06-30,2021-08-05,,,,,,,,,,,,,,,,,,,,,,,0.0,,,,,,,,,,,,,,,,,,1.0,,,,,,,,,,,,,,,,,,,,,,,,,,,,,,,,,,,,,,,,,,,,,,,,,,,,,,1.0,145072251.0,109222276,,,,,,,,
73,AIZ,MRT,2003-03-31,2003-03-31,2003-03-31,2021-08-05,,,,,,,,,,,,,,,,,,,,,,,0.0,,,,,,,,,,,,,,,,,,1.0,,,,,,,,,,,,,,,,,,,,,,,,,,,,,,,,,,,,,,,,,,,,,,,,,,,,,,1.0,145072251.0,109222276,,,,,,,,
74,AIZ,MRT,2002-12-31,2002-12-31,2002-12-31,2021-08-05,244985000.0,22279055000.0,,,,,23.393,-64179000.0,610694000.0,610694000.0,3435175000.0,-1001199000.0,,7.144,0.0,,,0.0,3207636000.0,46867000.0,0.0,,0.0,-890542000.0,-843675000.0,-0.129,-843675000.0,-890542000.0,-890542000.0,-9.17,-9.17,-9.17,2555059000.0,,2555059000.0,,,,300784000.0,2.754,1.0,3097025000.0,0.474,834138000.0,0.0,20834223000.0,,0.0,10299323000.0,,,18253262000.0,,,,-57890000.0,0.0,0.0,0.0,-41876000.0,-43428000.0,-379425000.0,-355310000.0,364963000.0,0.0,-1001199000.0,-1001199000.0,-1001199000.0,0.0,0.0,-0.153,2608232000.0,488793000.0,5155664000.0,0.0,,,,250785000.0,0.0,,,,5051003000.0,245219000.0,6532200000.0,6532200000.0,0.0,,,,-0.136,0.0,1876222000.0,1.0,145072251.0,109222276,109222276.0,59.806,21444917000.0,168200000.0,110657000.0,25191000.0,196.342,
75,AIZ,MRT,2001-12-31,2001-12-31,2001-12-31,2021-08-05,,,,,,,,-41798000.0,,,3240091000.0,98053000.0,,,,,,,,156899000.0,,,0.0,219645000.0,376544000.0,0.061,376544000.0,219645000.0,205644000.0,0.9,0.9,0.9,,,,,,,590620000.0,5.408,1.0,2946783000.0,0.476,,14001000.0,,,,,,,,,,,34691000.0,137840000.0,0.0,-238983000.0,-109298000.0,-379809000.0,-217918000.0,-313960000.0,632418000.0,0.0,98053000.0,98053000.0,98053000.0,0.0,0.0,0.016,2608768000.0,338015000.0,,0.0,,,,,0.0,,,,,,6186874000.0,6186874000.0,0.0,,,,0.036,0.0,1619765000.0,1.0,,109222276,109222276.0,56.645,,,107591000.0,,,
76,AIZ,MRT,2000-12-31,2000-12-31,2000-12-31,2021-08-05,,,,,,,,-36483000.0,,,3208054000.0,89684000.0,,,,,,,,168670000.0,,,0.0,218910000.0,387580000.0,0.062,387580000.0,218910000.0,194184000.0,0.831,0.831,0.831,,,,,,,496333000.0,4.595,1.0,3003925000.0,0.484,,24726000.0,,,,,,,,,,,76036000.0,-326666000.0,0.0,-768260000.0,-21111000.0,-428655000.0,-28125000.0,335024000.0,532816000.0,0.0,89684000.0,89684000.0,89684000.0,0.0,0.0,0.014,2674873000.0,329052000.0,,0.0,,,,,0.0,,,,,,6211979000.0,6211979000.0,0.0,,,,0.035,0.0,1801196000.0,1.0,,108013480,108013480.0,57.511,,,104500000.0,,,
