None,ticker,dimension,calendardate,datekey,reportperiod,lastupdated,accoci,assets,assetsavg,assetsc,assetsnc,assetturnover,bvps,capex,cashneq,cashnequsd,cor,consolinc,currentratio,de,debt,debtc,debtnc,debtusd,deferredrev,depamor,deposits,divyield,dps,ebit,ebitda,ebitdamargin,ebitdausd,ebitusd,ebt,eps,epsdil,epsusd,equity,equityavg,equityusd,ev,evebit,evebitda,fcf,fcfps,fxusd,gp,grossmargin,intangibles,intexp,invcap,invcapavg,inventory,investments,investmentsc,investmentsnc,liabilities,liabilitiesc,liabilitiesnc,marketcap,ncf,ncfbus,ncfcommon,ncfdebt,ncfdiv,ncff,ncfi,ncfinv,ncfo,ncfx,netinc,netinccmn,netinccmnusd,netincdis,netincnci,netmargin,opex,opinc,payables,payoutratio,pb,pe,pe1,ppnenet,prefdivis,price,ps,ps1,receivables,retearn,revenue,revenueusd,rnd,roa,roe,roic,ros,sbcomp,sgna,sharefactor,sharesbas,shareswa,shareswadil,sps,tangibles,taxassets,taxexp,taxliabilities,tbvps,workingcapital
0,AVB,MRY,2020-12-31,2020-12-31,2020-12-31,2021-08-04,-40250000.0,19199144000.0,19396645250.0,,,0.119,77.012,-980943000.0,313532000.0,313532000.0,823102000.0,827706000.0,,0.785,7745816000.0,,,7745816000.0,0.0,707331000.0,0.0,0.04,6.36,1038534000.0,1745865000.0,0.759,1745865000.0,1038534000.0,824383000.0,5.89,5.89,5.89,10751583000.0,10800836250.0,10751583000.0,29961574143.0,29.0,17.161,238672000.0,1.71,1.0,1478159000.0,0.642,0.0,214151000.0,26631428000.0,26847263500.0,0.0,202612000.0,,,8444293000.0,,,22397469143.0,185918000.0,796875000.0,-180412000.0,250912000.0,-883212000.0,-854264000.0,-179433000.0,4635000.0,1219615000.0,0.0,827630000.0,827630000.0,827630000.0,0.0,76000.0,0.36,780073000.0,698086000.0,0.0,1.08,2.083,27.062,27.238,18389047000.0,0.0,160.43,9.733,9.733,0.0,126022000.0,2301261000.0,2301261000.0,0.0,0.043,0.077,0.039,0.451,21603000.0,60343000.0,1.0,139608983.0,139608983.0,,16.484,19199144000.0,0.0,-3247000.0,0.0,137.521,
1,AVB,MRY,2019-12-31,2019-12-31,2019-12-31,2021-08-04,-31503000.0,19121051000.0,18938519000.0,,,0.123,78.687,-1613420000.0,127614000.0,127614000.0,768106000.0,786103000.0,,0.74,7436758000.0,,,7436758000.0,0.0,661578000.0,0.0,0.029,6.08,1002562000.0,1664140000.0,0.716,1664140000.0,1002562000.0,798977000.0,5.64,5.63,5.64,10989549000.0,10821993250.0,10989549000.0,36450308412.0,36.0,21.903,-291616000.0,-2.088,1.0,1556520000.0,0.67,0.0,203585000.0,26430195000.0,26093020500.0,0.0,165806000.0,,,8127601000.0,,,29287078412.0,-90250000.0,422312000.0,409725000.0,241575000.0,-839646000.0,-218185000.0,-1193869000.0,-2761000.0,1321804000.0,0.0,785974000.0,785974000.0,785974000.0,0.0,129000.0,0.338,724611000.0,831909000.0,0.0,1.078,2.665,37.262,37.181,18557950000.0,0.0,209.7,12.599,12.599,0.0,282913000.0,2324626000.0,2324626000.0,0.0,0.042,0.073,0.038,0.431,25621000.0,58042000.0,1.0,139661795.0,139661795.0,,16.645,19121051000.0,0.0,13003000.0,0.0,136.91,
2,AVB,MRY,2018-12-31,2018-12-31,2018-12-31,2021-08-04,-26144000.0,18380200000.0,18589943500.0,,,0.123,76.924,-1565506000.0,217864000.0,217864000.0,766556000.0,974175000.0,,0.728,7040263000.0,,,7040263000.0,0.0,631196000.0,0.0,0.034,5.88,1195339000.0,1826535000.0,0.8,1826535000.0,1195339000.0,974365000.0,7.05,7.05,7.05,10632606000.0,10440829000.0,10632606000.0,31309274786.0,26.0,17.141,-264395000.0,-1.913,1.0,1517979000.0,0.664,0.0,220974000.0,25202599000.0,25745809750.0,0.0,217432000.0,,,7744350000.0,,,24057637786.0,15958000.0,907812000.0,52261000.0,64022000.0,-805239000.0,-688502000.0,-596651000.0,61043000.0,1301111000.0,0.0,974525000.0,974525000.0,974525000.0,0.0,-350000.0,0.427,695045000.0,822934000.0,0.0,0.834,2.263,24.687,24.688,17730930000.0,0.0,174.05,10.531,10.531,0.0,350777000.0,2284535000.0,2284535000.0,0.0,0.052,0.093,0.046,0.523,20280000.0,60369000.0,1.0,138222567.0,138222567.0,,16.528,18380200000.0,0.0,-160000.0,0.0,132.975,
3,AVB,MRY,2017-12-31,2017-12-31,2017-12-31,2021-08-04,-37419000.0,18414821000.0,18128706000.0,,,0.119,75.228,-1516254000.0,201906000.0,201906000.0,722299000.0,876660000.0,,0.772,7329470000.0,,,7329470000.0,0.0,584150000.0,0.0,0.032,5.68,1076723000.0,1660873000.0,0.769,1660873000.0,1076723000.0,877062000.0,6.36,6.35,6.36,10388046000.0,10317723250.0,10388046000.0,31547175173.0,29.0,18.994,-259997000.0,-1.883,1.0,1436329000.0,0.665,0.0,199661000.0,25542385000.0,24972230500.0,0.0,163475000.0,,,8020719000.0,,,24636256173.0,-128071000.0,567851000.0,111093000.0,254098000.0,-772657000.0,-418947000.0,-965381000.0,-17590000.0,1256257000.0,0.0,876921000.0,876921000.0,876921000.0,0.0,-261000.0,0.406,646831000.0,789498000.0,0.0,0.893,2.372,28.094,28.052,17717557000.0,0.0,178.41,11.413,11.413,0.0,188609000.0,2158628000.0,2158628000.0,0.0,0.048,0.085,0.043,0.499,17920000.0,53695000.0,1.0,138087866.0,138087866.0,,15.632,18414821000.0,0.0,141000.0,0.0,133.356,
4,AVB,MRY,2016-12-31,2016-12-31,2016-12-31,2021-08-04,-30510000.0,17867271000.0,17473596250.0,,,0.117,74.068,-1667194000.0,329977000.0,329977000.0,683274000.0,1033708000.0,,0.756,7030880000.0,,,7030880000.0,0.0,531434000.0,0.0,0.03,5.4,1221817000.0,1753251000.0,0.857,1753251000.0,1221817000.0,1034307000.0,7.53,7.52,7.53,10171416000.0,9977772750.0,10171416000.0,30911061111.0,25.0,17.631,-506922000.0,-3.691,1.0,1361981000.0,0.666,0.0,187510000.0,24568174000.0,23990012000.0,0.0,175116000.0,,,7688089000.0,,,24327279111.0,-175351000.0,634565000.0,15526000.0,433769000.0,-726749000.0,-303271000.0,-1032352000.0,-16919000.0,1160272000.0,0.0,1034002000.0,1034002000.0,1034002000.0,0.0,-294000.0,0.506,583192000.0,778789000.0,0.0,0.717,2.392,23.527,23.526,17032994000.0,0.0,177.15,11.894,11.894,0.0,94899000.0,2045255000.0,2045255000.0,0.0,0.059,0.104,0.051,0.597,15082000.0,45771000.0,1.0,137325877.0,137325877.0,,14.893,17867271000.0,0.0,305000.0,0.0,130.109,
5,AVB,MRY,2015-12-31,2015-12-31,2015-12-31,2021-08-04,-31387000.0,16931305000.0,16574377000.0,,,0.112,71.893,-1625191000.0,505328000.0,505328000.0,642246000.0,741733000.0,,0.72,6456948000.0,,,6456948000.0,0.0,477923000.0,0.0,0.027,5.0,919136000.0,1397059000.0,0.753,1397059000.0,919136000.0,743521000.0,5.54,5.51,5.54,9840526000.0,9494494000.0,9840526000.0,31089479915.0,34.0,22.254,-550524000.0,-4.022,1.0,1213782000.0,0.654,0.0,175615000.0,22882925000.0,22679587500.0,0.0,216919000.0,,,7080782000.0,,,25203197915.0,-99757000.0,384762000.0,690184000.0,12141000.0,-655248000.0,25093000.0,-1199517000.0,0.0,1074667000.0,0.0,742038000.0,742038000.0,742038000.0,0.0,-305000.0,0.4,516977000.0,696805000.0,0.0,0.903,2.561,33.965,33.236,15942309000.0,0.0,184.13,13.579,13.579,0.0,-197989000.0,1856028000.0,1856028000.0,0.0,0.045,0.078,0.041,0.495,15321000.0,42774000.0,1.0,136877195.0,136877195.0,,13.56,16931305000.0,0.0,1483000.0,0.0,123.697,
6,AVB,MRY,2014-12-31,2014-12-31,2014-12-31,2021-08-04,-42515000.0,16140578000.0,15812486500.0,,,0.107,68.529,-1341657000.0,605085000.0,605085000.0,589306000.0,697327000.0,,0.783,6489707000.0,,,6489707000.0,0.0,442682000.0,0.0,0.028,4.64,873553000.0,1316235000.0,0.781,1316235000.0,873553000.0,692935000.0,5.22,5.21,5.22,9046405000.0,8879172000.0,9046405000.0,27274866551.0,31.0,20.722,-455016000.0,-3.447,1.0,1095755000.0,0.65,0.0,180618000.0,22025200000.0,21620334250.0,0.0,298315000.0,,,7081408000.0,,,21568790551.0,228105000.0,495749000.0,346134000.0,412321000.0,-593643000.0,158224000.0,-816760000.0,29148000.0,886641000.0,0.0,683567000.0,683567000.0,683567000.0,-38179000.0,13760000.0,0.406,480390000.0,615365000.0,0.0,0.889,2.384,31.553,31.301,14935740000.0,0.0,163.39,12.8,12.8,0.0,-267085000.0,1685061000.0,1685061000.0,0.0,0.043,0.077,0.04,0.518,13927000.0,41425000.0,1.0,132008021.0,132008021.0,,12.765,16140578000.0,0.0,9368000.0,0.0,122.27,
7,AVB,MRY,2013-12-31,2013-12-31,2013-12-31,2021-08-04,-48631000.0,15328143000.0,15158199750.0,,,0.097,66.424,-2151799000.0,379919000.0,379919000.0,511019000.0,352771000.0,,0.781,6134351000.0,,,6134351000.0,0.0,573715000.0,0.0,0.036,4.28,525543000.0,1099258000.0,0.751,1099258000.0,525543000.0,353141000.0,2.78,2.78,2.78,8596132000.0,8570339500.0,8596132000.0,21186804168.0,40.0,19.274,-1427484000.0,-11.03,1.0,951902000.0,0.651,0.0,172402000.0,21082575000.0,20827119750.0,0.0,367866000.0,,,6711096000.0,,,15300511168.0,-2452263000.0,935846000.0,4703000.0,-1385519000.0,-526050000.0,-1995404000.0,-1181174000.0,0.0,724315000.0,0.0,353141000.0,353141000.0,353141000.0,-294944000.0,-370000.0,0.241,644838000.0,307064000.0,0.0,1.54,1.78,43.327,42.529,14284209000.0,0.0,118.23,10.459,10.459,0.0,-345254000.0,1462921000.0,1462921000.0,0.0,0.023,0.041,0.025,0.359,15160000.0,39573000.0,1.0,129413103.0,129413103.0,,11.304,15328143000.0,0.0,0.0,0.0,118.444,
8,AVB,MRY,2012-12-31,2012-12-31,2012-12-31,2021-08-04,-108007000.0,11160078000.0,9195437000.0,,,0.109,69.977,-937646000.0,2783568000.0,2783568000.0,356905000.0,423562000.0,,0.631,3851033000.0,,,3851033000.0,0.0,260094000.0,0.0,0.029,3.88,560789000.0,820883000.0,0.82,820883000.0,560789000.0,423869000.0,4.34,4.32,4.34,6837215000.0,5129067500.0,6837215000.0,16342115318.0,29.0,19.908,-396827000.0,-4.061,1.0,643722000.0,0.643,0.0,136920000.0,12227543000.0,11733224500.0,0.0,129352000.0,,,4312258000.0,,,13248019318.0,2116765000.0,280604000.0,2430190000.0,208986000.0,-365572000.0,2199332000.0,-623386000.0,16832000.0,540819000.0,0.0,423869000.0,423869000.0,423869000.0,-173131000.0,-307000.0,0.424,290300000.0,353422000.0,0.0,0.894,1.938,31.255,31.242,8015120000.0,0.0,135.59,13.24,13.24,0.0,-142329000.0,1000627000.0,1000627000.0,0.0,0.046,0.083,0.048,0.56,8707000.0,34101000.0,1.0,97706463.0,97706463.0,,10.241,11160078000.0,0.0,0.0,0.0,114.22,
9,AVB,MRY,2011-12-31,2011-12-31,2011-12-31,2021-08-04,-87020000.0,8482390000.0,8198887750.0,,,0.11,46.221,-737185000.0,690253000.0,690253000.0,335836000.0,441370000.0,,0.927,3599196000.0,,,3599196000.0,0.0,250269000.0,0.0,0.027,3.57,609436000.0,859705000.0,0.955,859705000.0,609436000.0,441622000.0,4.89,4.87,4.89,4394741000.0,3858854500.0,4394741000.0,15443753782.0,25.0,17.964,-307831000.0,-3.238,1.0,564251000.0,0.627,0.0,167814000.0,11391333000.0,11479183500.0,0.0,144561000.0,,,4073435000.0,,,12417687782.0,312446000.0,279294000.0,1049835000.0,-390066000.0,-318231000.0,326233000.0,-443141000.0,641000.0,429354000.0,0.0,441622000.0,441622000.0,441622000.0,-301155000.0,-252000.0,0.491,259402000.0,304849000.0,0.0,0.73,2.826,28.118,26.708,7425030000.0,0.0,130.6,13.796,13.796,0.0,-171648000.0,900087000.0,900087000.0,0.0,0.054,0.114,0.053,0.677,7244000.0,29371000.0,1.0,95081836.0,95081836.0,,9.466,8482390000.0,0.0,0.0,0.0,89.211,
10,AVB,MRY,2010-12-31,2010-12-31,2010-12-31,2021-08-04,-1175000.0,7821488000.0,7677217000.0,,,0.11,38.819,-447045000.0,477745000.0,477745000.0,334121000.0,174079000.0,,1.357,3973085000.0,,,3973085000.0,0.0,232942000.0,0.0,0.032,3.57,345328000.0,578270000.0,0.686,578270000.0,345328000.0,175331000.0,2.08,2.07,2.08,3310618000.0,3270048750.0,3310618000.0,13139519925.0,38.0,22.722,-114939000.0,-1.348,1.0,508699000.0,0.604,0.0,169997000.0,11316828000.0,11187694250.0,0.0,121537000.0,,,4491635000.0,,,9598770925.0,200735000.0,144970000.0,381365000.0,91097000.0,-298090000.0,167565000.0,-298936000.0,-39190000.0,332106000.0,0.0,175331000.0,175331000.0,175331000.0,-82024000.0,-1252000.0,0.208,247409000.0,261290000.0,0.0,1.716,2.899,54.747,54.111,6955645000.0,0.0,112.55,11.389,11.389,0.0,-282743000.0,842820000.0,842820000.0,0.0,0.023,0.054,0.031,0.41,5938000.0,26846000.0,1.0,85284504.0,85284504.0,,9.882,7821488000.0,0.0,0.0,0.0,91.711,
11,AVB,MRY,2009-12-31,2009-12-31,2009-12-31,2021-08-04,-1067000.0,7457605000.0,7562946250.0,,,0.11,37.455,-572103000.0,316367000.0,316367000.0,327744000.0,154274000.0,,1.443,3974872000.0,,,3974872000.0,0.0,218286000.0,0.0,0.043,3.57,301109000.0,519395000.0,0.626,519395000.0,301109000.0,155647000.0,1.94,1.93,1.94,3050127000.0,3041192250.0,3050127000.0,10341889585.0,34.0,19.911,-195522000.0,-2.401,1.0,502180000.0,0.605,0.0,145462000.0,11116110000.0,11200207500.0,0.0,74570000.0,,,4401681000.0,,,6686494585.0,38737000.0,175530000.0,108860000.0,170824000.0,-283710000.0,-4285000.0,-333559000.0,-14740000.0,376581000.0,0.0,155647000.0,155647000.0,155647000.0,-71576000.0,-1373000.0,0.188,249551000.0,252629000.0,0.0,1.84,2.192,42.959,42.325,6833487000.0,0.0,82.11,8.057,8.057,0.0,-149988000.0,829924000.0,829924000.0,0.0,0.021,0.051,0.027,0.363,6098000.0,28748000.0,1.0,81433377.0,81433377.0,,10.191,7457605000.0,0.0,0.0,0.0,91.579,
12,AVB,MRY,2008-12-31,2008-12-31,2008-12-31,2021-08-04,-2932000.0,7174353000.0,7076857250.0,,,0.115,37.817,-902327000.0,257616000.0,257616000.0,322235000.0,410746000.0,,1.457,3654722000.0,,,3654722000.0,0.0,199452000.0,0.0,0.089,5.378,526397000.0,725849000.0,0.892,725849000.0,526397000.0,411487000.0,5.21,5.17,5.21,2916115000.0,3033999000.0,2916115000.0,7811990852.0,15.0,10.763,-516243000.0,-6.695,1.0,491529000.0,0.604,0.0,114910000.0,10571459000.0,10358690750.0,0.0,55025000.0,,,4248004000.0,,,4671414852.0,44664000.0,536425000.0,-34726000.0,340563000.0,-278795000.0,-75111000.0,-266309000.0,-27018000.0,386084000.0,0.0,411487000.0,401033000.0,401033000.0,-311668000.0,-741000.0,0.493,283946000.0,207583000.0,0.0,1.032,1.602,11.648,11.628,6649743000.0,10454000.0,60.58,5.741,5.741,0.0,-22223000.0,813764000.0,813764000.0,0.0,0.057,0.132,0.051,0.647,11888000.0,42781000.0,1.0,77111503.0,77111503.0,,10.553,7174353000.0,0.0,0.0,0.0,93.039,
13,AVB,MRY,2007-12-31,2007-12-31,2007-12-31,2021-08-04,-3366000.0,6736484000.0,6584010500.0,,,0.111,38.433,-1141706000.0,208535000.0,208535000.0,289572000.0,359745000.0,,1.218,3158061000.0,,,3158061000.0,0.0,181725000.0,0.0,0.036,3.4,450335000.0,632060000.0,0.868,632060000.0,450335000.0,358160000.0,4.43,4.38,4.43,3026654000.0,3109491250.0,3026654000.0,10233726084.0,23.0,16.191,-686832000.0,-8.721,1.0,438214000.0,0.602,0.0,92175000.0,9686010000.0,9245362500.0,0.0,57990000.0,,,3686678000.0,,,7413681084.0,11987000.0,245962000.0,363100000.0,279820000.0,-268966000.0,366360000.0,-809247000.0,32348000.0,454874000.0,0.0,358160000.0,349460000.0,349460000.0,-140381000.0,1585000.0,0.48,185844000.0,252370000.0,0.0,0.767,2.449,21.215,21.251,6297182000.0,8700000.0,94.14,10.187,10.187,0.0,2499000.0,727786000.0,727786000.0,0.0,0.053,0.112,0.049,0.619,14353000.0,28494000.0,1.0,78751658.0,78751658.0,,9.242,6736484000.0,0.0,0.0,0.0,85.541,
14,AVB,MRY,2006-12-31,2006-12-31,2006-12-31,2021-08-04,-3579000.0,5848507000.0,5470399000.0,,,0.124,34.491,-832337000.0,144201000.0,144201000.0,268710000.0,266546000.0,,1.266,2801428000.0,,,2801428000.0,0.0,164129000.0,0.0,0.024,3.12,372817000.0,536946000.0,0.792,536946000.0,372817000.0,266546000.0,3.48,3.42,3.48,2573154000.0,2618539500.0,2573154000.0,12124798310.0,33.0,22.581,-480677000.0,-6.443,1.0,408931000.0,0.603,0.0,106271000.0,8505734000.0,7867994250.0,0.0,42724000.0,,,3257042000.0,,,9702095310.0,2569000.0,266852000.0,26551000.0,371267000.0,-234958000.0,162280000.0,-511371000.0,0.0,351660000.0,0.0,266546000.0,257846000.0,257846000.0,-117604000.0,0.0,0.381,160600000.0,248331000.0,0.0,0.897,3.771,37.627,37.371,5510362000.0,8700000.0,130.05,14.317,14.317,0.0,93430000.0,677641000.0,677641000.0,0.0,0.047,0.098,0.047,0.55,10095000.0,24767000.0,1.0,74602809.0,74602809.0,,9.083,5848507000.0,0.0,0.0,0.0,78.395,
15,AVB,MRY,2005-12-31,2005-12-31,2005-12-31,2021-08-04,-4470000.0,5198598000.0,5127918500.0,,,0.128,33.972,-459376000.0,53981000.0,53981000.0,261965000.0,310468000.0,,1.069,2334017000.0,,,2334017000.0,0.0,163296000.0,0.0,0.032,2.84,435639000.0,598935000.0,0.914,598935000.0,435639000.0,310468000.0,4.14,4.05,4.14,2497825000.0,2458452000.0,2497825000.0,8903128236.0,20.0,14.865,-153128000.0,-2.083,1.0,393246000.0,0.6,0.0,125171000.0,7478634000.0,7486202000.0,0.0,41942000.0,,,2670862000.0,,,6562141236.0,4194000.0,456201000.0,36611000.0,-102155000.0,-215391000.0,-282293000.0,-19761000.0,5198000.0,306248000.0,0.0,310468000.0,301768000.0,301768000.0,-214413000.0,0.0,0.461,177737000.0,215509000.0,0.0,0.686,2.627,21.746,21.558,4979326000.0,8700000.0,89.25,10.015,10.015,0.0,71950000.0,655211000.0,655211000.0,0.0,0.059,0.123,0.058,0.665,4292000.0,25761000.0,1.0,73525392.0,73525392.0,,8.911,5198598000.0,0.0,0.0,0.0,70.705,
16,AVB,MRY,2004-12-31,2004-12-31,2004-12-31,2021-08-04,-7096000.0,5081249000.0,5032462250.0,,,0.122,32.998,-498020000.0,23659000.0,23659000.0,251542000.0,207779000.0,,1.121,2451354000.0,,,2451354000.0,0.0,163900000.0,0.0,0.037,2.8,338882000.0,502782000.0,0.819,502782000.0,338882000.0,207779000.0,2.78,2.75,2.78,2385291000.0,2322870000.0,2385291000.0,7931115838.0,23.0,15.774,-222403000.0,-3.077,1.0,362302000.0,0.59,0.0,131103000.0,7508944000.0,7455838500.0,0.0,41379000.0,,,2674433000.0,,,5443201838.0,-5537000.0,215252000.0,54031000.0,132155000.0,-209095000.0,-29471000.0,-251683000.0,30884000.0,275617000.0,0.0,207779000.0,199079000.0,199079000.0,-142421000.0,0.0,0.324,170160000.0,192142000.0,0.0,1.007,2.282,27.342,27.086,4877825000.0,8700000.0,75.3,8.867,8.867,0.0,10769000.0,613844000.0,613844000.0,0.0,0.04,0.086,0.045,0.552,2593000.0,18074000.0,1.0,72286877.0,72286877.0,,8.492,5081249000.0,0.0,0.0,0.0,70.293,
17,AVB,MRY,2003-12-31,2003-12-31,2003-12-31,2021-08-04,-8212000.0,4909582000.0,4953612750.0,,,0.113,32.684,-369387000.0,18883000.0,18883000.0,217510000.0,271525000.0,,1.113,2299082000.0,,,2299082000.0,0.0,153796000.0,0.0,0.059,2.8,401703000.0,555499000.0,0.996,555499000.0,401703000.0,271525000.0,3.8,3.73,3.8,2311334000.0,2203877500.0,2311334000.0,5790252982.0,14.0,10.424,-129710000.0,-1.834,1.0,340003000.0,0.61,0.0,130178000.0,7189781000.0,7377839750.0,0.0,41218000.0,,,2573496000.0,,,3380272982.0,-5853000.0,404693000.0,107057000.0,-95100000.0,-202416000.0,-279465000.0,33935000.0,-331000.0,239677000.0,0.0,271525000.0,260781000.0,260781000.0,-192358000.0,0.0,0.468,153555000.0,186448000.0,0.0,0.737,1.462,12.962,12.579,4736389000.0,10744000.0,47.8,6.063,6.063,0.0,2024000.0,557513000.0,557513000.0,0.0,0.053,0.118,0.054,0.721,4184000.0,14830000.0,1.0,70717008.0,70717008.0,,7.884,4909582000.0,0.0,0.0,0.0,69.426,
18,AVB,MRY,2002-12-31,2002-12-31,2002-12-31,2021-08-04,-12640000.0,4950835000.0,4845318000.0,,,0.118,32.006,-545202000.0,23139000.0,23139000.0,206566000.0,173618000.0,,1.238,2431498000.0,,,2431498000.0,0.0,144477000.0,0.0,0.072,2.8,291906000.0,436383000.0,0.765,436383000.0,291906000.0,173618000.0,2.26,2.23,2.26,2194540000.0,2259406250.0,2194540000.0,5085496781.0,17.0,11.654,-237392000.0,-3.462,1.0,363931000.0,0.638,0.0,118288000.0,7359194000.0,7122212750.0,0.0,36074000.0,,,2717110000.0,,,2683717781.0,-59978000.0,78929000.0,-27465000.0,350468000.0,-207450000.0,68008000.0,-435796000.0,0.0,307810000.0,0.0,173618000.0,155722000.0,155722000.0,-76401000.0,0.0,0.273,150737000.0,213194000.0,0.0,1.239,1.223,17.234,17.319,4785431000.0,17896000.0,39.14,4.704,4.704,0.0,-59388000.0,570497000.0,570497000.0,0.0,0.032,0.069,0.041,0.512,4097000.0,13449000.0,1.0,68567138.0,68567138.0,,8.32,4950835000.0,0.0,0.0,0.0,72.204,
19,AVB,MRY,2001-12-31,2001-12-31,2001-12-31,2021-08-04,-8483000.0,4664289000.0,4582494500.0,,,0.127,33.257,-496483000.0,122847000.0,122847000.0,192140000.0,248997000.0,,0.991,2055464000.0,,,2055464000.0,0.0,130079000.0,0.0,0.068,3.2,350167000.0,480246000.0,0.823,480246000.0,350167000.0,248997000.0,3.08,3.02,3.08,2314555000.0,2375803000.0,2314555000.0,5092497732.0,15.0,10.604,-175955000.0,-2.528,1.0,391056000.0,0.671,0.0,101170000.0,6596906000.0,6408856250.0,0.0,36549000.0,,,2294541000.0,,,3292634732.0,15678000.0,235694000.0,50912000.0,344037000.0,-203214000.0,-29909000.0,-274941000.0,19121000.0,320528000.0,0.0,248997000.0,208962000.0,208962000.0,-22999000.0,0.0,0.358,134580000.0,256476000.0,0.0,1.039,1.423,15.757,15.36,4390843000.0,40035000.0,47.31,5.646,5.646,0.0,-3497000.0,583196000.0,583196000.0,0.0,0.046,0.088,0.055,0.6,3606000.0,14705000.0,1.0,69597014.0,69597014.0,,8.38,4664289000.0,0.0,0.0,0.0,67.019,
20,AVB,MRY,2000-12-31,2000-12-31,2000-12-31,2021-08-04,0.0,4397225000.0,4294293750.0,,,0.126,36.424,-440953000.0,73967000.0,73967000.0,177464000.0,210604000.0,,0.78,1729924000.0,,,1729924000.0,0.0,122610000.0,0.0,0.045,2.24,292577000.0,415187000.0,0.768,415187000.0,292577000.0,210604000.0,2.58,2.53,2.58,2442493000.0,2408602250.0,2442493000.0,5006532503.0,17.0,12.059,-138870000.0,-2.071,1.0,363257000.0,0.672,0.0,81973000.0,6053182000.0,5929409500.0,0.0,33698000.0,,,1905231000.0,,,3361622503.0,49613000.0,190751000.0,36203000.0,131849000.0,-185509000.0,5685000.0,-258155000.0,1123000.0,302083000.0,0.0,210604000.0,170825000.0,170825000.0,-10786000.0,0.0,0.316,128351000.0,234906000.0,0.0,0.868,1.376,19.679,19.43,4199959000.0,39779000.0,50.13,6.217,6.217,0.0,-47845000.0,540721000.0,540721000.0,0.0,0.04,0.071,0.049,0.541,3417000.0,13013000.0,1.0,67058099.0,67058099.0,,8.063,4397225000.0,0.0,0.0,0.0,65.573,
21,AVB,MRY,1999-12-31,1999-12-31,1999-12-31,2021-08-04,0.0,4154662000.0,4159875750.0,,,0.121,36.057,-516261000.0,16422000.0,16422000.0,176873000.0,172276000.0,,0.738,1593647000.0,,,1593647000.0,0.0,109759000.0,0.0,0.059,2.06,246975000.0,356734000.0,0.707,356734000.0,246975000.0,172276000.0,2.02,2.0,2.02,2370285000.0,2343963250.0,2370285000.0,3911874092.0,16.0,10.966,-266195000.0,-4.049,1.0,327671000.0,0.649,0.0,74699000.0,5731887000.0,5749996750.0,0.0,29584000.0,,,1749000000.0,,,2276494092.0,-1269000.0,255618000.0,53275000.0,135767000.0,-172333000.0,13284000.0,-264619000.0,25300000.0,250066000.0,0.0,172276000.0,132497000.0,132497000.0,0.0,0.0,0.263,136043000.0,191628000.0,0.0,1.02,0.96,17.181,17.144,4041323000.0,39779000.0,34.63,4.512,4.512,0.0,-69507000.0,504544000.0,504544000.0,0.0,0.032,0.057,0.043,0.49,3964000.0,9502000.0,1.0,65737629.0,65737629.0,,7.675,4154662000.0,0.0,0.0,0.0,63.201,
22,AVB,MRY,1998-12-31,1998-12-31,1998-12-31,2021-08-04,0.0,4030204000.0,3300354750.0,,,0.107,36.643,-718338000.0,17128000.0,17128000.0,125758000.0,94434000.0,,0.709,1484371000.0,,,1484371000.0,0.0,78359000.0,0.0,0.057,1.95,148437000.0,226796000.0,0.643,226796000.0,148437000.0,94434000.0,1.39,1.37,1.39,2339453000.0,1908835250.0,2339453000.0,3703448500.0,25.0,16.329,-527109000.0,-8.256,1.0,227126000.0,0.644,0.0,54003000.0,5497447000.0,4523804250.0,0.0,62694000.0,,,1658538000.0,,,2186654500.0,5702000.0,117588000.0,160771000.0,387325000.0,-112872000.0,433702000.0,-619229000.0,-21864000.0,191229000.0,0.0,94434000.0,68560000.0,68560000.0,0.0,0.0,0.194,86033000.0,141093000.0,0.0,1.403,0.935,31.894,24.64,3890859000.0,25874000.0,34.25,6.197,6.197,0.0,14521000.0,352884000.0,352884000.0,0.0,0.021,0.036,0.033,0.421,1865000.0,7674000.0,1.0,63843927.0,63843927.0,,5.527,4030204000.0,0.0,0.0,0.0,63.126,
23,AVB,MRY,1997-12-31,1997-12-31,1997-12-31,2021-08-04,0.0,1317650000.0,1014779500.0,,,0.124,30.26,-577170000.0,4785000.0,4785000.0,38483000.0,38941000.0,,0.651,487484000.0,,,487484000.0,0.0,27009000.0,0.0,0.043,1.66,53054000.0,80063000.0,0.635,80063000.0,53054000.0,38941000.0,1.4,1.4,1.4,792695000.0,602486000.0,792695000.0,,,,-512320000.0,-19.557,1.0,87551000.0,0.695,0.0,14113000.0,1800349000.0,1392033000.0,0.0,0.0,,,515822000.0,,,1021663110.0,2268000.0,0.0,383972000.0,173999000.0,-42795000.0,514588000.0,-577170000.0,0.0,64850000.0,0.0,38941000.0,31461000.0,31461000.0,0.0,0.0,0.25,34027000.0,53524000.0,0.0,1.186,1.289,32.474,27.857,1294484000.0,7480000.0,39.0,8.106,8.106,0.0,-31169000.0,126034000.0,126034000.0,0.0,0.031,0.052,0.038,0.421,0.0,6308000.0,1.0,26196490.0,26196490.0,,4.811,1317650000.0,0.0,0.0,0.0,50.299,
24,AVB,MRY,1996-12-31,1996-12-31,1996-12-31,2021-08-04,0.0,711909000.0,,,,,,-216999000.0,1880000.0,1880000.0,25277000.0,19626000.0,,0.71,273688000.0,,,273688000.0,0.0,18689000.0,0.0,0.045,1.61,33902000.0,52591000.0,0.637,52591000.0,33902000.0,19626000.0,1.03,1.03,1.03,412277000.0,,412277000.0,,,,-176776000.0,,1.0,57316000.0,0.694,0.0,14276000.0,983717000.0,,0.0,0.0,,,292630000.0,,,,-757000.0,0.0,184251000.0,18020000.0,-26052000.0,176019000.0,-216999000.0,0.0,40223000.0,0.0,19626000.0,15362000.0,15362000.0,0.0,0.0,0.186,22584000.0,34732000.0,5450000.0,1.563,,,34.951,697793000.0,4264000.0,36.0,,,0.0,-23663000.0,82593000.0,82593000.0,0.0,,,,0.41,0.0,3785000.0,1.0,,,,,711909000.0,0.0,0.0,0.0,,
25,AVB,MRY,1995-12-31,1995-12-31,1995-12-31,2021-08-04,,,,,,,,-104734000.0,,,16801000.0,11460000.0,,,,,,,,13714000.0,,0.064,1.55,22932000.0,36646000.0,0.685,36646000.0,22932000.0,11460000.0,0.91,0.91,0.91,,,,,,,-82136000.0,,1.0,36720000.0,0.686,,11472000.0,,,,,,,,,,,-3021000.0,0.0,48269000.0,35419000.0,-17778000.0,61628000.0,-87247000.0,0.0,22598000.0,0.0,11460000.0,10543000.0,10543000.0,0.0,0.0,0.197,16181000.0,20539000.0,,1.703,,,26.648,,917000.0,24.25,,,,,53521000.0,53521000.0,0.0,,,,0.428,0.0,2467000.0,1.0,,,,,,,0.0,,,
0,AVB,MRQ,2021-06-30,2021-06-30,2021-06-30,2021-08-04,-36339000.0,19316625000.0,,,,,78.135,-275378000.0,487105000.0,487105000.0,212398000.0,447977000.0,,0.771,7711081000.0,,,7711081000.0,0.0,184472000.0,0.0,0.03,1.59,504067000.0,688539000.0,1.226,688539000.0,504067000.0,447963000.0,3.21,3.21,3.21,10908019000.0,,10908019000.0,36622111696.0,28.0,18.215,-36894000.0,-0.264,1.0,349345000.0,0.622,0.0,56104000.0,26540601000.0,,0.0,227953000.0,,,8404999000.0,,,29134091696.0,257373000.0,538981000.0,2361000.0,-6246000.0,-221838000.0,-226268000.0,245157000.0,193000.0,238484000.0,0.0,447953000.0,447953000.0,447953000.0,0.0,24000.0,0.797,205767000.0,143578000.0,0.0,0.495,2.671,27.001,27.067,18298966000.0,0.0,208.69,13.029,13.029,0.0,272398000.0,561743000.0,561743000.0,0.0,,,,,7803000.0,18465000.0,1.0,139604637.0,139604637.0,,4.024,19316625000.0,0.0,10000.0,0.0,138.367,
1,AVB,MRQ,2021-03-31,2021-03-31,2021-03-31,2021-08-04,-37883000.0,19120532000.0,,,,,76.46,-228627000.0,229732000.0,229732000.0,209460000.0,142234000.0,,0.792,7717752000.0,,,7717752000.0,0.0,183297000.0,0.0,0.034,1.59,194081000.0,377378000.0,0.685,377378000.0,194081000.0,141468000.0,1.02,1.02,1.02,10668329000.0,,10668329000.0,33176501733.0,33.0,19.273,101518000.0,0.728,1.0,341675000.0,0.62,0.0,52613000.0,26608552000.0,,0.0,210650000.0,,,8448771000.0,,,25744217733.0,-83800000.0,80080000.0,11000.0,-28488000.0,-222734000.0,-257993000.0,-155952000.0,1250000.0,330145000.0,0.0,142223000.0,142223000.0,142223000.0,0.0,11000.0,0.258,200479000.0,141196000.0,0.0,1.559,2.413,32.105,32.313,18406190000.0,0.0,184.51,11.438,11.438,0.0,47151000.0,551135000.0,551135000.0,0.0,,,,,5382000.0,17352000.0,1.0,139527493.0,139527493.0,,3.95,19120532000.0,0.0,-755000.0,0.0,137.038,
2,AVB,MRQ,2020-12-31,2020-12-31,2020-12-31,2021-08-04,-40250000.0,19199144000.0,,,,,77.012,-317029000.0,313532000.0,313532000.0,213138000.0,341114000.0,,0.785,7745816000.0,,,7745816000.0,0.0,177823000.0,0.0,0.04,1.59,390539000.0,568362000.0,1.023,568362000.0,390539000.0,338950000.0,2.43,2.43,2.43,10751583000.0,,10751583000.0,29961574143.0,29.0,17.161,-59488000.0,-0.426,1.0,342664000.0,0.617,0.0,51589000.0,26631428000.0,,0.0,202612000.0,,,8444293000.0,,,22397469143.0,131132000.0,453348000.0,-44553000.0,-1283000.0,-222212000.0,-268299000.0,141890000.0,1476000.0,257541000.0,0.0,341128000.0,341128000.0,341128000.0,0.0,-14000.0,0.614,199398000.0,143266000.0,0.0,0.654,2.083,27.062,27.238,18389047000.0,0.0,160.43,9.733,9.733,0.0,126022000.0,555802000.0,555802000.0,0.0,,,,,3850000.0,13465000.0,1.0,139608983.0,139608983.0,,3.981,19199144000.0,0.0,-2178000.0,0.0,137.521,
3,AVB,MRQ,2020-09-30,2020-09-30,2020-09-30,2021-08-04,-42617000.0,19144611000.0,,,,,75.809,-214456000.0,182400000.0,182400000.0,212843000.0,147717000.0,,0.794,7746505000.0,,,7746505000.0,0.0,175348000.0,0.0,0.042,1.59,200925000.0,376273000.0,0.663,376273000.0,200925000.0,147676000.0,1.05,1.05,1.05,10669644000.0,,10669644000.0,28416666101.0,33.0,18.071,118701000.0,0.843,1.0,354561000.0,0.625,0.0,53249000.0,26708716000.0,,0.0,194317000.0,,,8471776000.0,,,21018643101.0,-233294000.0,69679000.0,-137472000.0,-68578000.0,-223674000.0,-430256000.0,-136195000.0,1130000.0,333157000.0,0.0,147703000.0,147703000.0,147703000.0,0.0,14000.0,0.26,189900000.0,164661000.0,0.0,1.514,1.97,32.131,32.116,18455324000.0,0.0,149.34,8.984,8.984,0.0,29705000.0,567404000.0,567404000.0,0.0,,,,,5883000.0,13985000.0,1.0,140743559.0,140743559.0,,4.031,19144611000.0,0.0,-27000.0,0.0,136.025,
4,AVB,MRQ,2020-06-30,2020-06-30,2020-06-30,2021-08-04,-46317000.0,19351490000.0,,,,,77.241,-160084000.0,415694000.0,415694000.0,198103000.0,170869000.0,,0.78,7813717000.0,,,7813717000.0,0.0,176249000.0,0.0,0.04,1.59,223094000.0,399343000.0,0.693,399343000.0,223094000.0,169695000.0,1.21,1.21,1.21,10870190000.0,,10870190000.0,29170755727.0,29.0,17.118,127129000.0,0.903,1.0,378302000.0,0.656,0.0,53399000.0,26749513000.0,,0.0,176352000.0,,,8477931000.0,,,21762694727.0,-452727000.0,121784000.0,1488000.0,-463352000.0,-223655000.0,-690879000.0,-49061000.0,1248000.0,287213000.0,0.0,170828000.0,170828000.0,170828000.0,0.0,41000.0,0.296,192210000.0,186092000.0,0.0,1.314,2.002,27.683,27.614,18460221000.0,0.0,154.64,9.222,9.222,0.0,172304000.0,576405000.0,576405000.0,0.0,,,,,6532000.0,15573000.0,1.0,140731342.0,140731342.0,,4.096,19351490000.0,0.0,-1133000.0,0.0,137.507,
5,AVB,MRQ,2020-03-31,2020-03-31,2020-03-31,2021-08-04,-47157000.0,19891336000.0,,,,,77.587,-289374000.0,868421000.0,868421000.0,199635000.0,168006000.0,,0.823,8276482000.0,,,8276482000.0,0.0,177911000.0,0.0,0.042,1.59,223976000.0,401887000.0,0.667,401887000.0,223976000.0,168062000.0,1.19,1.19,1.19,10911928000.0,,10911928000.0,28007436706.0,28.0,16.615,52330000.0,0.372,1.0,402632000.0,0.669,0.0,55914000.0,27299397000.0,,0.0,173734000.0,,,8976094000.0,,,20698292706.0,740807000.0,152064000.0,125000.0,784125000.0,-213671000.0,535170000.0,-136067000.0,781000.0,341704000.0,0.0,167971000.0,167971000.0,167971000.0,0.0,35000.0,0.279,198565000.0,204067000.0,0.0,1.336,1.897,26.415,26.28,18570983000.0,0.0,147.17,8.768,8.768,0.0,225656000.0,602267000.0,602267000.0,0.0,,,,,5338000.0,17320000.0,1.0,140642065.0,140642065.0,,4.282,19891336000.0,0.0,91000.0,0.0,141.432,
6,AVB,MRQ,2019-12-31,2019-12-31,2019-12-31,2021-08-04,-31503000.0,19121051000.0,,,,,78.687,-438017000.0,127614000.0,127614000.0,190391000.0,167671000.0,,0.74,7436758000.0,,,7436758000.0,0.0,171365000.0,0.0,0.029,1.52,223665000.0,395030000.0,0.666,395030000.0,223665000.0,169475000.0,1.2,1.2,1.2,10989549000.0,,10989549000.0,36450308412.0,36.0,21.903,-131135000.0,-0.939,1.0,403175000.0,0.679,0.0,54190000.0,26430195000.0,,0.0,165806000.0,,,8127601000.0,,,29287078412.0,-207140000.0,1136000.0,201936000.0,-66860000.0,-212179000.0,-77357000.0,-436665000.0,-3174000.0,306882000.0,0.0,167650000.0,167650000.0,167650000.0,0.0,21000.0,0.282,186396000.0,216779000.0,0.0,1.267,2.665,37.262,37.181,18557950000.0,0.0,209.7,12.599,12.599,0.0,282913000.0,593566000.0,593566000.0,0.0,,,,,4811000.0,12602000.0,1.0,139661795.0,139661795.0,,4.25,19121051000.0,0.0,1825000.0,0.0,136.91,
7,AVB,MRQ,2019-09-30,2019-09-30,2019-09-30,2021-08-04,-45082000.0,19060467000.0,,,,,77.436,-410530000.0,334754000.0,334754000.0,197819000.0,279709000.0,,0.762,7497984000.0,,,7497984000.0,0.0,165464000.0,0.0,0.028,1.52,342354000.0,507818000.0,0.864,507818000.0,342354000.0,290861000.0,2.0,2.0,2.0,10814425000.0,,10814425000.0,37232665536.0,31.0,19.924,-33340000.0,-0.239,1.0,389794000.0,0.663,0.0,51493000.0,26223697000.0,,0.0,207204000.0,,,8242039000.0,,,30072329536.0,4710000.0,254360000.0,1596000.0,6953000.0,-212172000.0,-205300000.0,-167180000.0,-58000.0,377190000.0,0.0,279677000.0,279677000.0,279677000.0,0.0,32000.0,0.476,178407000.0,211387000.0,0.0,0.76,2.781,29.951,29.783,18240686000.0,0.0,215.33,13.021,13.021,0.0,329323000.0,587613000.0,587613000.0,0.0,,,,,7091000.0,12769000.0,1.0,139656943.0,139656943.0,,4.208,19060467000.0,0.0,11184000.0,0.0,136.481,
8,AVB,MRQ,2019-06-30,2019-06-30,2019-06-30,2021-08-04,-33184000.0,18932575000.0,,,,,77.114,-374693000.0,330044000.0,330044000.0,195111000.0,168305000.0,,0.761,7490380000.0,,,7490380000.0,0.0,162692000.0,0.0,0.029,1.52,218291000.0,380983000.0,0.66,380983000.0,218291000.0,168281000.0,1.21,1.21,1.21,10750000000.0,,10750000000.0,35309253008.0,31.0,20.016,-98747000.0,-0.708,1.0,382152000.0,0.662,0.0,50010000.0,26092911000.0,,0.0,208519000.0,,,8178707000.0,,,28323957008.0,134837000.0,96085000.0,50632000.0,309991000.0,-211796000.0,135729000.0,-276838000.0,-5792000.0,275946000.0,0.0,168281000.0,168281000.0,168281000.0,0.0,24000.0,0.292,183424000.0,198728000.0,0.0,1.256,2.635,30.892,30.692,18131825000.0,0.0,203.18,12.326,12.326,0.0,262548000.0,577263000.0,577263000.0,0.0,,,,,8098000.0,18965000.0,1.0,139403273.0,139403273.0,,4.141,18932575000.0,0.0,0.0,0.0,135.812,
9,AVB,MRQ,2019-03-31,2019-03-31,2019-03-31,2021-08-04,-31907000.0,18639983000.0,,,,,77.497,-390180000.0,195207000.0,195207000.0,184784000.0,170418000.0,,0.736,7180503000.0,,,7180503000.0,0.0,162057000.0,0.0,0.03,1.52,218252000.0,380309000.0,0.672,380309000.0,218252000.0,170360000.0,1.23,1.23,1.23,10733999000.0,,10733999000.0,34625223654.0,28.0,18.706,-28394000.0,-0.205,1.0,381400000.0,0.674,0.0,47892000.0,25625279000.0,,0.0,212639000.0,,,7902588000.0,,,27802824654.0,-22657000.0,70731000.0,155561000.0,-8509000.0,-203499000.0,-71257000.0,-313186000.0,6263000.0,361786000.0,0.0,170366000.0,170366000.0,170366000.0,0.0,52000.0,0.301,176385000.0,205015000.0,0.0,1.236,2.59,27.713,27.687,18000460000.0,0.0,200.73,12.141,12.141,0.0,306861000.0,566184000.0,566184000.0,0.0,,,,,5621000.0,13706000.0,1.0,138508567.0,138508567.0,,4.088,18639983000.0,0.0,-6000.0,0.0,134.576,
10,AVB,MRQ,2018-12-31,2018-12-31,2018-12-31,2021-08-04,-26144000.0,18380200000.0,,,,,76.924,-554776000.0,217864000.0,217864000.0,191104000.0,385635000.0,,0.728,7040263000.0,,,7040263000.0,0.0,158914000.0,0.0,0.034,1.47,440666000.0,599580000.0,1.036,599580000.0,440666000.0,385487000.0,2.79,2.79,2.79,10632606000.0,,10632606000.0,31309274786.0,26.0,17.141,-234222000.0,-1.695,1.0,387416000.0,0.67,0.0,55179000.0,25202599000.0,,0.0,217432000.0,,,7744350000.0,,,24057637786.0,-63727000.0,447591000.0,51037000.0,-130909000.0,-203087000.0,-283086000.0,-101195000.0,12994000.0,320554000.0,0.0,385734000.0,385734000.0,385734000.0,0.0,-99000.0,0.667,176779000.0,210637000.0,0.0,0.527,2.263,24.687,24.688,17730930000.0,0.0,174.05,10.531,10.531,0.0,350777000.0,578520000.0,578520000.0,0.0,,,,,4663000.0,15985000.0,1.0,138222567.0,138222567.0,,4.185,18380200000.0,0.0,-247000.0,0.0,132.975,
11,AVB,MRQ,2018-09-30,2018-09-30,2018-09-30,2021-08-04,-21241000.0,18662119000.0,,,,,75.224,-367213000.0,281591000.0,281591000.0,193467000.0,192407000.0,,0.794,7533228000.0,,,7533228000.0,0.0,156539000.0,0.0,0.032,1.47,246612000.0,403151000.0,0.7,403151000.0,246612000.0,192515000.0,1.39,1.39,1.39,10397398000.0,,10397398000.0,32259703577.0,31.0,19.269,-11953000.0,-0.086,1.0,382515000.0,0.664,0.0,54097000.0,25913756000.0,,0.0,173563000.0,,,8258644000.0,,,25038322577.0,-68306000.0,166084000.0,391000.0,-41317000.0,-203082000.0,-244791000.0,-178775000.0,15408000.0,355260000.0,0.0,192486000.0,192486000.0,192486000.0,0.0,-79000.0,0.334,171251000.0,211264000.0,0.0,1.058,2.408,30.299,30.293,17930213000.0,0.0,181.15,11.073,11.073,0.0,167946000.0,575982000.0,575982000.0,0.0,,,,,5490000.0,14744000.0,1.0,138218728.0,138218728.0,,4.167,18662119000.0,0.0,29000.0,0.0,135.019,
12,AVB,MRQ,2018-06-30,2018-06-30,2018-06-30,2021-08-04,-22707000.0,18671008000.0,,,,,75.235,-325243000.0,349897000.0,349897000.0,190830000.0,254543000.0,,0.795,7571278000.0,,,7571278000.0,0.0,156684000.0,0.0,0.034,1.47,311305000.0,467989000.0,0.822,467989000.0,311305000.0,254720000.0,1.84,1.84,1.84,10398188000.0,,10398188000.0,31084761210.0,29.0,18.263,-15859000.0,-0.115,1.0,378409000.0,0.665,0.0,56585000.0,25892389000.0,,0.0,165421000.0,,,8266813000.0,,,23756713210.0,78490000.0,295889000.0,833000.0,-31099000.0,-203071000.0,-233493000.0,2599000.0,31953000.0,309384000.0,0.0,254662000.0,254662000.0,254662000.0,0.0,-119000.0,0.447,172941000.0,205468000.0,0.0,0.799,2.285,27.24,27.198,17860597000.0,0.0,171.89,10.625,10.625,0.0,179066000.0,569239000.0,569239000.0,0.0,,,,,6098000.0,15209000.0,1.0,138208815.0,138208815.0,,4.119,18671008000.0,0.0,58000.0,0.0,135.093,
13,AVB,MRQ,2018-03-31,2018-03-31,2018-03-31,2021-08-04,-24162000.0,18646447000.0,,,,,74.84,-318274000.0,271407000.0,271407000.0,191153000.0,141590000.0,,0.804,7599455000.0,,,7599455000.0,0.0,159059000.0,0.0,0.035,1.47,196756000.0,355815000.0,0.634,355815000.0,196756000.0,141643000.0,1.03,1.03,1.03,10335124000.0,,10335124000.0,29838750588.0,30.0,18.756,-2361000.0,-0.017,1.0,369639000.0,0.659,0.0,55113000.0,25974495000.0,,0.0,164344000.0,,,8305371000.0,,,22711186588.0,69501000.0,-1752000.0,0.0,267347000.0,-195999000.0,72868000.0,-319280000.0,688000.0,315913000.0,0.0,141643000.0,141643000.0,141643000.0,0.0,-53000.0,0.253,174232000.0,195407000.0,0.0,1.427,2.197,29.017,28.954,17884547000.0,0.0,164.46,10.337,10.337,0.0,128166000.0,560792000.0,560792000.0,0.0,,,,,4029000.0,14431000.0,1.0,138095504.0,138095504.0,,4.061,18646447000.0,0.0,0.0,0.0,135.026,
14,AVB,MRQ,2017-12-31,2017-12-31,2017-12-31,2021-08-04,-37419000.0,18414821000.0,,,,,75.228,-497851000.0,201906000.0,201906000.0,178785000.0,237486000.0,,0.772,7329470000.0,,,7329470000.0,0.0,157100000.0,0.0,0.032,1.42,290135000.0,447235000.0,0.805,447235000.0,290135000.0,237612000.0,1.72,1.72,1.72,10388046000.0,,10388046000.0,31547175173.0,29.0,18.994,-175372000.0,-1.27,1.0,376506000.0,0.678,0.0,52523000.0,25542385000.0,,0.0,163475000.0,,,8020719000.0,,,24636256173.0,-15205000.0,156564000.0,976000.0,198042000.0,-195972000.0,2945000.0,-340629000.0,13314000.0,322479000.0,0.0,237573000.0,237573000.0,237573000.0,0.0,-87000.0,0.428,167198000.0,209308000.0,0.0,0.826,2.372,28.094,28.052,17717557000.0,0.0,178.41,11.413,11.413,0.0,188609000.0,555291000.0,555291000.0,0.0,,,,,3941000.0,14887000.0,1.0,138087866.0,138087866.0,,4.021,18414821000.0,0.0,39000.0,0.0,133.356,
15,AVB,MRQ,2017-09-30,2017-09-30,2017-09-30,2021-08-04,-40863000.0,18177837000.0,,,,,74.838,-493786000.0,217111000.0,217111000.0,187288000.0,238199000.0,,0.758,7128030000.0,,,7128030000.0,0.0,144990000.0,0.0,0.031,1.42,286013000.0,431003000.0,0.783,431003000.0,286013000.0,238272000.0,1.73,1.72,1.73,10333813000.0,,10333813000.0,31335403229.0,29.0,19.04,-135664000.0,-0.982,1.0,363212000.0,0.66,0.0,47741000.0,25088756000.0,,0.0,155428000.0,,,7835285000.0,,,24636797229.0,-76042000.0,129054000.0,84000.0,134276000.0,-195962000.0,-63136000.0,-371028000.0,-13372000.0,358122000.0,0.0,238248000.0,238248000.0,238248000.0,0.0,-49000.0,0.433,157434000.0,205778000.0,0.0,0.821,2.384,27.946,27.835,17446153000.0,0.0,178.42,11.612,11.612,0.0,144647000.0,550500000.0,550500000.0,0.0,,,,,4321000.0,11655000.0,1.0,138083159.0,138083159.0,,3.987,18177837000.0,0.0,24000.0,0.0,131.644,
16,AVB,MRQ,2017-06-30,2017-06-30,2017-06-30,2021-08-04,-42989000.0,17943745000.0,,,,,74.626,-254600000.0,293153000.0,293153000.0,180253000.0,165194000.0,,0.744,6991759000.0,,,6991759000.0,0.0,141439000.0,0.0,0.029,1.42,215385000.0,356824000.0,0.673,356824000.0,215385000.0,165283000.0,1.2,1.2,1.2,10282412000.0,,10282412000.0,33115358648.0,28.0,18.915,21161000.0,0.154,1.0,350259000.0,0.66,0.0,50102000.0,24642351000.0,,0.0,169854000.0,,,7652491000.0,,,26478349648.0,-75567000.0,116070000.0,53216000.0,-54000000.0,-195531000.0,-206484000.0,-144844000.0,-12737000.0,275761000.0,0.0,165225000.0,165225000.0,165225000.0,0.0,-31000.0,0.311,155956000.0,194303000.0,0.0,1.183,2.575,26.486,26.397,17135018000.0,0.0,192.17,12.686,12.686,0.0,102546000.0,530512000.0,530512000.0,0.0,,,,,5339000.0,13947000.0,1.0,137786073.0,137786073.0,,3.85,17943745000.0,0.0,58000.0,0.0,130.229,
17,AVB,MRQ,2017-03-31,2017-03-31,2017-03-31,2021-08-04,-28613000.0,17978421000.0,,,,,74.758,-270017000.0,368720000.0,368720000.0,175974000.0,235781000.0,,0.75,7005729000.0,,,7005729000.0,0.0,140621000.0,0.0,0.03,1.42,285190000.0,425811000.0,0.815,425811000.0,285190000.0,235895000.0,1.72,1.72,1.72,10266622000.0,,10266622000.0,31914872397.0,26.0,18.026,29878000.0,0.218,1.0,346352000.0,0.663,0.0,49295000.0,24615430000.0,,0.0,183403000.0,,,7703021000.0,,,25213969397.0,38743000.0,166163000.0,56817000.0,-24220000.0,-185192000.0,-152272000.0,-108880000.0,-4795000.0,299895000.0,0.0,235875000.0,235875000.0,235875000.0,0.0,-94000.0,0.452,166243000.0,180109000.0,0.0,0.826,2.456,24.433,24.415,17066891000.0,0.0,183.6,12.245,12.245,0.0,133674000.0,522326000.0,522326000.0,0.0,,,,,4319000.0,13206000.0,1.0,137330988.0,137330988.0,,3.803,17978421000.0,0.0,20000.0,0.0,130.913,
18,AVB,MRQ,2016-12-31,2016-12-31,2016-12-31,2021-08-04,-30510000.0,17867271000.0,,,,,74.068,-355403000.0,329977000.0,329977000.0,169444000.0,242183000.0,,0.756,7030880000.0,,,7030880000.0,0.0,140020000.0,0.0,0.03,1.35,292093000.0,432113000.0,0.834,432113000.0,292093000.0,242445000.0,1.76,1.76,1.76,10171416000.0,,10171416000.0,30911061111.0,25.0,17.631,-55858000.0,-0.407,1.0,348796000.0,0.673,0.0,49648000.0,24568174000.0,,0.0,175116000.0,,,7688089000.0,,,24327279111.0,159257000.0,137535000.0,1379000.0,210936000.0,-185264000.0,25473000.0,-165761000.0,-5845000.0,299545000.0,0.0,242235000.0,242235000.0,242235000.0,0.0,-52000.0,0.467,162589000.0,186207000.0,0.0,0.767,2.392,23.527,23.526,17032994000.0,0.0,177.15,11.894,11.894,0.0,94899000.0,518240000.0,518240000.0,0.0,,,,,2979000.0,10428000.0,1.0,137325877.0,137325877.0,,3.774,17867271000.0,0.0,210000.0,0.0,130.109,
19,AVB,MRQ,2016-09-30,2016-09-30,2016-09-30,2021-08-04,-100531000.0,17588657000.0,,,,,73.093,-525867000.0,232188000.0,232188000.0,177127000.0,356329000.0,,0.751,6815970000.0,,,6815970000.0,0.0,131729000.0,0.0,0.03,1.35,404285000.0,536014000.0,1.038,536014000.0,404285000.0,356414000.0,2.6,2.59,2.6,10036624000.0,,10036624000.0,30966142621.0,27.0,18.868,-218318000.0,-1.59,1.0,339084000.0,0.657,0.0,47871000.0,24172439000.0,,0.0,176882000.0,,,7542083000.0,,,24419842621.0,-116407000.0,442867000.0,1343000.0,-84439000.0,-185250000.0,-269856000.0,-154100000.0,-11074000.0,307549000.0,0.0,356392000.0,356392000.0,356392000.0,0.0,-63000.0,0.69,136683000.0,202401000.0,0.0,0.519,2.433,25.781,25.811,16871410000.0,0.0,177.84,12.162,12.162,0.0,36043000.0,516211000.0,516211000.0,0.0,,,,,3621000.0,11928000.0,1.0,137313555.0,137313555.0,,3.759,17588657000.0,0.0,22000.0,0.0,128.091,
20,AVB,MRQ,2016-06-30,2016-06-30,2016-06-30,2021-08-04,-102997000.0,17395067000.0,,,,,71.86,-334432000.0,287691000.0,287691000.0,170010000.0,197319000.0,,0.764,6833991000.0,,,6833991000.0,0.0,132469000.0,0.0,0.029,1.35,244061000.0,376530000.0,0.75,376530000.0,244061000.0,197480000.0,1.44,1.44,1.44,9856519000.0,,9856519000.0,30977423900.0,32.0,21.005,-59036000.0,-0.43,1.0,332297000.0,0.662,0.0,46581000.0,23941367000.0,,0.0,325614000.0,,,7528579000.0,,,24742745900.0,84765000.0,-72285000.0,11702000.0,333130000.0,-185084000.0,137133000.0,-327764000.0,0.0,275396000.0,0.0,197444000.0,197444000.0,197444000.0,0.0,-125000.0,0.393,144184000.0,188113000.0,0.0,0.938,2.51,31.047,30.942,16498094000.0,0.0,180.39,12.579,12.579,0.0,-134808000.0,502307000.0,502307000.0,0.0,,,,,4647000.0,12011000.0,1.0,137162514.0,137162514.0,,3.662,17395067000.0,0.0,36000.0,0.0,126.821,
21,AVB,MRQ,2016-03-31,2016-03-31,2016-03-31,2021-08-04,-77770000.0,17043390000.0,,,,,71.871,-451492000.0,267902000.0,267902000.0,166693000.0,237877000.0,,0.73,6502580000.0,,,6502580000.0,0.0,127216000.0,0.0,0.027,1.35,281378000.0,408594000.0,0.804,408594000.0,281378000.0,237968000.0,1.73,1.73,1.73,9846532000.0,,9846532000.0,32009515851.0,34.0,22.305,-173710000.0,-1.268,1.0,341805000.0,0.672,0.0,43410000.0,23278068000.0,,0.0,182367000.0,,,7186731000.0,,,26057895851.0,-302966000.0,126448000.0,1102000.0,-25858000.0,-171151000.0,-196021000.0,-384727000.0,0.0,277782000.0,0.0,237931000.0,237931000.0,237931000.0,0.0,-54000.0,0.468,139880000.0,201925000.0,0.0,0.78,2.646,33.761,33.427,16310978000.0,0.0,190.2,13.557,13.557,0.0,-146799000.0,508498000.0,508498000.0,0.0,,,,,3835000.0,11404000.0,1.0,137002607.0,137002607.0,,3.712,17043390000.0,0.0,37000.0,0.0,124.402,
22,AVB,MRQ,2015-12-31,2015-12-31,2015-12-31,2021-08-04,-31387000.0,16931305000.0,,,,,71.893,-314117000.0,505328000.0,505328000.0,158240000.0,155352000.0,,0.72,6456948000.0,,,6456948000.0,0.0,122259000.0,0.0,0.027,1.25,197780000.0,320039000.0,0.666,320039000.0,197780000.0,155563000.0,1.12,1.12,1.12,9840526000.0,,9840526000.0,31089479915.0,34.0,22.254,-33722000.0,-0.246,1.0,322601000.0,0.671,0.0,42217000.0,22882925000.0,,0.0,216919000.0,,,7080782000.0,,,25203197915.0,91146000.0,105355000.0,15553000.0,186469000.0,-170997000.0,23753000.0,-213002000.0,-1010000.0,280395000.0,0.0,155428000.0,155428000.0,155428000.0,0.0,-76000.0,0.323,135464000.0,187137000.0,0.0,1.116,2.561,33.965,33.236,15942309000.0,0.0,184.13,13.579,13.579,0.0,-197989000.0,480841000.0,480841000.0,0.0,,,,,3341000.0,11508000.0,1.0,136877195.0,136877195.0,,3.513,16931305000.0,0.0,135000.0,0.0,123.697,
23,AVB,MRQ,2015-09-30,2015-09-30,2015-09-30,2021-08-04,-38181000.0,16781979000.0,,,,,73.96,-393561000.0,420445000.0,420445000.0,166071000.0,206076000.0,,0.706,6306727000.0,,,6306727000.0,0.0,120184000.0,0.0,0.028,1.25,249415000.0,369599000.0,0.778,369599000.0,249415000.0,206181000.0,1.54,1.53,1.54,9829453000.0,,9829453000.0,29552286380.0,32.0,21.244,-91191000.0,-0.686,1.0,309289000.0,0.651,0.0,43234000.0,22668261000.0,,0.0,268647000.0,,,6942014000.0,,,23233961380.0,253431000.0,107511000.0,577305000.0,-155891000.0,-166011000.0,243227000.0,-292166000.0,-6116000.0,302370000.0,0.0,206142000.0,206142000.0,206142000.0,0.0,-66000.0,0.434,134697000.0,174592000.0,0.0,0.812,2.364,31.86,31.901,15790620000.0,0.0,174.82,12.795,12.795,0.0,-182487000.0,475360000.0,475360000.0,0.0,,,,,3725000.0,10464000.0,1.0,132902193.0,132902193.0,,3.577,16781979000.0,0.0,39000.0,0.0,126.273,
24,AVB,MRQ,2015-06-30,2015-06-30,2015-06-30,2021-08-04,-39523000.0,16320476000.0,,,,,69.677,-330202000.0,168805000.0,168805000.0,157982000.0,172253000.0,,0.771,6487130000.0,,,6487130000.0,0.0,118627000.0,0.0,0.03,1.25,218207000.0,336834000.0,0.736,336834000.0,218207000.0,173617000.0,1.3,1.29,1.3,9210485000.0,,9210485000.0,27397579464.0,29.0,19.283,-74680000.0,-0.565,1.0,299477000.0,0.655,0.0,44590000.0,22638801000.0,,0.0,264616000.0,,,7099403000.0,,,21132964464.0,-130986000.0,18899000.0,95353000.0,-63650000.0,-165145000.0,-134358000.0,-252150000.0,15011000.0,255522000.0,0.0,172324000.0,172324000.0,172324000.0,0.0,-71000.0,0.377,112521000.0,186956000.0,0.0,0.962,2.294,27.653,27.707,15581022000.0,0.0,159.87,11.933,11.933,0.0,-217441000.0,457459000.0,457459000.0,0.0,,,,,4217000.0,10335000.0,1.0,132188431.0,132188431.0,,3.461,16320476000.0,0.0,1293000.0,0.0,123.464,
25,AVB,MRQ,2015-03-31,2015-03-31,2015-03-31,2021-08-04,-40950000.0,16263748000.0,,,,,68.895,-587311000.0,297716000.0,297716000.0,159954000.0,208053000.0,,0.787,6562331000.0,,,6562331000.0,0.0,116853000.0,0.0,0.027,1.25,253732000.0,370585000.0,0.838,370585000.0,253732000.0,208159000.0,1.57,1.56,1.57,9097512000.0,,9097512000.0,28930454582.0,31.0,20.721,-350931000.0,-2.658,1.0,282413000.0,0.638,0.0,45573000.0,22528363000.0,,0.0,262050000.0,,,7155728000.0,,,23009687582.0,-313348000.0,152997000.0,1973000.0,45213000.0,-153095000.0,-107529000.0,-442199000.0,-7885000.0,236380000.0,0.0,208144000.0,208144000.0,208144000.0,0.0,-91000.0,0.471,134296000.0,148117000.0,0.0,0.796,2.529,30.681,30.624,15384352000.0,0.0,174.25,13.321,13.321,0.0,-223330000.0,442367000.0,442367000.0,0.0,,,,,4038000.0,10468000.0,1.0,132049857.0,132049857.0,,3.35,16263748000.0,0.0,15000.0,0.0,123.164,
26,AVB,MRQ,2014-12-31,2014-12-31,2014-12-31,2021-08-04,-42515000.0,16140578000.0,,,,,68.529,-441091000.0,605085000.0,605085000.0,152574000.0,142526000.0,,0.783,6489707000.0,,,6489707000.0,0.0,114084000.0,0.0,0.028,1.16,199993000.0,314077000.0,0.713,314077000.0,199993000.0,152006000.0,1.07,1.07,1.07,9046405000.0,,9046405000.0,27274866551.0,31.0,20.722,-195879000.0,-1.484,1.0,288080000.0,0.654,0.0,47987000.0,22025200000.0,,0.0,298315000.0,,,7081408000.0,,,21568790551.0,69432000.0,116889000.0,6043000.0,291453000.0,-153011000.0,144485000.0,-320265000.0,3937000.0,245212000.0,0.0,142638000.0,142638000.0,142638000.0,-37559000.0,-112000.0,0.324,117908000.0,170172000.0,0.0,1.084,2.384,31.553,31.301,14935740000.0,0.0,163.39,12.8,12.8,0.0,-267085000.0,440654000.0,440654000.0,0.0,,,,,3573000.0,10680000.0,1.0,132008021.0,132008021.0,,3.338,16140578000.0,0.0,9368000.0,0.0,122.27,
27,AVB,MRQ,2014-09-30,2014-09-30,2014-09-30,2021-08-04,-44074000.0,15881178000.0,,,,,68.95,-326962000.0,535692000.0,535692000.0,150208000.0,241001000.0,,0.754,6241768000.0,,,6241768000.0,0.0,111836000.0,0.0,0.032,1.16,287476000.0,399312000.0,0.928,399312000.0,287476000.0,241100000.0,1.83,1.83,1.83,9045282000.0,,9045282000.0,24229114544.0,25.0,17.255,-95244000.0,-0.726,1.0,280317000.0,0.651,0.0,46376000.0,21587254000.0,,0.0,304795000.0,,,6823300000.0,,,18493366544.0,14287000.0,139909000.0,125121000.0,-3950000.0,-152022000.0,-32452000.0,-184979000.0,2074000.0,231718000.0,0.0,241100000.0,241100000.0,241100000.0,0.0,-99000.0,0.56,123532000.0,156785000.0,0.0,0.634,2.045,23.317,23.034,14724299000.0,0.0,140.97,11.286,11.286,0.0,-256162000.0,430525000.0,430525000.0,0.0,,,,,4164000.0,11290000.0,1.0,131186540.0,131186540.0,,3.282,15881178000.0,0.0,0.0,0.0,121.058,
28,AVB,MRQ,2014-06-30,2014-06-30,2014-06-30,2021-08-04,-45620000.0,15657951000.0,,,,,68.063,-283665000.0,519126000.0,519126000.0,143498000.0,172197000.0,,0.773,6254874000.0,,,6254874000.0,0.0,110395000.0,0.0,0.031,1.16,201808000.0,312203000.0,0.754,312203000.0,201808000.0,158086000.0,1.22,1.21,1.22,8821532000.0,,8821532000.0,24334070607.0,34.0,20.27,-94271000.0,-0.727,1.0,270308000.0,0.653,0.0,43722000.0,21393699000.0,,0.0,318640000.0,,,6820335000.0,,,18429125607.0,39737000.0,173037000.0,207736000.0,-118328000.0,-150217000.0,-62505000.0,-87152000.0,23137000.0,189394000.0,0.0,158086000.0,158086000.0,158086000.0,0.0,14111000.0,0.382,122632000.0,147676000.0,0.0,0.951,2.089,34.045,33.774,14509769000.0,0.0,142.19,11.538,11.538,0.0,-347592000.0,413806000.0,413806000.0,0.0,,,,,2575000.0,10220000.0,1.0,129609154.0,129609154.0,,3.193,15657951000.0,0.0,0.0,0.0,120.809,
29,AVB,MRQ,2014-03-31,2014-03-31,2014-03-31,2021-08-04,-47058000.0,15570239000.0,,,,,66.478,-289939000.0,476853000.0,476853000.0,143027000.0,141599000.0,,0.807,6381798000.0,,,6381798000.0,0.0,106367000.0,0.0,0.033,1.16,184272000.0,290639000.0,0.726,290639000.0,184272000.0,141739000.0,1.09,1.09,1.09,8603469000.0,,8603469000.0,22760453170.0,38.0,19.554,-69622000.0,-0.538,1.0,257048000.0,0.642,0.0,42533000.0,21475184000.0,,0.0,353510000.0,,,6947166000.0,,,16995084170.0,104649000.0,65914000.0,7234000.0,243146000.0,-138393000.0,108696000.0,-224364000.0,0.0,220317000.0,0.0,141739000.0,141739000.0,141739000.0,-38179000.0,-140000.0,0.354,116318000.0,140730000.0,0.0,1.064,1.975,40.517,40.159,14452361000.0,0.0,131.32,10.883,10.883,0.0,-353029000.0,400075000.0,400075000.0,0.0,,,,,3615000.0,9236000.0,1.0,129417333.0,129417333.0,,3.091,15570239000.0,0.0,0.0,0.0,120.31,
30,AVB,MRQ,2013-12-31,2013-12-31,2013-12-31,2021-08-04,-48631000.0,15328143000.0,,,,,66.424,-476496000.0,379919000.0,379919000.0,139374000.0,252090000.0,,0.781,6134351000.0,,,6134351000.0,0.0,105151000.0,0.0,0.036,1.07,296842000.0,401993000.0,1.02,401993000.0,296842000.0,252212000.0,1.98,1.98,1.98,8596132000.0,,8596132000.0,21186804168.0,40.0,19.274,-222104000.0,-1.716,1.0,254795000.0,0.646,0.0,44630000.0,21082575000.0,,0.0,367866000.0,,,6711096000.0,,,15300511168.0,168445000.0,486678000.0,1829000.0,38763000.0,-138392000.0,-99784000.0,13837000.0,-31124000.0,254392000.0,0.0,252212000.0,252212000.0,252212000.0,-163881000.0,-122000.0,0.64,112365000.0,142430000.0,0.0,0.54,1.78,43.327,42.529,14284209000.0,0.0,118.23,10.459,10.459,0.0,-345254000.0,394169000.0,394169000.0,0.0,,,,,6440000.0,8311000.0,1.0,129413103.0,129413103.0,,3.046,15328143000.0,0.0,0.0,0.0,118.444,
31,AVB,MRQ,2013-09-30,2013-09-30,2013-09-30,2021-08-04,-50094000.0,15145107000.0,,,,,65.453,-329427000.0,211339000.0,211339000.0,139041000.0,-10885000.0,,0.786,6097632000.0,,,6097632000.0,0.0,162409000.0,0.0,0.033,1.07,33230000.0,195639000.0,0.503,195639000.0,33230000.0,-10715000.0,-0.08,-0.08,-0.08,8469751000.0,,8469751000.0,22093585798.0,57.0,24.04,-126715000.0,-0.979,1.0,250148000.0,0.643,0.0,43945000.0,21031400000.0,,0.0,347386000.0,,,6653522000.0,,,16445813798.0,1763000.0,18949000.0,269000.0,249162000.0,-138391000.0,109712000.0,-310661000.0,-183000.0,202712000.0,0.0,-10715000.0,-10715000.0,-10715000.0,-5063000.0,-170000.0,-0.028,171927000.0,78221000.0,0.0,-13.375,1.942,73.653,62.606,14284651000.0,0.0,127.09,12.466,12.466,0.0,-458229000.0,389189000.0,389189000.0,0.0,,,,,5139000.0,9878000.0,1.0,129402894.0,129402894.0,,3.008,15145107000.0,0.0,0.0,0.0,117.038,
32,AVB,MRQ,2013-06-30,2013-06-30,2013-06-30,2021-08-04,-105042000.0,14972185000.0,,,,,66.163,-371711000.0,205547000.0,205547000.0,128876000.0,36097000.0,,0.746,5853319000.0,,,5853319000.0,0.0,196326000.0,0.0,0.03,1.07,79387000.0,275713000.0,0.729,275713000.0,79387000.0,36218000.0,0.28,0.28,0.28,8560166000.0,,8560166000.0,22841834618.0,48.0,25.095,-185888000.0,-1.437,1.0,249331000.0,0.659,0.0,43169000.0,20619957000.0,,0.0,365521000.0,,,6388908000.0,,,17454651618.0,-336309000.0,105275000.0,2352000.0,-66201000.0,-138376000.0,-287363000.0,-234769000.0,31307000.0,185823000.0,0.0,36218000.0,36218000.0,36218000.0,-35763000.0,-121000.0,0.096,204888000.0,44443000.0,0.0,3.821,2.039,54.402,44.97,14116246000.0,0.0,134.91,14.65,14.65,0.0,-308938000.0,378207000.0,378207000.0,0.0,,,,,1482000.0,11345000.0,1.0,129379969.0,129379969.0,,2.923,14972185000.0,0.0,0.0,0.0,115.723,
33,AVB,MRQ,2013-03-31,2013-03-31,2013-03-31,2021-08-04,-106616000.0,15187364000.0,,,,,75.655,-974165000.0,541106000.0,541106000.0,103730000.0,75469000.0,,0.752,5928289000.0,,,5928289000.0,0.0,109829000.0,0.0,0.031,1.07,113601000.0,223430000.0,0.741,223430000.0,113601000.0,75427000.0,0.63,0.63,0.63,8655309000.0,,8655309000.0,15559137072.0,27.0,17.49,-892777000.0,-7.804,1.0,197627000.0,0.656,0.0,38174000.0,20574547000.0,,0.0,371983000.0,,,6507707000.0,,,14491755072.0,-2286162000.0,324944000.0,253000.0,-1607243000.0,-110891000.0,-1717969000.0,-649581000.0,0.0,81388000.0,0.0,75427000.0,75427000.0,75427000.0,-90237000.0,42000.0,0.25,155657000.0,41970000.0,0.0,1.698,1.674,32.821,29.053,14014180000.0,0.0,126.67,13.599,13.599,0.0,-206667000.0,301357000.0,301357000.0,0.0,,,,,2099000.0,10039000.0,1.0,114405582.0,114405582.0,,2.634,15187364000.0,0.0,0.0,0.0,132.75,
34,AVB,MRQ,2012-12-31,2012-12-31,2012-12-31,2021-08-04,-108007000.0,11160078000.0,,,,,69.977,-249332000.0,2783568000.0,2783568000.0,87409000.0,122384000.0,,0.631,3851033000.0,,,3851033000.0,0.0,65765000.0,0.0,0.029,0.97,158473000.0,224238000.0,0.895,224238000.0,158473000.0,122357000.0,1.2,1.19,1.2,6837215000.0,,6837215000.0,16342115318.0,29.0,19.908,-83686000.0,-0.857,1.0,163112000.0,0.651,0.0,36116000.0,12227543000.0,,0.0,129352000.0,,,4312258000.0,,,13248019318.0,2069485000.0,106385000.0,2103537000.0,44641000.0,-94706000.0,2044493000.0,-140654000.0,2413000.0,165646000.0,0.0,122357000.0,122357000.0,122357000.0,-63020000.0,27000.0,0.488,78745000.0,84367000.0,0.0,0.808,1.938,31.255,31.242,8015120000.0,0.0,135.59,13.24,13.24,0.0,-142329000.0,250521000.0,250521000.0,0.0,,,,,159000.0,7703000.0,1.0,97706463.0,97706463.0,,2.564,11160078000.0,0.0,0.0,0.0,114.22,
35,AVB,MRQ,2012-09-30,2012-09-30,2012-09-30,2021-08-04,-110787000.0,8968566000.0,,,,,48.677,-302871000.0,713984000.0,713984000.0,92946000.0,86747000.0,,0.899,3808080000.0,,,3808080000.0,0.0,65998000.0,0.0,0.028,0.97,120829000.0,186827000.0,0.715,186827000.0,120829000.0,86844000.0,0.89,0.89,0.89,4717316000.0,,4717316000.0,16109166495.0,21.0,15.783,-150166000.0,-1.55,1.0,168375000.0,0.644,0.0,33985000.0,12062662000.0,,0.0,139405000.0,,,4240488000.0,,,13178756495.0,305870000.0,-10194000.0,150971000.0,447366000.0,-93544000.0,443146000.0,-289981000.0,7837000.0,152705000.0,0.0,86844000.0,86844000.0,86844000.0,-4340000.0,-97000.0,0.332,71730000.0,96645000.0,0.0,1.09,2.794,21.1,20.327,7878648000.0,0.0,135.99,13.816,13.816,0.0,-153811000.0,261321000.0,261321000.0,0.0,,,,,4280000.0,8372000.0,1.0,96909747.0,96909747.0,,2.697,8968566000.0,0.0,0.0,0.0,92.546,
36,AVB,MRQ,2012-06-30,2012-06-30,2012-06-30,2021-08-04,-103809000.0,8412045000.0,,,,,48.017,-216017000.0,431954000.0,431954000.0,91279000.0,156821000.0,,0.835,3362364000.0,,,3362364000.0,0.0,65019000.0,0.0,0.026,0.97,190100000.0,255119000.0,1.011,255119000.0,190100000.0,156909000.0,1.64,1.63,1.64,4578566000.0,,4578566000.0,16549609246.0,23.0,16.817,-98889000.0,-1.037,1.0,161166000.0,0.638,0.0,33191000.0,11342455000.0,,0.0,144924000.0,,,3822489000.0,,,13490430246.0,110021000.0,190072000.0,166726000.0,-51583000.0,-92396000.0,19304000.0,-26411000.0,-432000.0,117128000.0,0.0,156909000.0,156909000.0,156909000.0,-98934000.0,-88000.0,0.622,72161000.0,89005000.0,0.0,0.591,2.946,23.157,22.493,7606172000.0,0.0,141.48,14.409,14.409,0.0,-145921000.0,252445000.0,252445000.0,0.0,,,,,2284000.0,8316000.0,1.0,95352207.0,95352207.0,,2.648,8412045000.0,0.0,0.0,0.0,88.221,
37,AVB,MRQ,2012-03-31,2012-03-31,2012-03-31,2021-08-04,-76012000.0,8241059000.0,,,,,46.038,-169426000.0,321136000.0,321136000.0,88208000.0,57609000.0,,0.877,3380315000.0,,,3380315000.0,0.0,63312000.0,0.0,0.026,0.97,91384000.0,154696000.0,0.629,154696000.0,91384000.0,57758000.0,0.61,0.6,0.61,4383173000.0,,4383173000.0,16399714625.0,26.0,18.64,-64086000.0,-0.673,1.0,157824000.0,0.641,0.0,33626000.0,11300238000.0,,0.0,151565000.0,,,3843592000.0,,,13457747625.0,-368611000.0,-5659000.0,8956000.0,-231438000.0,-84926000.0,-307611000.0,-166340000.0,7014000.0,105340000.0,0.0,57758000.0,57758000.0,57758000.0,-3935000.0,-149000.0,0.235,71520000.0,86304000.0,0.0,1.59,3.07,28.692,27.447,7537454000.0,0.0,141.35,14.638,14.638,0.0,-208304000.0,246032000.0,246032000.0,0.0,,,,,1984000.0,9710000.0,1.0,95208685.0,95208685.0,,2.584,8241059000.0,0.0,0.0,0.0,86.558,
38,AVB,MRQ,2011-12-31,2011-12-31,2011-12-31,2021-08-04,-87020000.0,8482390000.0,,,,,46.221,-211196000.0,690253000.0,690253000.0,69386000.0,322965000.0,,0.927,3599196000.0,,,3599196000.0,0.0,63314000.0,0.0,0.027,0.892,360725000.0,424039000.0,2.185,424039000.0,360725000.0,323085000.0,3.55,3.54,3.55,4394741000.0,,4394741000.0,15443753782.0,25.0,17.964,-76854000.0,-0.808,1.0,124678000.0,0.642,0.0,37640000.0,11391333000.0,,0.0,144561000.0,,,4073435000.0,,,12417687782.0,-71959000.0,237978000.0,12205000.0,-151522000.0,-84804000.0,-232642000.0,26341000.0,-1129000.0,134342000.0,0.0,323085000.0,323085000.0,323085000.0,-292849000.0,-120000.0,1.665,56589000.0,68089000.0,0.0,0.251,2.826,28.118,26.708,7425030000.0,0.0,130.6,13.796,13.796,0.0,-171648000.0,194064000.0,194064000.0,0.0,,,,,1854000.0,7847000.0,1.0,95081836.0,95081836.0,,2.041,8482390000.0,0.0,0.0,0.0,89.211,
39,AVB,MRQ,2011-09-30,2011-09-30,2011-09-30,2021-08-04,-80866000.0,8488657000.0,,,,,46.648,-197827000.0,759027000.0,759027000.0,92009000.0,44677000.0,,1.043,3785093000.0,,,3785093000.0,0.0,62736000.0,0.0,0.031,0.892,87483000.0,150219000.0,0.616,150219000.0,87483000.0,44824000.0,0.49,0.49,0.49,4148993000.0,,4148993000.0,13769795851.0,43.0,24.369,-108694000.0,-1.222,1.0,151710000.0,0.622,0.0,42659000.0,11514723000.0,,0.0,131314000.0,,,4325551000.0,,,10143872851.0,400727000.0,16487000.0,773496000.0,-206329000.0,-79045000.0,488048000.0,-176454000.0,2382000.0,89133000.0,0.0,44824000.0,44824000.0,44824000.0,-327000.0,-147000.0,0.184,67316000.0,84394000.0,0.0,1.82,2.445,69.686,69.121,7315783000.0,0.0,114.05,11.355,11.355,0.0,-409477000.0,243719000.0,243719000.0,0.0,,,,,2128000.0,6087000.0,1.0,88942331.0,88942331.0,,2.74,8488657000.0,0.0,0.0,0.0,95.44,
40,AVB,MRQ,2011-06-30,2011-06-30,2011-06-30,2021-08-04,-20595000.0,7942742000.0,,,,,39.799,-211562000.0,360234000.0,360234000.0,87217000.0,43192000.0,,1.282,3986157000.0,,,3986157000.0,0.0,62920000.0,0.0,0.028,0.892,87917000.0,150837000.0,0.64,150837000.0,87917000.0,43373000.0,0.5,0.49,0.5,3475100000.0,,3475100000.0,14771690114.0,49.0,27.229,-78898000.0,-0.904,1.0,148364000.0,0.63,0.0,44544000.0,11568665000.0,,0.0,118627000.0,,,4456727000.0,,,11211439114.0,-1696000.0,23604000.0,113977000.0,-2096000.0,-77825000.0,33985000.0,-168345000.0,1124000.0,132664000.0,0.0,43373000.0,43373000.0,43373000.0,-7958000.0,-181000.0,0.184,68981000.0,79383000.0,0.0,1.784,3.226,89.409,88.552,7187432000.0,0.0,128.4,12.811,12.811,0.0,-368412000.0,235581000.0,235581000.0,0.0,,,,,1529000.0,8145000.0,1.0,87316504.0,87316504.0,,2.698,7942742000.0,0.0,0.0,0.0,90.965,
41,AVB,MRQ,2011-03-31,2011-03-31,2011-03-31,2021-08-04,-1259000.0,7881762000.0,,,,,39.688,-116600000.0,476932000.0,476932000.0,87907000.0,30537000.0,,1.304,4037183000.0,,,4037183000.0,0.0,61299000.0,0.0,0.03,0.892,73312000.0,134611000.0,0.589,134611000.0,73312000.0,30341000.0,0.35,0.35,0.35,3416584000.0,,3416584000.0,13925064620.0,46.0,25.705,-43385000.0,-0.504,1.0,140623000.0,0.615,0.0,42971000.0,11442013000.0,,0.0,120255000.0,,,4454248000.0,,,10337176620.0,-14626000.0,1225000.0,150157000.0,-30119000.0,-76557000.0,36842000.0,-124683000.0,-1736000.0,73215000.0,0.0,30341000.0,30341000.0,30341000.0,676000.0,196000.0,0.133,66942000.0,73681000.0,0.0,2.549,3.026,77.637,76.974,7003424000.0,0.0,120.08,12.021,12.021,0.0,-332401000.0,228530000.0,228530000.0,0.0,,,,,1733000.0,7292000.0,1.0,86085748.0,86085748.0,,2.655,7881762000.0,0.0,0.0,0.0,91.557,
42,AVB,MRQ,2010-12-31,2010-12-31,2010-12-31,2021-08-04,-1175000.0,7821488000.0,,,,,38.819,-106594000.0,477745000.0,477745000.0,74058000.0,26665000.0,,1.357,3973085000.0,,,3973085000.0,0.0,60615000.0,0.0,0.032,0.892,68764000.0,129379000.0,0.698,129379000.0,68764000.0,27027000.0,0.31,0.31,0.31,3310618000.0,,3310618000.0,13139519925.0,38.0,22.722,-8867000.0,-0.104,1.0,111428000.0,0.601,0.0,41737000.0,11316828000.0,,0.0,121537000.0,,,4491635000.0,,,9598770925.0,77315000.0,-20111000.0,59108000.0,123679000.0,-76009000.0,100177000.0,-120589000.0,-3273000.0,97727000.0,0.0,27027000.0,27027000.0,27027000.0,-14191000.0,-362000.0,0.146,57615000.0,53813000.0,0.0,2.877,2.899,54.747,54.111,6955645000.0,0.0,112.55,11.389,11.389,0.0,-282743000.0,185486000.0,185486000.0,0.0,,,,,1402000.0,6871000.0,1.0,85284504.0,85284504.0,,2.175,7821488000.0,0.0,0.0,0.0,91.711,
43,AVB,MRQ,2010-09-30,2010-09-30,2010-09-30,2021-08-04,-1515000.0,7674402000.0,,,,,38.738,-101061000.0,407141000.0,407141000.0,89794000.0,23980000.0,,1.322,3947890000.0,,,3947890000.0,0.0,58753000.0,0.0,0.034,0.892,68916000.0,127669000.0,0.566,127669000.0,68916000.0,24654000.0,0.29,0.29,0.29,3299019000.0,,3299019000.0,12237522559.0,35.0,21.278,-38406000.0,-0.451,1.0,135764000.0,0.602,0.0,44262000.0,11215151000.0,,0.0,93770000.0,,,4359941000.0,,,8850976559.0,-144610000.0,-25287000.0,15440000.0,-2434000.0,-75823000.0,-62896000.0,-144369000.0,-35917000.0,62655000.0,0.0,24654000.0,24654000.0,24654000.0,2232000.0,-674000.0,0.109,64965000.0,70799000.0,0.0,3.076,2.683,48.983,47.674,6924070000.0,0.0,103.93,10.359,10.359,0.0,-232770000.0,225558000.0,225558000.0,0.0,,,,,1127000.0,7039000.0,1.0,85162865.0,85162865.0,,2.649,7674402000.0,0.0,0.0,0.0,90.114,
44,AVB,MRQ,2010-06-30,2010-06-30,2010-06-30,2021-08-04,-1202000.0,7704844000.0,,,,,40.187,-118952000.0,561988000.0,561988000.0,88887000.0,51066000.0,,1.308,3948534000.0,,,3948534000.0,0.0,57479000.0,0.0,0.038,0.892,92583000.0,150062000.0,0.681,150062000.0,92583000.0,51125000.0,0.61,0.61,0.61,3334909000.0,,3334909000.0,11367555159.0,30.0,18.879,-16111000.0,-0.194,1.0,131455000.0,0.597,0.0,41458000.0,11091390000.0,,0.0,71467000.0,,,4360554000.0,,,7748281159.0,250424000.0,107789000.0,222921000.0,-3683000.0,-73655000.0,145518000.0,2065000.0,0.0,102841000.0,0.0,51125000.0,51125000.0,51125000.0,-21964000.0,-59000.0,0.232,61358000.0,70097000.0,0.0,1.462,2.323,36.174,35.774,6841858000.0,0.0,93.37,9.181,9.181,0.0,-179929000.0,220342000.0,220342000.0,0.0,,,,,1183000.0,4041000.0,1.0,82984697.0,82984697.0,,2.655,7704844000.0,0.0,0.0,0.0,92.847,
45,AVB,MRQ,2010-03-31,2010-03-31,2010-03-31,2021-08-04,-525000.0,7508134000.0,,,,,38.452,-120438000.0,330633000.0,330633000.0,88068000.0,72366000.0,,1.392,3949907000.0,,,3949907000.0,0.0,56095000.0,0.0,0.041,0.892,115064000.0,171159000.0,0.794,171159000.0,115064000.0,72523000.0,0.89,0.88,0.89,3135649000.0,,3135649000.0,10700042253.0,32.0,19.095,-51555000.0,-0.632,1.0,127381000.0,0.591,0.0,42541000.0,11127408000.0,,0.0,72999000.0,,,4365761000.0,,,7041537253.0,17606000.0,82579000.0,83896000.0,-26465000.0,-72603000.0,-15234000.0,-36043000.0,0.0,68883000.0,0.0,72523000.0,72523000.0,72523000.0,-52166000.0,-157000.0,0.337,64867000.0,62514000.0,0.0,1.002,2.246,38.958,38.896,6870018000.0,0.0,86.35,8.424,8.424,0.0,-152324000.0,215449000.0,215449000.0,0.0,,,,,2226000.0,8895000.0,1.0,81546465.0,81546465.0,,2.642,7508134000.0,0.0,0.0,0.0,92.072,
46,AVB,MRQ,2009-12-31,2009-12-31,2009-12-31,2021-08-04,-1067000.0,7457605000.0,,,,,37.455,-122400000.0,316367000.0,316367000.0,70647000.0,32350000.0,,1.443,3974872000.0,,,3974872000.0,0.0,56593000.0,0.0,0.043,0.892,69641000.0,126234000.0,0.654,126234000.0,69641000.0,32394000.0,0.39,0.39,0.39,3050127000.0,,3050127000.0,10341889585.0,34.0,19.911,-18797000.0,-0.231,1.0,122462000.0,0.634,0.0,37247000.0,11116110000.0,,0.0,74570000.0,,,4401681000.0,,,6686494585.0,-449920000.0,107255000.0,6418000.0,-483601000.0,-72441000.0,-549642000.0,-3881000.0,-14740000.0,103603000.0,0.0,32394000.0,32394000.0,32394000.0,-33915000.0,-44000.0,0.168,57110000.0,65352000.0,0.0,2.287,2.192,42.959,42.325,6833487000.0,0.0,82.11,8.057,8.057,0.0,-149988000.0,193109000.0,193109000.0,0.0,,,,,1211000.0,10360000.0,1.0,81433377.0,81433377.0,,2.371,7457605000.0,0.0,0.0,0.0,91.579,
47,AVB,MRQ,2009-09-30,2009-09-30,2009-09-30,2021-08-04,-1614000.0,7946420000.0,,,,,38.563,-136035000.0,777456000.0,777456000.0,87786000.0,58101000.0,,1.576,4432851000.0,,,4432851000.0,0.0,55316000.0,0.0,0.086,0.892,99359000.0,154675000.0,0.719,154675000.0,99359000.0,58154000.0,0.72,0.72,0.72,3082570000.0,,3082570000.0,9507493859.0,36.0,19.994,-52785000.0,-0.66,1.0,127257000.0,0.592,0.0,41205000.0,11601815000.0,,0.0,63583000.0,,,4859311000.0,,,5813669859.0,338575000.0,68977000.0,101328000.0,278959000.0,-71341000.0,308946000.0,-53621000.0,0.0,83250000.0,0.0,58154000.0,58154000.0,58154000.0,-30355000.0,-53000.0,0.27,58496000.0,68761000.0,0.0,1.239,1.886,47.87,47.849,6856254000.0,0.0,72.73,7.037,7.037,0.0,-108243000.0,215043000.0,215043000.0,0.0,,,,,1249000.0,5750000.0,1.0,79934963.0,79934963.0,,2.69,7946420000.0,0.0,0.0,0.0,99.411,
48,AVB,MRQ,2009-06-30,2009-06-30,2009-06-30,2021-08-04,-2135000.0,7574318000.0,,,,,37.431,-164202000.0,456064000.0,456064000.0,85946000.0,16723000.0,,1.53,4149888000.0,,,4149888000.0,0.0,53737000.0,0.0,0.096,0.892,54554000.0,108291000.0,0.51,108291000.0,54554000.0,17674000.0,0.22,0.22,0.22,2990709000.0,,2990709000.0,8010851817.0,19.0,12.652,-65295000.0,-0.817,1.0,126313000.0,0.595,0.0,36880000.0,11268142000.0,,0.0,65094000.0,,,4576887000.0,,,4469530817.0,125453000.0,-3731000.0,1079000.0,243146000.0,-71087000.0,172922000.0,-146376000.0,0.0,98907000.0,0.0,17674000.0,17674000.0,17674000.0,-3664000.0,-951000.0,0.083,76866000.0,49447000.0,0.0,4.055,1.494,15.166,14.721,6821525000.0,0.0,55.94,5.408,5.408,0.0,-95725000.0,212259000.0,212259000.0,0.0,,,,,1270000.0,5390000.0,1.0,79898656.0,79898656.0,,2.657,7574318000.0,0.0,0.0,0.0,94.799,
49,AVB,MRQ,2009-03-31,2009-03-31,2009-03-31,2021-08-04,-2556000.0,7273442000.0,,,,,38.138,-149466000.0,259990000.0,259990000.0,83666000.0,47101000.0,,1.389,3801311000.0,,,3801311000.0,0.0,52640000.0,0.0,0.114,0.892,77555000.0,130195000.0,0.621,130195000.0,77555000.0,47425000.0,0.6,0.59,0.6,3041363000.0,,3041363000.0,7167976689.0,14.0,9.804,-58645000.0,-0.735,1.0,126067000.0,0.601,0.0,30130000.0,10814763000.0,,0.0,56231000.0,,,4225798000.0,,,3752824689.0,24629000.0,3029000.0,35000.0,132320000.0,-68841000.0,63489000.0,-129681000.0,0.0,90821000.0,0.0,47425000.0,47425000.0,47425000.0,-3965000.0,-324000.0,0.226,57320000.0,68747000.0,0.0,1.487,1.234,9.331,9.033,6738383000.0,0.0,47.06,4.547,4.547,0.0,-40954000.0,209733000.0,209733000.0,0.0,,,,,2368000.0,7247000.0,1.0,79745531.0,79745531.0,,2.63,7273442000.0,0.0,0.0,0.0,91.208,
50,AVB,MRQ,2008-12-31,2008-12-31,2008-12-31,2021-08-04,-2932000.0,7174353000.0,,,,,37.817,-266755000.0,257616000.0,257616000.0,81414000.0,1866000.0,,1.457,3654722000.0,,,3654722000.0,0.0,50955000.0,0.0,0.089,3.593,31413000.0,82368000.0,0.436,82368000.0,31413000.0,2123000.0,-0.02,-0.03,-0.02,2916115000.0,,2916115000.0,7811990852.0,15.0,10.763,-147653000.0,-1.915,1.0,107665000.0,0.569,0.0,29290000.0,10571459000.0,,0.0,55025000.0,,,4248004000.0,,,4671414852.0,-14084000.0,40601000.0,600000.0,112183000.0,-69383000.0,-58442000.0,-74744000.0,-27018000.0,119102000.0,0.0,2123000.0,-1806000.0,-1806000.0,-37655000.0,-257000.0,-0.01,116240000.0,-8575000.0,0.0,-179.65,1.602,11.648,11.628,6649743000.0,3929000.0,60.58,5.741,5.741,0.0,-22223000.0,189079000.0,189079000.0,0.0,,,,,1613000.0,15960000.0,1.0,77111503.0,77111503.0,,2.452,7174353000.0,0.0,0.0,0.0,93.039,
51,AVB,MRQ,2008-09-30,2008-09-30,2008-09-30,2021-08-04,-2322000.0,7091197000.0,,,,,41.673,-212554000.0,286679000.0,286679000.0,83507000.0,232886000.0,,1.203,3427255000.0,,,3427255000.0,0.0,50355000.0,0.0,0.027,0.0,261944000.0,312299000.0,1.45,312299000.0,261944000.0,233581000.0,3.0,2.98,3.0,3210639000.0,,3210639000.0,10892271893.0,17.0,12.88,-84697000.0,-1.099,1.0,131883000.0,0.612,0.0,28363000.0,10231773000.0,,0.0,56364000.0,,,3863869000.0,,,7582675893.0,71685000.0,349064000.0,3363000.0,172000.0,-70792000.0,-67358000.0,11186000.0,0.0,127857000.0,0.0,233581000.0,231406000.0,231406000.0,-186887000.0,-695000.0,1.074,58016000.0,73867000.0,0.0,0.0,2.362,14.24,14.305,6527030000.0,2175000.0,98.42,9.569,9.569,0.0,180633000.0,215390000.0,215390000.0,0.0,,,,,3339000.0,9318000.0,1.0,77044055.0,77044055.0,,2.796,7091197000.0,0.0,0.0,0.0,92.041,
52,AVB,MRQ,2008-06-30,2008-06-30,2008-06-30,2021-08-04,-2828000.0,6921776000.0,,,,,39.461,-212845000.0,114329000.0,114329000.0,80163000.0,127439000.0,,1.272,3423925000.0,,,3423925000.0,0.0,49350000.0,0.0,0.039,0.892,156932000.0,206282000.0,0.977,206282000.0,156932000.0,127334000.0,1.63,1.61,1.63,3037551000.0,,3037551000.0,10143193720.0,19.0,13.846,-93297000.0,-1.212,1.0,131028000.0,0.62,0.0,29598000.0,10231372000.0,,0.0,63435000.0,,,3864952000.0,,,6863137720.0,-262091000.0,149552000.0,2013000.0,-266882000.0,-70860000.0,-335833000.0,-45806000.0,0.0,119548000.0,0.0,127334000.0,125159000.0,125159000.0,-79240000.0,105000.0,0.593,57031000.0,73997000.0,0.0,0.547,2.259,16.048,16.27,6530580000.0,2175000.0,89.16,8.872,8.872,0.0,16114000.0,211191000.0,211191000.0,0.0,,,,,3986000.0,9383000.0,1.0,76975524.0,76975524.0,,2.744,6921776000.0,0.0,0.0,0.0,89.922,
53,AVB,MRQ,2008-03-31,2008-03-31,2008-03-31,2021-08-04,-3602000.0,7120103000.0,,,,,38.671,-210173000.0,398510000.0,398510000.0,78750000.0,48556000.0,,1.389,3678566000.0,,,3678566000.0,0.0,48792000.0,0.0,0.036,0.892,76111000.0,124903000.0,0.612,124903000.0,76111000.0,48450000.0,0.6,0.6,0.6,2971691000.0,,2971691000.0,10414892743.0,23.0,16.182,-190596000.0,-2.48,1.0,125423000.0,0.614,0.0,27661000.0,10400159000.0,,0.0,60474000.0,,,4128760000.0,,,7417083743.0,249154000.0,-2792000.0,-40702000.0,495090000.0,-67760000.0,386522000.0,-156945000.0,0.0,19577000.0,0.0,48450000.0,46275000.0,46275000.0,-4820000.0,106000.0,0.227,54060000.0,71363000.0,0.0,1.487,2.496,21.108,21.593,6457671000.0,2175000.0,96.52,9.846,9.846,0.0,-40677000.0,204173000.0,204173000.0,0.0,,,,,2950000.0,8119000.0,1.0,76845045.0,76845045.0,,2.657,7120103000.0,0.0,0.0,0.0,92.655,
54,AVB,MRQ,2007-12-31,2007-12-31,2007-12-31,2021-08-04,-3366000.0,6736484000.0,,,,,38.433,-282850000.0,208535000.0,208535000.0,69755000.0,133405000.0,,1.218,3158061000.0,,,3158061000.0,0.0,47178000.0,0.0,0.036,0.85,155002000.0,202180000.0,1.251,202180000.0,155002000.0,131820000.0,1.65,1.64,1.65,3026654000.0,,3026654000.0,10233726084.0,23.0,16.191,-121619000.0,-1.544,1.0,91920000.0,0.569,0.0,23182000.0,9686010000.0,,0.0,57990000.0,,,3686678000.0,,,7413681084.0,-18771000.0,129139000.0,-141306000.0,152482000.0,-68983000.0,-58379000.0,-121623000.0,22776000.0,161231000.0,0.0,131820000.0,129645000.0,129645000.0,-46277000.0,1585000.0,0.802,42355000.0,49565000.0,0.0,0.515,2.449,21.215,21.251,6297182000.0,2175000.0,94.14,10.187,10.187,0.0,2499000.0,161675000.0,161675000.0,0.0,,,,,6404000.0,8427000.0,1.0,78751658.0,78751658.0,,2.053,6736484000.0,0.0,0.0,0.0,85.541,
55,AVB,MRQ,2007-09-30,2007-09-30,2007-09-30,2021-08-04,-3056000.0,6632699000.0,,,,,38.882,-281280000.0,234451000.0,234451000.0,76592000.0,128769000.0,,1.132,3054496000.0,,,3054496000.0,0.0,46081000.0,0.0,0.028,0.85,153100000.0,199181000.0,1.013,199181000.0,153100000.0,128769000.0,1.6,1.58,1.6,3100312000.0,,3100312000.0,11970135626.0,33.0,22.012,-188903000.0,-2.369,1.0,119940000.0,0.61,0.0,24331000.0,9452744000.0,,0.0,46195000.0,,,3509235000.0,,,9413647626.0,-98669000.0,108541000.0,-112693000.0,134011000.0,-69856000.0,-55873000.0,-135173000.0,6386000.0,92377000.0,0.0,128769000.0,126594000.0,126594000.0,-83085000.0,0.0,0.644,49537000.0,70403000.0,0.0,0.531,3.036,35.664,34.929,6181378000.0,2175000.0,118.06,13.037,13.037,0.0,27448000.0,196532000.0,196532000.0,0.0,,,,,3011000.0,6645000.0,1.0,79736131.0,79736131.0,,2.465,6632699000.0,0.0,0.0,0.0,83.183,
56,AVB,MRQ,2007-06-30,2007-06-30,2007-06-30,2021-08-04,-2669000.0,6542810000.0,,,,,39.547,-285571000.0,358188000.0,358188000.0,73839000.0,51052000.0,,1.069,2914676000.0,,,2914676000.0,0.0,44372000.0,0.0,0.027,0.85,72965000.0,117337000.0,0.615,117337000.0,72965000.0,51052000.0,0.62,0.61,0.62,3149792000.0,,3149792000.0,11787700074.0,42.0,25.971,-183493000.0,-2.304,1.0,117085000.0,0.613,0.0,21913000.0,9099298000.0,,0.0,38557000.0,,,3368135000.0,,,9468351074.0,-218441000.0,1155000.0,4355000.0,11518000.0,-69785000.0,-53334000.0,-267185000.0,3186000.0,102078000.0,0.0,51052000.0,48877000.0,48877000.0,-4723000.0,0.0,0.256,48190000.0,68895000.0,0.0,1.371,3.006,53.404,51.241,5990142000.0,2175000.0,118.88,13.351,13.351,0.0,43319000.0,190924000.0,190924000.0,0.0,,,,,-601000.0,6642000.0,1.0,79646291.0,79646291.0,,2.397,6542810000.0,0.0,0.0,0.0,82.148,
57,AVB,MRQ,2007-03-31,2007-03-31,2007-03-31,2021-08-04,-3407000.0,6424049000.0,,,,,39.842,-292005000.0,488558000.0,488558000.0,72440000.0,46520000.0,,1.025,2807907000.0,,,2807907000.0,0.0,44094000.0,0.0,0.025,0.85,69706000.0,113800000.0,0.603,113800000.0,69706000.0,46520000.0,0.57,0.56,0.57,3161207000.0,,3161207000.0,12994822410.0,43.0,27.577,-192817000.0,-2.43,1.0,116175000.0,0.616,0.0,23186000.0,8743398000.0,,0.0,40243000.0,,,3240892000.0,,,10314792410.0,347868000.0,7127000.0,612744000.0,-18191000.0,-60342000.0,533946000.0,-285266000.0,0.0,99188000.0,0.0,46520000.0,44345000.0,44345000.0,-2315000.0,0.0,0.235,48249000.0,67926000.0,0.0,1.491,3.263,53.375,50.584,5755091000.0,2175000.0,130.0,14.792,14.792,0.0,63965000.0,188615000.0,188615000.0,0.0,,,,,5539000.0,6780000.0,1.0,79344557.0,79344557.0,,2.377,6424049000.0,0.0,0.0,0.0,80.964,
58,AVB,MRQ,2006-12-31,2006-12-31,2006-12-31,2021-08-04,-3579000.0,5848507000.0,,,,,34.491,-334339000.0,144201000.0,144201000.0,60021000.0,46313000.0,,1.266,2801428000.0,,,2801428000.0,0.0,41687000.0,0.0,0.024,0.78,71796000.0,113483000.0,0.777,113483000.0,71796000.0,46313000.0,0.59,0.59,0.59,2573154000.0,,2573154000.0,12124798310.0,33.0,22.581,-232269000.0,-3.113,1.0,85979000.0,0.589,0.0,25483000.0,8505734000.0,,0.0,42724000.0,,,3257042000.0,,,9702095310.0,-178610000.0,273776000.0,3788000.0,69203000.0,-60272000.0,12614000.0,-293294000.0,-27871000.0,102070000.0,0.0,46313000.0,44138000.0,44138000.0,-15753000.0,0.0,0.302,36189000.0,49790000.0,0.0,1.322,3.771,37.627,37.371,5510362000.0,2175000.0,130.05,14.317,14.317,0.0,93430000.0,146000000.0,146000000.0,0.0,,,,,1887000.0,6372000.0,1.0,74602809.0,74602809.0,,1.957,5848507000.0,0.0,0.0,0.0,78.395,
59,AVB,MRQ,2006-09-30,2006-09-30,2006-09-30,2021-08-04,-3799000.0,5591197000.0,,,,,35.408,-181747000.0,217295000.0,217295000.0,71778000.0,42113000.0,,1.119,2639998000.0,,,2639998000.0,0.0,40671000.0,0.0,0.025,0.78,68592000.0,109263000.0,0.595,109263000.0,68592000.0,42113000.0,0.54,0.53,0.54,2635421000.0,,2635421000.0,11258178868.0,27.0,19.388,-117163000.0,-1.574,1.0,111868000.0,0.609,0.0,26479000.0,8013900000.0,,0.0,49054000.0,,,2950330000.0,,,8961476868.0,174505000.0,1961000.0,7112000.0,329142000.0,-60144000.0,275975000.0,-166054000.0,11600000.0,64584000.0,0.0,42113000.0,39938000.0,39938000.0,-1150000.0,0.0,0.217,44880000.0,66988000.0,0.0,1.444,3.4,30.239,29.95,5193994000.0,2175000.0,120.4,12.888,12.888,0.0,162905000.0,183646000.0,183646000.0,0.0,,,,,1940000.0,5633000.0,1.0,74430871.0,74430871.0,,2.467,5591197000.0,0.0,0.0,0.0,75.119,
60,AVB,MRQ,2006-06-30,2006-06-30,2006-06-30,2021-08-04,-3285000.0,5272440000.0,,,,,35.509,-197301000.0,43349000.0,43349000.0,70440000.0,67006000.0,,0.994,2340051000.0,,,2340051000.0,0.0,41546000.0,0.0,0.027,0.78,93121000.0,134667000.0,0.752,134667000.0,93121000.0,67006000.0,0.87,0.86,0.87,2641048000.0,,2641048000.0,10441230748.0,22.0,16.275,-86207000.0,-1.159,1.0,108643000.0,0.607,0.0,26115000.0,7569142000.0,,0.0,50671000.0,,,2625909000.0,,,8227481748.0,-43089000.0,-9542000.0,3151000.0,40118000.0,-60088000.0,-17027000.0,-137156000.0,11439000.0,111094000.0,0.0,67006000.0,64831000.0,64831000.0,-32163000.0,0.0,0.362,47764000.0,60879000.0,0.0,0.897,3.115,23.283,23.046,5055243000.0,2175000.0,110.62,12.055,12.055,0.0,178187000.0,179083000.0,179083000.0,0.0,,,,,1112000.0,6479000.0,1.0,74376078.0,74376078.0,,2.408,5272440000.0,0.0,0.0,0.0,70.889,
61,AVB,MRQ,2006-03-31,2006-03-31,2006-03-31,2021-08-04,-3929000.0,5169452000.0,,,,,35.467,-118950000.0,85635000.0,85635000.0,68628000.0,111114000.0,,0.968,2299384000.0,,,2299384000.0,0.0,40225000.0,0.0,0.027,0.78,139778000.0,180003000.0,1.028,180003000.0,139778000.0,111114000.0,1.48,1.45,1.48,2624535000.0,,2624535000.0,10385459553.0,22.0,16.327,-45038000.0,-0.609,1.0,106531000.0,0.608,0.0,28664000.0,7383201000.0,,0.0,41207000.0,,,2539406000.0,,,8073267553.0,49763000.0,657000.0,12500000.0,-67196000.0,-54454000.0,-109282000.0,85133000.0,4832000.0,73912000.0,0.0,111114000.0,108939000.0,108939000.0,-66494000.0,0.0,0.622,33342000.0,73189000.0,0.0,0.527,3.076,23.519,23.312,4928576000.0,2175000.0,109.1,12.067,12.067,0.0,168470000.0,175159000.0,175159000.0,0.0,,,,,5156000.0,6283000.0,1.0,73998786.0,73998786.0,,2.367,5169452000.0,0.0,0.0,0.0,69.859,
62,AVB,MRQ,2005-12-31,2005-12-31,2005-12-31,2021-08-04,-4470000.0,5198598000.0,,,,,33.972,-138835000.0,53981000.0,53981000.0,71467000.0,84819000.0,,1.069,2334017000.0,,,2334017000.0,0.0,42789000.0,0.0,0.032,0.71,113969000.0,156758000.0,0.996,156758000.0,113969000.0,84819000.0,1.13,1.1,1.13,2497825000.0,,2497825000.0,8903128236.0,20.0,14.865,-44984000.0,-0.612,1.0,85966000.0,0.546,0.0,29150000.0,7478634000.0,,0.0,41942000.0,,,2670862000.0,,,6562141236.0,3366000.0,110595000.0,5399000.0,-41860000.0,-54356000.0,-91132000.0,647000.0,9895000.0,93851000.0,0.0,84819000.0,82644000.0,82644000.0,-73684000.0,0.0,0.525,45595000.0,40371000.0,0.0,0.628,2.627,21.746,21.558,4979326000.0,2175000.0,89.25,10.015,10.015,0.0,71950000.0,157433000.0,157433000.0,0.0,,,,,-2017000.0,6483000.0,1.0,73525392.0,73525392.0,,2.141,5198598000.0,0.0,0.0,0.0,70.705,
63,AVB,MRQ,2005-09-30,2005-09-30,2005-09-30,2021-08-04,-5037000.0,5133101000.0,,,,,33.895,-66755000.0,58374000.0,58374000.0,67325000.0,99128000.0,,1.053,2399361000.0,,,2399361000.0,0.0,39199000.0,0.0,0.033,0.71,130918000.0,170117000.0,0.996,170117000.0,130918000.0,99128000.0,1.32,1.3,1.32,2490876000.0,,2490876000.0,8719763940.0,19.0,14.08,873000.0,0.012,1.0,103492000.0,0.606,0.0,31790000.0,7474088000.0,,0.0,41064000.0,,,2622761000.0,,,6297936940.0,-523000.0,126389000.0,9961000.0,-39908000.0,-54181000.0,-84443000.0,16292000.0,-2003000.0,67628000.0,0.0,99128000.0,96953000.0,96953000.0,-72177000.0,0.0,0.568,44644000.0,58848000.0,0.0,0.538,2.528,19.74,19.522,4892280000.0,2175000.0,85.7,9.577,9.577,0.0,73549000.0,170817000.0,170817000.0,0.0,,,,,1806000.0,5857000.0,1.0,73488179.0,73488179.0,,2.324,5133101000.0,0.0,0.0,0.0,69.849,
64,AVB,MRQ,2005-06-30,2005-06-30,2005-06-30,2021-08-04,-6150000.0,5114706000.0,,,,,33.359,-116021000.0,17422000.0,17422000.0,62317000.0,56911000.0,,1.094,2439249000.0,,,2439249000.0,0.0,40202000.0,0.0,0.035,0.71,89023000.0,129225000.0,0.78,129225000.0,89023000.0,56911000.0,0.75,0.74,0.75,2432443000.0,,2432443000.0,8281952794.0,20.0,14.527,-39079000.0,-0.536,1.0,103335000.0,0.624,0.0,32112000.0,7536533000.0,,0.0,41672000.0,,,2662042000.0,,,5891668794.0,-594000.0,53159000.0,14918000.0,25805000.0,-53900000.0,-13511000.0,-64025000.0,-1088000.0,76942000.0,0.0,56911000.0,54736000.0,54736000.0,-26869000.0,0.0,0.33,41022000.0,62313000.0,0.0,0.947,2.422,22.208,22.016,4915155000.0,2175000.0,80.8,9.167,9.167,0.0,28807000.0,165652000.0,165652000.0,0.0,,,,,1920000.0,6262000.0,1.0,72916693.0,72916693.0,,2.272,5114706000.0,0.0,0.0,0.0,70.145,
65,AVB,MRQ,2005-03-31,2005-03-31,2005-03-31,2021-08-04,-5796000.0,5065269000.0,,,,,33.175,-137765000.0,17112000.0,17112000.0,60506000.0,69610000.0,,1.091,2407396000.0,,,2407396000.0,0.0,41106000.0,0.0,0.042,0.71,101728000.0,142834000.0,0.893,142834000.0,101728000.0,69610000.0,0.93,0.92,0.93,2412664000.0,,2412664000.0,7292219150.0,19.0,13.294,-69938000.0,-0.962,1.0,99473000.0,0.622,0.0,32118000.0,7455553000.0,,0.0,42318000.0,,,2631937000.0,,,4864585150.0,1945000.0,166058000.0,6333000.0,-46192000.0,-52954000.0,-93207000.0,27325000.0,-1606000.0,67827000.0,0.0,69610000.0,67435000.0,67435000.0,-42218000.0,0.0,0.422,46033000.0,53440000.0,0.0,0.763,2.016,19.985,19.79,4870906000.0,2175000.0,66.89,7.667,7.667,0.0,26088000.0,159979000.0,159979000.0,0.0,,,,,2583000.0,7159000.0,1.0,72725148.0,72725148.0,,2.2,5065269000.0,0.0,0.0,0.0,69.649,
66,AVB,MRQ,2004-12-31,2004-12-31,2004-12-31,2021-08-04,-7096000.0,5081249000.0,,,,,32.998,-175093000.0,23659000.0,23659000.0,73273000.0,102103000.0,,1.121,2451354000.0,,,2451354000.0,0.0,41579000.0,0.0,0.037,0.7,135536000.0,177115000.0,1.099,177115000.0,135536000.0,102103000.0,1.39,1.36,1.39,2385291000.0,,2385291000.0,7931115838.0,23.0,15.774,-95100000.0,-1.316,1.0,87921000.0,0.545,0.0,33433000.0,7508944000.0,,0.0,41379000.0,,,2674433000.0,,,5443201838.0,-31949000.0,125558000.0,16257000.0,-53705000.0,-52632000.0,-92823000.0,-19119000.0,30884000.0,79993000.0,0.0,102103000.0,99928000.0,99928000.0,-90291000.0,0.0,0.62,43410000.0,44511000.0,0.0,0.504,2.282,27.342,27.086,4877825000.0,2175000.0,75.3,8.867,8.867,0.0,10769000.0,161194000.0,161194000.0,0.0,,,,,-1072000.0,4976000.0,1.0,72286877.0,72286877.0,,2.23,5081249000.0,0.0,0.0,0.0,70.293,
67,AVB,MRQ,2004-09-30,2004-09-30,2004-09-30,2021-08-04,-7753000.0,5099962000.0,,,,,32.031,-118451000.0,46793000.0,46793000.0,61722000.0,45366000.0,,1.203,2534707000.0,,,2534707000.0,0.0,42451000.0,0.0,0.046,0.7,78498000.0,120949000.0,0.776,120949000.0,78498000.0,45366000.0,0.6,0.6,0.6,2304686000.0,,2304686000.0,6758269830.0,20.0,13.674,-58736000.0,-0.816,1.0,94191000.0,0.604,0.0,33132000.0,7587876000.0,,0.0,25211000.0,,,2772300000.0,,,4332902830.0,31076000.0,48172000.0,9176000.0,86012000.0,-52430000.0,41501000.0,-70140000.0,0.0,59715000.0,0.0,45366000.0,43191000.0,43191000.0,-28402000.0,0.0,0.277,43597000.0,50594000.0,0.0,1.167,1.88,21.965,21.584,4898068000.0,2175000.0,60.22,7.51,7.51,0.0,-50311000.0,155913000.0,155913000.0,0.0,,,,,1341000.0,3898000.0,1.0,71951226.0,71951226.0,,2.167,5099962000.0,0.0,0.0,0.0,70.881,
68,AVB,MRQ,2004-06-30,2004-06-30,2004-06-30,2021-08-04,-7277000.0,5004903000.0,,,,,32.14,-150423000.0,14769000.0,14769000.0,61220000.0,35034000.0,,1.165,2440136000.0,,,2440136000.0,0.0,40174000.0,0.0,0.05,0.7,67450000.0,107624000.0,0.684,107624000.0,67450000.0,35034000.0,0.46,0.46,0.46,2301129000.0,,2301129000.0,6399249373.0,19.0,12.749,-65231000.0,-0.911,1.0,96194000.0,0.611,0.0,32416000.0,7430270000.0,,0.0,25379000.0,,,2680105000.0,,,4046720373.0,2155000.0,41210000.0,15643000.0,44638000.0,-52202000.0,24380000.0,-107417000.0,0.0,85192000.0,0.0,35034000.0,32859000.0,32859000.0,-15139000.0,0.0,0.209,43435000.0,52759000.0,0.0,1.522,1.759,19.336,18.903,4846186000.0,2175000.0,56.52,7.072,7.072,0.0,-43015000.0,157414000.0,157414000.0,0.0,,,,,1262000.0,4486000.0,1.0,71598025.0,71598025.0,,2.199,5004903000.0,0.0,0.0,0.0,69.903,
69,AVB,MRQ,2004-03-31,2004-03-31,2004-03-31,2021-08-04,-8584000.0,4943735000.0,,,,,32.333,-54053000.0,13641000.0,13641000.0,59868000.0,25277000.0,,1.139,2366170000.0,,,2366170000.0,0.0,39696000.0,0.0,0.052,0.7,57472000.0,97168000.0,0.633,97168000.0,57472000.0,25277000.0,0.33,0.32,0.33,2300374000.0,,2300374000.0,6130777355.0,16.0,11.29,-3336000.0,-0.047,1.0,93560000.0,0.61,0.0,32195000.0,7296264000.0,,0.0,25002000.0,,,2619610000.0,,,3811981355.0,-6819000.0,312000.0,12955000.0,55210000.0,-51831000.0,-2529000.0,-55007000.0,0.0,50717000.0,0.0,25277000.0,23102000.0,23102000.0,-2606000.0,0.0,0.151,43280000.0,50280000.0,0.0,2.121,1.657,15.237,14.76,4765342000.0,2175000.0,53.58,6.757,6.757,0.0,-25529000.0,153428000.0,153428000.0,0.0,,,,,1062000.0,4713000.0,1.0,71145602.0,71145602.0,,2.157,4943735000.0,0.0,0.0,0.0,69.488,
70,AVB,MRQ,2003-12-31,2003-12-31,2003-12-31,2021-08-04,-8212000.0,4909582000.0,,,,,32.684,-83355000.0,18883000.0,18883000.0,44723000.0,100283000.0,,1.113,2299082000.0,,,2299082000.0,0.0,39339000.0,0.0,0.059,0.7,129148000.0,168487000.0,1.529,168487000.0,129148000.0,100283000.0,1.4,1.38,1.4,2311334000.0,,2311334000.0,5790252982.0,14.0,10.424,-8218000.0,-0.116,1.0,65470000.0,0.594,0.0,28865000.0,7189781000.0,,0.0,41218000.0,,,2573496000.0,,,3380272982.0,292000.0,150822000.0,3473000.0,-99671000.0,-51662000.0,-149565000.0,74720000.0,-642000.0,75137000.0,0.0,100283000.0,98108000.0,98108000.0,-98598000.0,0.0,0.89,32013000.0,33457000.0,0.0,0.5,1.462,12.962,12.579,4736389000.0,2175000.0,47.8,6.063,6.063,0.0,2024000.0,110193000.0,110193000.0,0.0,,,,,1151000.0,4194000.0,1.0,70717008.0,70717008.0,,1.558,4909582000.0,0.0,0.0,0.0,69.426,
71,AVB,MRQ,2003-09-30,2003-09-30,2003-09-30,2021-08-04,-9905000.0,4965864000.0,,,,,33.323,-83929000.0,27453000.0,27453000.0,60265000.0,57387000.0,,1.192,2437433000.0,,,2437433000.0,0.0,37996000.0,0.0,0.06,0.7,90659000.0,128655000.0,0.851,128655000.0,90659000.0,57387000.0,0.8,0.79,0.8,2250895000.0,,2250895000.0,5669365177.0,15.0,10.818,-49070000.0,-0.726,1.0,90917000.0,0.601,0.0,33272000.0,7375844000.0,,0.0,41450000.0,,,2683953000.0,,,3161278177.0,-14679000.0,50148000.0,132840000.0,-110153000.0,-49458000.0,-28635000.0,-20903000.0,311000.0,34859000.0,0.0,57387000.0,55212000.0,55212000.0,-16331000.0,0.0,0.365,40707000.0,50210000.0,0.0,0.875,1.404,14.006,14.096,4780911000.0,2175000.0,46.8,5.461,5.461,0.0,-38817000.0,151182000.0,151182000.0,0.0,,,,,1249000.0,3382000.0,1.0,67548679.0,67548679.0,,2.238,4965864000.0,0.0,0.0,0.0,73.515,
72,AVB,MRQ,2003-06-30,2003-06-30,2003-06-30,2021-08-04,-12149000.0,4934775000.0,,,,,31.172,-109577000.0,51661000.0,51661000.0,56512000.0,76468000.0,,1.33,2559748000.0,,,2559748000.0,0.0,38186000.0,0.0,0.066,0.7,110535000.0,148721000.0,0.996,148721000.0,110535000.0,76468000.0,1.1,1.08,1.1,2101757000.0,,2101757000.0,5373613427.0,16.0,10.912,-34930000.0,-0.518,1.0,92836000.0,0.622,0.0,34067000.0,7442862000.0,,0.0,35196000.0,,,2794580000.0,,,2874971427.0,-26385000.0,156879000.0,4775000.0,2276000.0,-49686000.0,-126321000.0,25289000.0,0.0,74647000.0,0.0,76468000.0,73762000.0,73762000.0,-57522000.0,0.0,0.494,40676000.0,52160000.0,0.0,0.636,1.368,14.73,14.806,4756854000.0,2706000.0,42.64,4.995,4.995,0.0,-44225000.0,149348000.0,149348000.0,0.0,,,,,926000.0,3623000.0,1.0,67424283.0,67424283.0,,2.215,4934775000.0,0.0,0.0,0.0,73.19,
73,AVB,MRQ,2003-03-31,2003-03-31,2003-03-31,2021-08-04,-11891000.0,5004230000.0,,,,,31.571,-92526000.0,57752000.0,57752000.0,56235000.0,37388000.0,,1.29,2556394000.0,,,2556394000.0,0.0,38275000.0,0.0,0.076,0.7,71362000.0,109637000.0,0.741,109637000.0,71362000.0,37388000.0,0.5,0.49,0.5,2151524000.0,,2151524000.0,4962273661.0,17.0,11.164,-37492000.0,-0.55,1.0,91767000.0,0.62,0.0,33974000.0,7502872000.0,,0.0,35652000.0,,,2776264000.0,,,2514706661.0,34919000.0,46844000.0,-34031000.0,112448000.0,-51610000.0,25056000.0,-45171000.0,0.0,55034000.0,0.0,37388000.0,33700000.0,33700000.0,-19063000.0,0.0,0.228,40300000.0,51467000.0,0.0,1.4,1.169,16.358,16.4,4806632000.0,3688000.0,36.9,4.363,4.363,0.0,-70987000.0,148002000.0,148002000.0,0.0,,,,,858000.0,3631000.0,1.0,68149232.0,68149232.0,,2.172,5004230000.0,0.0,0.0,0.0,73.43,
74,AVB,MRQ,2002-12-31,2002-12-31,2002-12-31,2021-08-04,-12640000.0,4950835000.0,,,,,32.006,-103018000.0,23139000.0,23139000.0,49669000.0,66842000.0,,1.238,2431498000.0,,,2431498000.0,0.0,38559000.0,0.0,0.072,0.7,98516000.0,137075000.0,1.052,137075000.0,98516000.0,66842000.0,0.92,0.91,0.92,2194540000.0,,2194540000.0,5085496781.0,17.0,11.654,-15360000.0,-0.224,1.0,80657000.0,0.619,0.0,31674000.0,7359194000.0,,0.0,36074000.0,,,2717110000.0,,,2683717781.0,9727000.0,78684000.0,-46954000.0,52506000.0,-52368000.0,-48941000.0,-28990000.0,4797000.0,87658000.0,0.0,66842000.0,63033000.0,63033000.0,-60232000.0,0.0,0.484,42110000.0,38547000.0,0.0,0.761,1.223,17.234,17.319,4785431000.0,3809000.0,39.14,4.704,4.704,0.0,-59388000.0,130326000.0,130326000.0,0.0,,,,,960000.0,3440000.0,1.0,68567138.0,68567138.0,,1.901,4950835000.0,0.0,0.0,0.0,72.204,
75,AVB,MRQ,2002-09-30,2002-09-30,2002-09-30,2021-08-04,-13895000.0,4919810000.0,,,,,32.054,-100233000.0,14169000.0,14169000.0,55724000.0,28711000.0,,1.179,2415948000.0,,,2415948000.0,0.0,36941000.0,0.0,0.066,0.7,60097000.0,97038000.0,0.656,97038000.0,60097000.0,28711000.0,0.36,0.35,0.36,2223921000.0,,2223921000.0,5151520038.0,18.0,12.189,-32791000.0,-0.473,1.0,92187000.0,0.623,0.0,31386000.0,7321589000.0,,0.0,36304000.0,,,2621708000.0,,,2900122038.0,-6211000.0,13000.0,303000.0,141397000.0,-52755000.0,29184000.0,-102837000.0,-4908000.0,67442000.0,0.0,28711000.0,24685000.0,24685000.0,-5261000.0,0.0,0.167,37689000.0,54498000.0,0.0,1.944,1.304,20.476,20.291,4758549000.0,4026000.0,41.8,5.212,5.212,0.0,-55517000.0,147911000.0,147911000.0,0.0,,,,,815000.0,2966000.0,1.0,69380910.0,69380910.0,,2.132,4919810000.0,0.0,0.0,0.0,70.91,
76,AVB,MRQ,2002-06-30,2002-06-30,2002-06-30,2021-08-04,-10157000.0,4871197000.0,,,,,33.288,-215554000.0,22102000.0,22102000.0,52364000.0,37346000.0,,1.078,2273500000.0,,,2273500000.0,0.0,35044000.0,0.0,0.057,0.7,65676000.0,100720000.0,0.671,100720000.0,65676000.0,37346000.0,0.47,0.46,0.47,2307713000.0,,2307713000.0,5283551976.0,16.0,11.214,-128960000.0,-1.86,1.0,97822000.0,0.651,0.0,28330000.0,7122595000.0,,0.0,36317000.0,,,2487813000.0,,,3237508976.0,6353000.0,-165000.0,14095000.0,180409000.0,-53320000.0,139296000.0,-219537000.0,-1673000.0,86594000.0,0.0,37346000.0,32315000.0,32315000.0,-3725000.0,0.0,0.215,36660000.0,61162000.0,0.0,1.489,1.403,16.503,16.329,4702717000.0,5031000.0,46.7,5.683,5.683,0.0,-31172000.0,150186000.0,150186000.0,0.0,,,,,1332000.0,3437000.0,1.0,69325674.0,69325674.0,,2.166,4871197000.0,0.0,0.0,0.0,70.265,
77,AVB,MRQ,2002-03-31,2002-03-31,2002-03-31,2021-08-04,-7063000.0,4639430000.0,,,,,33.606,-126397000.0,12882000.0,12882000.0,51227000.0,40721000.0,,0.976,2058925000.0,,,2058925000.0,0.0,33933000.0,0.0,0.053,0.7,68072000.0,102005000.0,0.678,102005000.0,68072000.0,40721000.0,0.52,0.51,0.52,2311451000.0,,2311451000.0,5385110605.0,16.0,11.304,-60281000.0,-0.876,1.0,99276000.0,0.66,0.0,27351000.0,6685473000.0,,0.0,36152000.0,,,2256180000.0,,,3425292605.0,-69847000.0,397000.0,5091000.0,-23844000.0,-49007000.0,-51531000.0,-84432000.0,1784000.0,66116000.0,0.0,40721000.0,35690000.0,35690000.0,-3106000.0,0.0,0.237,35758000.0,63518000.0,0.0,1.346,1.482,16.874,16.768,4480172000.0,5031000.0,49.8,5.887,5.887,0.0,-16096000.0,150503000.0,150503000.0,0.0,,,,,990000.0,3607000.0,1.0,68780976.0,68780976.0,,2.188,4639430000.0,0.0,0.0,0.0,67.452,
78,AVB,MRQ,2001-12-31,2001-12-31,2001-12-31,2021-08-04,-8483000.0,4664289000.0,,,,,33.257,-147698000.0,122847000.0,122847000.0,32356000.0,62212000.0,,0.991,2055464000.0,,,2055464000.0,0.0,34624000.0,0.0,0.068,0.64,88262000.0,122886000.0,1.14,122886000.0,88262000.0,62212000.0,0.71,0.7,0.71,2314555000.0,,2314555000.0,5092497732.0,15.0,10.604,-67959000.0,-0.976,1.0,75443000.0,0.7,0.0,26050000.0,6596906000.0,,0.0,36549000.0,,,2294541000.0,,,3292634732.0,-128402000.0,61353000.0,5102000.0,2904000.0,-50816000.0,-151683000.0,-56458000.0,2302000.0,79739000.0,0.0,62212000.0,48948000.0,48948000.0,-20248000.0,0.0,0.454,29242000.0,46201000.0,0.0,0.901,1.423,15.757,15.36,4390843000.0,13264000.0,47.31,5.646,5.646,0.0,-3497000.0,107799000.0,107799000.0,0.0,,,,,1501000.0,3736000.0,1.0,69597014.0,69597014.0,,1.549,4664289000.0,0.0,0.0,0.0,67.019,
79,AVB,MRQ,2001-09-30,2001-09-30,2001-09-30,2021-08-04,-11963000.0,4729468000.0,,,,,35.252,-131041000.0,279600000.0,279600000.0,54769000.0,86668000.0,,0.95,2079463000.0,,,2079463000.0,0.0,32165000.0,0.0,0.065,0.64,113361000.0,145526000.0,0.903,145526000.0,113361000.0,86668000.0,1.16,1.14,1.16,2400078000.0,,2400078000.0,5117113917.0,15.0,11.048,-62740000.0,-0.922,1.0,106450000.0,0.66,0.0,26693000.0,6529331000.0,,0.0,34614000.0,,,2280684000.0,,,3250945917.0,187145000.0,152492000.0,24573000.0,186051000.0,-50903000.0,159278000.0,-40434000.0,7069000.0,68301000.0,0.0,86668000.0,79229000.0,79229000.0,-872000.0,0.0,0.491,35223000.0,71227000.0,0.0,0.552,1.355,15.909,15.759,4316835000.0,7439000.0,47.75,5.43,5.43,0.0,-16700000.0,161219000.0,161219000.0,0.0,,,,,843000.0,3421000.0,1.0,68082637.0,68082637.0,,2.368,4729468000.0,0.0,0.0,0.0,69.467,
80,AVB,MRQ,2001-06-30,2001-06-30,2001-06-30,2021-08-04,-6516000.0,4491444000.0,,,,,34.565,-115825000.0,22673000.0,22673000.0,53743000.0,48518000.0,,0.895,1888841000.0,,,1888841000.0,0.0,32161000.0,0.0,0.065,0.64,73831000.0,105992000.0,0.653,105992000.0,73831000.0,48518000.0,0.58,0.57,0.58,2344301000.0,,2344301000.0,4877542062.0,16.0,11.392,-7446000.0,-0.11,1.0,108616000.0,0.669,0.0,25313000.0,6357612000.0,,0.0,34526000.0,,,2098027000.0,,,3170743062.0,-43482000.0,-786000.0,12200000.0,112862000.0,-53923000.0,-40619000.0,-111242000.0,6329000.0,108379000.0,0.0,48518000.0,39131000.0,39131000.0,0.0,0.0,0.241,35904000.0,72712000.0,0.0,1.103,1.353,18.257,17.981,4336655000.0,9387000.0,46.75,5.431,5.431,0.0,-52554000.0,162359000.0,162359000.0,0.0,,,,,828000.0,3743000.0,1.0,67823381.0,67823381.0,,2.394,4491444000.0,0.0,0.0,0.0,66.223,
81,AVB,MRQ,2001-03-31,2001-03-31,2001-03-31,2021-08-04,-8093000.0,4444777000.0,,,,,36.277,-101919000.0,65345000.0,65345000.0,52598000.0,51599000.0,,0.798,1772144000.0,,,1772144000.0,0.0,31129000.0,0.0,0.065,1.28,74723000.0,105852000.0,0.68,105852000.0,74723000.0,51599000.0,0.62,0.61,0.62,2444278000.0,,2444278000.0,4742555228.0,16.0,11.175,-37810000.0,-0.561,1.0,103159000.0,0.662,0.0,23124000.0,6151576000.0,,0.0,33740000.0,,,1951106000.0,,,3086598228.0,417000.0,22635000.0,9037000.0,42220000.0,-47572000.0,3115000.0,-66807000.0,3421000.0,64109000.0,0.0,51599000.0,41654000.0,41654000.0,0.0,0.0,0.267,34934000.0,68225000.0,0.0,2.065,1.263,17.612,17.352,4252991000.0,9945000.0,45.81,5.498,5.498,0.0,-49444000.0,155757000.0,155757000.0,0.0,,,,,434000.0,3805000.0,1.0,67378263.0,67378263.0,,2.312,4444777000.0,0.0,0.0,0.0,65.968,
82,AVB,MRQ,2000-12-31,2000-12-31,2000-12-31,2021-08-04,0.0,4397225000.0,,,,,36.424,-136945000.0,73967000.0,73967000.0,37887000.0,54281000.0,,0.78,1729924000.0,,,1729924000.0,0.0,31383000.0,0.0,0.045,0.56,74439000.0,105822000.0,0.887,105822000.0,74439000.0,54281000.0,0.67,0.65,0.67,2442493000.0,,2442493000.0,5006532503.0,17.0,12.059,-39129000.0,-0.584,1.0,81437000.0,0.682,0.0,20158000.0,6053182000.0,,0.0,33698000.0,,,1905231000.0,,,3361622503.0,46872000.0,70682000.0,10690000.0,37547000.0,-47323000.0,-432000.0,-50512000.0,-646000.0,97816000.0,0.0,54281000.0,44336000.0,44336000.0,-10786000.0,0.0,0.372,27533000.0,53904000.0,0.0,0.836,1.376,19.679,19.43,4199959000.0,9945000.0,50.13,6.217,6.217,0.0,-47845000.0,119324000.0,119324000.0,0.0,,,,,1023000.0,3422000.0,1.0,67058099.0,67058099.0,,1.779,4397225000.0,0.0,0.0,0.0,65.573,
83,AVB,MRQ,2000-09-30,2000-09-30,2000-09-30,2021-08-04,0.0,4330237000.0,,,,,36.308,-116067000.0,44521000.0,44521000.0,48548000.0,58494000.0,,0.767,1689431000.0,,,1689431000.0,0.0,30599000.0,0.0,0.046,0.56,79879000.0,110478000.0,0.755,110478000.0,79879000.0,58494000.0,0.73,0.71,0.73,2419218000.0,,2419218000.0,4815540298.0,15.0,11.145,-35241000.0,-0.529,1.0,97803000.0,0.668,0.0,21385000.0,5975147000.0,,0.0,29933000.0,,,1855725000.0,,,3177570298.0,8690000.0,59440000.0,9276000.0,9298000.0,-47160000.0,-11553000.0,-60583000.0,1769000.0,80826000.0,0.0,58494000.0,48550000.0,48550000.0,0.0,0.0,0.332,33958000.0,63845000.0,0.0,0.767,1.313,16.656,16.445,4166959000.0,9944000.0,47.69,5.738,5.738,0.0,-54551000.0,146351000.0,146351000.0,0.0,,,,,564000.0,3359000.0,1.0,66629698.0,66629698.0,,2.196,4330237000.0,0.0,0.0,0.0,64.99,
84,AVB,MRQ,2000-06-30,2000-06-30,2000-06-30,2021-08-04,0.0,4269597000.0,,,,,36.224,-114827000.0,40747000.0,40747000.0,46461000.0,50657000.0,,0.765,1678717000.0,,,1678717000.0,0.0,31209000.0,0.0,0.052,0.56,71020000.0,102229000.0,0.73,102229000.0,71020000.0,50657000.0,0.62,0.61,0.62,2396906000.0,,2396906000.0,4362211657.0,14.0,10.158,-52415000.0,-0.792,1.0,93497000.0,0.668,0.0,20363000.0,5907567000.0,,0.0,32253000.0,,,1833617000.0,,,2760585657.0,-6404000.0,31304000.0,12263000.0,59481000.0,-46887000.0,32726000.0,-101542000.0,0.0,62412000.0,0.0,50657000.0,40712000.0,40712000.0,0.0,0.0,0.291,34494000.0,59003000.0,0.0,0.903,1.152,14.47,14.436,4126759000.0,9945000.0,41.72,4.985,4.985,0.0,-65725000.0,139958000.0,139958000.0,0.0,,,,,582000.0,3285000.0,1.0,66169359.0,66169359.0,,2.115,4269597000.0,0.0,0.0,0.0,64.525,
85,AVB,MRQ,2000-03-31,2000-03-31,2000-03-31,2021-08-04,0.0,4180116000.0,,,,,36.067,-73114000.0,17544000.0,17544000.0,44568000.0,47172000.0,,0.745,1619170000.0,,,1619170000.0,0.0,29419000.0,0.0,0.058,0.56,67239000.0,96658000.0,0.716,96658000.0,67239000.0,47172000.0,0.57,0.56,0.57,2375792000.0,,2375792000.0,3990083173.0,12.0,8.765,-12085000.0,-0.183,1.0,90520000.0,0.67,0.0,20067000.0,5781742000.0,,0.0,32254000.0,,,1768822000.0,,,2412858173.0,455000.0,29325000.0,3974000.0,25523000.0,-44139000.0,-15056000.0,-45518000.0,0.0,61029000.0,0.0,47172000.0,37227000.0,37227000.0,0.0,0.0,0.276,32366000.0,58154000.0,0.0,0.982,1.016,11.061,11.134,4063603000.0,9945000.0,36.63,4.231,4.231,0.0,-69222000.0,135088000.0,135088000.0,0.0,,,,,1248000.0,2947000.0,1.0,65871094.0,65871094.0,,2.051,4180116000.0,0.0,0.0,0.0,63.459,
86,AVB,MRQ,1999-12-31,1999-12-31,1999-12-31,2021-08-04,0.0,4154662000.0,,,,,36.057,-130113000.0,16422000.0,16422000.0,43541000.0,74233000.0,,0.738,1593647000.0,,,1593647000.0,0.0,28388000.0,0.0,0.059,0.52,94340000.0,122728000.0,0.927,122728000.0,94340000.0,74233000.0,0.98,0.96,0.98,2370285000.0,,2370285000.0,3911874092.0,16.0,10.966,-30775000.0,-0.468,1.0,88802000.0,0.671,0.0,20107000.0,5731887000.0,,0.0,29584000.0,,,1749000000.0,,,2276494092.0,-1422000.0,90563000.0,17777000.0,-50404000.0,-43829000.0,-77952000.0,-22808000.0,25300000.0,99338000.0,0.0,74233000.0,64288000.0,64288000.0,0.0,0.0,0.486,30936000.0,57866000.0,0.0,0.531,0.96,17.181,17.144,4041323000.0,9945000.0,34.63,4.512,4.512,0.0,-69507000.0,132343000.0,132343000.0,0.0,,,,,1447000.0,2410000.0,1.0,65737629.0,65737629.0,,2.013,4154662000.0,0.0,0.0,0.0,63.201,
87,AVB,MRQ,1999-09-30,1999-09-30,1999-09-30,2021-08-04,0.0,4215963000.0,,,,,36.041,-121026000.0,38417000.0,38417000.0,48548000.0,58494000.0,,0.782,1673797000.0,,,1673797000.0,0.0,27930000.0,0.0,0.061,0.52,79879000.0,107809000.0,0.737,107809000.0,79879000.0,58494000.0,0.72,0.71,0.72,2345983000.0,,2345983000.0,3776707481.0,14.0,9.946,-83265000.0,-1.279,1.0,97803000.0,0.668,0.0,21385000.0,5851343000.0,,0.0,62615000.0,,,1833630000.0,,,2205293481.0,-5567000.0,47894000.0,10083000.0,76519000.0,-42493000.0,43839000.0,-87167000.0,0.0,37761000.0,0.0,58494000.0,48550000.0,48550000.0,0.0,0.0,0.332,33958000.0,63845000.0,0.0,0.722,0.94,14.842,15.193,4046469000.0,9944000.0,33.88,4.084,4.084,0.0,-16964000.0,146351000.0,146351000.0,0.0,,,,,531000.0,3359000.0,1.0,65091307.0,65091307.0,,2.248,4215963000.0,0.0,0.0,0.0,64.77,
88,AVB,MRQ,1999-06-30,1999-06-30,1999-06-30,2021-08-04,0.0,4134843000.0,,,,,36.219,-137524000.0,23756000.0,23756000.0,47971000.0,78022000.0,,0.757,1595170000.0,,,1595170000.0,0.0,25938000.0,0.0,0.055,0.51,102115000.0,128053000.0,0.818,128053000.0,102115000.0,78022000.0,1.02,1.0,1.02,2335125000.0,,2335125000.0,3961919713.0,17.0,11.47,-75682000.0,-1.174,1.0,108516000.0,0.693,0.0,24093000.0,5706257000.0,,0.0,62442000.0,,,1768236000.0,,,2385454713.0,-3980000.0,104239000.0,17987000.0,-7713000.0,-42688000.0,-33878000.0,-31944000.0,0.0,61842000.0,0.0,78022000.0,68077000.0,68077000.0,0.0,0.0,0.435,20466000.0,88050000.0,0.0,0.5,1.022,19.268,19.681,3989569000.0,9945000.0,37.0,4.661,4.661,0.0,-17208000.0,156487000.0,156487000.0,0.0,,,,,1526000.0,3865000.0,1.0,64471749.0,64471749.0,,2.427,4134843000.0,0.0,0.0,0.0,64.134,
89,AVB,MRQ,1999-03-31,1999-03-31,1999-03-31,2021-08-04,0.0,4134035000.0,,,,,36.261,-127598000.0,26068000.0,26068000.0,43058000.0,19807000.0,,0.765,1602533000.0,,,1602533000.0,0.0,27503000.0,0.0,0.064,0.51,36144000.0,63647000.0,0.537,63647000.0,36144000.0,19807000.0,0.15,0.15,0.15,2324460000.0,,2324460000.0,3511608119.0,21.0,13.435,-76473000.0,-1.193,1.0,75501000.0,0.637,0.0,16337000.0,5710500000.0,,0.0,17169000.0,,,1777961000.0,,,2043623119.0,9700000.0,12922000.0,7428000.0,117365000.0,-43323000.0,81275000.0,-122700000.0,0.0,51125000.0,0.0,19807000.0,9862000.0,9862000.0,0.0,0.0,0.083,46394000.0,29107000.0,0.0,3.4,0.879,29.417,26.347,3981753000.0,9945000.0,31.88,4.803,4.803,0.0,-103220000.0,118559000.0,118559000.0,0.0,,,,,460000.0,2367000.0,1.0,64103611.0,64103611.0,,1.849,4134035000.0,0.0,0.0,0.0,64.49,
90,AVB,MRQ,1998-12-31,1998-12-31,1998-12-31,2021-08-04,0.0,4030204000.0,,,,,36.643,-185889000.0,17128000.0,17128000.0,42628000.0,31673000.0,,0.709,1484371000.0,,,1484371000.0,0.0,30277000.0,0.0,0.057,0.51,49928000.0,80205000.0,0.676,80205000.0,49928000.0,31673000.0,0.34,0.34,0.34,2339453000.0,,2339453000.0,3703448500.0,25.0,16.329,-115544000.0,-1.81,1.0,75962000.0,0.641,0.0,18255000.0,5497447000.0,,0.0,62694000.0,,,1658538000.0,,,2186654500.0,-568000.0,60308000.0,101477000.0,351000.0,-41696000.0,59617000.0,-130530000.0,1785000.0,70345000.0,0.0,31673000.0,22091000.0,22091000.0,0.0,0.0,0.186,31676000.0,44286000.0,0.0,1.5,0.935,31.894,24.64,3890859000.0,9582000.0,34.25,6.197,6.197,0.0,14521000.0,118590000.0,118590000.0,0.0,,,,,1291000.0,2149000.0,1.0,63843927.0,63843927.0,,1.857,4030204000.0,0.0,0.0,0.0,63.126,
91,AVB,MRQ,1998-09-30,1998-09-30,1998-09-30,2021-08-04,0.0,3958566000.0,,,,,35.376,-244336000.0,17064000.0,17064000.0,43446000.0,31540000.0,,0.746,1533858000.0,,,1533858000.0,0.0,23579000.0,0.0,0.054,0.51,49927000.0,73506000.0,0.622,73506000.0,49927000.0,31540000.0,0.37,0.37,0.37,2248991000.0,,2248991000.0,3490531283.0,,,-196532000.0,-3.091,1.0,74682000.0,0.632,0.0,18387000.0,5475360000.0,,0.0,17265000.0,,,1677315000.0,,,2181224283.0,-5602000.0,57176000.0,4143000.0,198693000.0,-40186000.0,162117000.0,-215523000.0,-23649000.0,47804000.0,0.0,31540000.0,23771000.0,23771000.0,0.0,0.0,0.201,26156000.0,48526000.0,0.0,1.378,0.97,,,3820322000.0,7769000.0,34.31,,,0.0,-68033000.0,118128000.0,118128000.0,0.0,,,,,574000.0,2578000.0,1.0,63574010.0,63574010.0,,1.858,3958566000.0,0.0,0.0,0.0,62.267,
92,AVB,MRQ,1998-06-30,1998-06-30,1998-06-30,2021-08-04,0.0,3765185000.0,,,,,77.759,-165558000.0,21752000.0,21752000.0,24774000.0,18242000.0,,0.657,1331059000.0,,,1331059000.0,0.0,14636000.0,0.0,0.047,0.51,29392000.0,44028000.0,0.627,44028000.0,29392000.0,18242000.0,0.35,0.34,0.35,2252982000.0,,2252982000.0,1701462542.0,,,-119248000.0,-4.116,1.0,45419000.0,0.647,0.0,11150000.0,5074492000.0,,0.0,17206000.0,,,1479880000.0,,,1101008542.0,12168000.0,104000.0,51878000.0,80974000.0,-16062000.0,116479000.0,-150621000.0,0.0,46310000.0,0.0,18242000.0,13748000.0,13748000.0,0.0,0.0,0.196,16375000.0,29044000.0,0.0,1.457,0.489,,,3655967000.0,4494000.0,38.0,,,0.0,-59325000.0,70193000.0,70193000.0,0.0,,,,,0.0,1778000.0,1.0,28973909.0,28973909.0,,2.423,3765185000.0,0.0,0.0,0.0,129.951,
93,AVB,MRQ,1998-03-31,1998-03-31,1998-03-31,2021-08-04,0.0,1447464000.0,,,,,30.306,-122555000.0,4737000.0,4737000.0,13970000.0,12979000.0,,0.812,605191000.0,,,605191000.0,0.0,9867000.0,0.0,0.045,0.42,19228000.0,29095000.0,0.641,29095000.0,19228000.0,12979000.0,0.34,0.34,0.34,793915000.0,,793915000.0,1455112709.0,,,-95785000.0,-3.656,1.0,31415000.0,0.692,0.0,6249000.0,2047918000.0,,0.0,0.0,,,644425000.0,,,972413709.0,-296000.0,0.0,3273000.0,107307000.0,-14928000.0,95489000.0,-122555000.0,0.0,26770000.0,0.0,12979000.0,8950000.0,8950000.0,0.0,0.0,0.197,12033000.0,19382000.0,13247000.0,1.235,1.225,,,1417708000.0,4029000.0,37.12,,,0.0,-33222000.0,45385000.0,45385000.0,0.0,,,,,0.0,2016000.0,1.0,26196490.0,26196490.0,,1.732,1447464000.0,0.0,0.0,0.0,55.254,
94,AVB,MRQ,1997-12-31,1997-12-31,1997-12-31,2021-08-04,0.0,1317650000.0,,,,,30.26,,4785000.0,4785000.0,,,,0.651,487484000.0,,,487484000.0,0.0,,0.0,0.043,0.42,,,,,,,,,,792695000.0,,792695000.0,,,,,,1.0,,,0.0,,1800349000.0,,0.0,0.0,,,515822000.0,,,1021663110.0,,,,,,,,,,,,,,,,,,,0.0,,1.289,32.474,27.857,1294484000.0,,39.0,8.106,8.106,0.0,-31169000.0,,,,,,,,,,1.0,26196490.0,26196490.0,,,1317650000.0,0.0,,0.0,50.299,
95,AVB,MRQ,1997-09-30,1997-09-30,1997-09-30,2021-08-04,,,,,,,,,,,10909000.0,10653000.0,,,,,,,,,,0.041,0.42,13896000.0,,,,13896000.0,10653000.0,0.36,0.36,0.36,,,,,,,,,1.0,22267000.0,0.671,,3243000.0,,,,,,,,,,,,,,,,,,,,,10653000.0,8257000.0,8257000.0,0.0,0.0,0.249,8332000.0,13935000.0,,1.167,,,,,2396000.0,39.88,,,,,33176000.0,33176000.0,0.0,,,,,,1265000.0,1.0,,,,,,,0.0,,,
96,AVB,MRQ,1997-06-30,1997-06-30,1997-06-30,2021-08-04,,,,,,,,,,,10044000.0,8479000.0,,,,,,,,,,0.044,0.41,12279000.0,,,,12279000.0,8479000.0,0.33,0.33,0.33,,,,,,,,,1.0,20117000.0,0.667,,3800000.0,,,,,,,,,,,,,,,,,,,,,8479000.0,7184000.0,7184000.0,0.0,0.0,0.238,7797000.0,12320000.0,,1.242,,,,,1295000.0,37.0,,,,,30161000.0,30161000.0,0.0,,,,,,921000.0,1.0,,,,,,,0.0,,,
97,AVB,MRQ,1997-03-31,1997-03-31,1997-03-31,2021-08-04,,,,,,,,-38879000.0,,,7885000.0,7771000.0,,,,,,,,5699000.0,,0.045,0.41,11088000.0,16787000.0,0.639,16787000.0,11088000.0,7771000.0,0.33,0.33,0.33,,,,,,,-31049000.0,,1.0,18372000.0,0.7,,3317000.0,,,,,,,,,,,208000.0,0.0,49351000.0,-8957000.0,-8940000.0,31257000.0,-38879000.0,0.0,7830000.0,0.0,7771000.0,6625000.0,6625000.0,0.0,0.0,0.252,7146000.0,11226000.0,,1.242,,,,,1146000.0,35.88,,,,,26257000.0,26257000.0,0.0,,,,,0.0,1367000.0,1.0,,,,,,,0.0,,,
98,AVB,MRQ,1996-12-31,1996-12-31,1996-12-31,2021-08-04,0.0,711909000.0,,,,,,,1880000.0,1880000.0,,,,0.71,273688000.0,,,273688000.0,0.0,,0.0,0.045,0.41,,,,,,,,,,412277000.0,,412277000.0,,,,,,1.0,,,0.0,,983717000.0,,0.0,0.0,,,292630000.0,,,,,,,,,,,,,,,,,,,,,,5450000.0,,,,34.951,697793000.0,,36.0,,,0.0,-23663000.0,,,,,,,,,,1.0,,,,,711909000.0,0.0,,0.0,,
0,AVB,MRT,2021-06-30,2021-06-30,2021-06-30,2021-08-04,-36339000.0,19316625000.0,19195228000.0,,,0.116,78.135,-1035490000.0,487105000.0,487105000.0,847839000.0,1079042000.0,,0.771,7711081000.0,,,7711081000.0,0.0,720940000.0,0.0,0.03,6.36,1289612000.0,2010552000.0,0.899,2010552000.0,1289612000.0,1076057000.0,7.71,7.71,7.71,10908019000.0,10749393750.0,10908019000.0,36622111696.0,28.0,18.215,123837000.0,0.887,1.0,1388245000.0,0.621,0.0,213555000.0,26540601000.0,26622324250.0,0.0,227953000.0,,,8404999000.0,,,29134091696.0,71411000.0,1142088000.0,-179653000.0,-104595000.0,-890458000.0,-1182816000.0,94900000.0,4049000.0,1159327000.0,0.0,1079007000.0,1079007000.0,1079007000.0,0.0,35000.0,0.483,795544000.0,592701000.0,0.0,0.825,2.671,27.001,27.067,18298966000.0,0.0,208.69,13.029,13.029,0.0,272398000.0,2236084000.0,2236084000.0,0.0,0.056,0.1,0.048,0.577,22918000.0,63267000.0,1.0,139604637.0,139604637.0,,16.017,19316625000.0,0.0,-2950000.0,0.0,138.367,
1,AVB,MRT,2021-03-31,2021-03-31,2021-03-31,2021-08-04,-37883000.0,19120532000.0,19203944250.0,,,0.117,76.46,-920196000.0,229732000.0,229732000.0,833544000.0,801934000.0,,0.792,7717752000.0,,,7717752000.0,0.0,712717000.0,0.0,0.034,6.36,1008639000.0,1721356000.0,0.765,1721356000.0,1008639000.0,797789000.0,5.71,5.71,5.71,10668329000.0,10739936500.0,10668329000.0,33176501733.0,33.0,19.273,287860000.0,2.063,1.0,1417202000.0,0.63,0.0,210850000.0,26608552000.0,26674552250.0,0.0,210650000.0,,,8448771000.0,,,25744217733.0,-638689000.0,724891000.0,-180526000.0,-561701000.0,-892275000.0,-1647427000.0,-199318000.0,5104000.0,1208056000.0,0.0,801882000.0,801882000.0,801882000.0,0.0,52000.0,0.356,781987000.0,635215000.0,0.0,1.114,2.413,32.105,32.313,18406190000.0,0.0,184.51,11.438,11.438,0.0,47151000.0,2250746000.0,2250746000.0,0.0,0.042,0.075,0.038,0.448,21647000.0,60375000.0,1.0,139527493.0,139527493.0,,16.131,19120532000.0,0.0,-4093000.0,0.0,137.038,
2,AVB,MRT,2020-12-31,2020-12-31,2020-12-31,2021-08-04,-40250000.0,19199144000.0,19396645250.0,,,0.119,77.012,-980943000.0,313532000.0,313532000.0,823102000.0,827706000.0,,0.785,7745816000.0,,,7745816000.0,0.0,707331000.0,0.0,0.04,6.36,1038534000.0,1745865000.0,0.759,1745865000.0,1038534000.0,824383000.0,5.89,5.89,5.89,10751583000.0,10800836250.0,10751583000.0,29961574143.0,29.0,17.161,238672000.0,1.71,1.0,1478159000.0,0.642,0.0,214151000.0,26631428000.0,26847263500.0,0.0,202612000.0,,,8444293000.0,,,22397469143.0,185918000.0,796875000.0,-180412000.0,250912000.0,-883212000.0,-854264000.0,-179433000.0,4635000.0,1219615000.0,0.0,827630000.0,827630000.0,827630000.0,0.0,76000.0,0.36,780073000.0,698086000.0,0.0,1.08,2.083,27.062,27.238,18389047000.0,0.0,160.43,9.733,9.733,0.0,126022000.0,2301261000.0,2301261000.0,0.0,0.043,0.077,0.039,0.451,21603000.0,60343000.0,1.0,139608983.0,139608983.0,,16.484,19199144000.0,0.0,-3247000.0,0.0,137.521,
3,AVB,MRT,2020-09-30,2020-09-30,2020-09-30,2021-08-04,-42617000.0,19144611000.0,19377122000.0,,,0.121,75.809,-1101931000.0,182400000.0,182400000.0,800972000.0,654263000.0,,0.794,7746505000.0,,,7746505000.0,0.0,700873000.0,0.0,0.042,6.29,871660000.0,1572533000.0,0.672,1572533000.0,871660000.0,654908000.0,4.65,4.65,4.65,10669644000.0,10860327750.0,10669644000.0,28416666101.0,33.0,18.071,167025000.0,1.187,1.0,1538670000.0,0.658,0.0,216752000.0,26708716000.0,26796955250.0,0.0,194317000.0,,,8471776000.0,,,21018643101.0,-152354000.0,344663000.0,66077000.0,185335000.0,-873179000.0,-663322000.0,-757988000.0,-15000.0,1268956000.0,0.0,654152000.0,654152000.0,654152000.0,0.0,111000.0,0.28,767071000.0,771599000.0,0.0,1.353,1.97,32.131,32.116,18455324000.0,0.0,149.34,8.984,8.984,0.0,29705000.0,2339642000.0,2339642000.0,0.0,0.034,0.06,0.033,0.373,22564000.0,59480000.0,1.0,140743559.0,140743559.0,,16.623,19144611000.0,0.0,756000.0,0.0,136.025,
4,AVB,MRT,2020-06-30,2020-06-30,2020-06-30,2021-08-04,-46317000.0,19351490000.0,19356086000.0,,,0.122,77.241,-1298005000.0,415694000.0,415694000.0,785948000.0,786255000.0,,0.78,7813717000.0,,,7813717000.0,0.0,690989000.0,0.0,0.04,6.22,1013089000.0,1704078000.0,0.722,1704078000.0,1013089000.0,798093000.0,5.6,5.6,5.6,10870190000.0,10896523000.0,10870190000.0,29170755727.0,29.0,17.118,14984000.0,0.106,1.0,1573903000.0,0.667,0.0,214996000.0,26749513000.0,26675700500.0,0.0,176352000.0,,,8477931000.0,,,21762694727.0,85650000.0,529344000.0,205145000.0,260866000.0,-861677000.0,-438366000.0,-788973000.0,-1203000.0,1312989000.0,0.0,786126000.0,786126000.0,786126000.0,0.0,129000.0,0.333,755578000.0,818325000.0,0.0,1.111,2.002,27.683,27.614,18460221000.0,0.0,154.64,9.222,9.222,0.0,172304000.0,2359851000.0,2359851000.0,0.0,0.041,0.072,0.038,0.429,23772000.0,58264000.0,1.0,140731342.0,140731342.0,,16.768,19351490000.0,0.0,11967000.0,0.0,137.507,
5,AVB,MRT,2020-03-31,2020-03-31,2020-03-31,2021-08-04,-47157000.0,19891336000.0,19251357250.0,,,0.123,77.587,-1512614000.0,868421000.0,868421000.0,782956000.0,783691000.0,,0.823,8276482000.0,,,8276482000.0,0.0,677432000.0,0.0,0.042,6.15,1008286000.0,1685718000.0,0.714,1685718000.0,1008286000.0,796679000.0,5.6,5.6,5.6,10911928000.0,10866475500.0,10911928000.0,28007436706.0,28.0,16.615,-210892000.0,-1.499,1.0,1577753000.0,0.668,0.0,211607000.0,27299397000.0,26511550000.0,0.0,173734000.0,,,8976094000.0,,,20698292706.0,673214000.0,503645000.0,254289000.0,1034209000.0,-849818000.0,388242000.0,-1016750000.0,-8243000.0,1301722000.0,0.0,783579000.0,783579000.0,783579000.0,0.0,112000.0,0.332,746792000.0,830961000.0,0.0,1.098,1.897,26.415,26.28,18570983000.0,0.0,147.17,8.768,8.768,0.0,225656000.0,2360709000.0,2360709000.0,0.0,0.041,0.072,0.038,0.427,25338000.0,61656000.0,1.0,140642065.0,140642065.0,,16.785,19891336000.0,0.0,13100000.0,0.0,141.432,
6,AVB,MRT,2019-12-31,2019-12-31,2019-12-31,2021-08-04,-31503000.0,19121051000.0,18938519000.0,,,0.123,78.687,-1613420000.0,127614000.0,127614000.0,768106000.0,786103000.0,,0.74,7436758000.0,,,7436758000.0,0.0,661578000.0,0.0,0.029,6.08,1002562000.0,1664140000.0,0.716,1664140000.0,1002562000.0,798977000.0,5.64,5.63,5.64,10989549000.0,10821993250.0,10989549000.0,36450308412.0,36.0,21.903,-291616000.0,-2.088,1.0,1556520000.0,0.67,0.0,203585000.0,26430195000.0,26093020500.0,0.0,165806000.0,,,8127601000.0,,,29287078412.0,-90250000.0,422312000.0,409725000.0,241575000.0,-839646000.0,-218185000.0,-1193869000.0,-2761000.0,1321804000.0,0.0,785974000.0,785974000.0,785974000.0,0.0,129000.0,0.338,724611000.0,831909000.0,0.0,1.078,2.665,37.262,37.181,18557950000.0,0.0,209.7,12.599,12.599,0.0,282913000.0,2324626000.0,2324626000.0,0.0,0.042,0.073,0.038,0.431,25621000.0,58042000.0,1.0,139661795.0,139661795.0,,16.645,19121051000.0,0.0,13003000.0,0.0,136.91,
7,AVB,MRT,2019-09-30,2019-09-30,2019-09-30,2021-08-04,-45082000.0,19060467000.0,18753306250.0,,,0.123,77.436,-1730179000.0,334754000.0,334754000.0,768818000.0,1004067000.0,,0.762,7497984000.0,,,7497984000.0,0.0,649127000.0,0.0,0.028,6.03,1219563000.0,1868690000.0,0.809,1868690000.0,1219563000.0,1014989000.0,7.23,7.23,7.23,10814425000.0,10732757500.0,10814425000.0,37232665536.0,31.0,19.924,-394703000.0,-2.826,1.0,1540762000.0,0.667,0.0,204574000.0,26223697000.0,25786121500.0,0.0,207204000.0,,,8242039000.0,,,30072329536.0,53163000.0,868767000.0,258826000.0,177526000.0,-830554000.0,-423914000.0,-858399000.0,13407000.0,1335476000.0,0.0,1004058000.0,1004058000.0,1004058000.0,0.0,9000.0,0.435,714995000.0,825767000.0,0.0,0.834,2.781,29.951,29.783,18240686000.0,0.0,215.33,13.021,13.021,0.0,329323000.0,2309580000.0,2309580000.0,0.0,0.054,0.094,0.047,0.528,25473000.0,61425000.0,1.0,139656943.0,139656943.0,,16.538,19060467000.0,0.0,10931000.0,0.0,136.481,
8,AVB,MRT,2019-06-30,2019-06-30,2019-06-30,2021-08-04,-33184000.0,18932575000.0,18653719250.0,,,0.123,77.114,-1686862000.0,330044000.0,330044000.0,764466000.0,916765000.0,,0.761,7490380000.0,,,7490380000.0,0.0,640202000.0,0.0,0.029,5.98,1123821000.0,1764023000.0,0.768,1764023000.0,1123821000.0,916643000.0,6.62,6.62,6.62,10750000000.0,10628500750.0,10750000000.0,35309253008.0,31.0,20.016,-373316000.0,-2.678,1.0,1533483000.0,0.667,0.0,207178000.0,26092911000.0,25708636250.0,0.0,208519000.0,,,8178707000.0,,,28323957008.0,-19853000.0,780491000.0,257621000.0,129256000.0,-821464000.0,-463405000.0,-869994000.0,28873000.0,1313546000.0,0.0,916867000.0,916867000.0,916867000.0,0.0,-102000.0,0.399,707839000.0,825644000.0,0.0,0.903,2.635,30.892,30.692,18131825000.0,0.0,203.18,12.326,12.326,0.0,262548000.0,2297949000.0,2297949000.0,0.0,0.049,0.086,0.044,0.489,23872000.0,63400000.0,1.0,139403273.0,139403273.0,,16.484,18932575000.0,0.0,-224000.0,0.0,135.812,
9,AVB,MRT,2019-03-31,2019-03-31,2019-03-31,2021-08-04,-31907000.0,18639983000.0,18588327500.0,,,0.123,77.497,-1637412000.0,195207000.0,195207000.0,760185000.0,1003003000.0,,0.736,7180503000.0,,,7180503000.0,0.0,634194000.0,0.0,0.03,5.93,1216835000.0,1851029000.0,0.808,1851029000.0,1216835000.0,1003082000.0,7.25,7.25,7.25,10733999000.0,10540547750.0,10733999000.0,34625223654.0,28.0,18.706,-290428000.0,-2.097,1.0,1529740000.0,0.668,0.0,213753000.0,25625279000.0,25658505750.0,0.0,212639000.0,,,7902588000.0,,,27802824654.0,-76200000.0,980295000.0,207822000.0,-211834000.0,-812739000.0,-832627000.0,-590557000.0,66618000.0,1346984000.0,0.0,1003248000.0,1003248000.0,1003248000.0,0.0,-245000.0,0.438,697356000.0,832384000.0,0.0,0.818,2.59,27.713,27.687,18000460000.0,0.0,200.73,12.141,12.141,0.0,306861000.0,2289925000.0,2289925000.0,0.0,0.054,0.095,0.047,0.531,21872000.0,59644000.0,1.0,138508567.0,138508567.0,,16.533,18639983000.0,0.0,-166000.0,0.0,134.576,
10,AVB,MRT,2018-12-31,2018-12-31,2018-12-31,2021-08-04,-26144000.0,18380200000.0,18589943500.0,,,0.123,76.924,-1565506000.0,217864000.0,217864000.0,766556000.0,974175000.0,,0.728,7040263000.0,,,7040263000.0,0.0,631196000.0,0.0,0.034,5.88,1195339000.0,1826535000.0,0.8,1826535000.0,1195339000.0,974365000.0,7.05,7.05,7.05,10632606000.0,10440829000.0,10632606000.0,31309274786.0,26.0,17.141,-264395000.0,-1.913,1.0,1517979000.0,0.664,0.0,220974000.0,25202599000.0,25745809750.0,0.0,217432000.0,,,7744350000.0,,,24057637786.0,15958000.0,907812000.0,52261000.0,64022000.0,-805239000.0,-688502000.0,-596651000.0,61043000.0,1301111000.0,0.0,974525000.0,974525000.0,974525000.0,0.0,-350000.0,0.427,695045000.0,822934000.0,0.0,0.834,2.263,24.687,24.688,17730930000.0,0.0,174.05,10.531,10.531,0.0,350777000.0,2284535000.0,2284535000.0,0.0,0.052,0.093,0.046,0.523,20280000.0,60369000.0,1.0,138222567.0,138222567.0,,16.528,18380200000.0,0.0,-160000.0,0.0,132.975,
11,AVB,MRT,2018-09-30,2018-09-30,2018-09-30,2021-08-04,-21241000.0,18662119000.0,18598598750.0,,,0.122,75.224,-1508581000.0,281591000.0,281591000.0,754235000.0,826026000.0,,0.794,7533228000.0,,,7533228000.0,0.0,629382000.0,0.0,0.032,5.83,1044808000.0,1674190000.0,0.74,1674190000.0,1044808000.0,826490000.0,5.98,5.98,5.98,10397398000.0,10379689000.0,10397398000.0,32259703577.0,31.0,19.269,-205545000.0,-1.487,1.0,1507069000.0,0.666,0.0,218318000.0,25913756000.0,25830756250.0,0.0,173563000.0,,,8258644000.0,,,25038322577.0,64480000.0,616785000.0,2200000.0,392973000.0,-798124000.0,-402471000.0,-836085000.0,61363000.0,1303036000.0,0.0,826364000.0,826364000.0,826364000.0,0.0,-338000.0,0.365,685622000.0,821447000.0,0.0,0.975,2.408,30.299,30.293,17930213000.0,0.0,181.15,11.073,11.073,0.0,167946000.0,2261304000.0,2261304000.0,0.0,0.044,0.08,0.04,0.462,19558000.0,59271000.0,1.0,138218728.0,138218728.0,,16.36,18662119000.0,0.0,126000.0,0.0,135.019,
12,AVB,MRT,2018-06-30,2018-06-30,2018-06-30,2021-08-04,-22707000.0,18671008000.0,18477528250.0,,,0.121,75.235,-1635154000.0,349897000.0,349897000.0,748056000.0,871818000.0,,0.795,7571278000.0,,,7571278000.0,0.0,617833000.0,0.0,0.034,5.78,1084209000.0,1702042000.0,0.761,1702042000.0,1084209000.0,872247000.0,6.32,6.31,6.32,10398188000.0,10363792750.0,10398188000.0,31084761210.0,29.0,18.263,-329256000.0,-2.382,1.0,1487766000.0,0.665,0.0,211962000.0,25892389000.0,25624506250.0,0.0,165421000.0,,,8266813000.0,,,23756713210.0,56744000.0,579755000.0,1893000.0,568566000.0,-791004000.0,-220816000.0,-1028338000.0,32583000.0,1305898000.0,0.0,872126000.0,872126000.0,872126000.0,0.0,-308000.0,0.39,671805000.0,815961000.0,0.0,0.915,2.285,27.24,27.198,17860597000.0,0.0,171.89,10.625,10.625,0.0,179066000.0,2235822000.0,2235822000.0,0.0,0.047,0.084,0.042,0.485,18389000.0,56182000.0,1.0,138208815.0,138208815.0,,16.177,18671008000.0,0.0,121000.0,0.0,135.093,
13,AVB,MRT,2018-03-31,2018-03-31,2018-03-31,2021-08-04,-24162000.0,18646447000.0,18295712500.0,,,0.12,74.84,-1564511000.0,271407000.0,271407000.0,737479000.0,782469000.0,,0.804,7599455000.0,,,7599455000.0,0.0,602588000.0,0.0,0.035,5.73,988289000.0,1590877000.0,0.724,1590877000.0,988289000.0,782810000.0,5.68,5.67,5.68,10335124000.0,10334848750.0,10335124000.0,29838750588.0,30.0,18.756,-292236000.0,-2.116,1.0,1459616000.0,0.664,0.0,205479000.0,25974495000.0,25311996750.0,0.0,164344000.0,,,8305371000.0,,,22711186588.0,-97313000.0,399936000.0,54276000.0,545665000.0,-783464000.0,-193807000.0,-1175781000.0,-12107000.0,1272275000.0,0.0,782689000.0,782689000.0,782689000.0,0.0,-220000.0,0.356,654820000.0,804796000.0,0.0,1.009,2.197,29.017,28.954,17884547000.0,0.0,164.46,10.337,10.337,0.0,128166000.0,2197095000.0,2197095000.0,0.0,0.043,0.076,0.039,0.45,17630000.0,54920000.0,1.0,138095504.0,138095504.0,,15.91,18646447000.0,0.0,121000.0,0.0,135.026,
14,AVB,MRT,2017-12-31,2017-12-31,2017-12-31,2021-08-04,-37419000.0,18414821000.0,18128706000.0,,,0.119,75.228,-1516254000.0,201906000.0,201906000.0,722299000.0,876660000.0,,0.772,7329470000.0,,,7329470000.0,0.0,584150000.0,0.0,0.032,5.68,1076723000.0,1660873000.0,0.769,1660873000.0,1076723000.0,877062000.0,6.36,6.35,6.36,10388046000.0,10317723250.0,10388046000.0,31547175173.0,29.0,18.994,-259997000.0,-1.883,1.0,1436329000.0,0.665,0.0,199661000.0,25542385000.0,24972230500.0,0.0,163475000.0,,,8020719000.0,,,24636256173.0,-128071000.0,567851000.0,111093000.0,254098000.0,-772657000.0,-418947000.0,-965381000.0,-17590000.0,1256257000.0,0.0,876921000.0,876921000.0,876921000.0,0.0,-261000.0,0.406,646831000.0,789498000.0,0.0,0.893,2.372,28.094,28.052,17717557000.0,0.0,178.41,11.413,11.413,0.0,188609000.0,2158628000.0,2158628000.0,0.0,0.048,0.085,0.043,0.499,17920000.0,53695000.0,1.0,138087866.0,138087866.0,,15.632,18414821000.0,0.0,141000.0,0.0,133.356,
15,AVB,MRT,2017-09-30,2017-09-30,2017-09-30,2021-08-04,-40863000.0,18177837000.0,17991818500.0,,,0.118,74.838,-1373806000.0,217111000.0,217111000.0,712959000.0,881357000.0,,0.758,7128030000.0,,,7128030000.0,0.0,567070000.0,0.0,0.031,5.61,1078681000.0,1645751000.0,0.776,1645751000.0,1078681000.0,881895000.0,6.41,6.4,6.41,10333813000.0,10263565750.0,10333813000.0,31335403229.0,29.0,19.04,-140483000.0,-1.017,1.0,1408619000.0,0.664,0.0,196786000.0,25088756000.0,24728677750.0,0.0,155428000.0,,,7835285000.0,,,24636797229.0,46391000.0,548822000.0,111496000.0,266992000.0,-761949000.0,-396419000.0,-790513000.0,-36749000.0,1233323000.0,0.0,881583000.0,881583000.0,881583000.0,0.0,-226000.0,0.416,642222000.0,766397000.0,0.0,0.875,2.384,27.946,27.835,17446153000.0,0.0,178.42,11.612,11.612,0.0,144647000.0,2121578000.0,2121578000.0,0.0,0.049,0.086,0.044,0.508,16958000.0,49236000.0,1.0,138083159.0,138083159.0,,15.364,18177837000.0,0.0,312000.0,0.0,131.644,
16,AVB,MRT,2017-06-30,2017-06-30,2017-06-30,2021-08-04,-42989000.0,17943745000.0,17844523500.0,,,0.117,74.626,-1405887000.0,293153000.0,293153000.0,702798000.0,999487000.0,,0.744,6991759000.0,,,6991759000.0,0.0,553809000.0,0.0,0.029,5.54,1196953000.0,1750762000.0,0.839,1750762000.0,1196953000.0,1000037000.0,7.28,7.27,7.28,10282412000.0,10189268500.0,10282412000.0,33115358648.0,28.0,18.915,-223137000.0,-1.619,1.0,1384491000.0,0.663,0.0,196916000.0,24642351000.0,24499598500.0,0.0,169854000.0,,,7652491000.0,,,26478349648.0,6026000.0,862635000.0,112755000.0,48277000.0,-751237000.0,-603139000.0,-573585000.0,-34451000.0,1182750000.0,0.0,999727000.0,999727000.0,999727000.0,0.0,-240000.0,0.479,621471000.0,763020000.0,0.0,0.761,2.575,26.486,26.397,17135018000.0,0.0,192.17,12.686,12.686,0.0,102546000.0,2087289000.0,2087289000.0,0.0,0.056,0.098,0.049,0.573,16258000.0,49509000.0,1.0,137786073.0,137786073.0,,15.149,17943745000.0,0.0,310000.0,0.0,130.229,
17,AVB,MRT,2017-03-31,2017-03-31,2017-03-31,2021-08-04,-28613000.0,17978421000.0,17707354000.0,,,0.116,74.758,-1485719000.0,368720000.0,368720000.0,692555000.0,1031612000.0,,0.75,7005729000.0,,,7005729000.0,0.0,544839000.0,0.0,0.03,5.47,1225629000.0,1770468000.0,0.86,1770468000.0,1225629000.0,1032234000.0,7.52,7.51,7.52,10266622000.0,10082795250.0,10266622000.0,31914872397.0,26.0,18.026,-303334000.0,-2.209,1.0,1366529000.0,0.664,0.0,193395000.0,24615430000.0,24324352500.0,0.0,183403000.0,,,7703021000.0,,,25213969397.0,166358000.0,674280000.0,71241000.0,435407000.0,-740790000.0,-259522000.0,-756505000.0,-21714000.0,1182385000.0,0.0,1031946000.0,1031946000.0,1031946000.0,0.0,-334000.0,0.501,609699000.0,756830000.0,0.0,0.727,2.456,24.433,24.415,17066891000.0,0.0,183.6,12.245,12.245,0.0,133674000.0,2059084000.0,2059084000.0,0.0,0.058,0.102,0.05,0.595,15566000.0,47573000.0,1.0,137330988.0,137330988.0,,14.994,17978421000.0,0.0,288000.0,0.0,130.913,
18,AVB,MRT,2016-12-31,2016-12-31,2016-12-31,2021-08-04,-30510000.0,17867271000.0,17473596250.0,,,0.117,74.068,-1667194000.0,329977000.0,329977000.0,683274000.0,1033708000.0,,0.756,7030880000.0,,,7030880000.0,0.0,531434000.0,0.0,0.03,5.4,1221817000.0,1753251000.0,0.857,1753251000.0,1221817000.0,1034307000.0,7.53,7.52,7.53,10171416000.0,9977772750.0,10171416000.0,30911061111.0,25.0,17.631,-506922000.0,-3.691,1.0,1361981000.0,0.666,0.0,187510000.0,24568174000.0,23990012000.0,0.0,175116000.0,,,7688089000.0,,,24327279111.0,-175351000.0,634565000.0,15526000.0,433769000.0,-726749000.0,-303271000.0,-1032352000.0,-16919000.0,1160272000.0,0.0,1034002000.0,1034002000.0,1034002000.0,0.0,-294000.0,0.506,583192000.0,778789000.0,0.0,0.717,2.392,23.527,23.526,17032994000.0,0.0,177.15,11.894,11.894,0.0,94899000.0,2045255000.0,2045255000.0,0.0,0.059,0.104,0.051,0.597,15082000.0,45771000.0,1.0,137325877.0,137325877.0,,14.893,17867271000.0,0.0,305000.0,0.0,130.109,
19,AVB,MRT,2016-09-30,2016-09-30,2016-09-30,2021-08-04,-100531000.0,17588657000.0,17239604750.0,,,0.116,73.093,-1625908000.0,232188000.0,232188000.0,672070000.0,946877000.0,,0.751,6815970000.0,,,6815970000.0,0.0,513673000.0,0.0,0.03,5.3,1127504000.0,1641177000.0,0.817,1641177000.0,1127504000.0,947425000.0,6.89,6.88,6.89,10036624000.0,9895050250.0,10036624000.0,30966142621.0,27.0,18.868,-484786000.0,-3.531,1.0,1335787000.0,0.665,0.0,180079000.0,24172439000.0,23568699750.0,0.0,176882000.0,,,7542083000.0,,,24419842621.0,-243462000.0,602385000.0,29700000.0,409302000.0,-712482000.0,-304991000.0,-1079593000.0,-12084000.0,1141122000.0,0.0,947195000.0,947195000.0,947195000.0,0.0,-318000.0,0.472,556211000.0,779576000.0,0.0,0.769,2.433,25.781,25.811,16871410000.0,0.0,177.84,12.162,12.162,0.0,36043000.0,2007857000.0,2007857000.0,0.0,0.055,0.096,0.048,0.562,15444000.0,46851000.0,1.0,137313555.0,137313555.0,,14.622,17588657000.0,0.0,230000.0,0.0,128.091,
20,AVB,MRT,2016-06-30,2016-06-30,2016-06-30,2021-08-04,-102997000.0,17395067000.0,17037935250.0,,,0.115,71.86,-1493602000.0,287691000.0,287691000.0,661014000.0,796624000.0,,0.764,6833991000.0,,,6833991000.0,0.0,502128000.0,0.0,0.029,5.2,972634000.0,1474762000.0,0.75,1474762000.0,972634000.0,797192000.0,5.83,5.82,5.83,9856519000.0,9843257500.0,9856519000.0,30977423900.0,32.0,21.005,-357659000.0,-2.608,1.0,1305992000.0,0.664,0.0,175442000.0,23941367000.0,23192655250.0,0.0,325614000.0,,,7528579000.0,,,24742745900.0,126376000.0,267029000.0,605662000.0,337850000.0,-693243000.0,208092000.0,-1217659000.0,-7126000.0,1135943000.0,0.0,796945000.0,796945000.0,796945000.0,0.0,-321000.0,0.405,554225000.0,751767000.0,0.0,0.892,2.51,31.047,30.942,16498094000.0,0.0,180.39,12.579,12.579,0.0,-134808000.0,1967006000.0,1967006000.0,0.0,0.047,0.081,0.042,0.494,15548000.0,45387000.0,1.0,137162514.0,137162514.0,,14.341,17395067000.0,0.0,247000.0,0.0,126.821,
21,AVB,MRT,2016-03-31,2016-03-31,2016-03-31,2021-08-04,-77770000.0,17043390000.0,16769287500.0,,,0.115,71.871,-1489372000.0,267902000.0,267902000.0,648986000.0,771558000.0,,0.73,6502580000.0,,,6502580000.0,0.0,488286000.0,0.0,0.027,5.1,946780000.0,1435066000.0,0.747,1435066000.0,946780000.0,773329000.0,5.69,5.67,5.69,9846532000.0,9681749000.0,9846532000.0,32009515851.0,34.0,22.305,-373303000.0,-2.725,1.0,1273172000.0,0.662,0.0,173451000.0,23278068000.0,22867013750.0,0.0,182367000.0,,,7186731000.0,,,26057895851.0,-89375000.0,358213000.0,689313000.0,-58930000.0,-673304000.0,-63399000.0,-1142045000.0,7885000.0,1116069000.0,0.0,771825000.0,771825000.0,771825000.0,0.0,-267000.0,0.402,522562000.0,750610000.0,0.0,0.896,2.646,33.761,33.427,16310978000.0,0.0,190.2,13.557,13.557,0.0,-146799000.0,1922158000.0,1922158000.0,0.0,0.046,0.08,0.041,0.493,15118000.0,43711000.0,1.0,137002607.0,137002607.0,,14.03,17043390000.0,0.0,1504000.0,0.0,124.402,
22,AVB,MRT,2015-12-31,2015-12-31,2015-12-31,2021-08-04,-31387000.0,16931305000.0,16574377000.0,,,0.112,71.893,-1625191000.0,505328000.0,505328000.0,642246000.0,741733000.0,,0.72,6456948000.0,,,6456948000.0,0.0,477923000.0,0.0,0.027,5.0,919136000.0,1397059000.0,0.753,1397059000.0,919136000.0,743521000.0,5.54,5.51,5.54,9840526000.0,9494494000.0,9840526000.0,31089479915.0,34.0,22.254,-550524000.0,-4.022,1.0,1213782000.0,0.654,0.0,175615000.0,22882925000.0,22679587500.0,0.0,216919000.0,,,7080782000.0,,,25203197915.0,-99757000.0,384762000.0,690184000.0,12141000.0,-655248000.0,25093000.0,-1199517000.0,0.0,1074667000.0,0.0,742038000.0,742038000.0,742038000.0,0.0,-305000.0,0.4,516977000.0,696805000.0,0.0,0.903,2.561,33.965,33.236,15942309000.0,0.0,184.13,13.579,13.579,0.0,-197989000.0,1856028000.0,1856028000.0,0.0,0.045,0.078,0.041,0.495,15321000.0,42774000.0,1.0,136877195.0,136877195.0,,13.56,16931305000.0,0.0,1483000.0,0.0,123.697,
23,AVB,MRT,2015-09-30,2015-09-30,2015-09-30,2021-08-04,-38181000.0,16781979000.0,16376695250.0,,,0.111,73.96,-1752165000.0,420445000.0,420445000.0,636581000.0,728908000.0,,0.706,6306727000.0,,,6306727000.0,0.0,469748000.0,0.0,0.028,4.91,921347000.0,1391095000.0,0.766,1391095000.0,921347000.0,739963000.0,5.48,5.45,5.48,9829453000.0,9295963750.0,9829453000.0,29552286380.0,32.0,21.244,-712681000.0,-5.362,1.0,1179259000.0,0.649,0.0,181384000.0,22668261000.0,22465156250.0,0.0,268647000.0,,,6942014000.0,,,23233961380.0,-121471000.0,396296000.0,680674000.0,117125000.0,-637262000.0,145825000.0,-1306780000.0,4947000.0,1039484000.0,0.0,729248000.0,729248000.0,729248000.0,-37559000.0,-340000.0,0.402,499422000.0,679837000.0,0.0,0.896,2.364,31.86,31.901,15790620000.0,0.0,174.82,12.795,12.795,0.0,-182487000.0,1815840000.0,1815840000.0,0.0,0.045,0.078,0.041,0.507,15553000.0,41947000.0,1.0,132902193.0,132902193.0,,13.663,16781979000.0,0.0,10715000.0,0.0,126.273,
24,AVB,MRT,2015-06-30,2015-06-30,2015-06-30,2021-08-04,-39523000.0,16320476000.0,16151495000.0,,,0.11,69.677,-1685566000.0,168805000.0,168805000.0,620718000.0,763833000.0,,0.771,6487130000.0,,,6487130000.0,0.0,461400000.0,0.0,0.03,4.82,959408000.0,1420808000.0,0.802,1420808000.0,959408000.0,774882000.0,5.77,5.75,5.77,9210485000.0,9099921000.0,9210485000.0,27397579464.0,29.0,19.283,-716734000.0,-5.422,1.0,1150287000.0,0.65,0.0,184526000.0,22638801000.0,22194904500.0,0.0,264616000.0,,,7099403000.0,,,21132964464.0,-360615000.0,428694000.0,228490000.0,269066000.0,-623273000.0,-129854000.0,-1199593000.0,13137000.0,968832000.0,0.0,764206000.0,764206000.0,764206000.0,-37559000.0,-373000.0,0.432,488257000.0,662030000.0,0.0,0.835,2.294,27.653,27.707,15581022000.0,0.0,159.87,11.933,11.933,0.0,-217441000.0,1771005000.0,1771005000.0,0.0,0.047,0.084,0.043,0.542,15992000.0,42773000.0,1.0,132188431.0,132188431.0,,13.398,16320476000.0,0.0,10676000.0,0.0,123.464,
25,AVB,MRT,2015-03-31,2015-03-31,2015-03-31,2021-08-04,-40950000.0,16263748000.0,15985863750.0,,,0.108,68.895,-1639029000.0,297716000.0,297716000.0,606234000.0,763777000.0,,0.787,6562331000.0,,,6562331000.0,0.0,453168000.0,0.0,0.027,4.73,943009000.0,1396177000.0,0.808,1396177000.0,943009000.0,759351000.0,5.69,5.67,5.69,9097512000.0,9002682750.0,9097512000.0,28930454582.0,31.0,20.721,-736325000.0,-5.576,1.0,1121118000.0,0.649,0.0,183658000.0,22528363000.0,21883629000.0,0.0,262050000.0,,,7155728000.0,,,23009687582.0,-189892000.0,582832000.0,340873000.0,214388000.0,-608345000.0,-58001000.0,-1034595000.0,21263000.0,902704000.0,0.0,749968000.0,749968000.0,749968000.0,-37559000.0,13809000.0,0.434,498368000.0,622750000.0,0.0,0.831,2.529,30.681,30.624,15384352000.0,0.0,174.25,13.321,13.321,0.0,-223330000.0,1727352000.0,1727352000.0,0.0,0.047,0.083,0.043,0.546,14350000.0,42658000.0,1.0,132049857.0,132049857.0,,13.081,16263748000.0,0.0,9383000.0,0.0,123.164,
26,AVB,MRT,2014-12-31,2014-12-31,2014-12-31,2021-08-04,-42515000.0,16140578000.0,15812486500.0,,,0.107,68.529,-1341657000.0,605085000.0,605085000.0,589306000.0,697327000.0,,0.783,6489707000.0,,,6489707000.0,0.0,442682000.0,0.0,0.028,4.64,873553000.0,1316235000.0,0.781,1316235000.0,873553000.0,692935000.0,5.22,5.21,5.22,9046405000.0,8879172000.0,9046405000.0,27274866551.0,31.0,20.722,-455016000.0,-3.447,1.0,1095755000.0,0.65,0.0,180618000.0,22025200000.0,21620334250.0,0.0,298315000.0,,,7081408000.0,,,21568790551.0,228105000.0,495749000.0,346134000.0,412321000.0,-593643000.0,158224000.0,-816760000.0,29148000.0,886641000.0,0.0,683567000.0,683567000.0,683567000.0,-38179000.0,13760000.0,0.406,480390000.0,615365000.0,0.0,0.889,2.384,31.553,31.301,14935740000.0,0.0,163.39,12.8,12.8,0.0,-267085000.0,1685061000.0,1685061000.0,0.0,0.043,0.077,0.04,0.518,13927000.0,41425000.0,1.0,132008021.0,132008021.0,,12.765,16140578000.0,0.0,9368000.0,0.0,122.27,
27,AVB,MRT,2014-09-30,2014-09-30,2014-09-30,2021-08-04,-44074000.0,15881178000.0,15609377750.0,,,0.105,68.95,-1377062000.0,535692000.0,535692000.0,576107000.0,806887000.0,,0.754,6241768000.0,,,6241768000.0,0.0,433749000.0,0.0,0.032,4.55,970398000.0,1404147000.0,0.857,1404147000.0,970398000.0,793137000.0,6.12,6.11,6.12,9045282000.0,8766603750.0,9045282000.0,24229114544.0,25.0,17.255,-481241000.0,-3.668,1.0,1062468000.0,0.648,0.0,177261000.0,21587254000.0,21384678000.0,0.0,304795000.0,,,6823300000.0,,,18493366544.0,327118000.0,865538000.0,341920000.0,159631000.0,-579024000.0,-86045000.0,-482658000.0,-5913000.0,895821000.0,0.0,793137000.0,793137000.0,793137000.0,-202060000.0,13750000.0,0.484,474847000.0,587621000.0,0.0,0.743,2.045,23.317,23.034,14724299000.0,0.0,140.97,11.286,11.286,0.0,-256162000.0,1638575000.0,1638575000.0,0.0,0.051,0.09,0.045,0.592,16794000.0,39057000.0,1.0,131186540.0,131186540.0,,12.49,15881178000.0,0.0,0.0,0.0,121.058,
28,AVB,MRT,2014-06-30,2014-06-30,2014-06-30,2021-08-04,-45620000.0,15657951000.0,15425360000.0,,,0.104,68.063,-1379527000.0,519126000.0,519126000.0,564940000.0,555001000.0,,0.773,6254874000.0,,,6254874000.0,0.0,484322000.0,0.0,0.031,4.46,716152000.0,1200474000.0,0.752,1200474000.0,716152000.0,541322000.0,4.21,4.2,4.21,8821532000.0,8622721000.0,8821532000.0,24334070607.0,34.0,20.27,-512712000.0,-3.956,1.0,1032299000.0,0.646,0.0,174830000.0,21393699000.0,21245714500.0,0.0,318640000.0,,,6820335000.0,,,18429125607.0,314594000.0,744578000.0,217068000.0,412743000.0,-565393000.0,56119000.0,-608340000.0,-8170000.0,866815000.0,0.0,541322000.0,541322000.0,541322000.0,-207123000.0,13679000.0,0.339,523242000.0,509057000.0,0.0,1.059,2.089,34.045,33.774,14509769000.0,0.0,142.19,11.538,11.538,0.0,-347592000.0,1597239000.0,1597239000.0,0.0,0.035,0.063,0.034,0.448,17769000.0,37645000.0,1.0,129609154.0,129609154.0,,12.324,15657951000.0,0.0,0.0,0.0,120.809,
29,AVB,MRT,2014-03-31,2014-03-31,2014-03-31,2021-08-04,-47058000.0,15570239000.0,15253918500.0,,,0.102,66.478,-1467573000.0,476853000.0,476853000.0,550318000.0,418901000.0,,0.807,6381798000.0,,,6381798000.0,0.0,570253000.0,0.0,0.033,4.37,593731000.0,1163984000.0,0.745,1163984000.0,593731000.0,419454000.0,3.27,3.27,3.27,8603469000.0,8557379500.0,8603469000.0,22760453170.0,38.0,19.554,-604329000.0,-4.67,1.0,1011322000.0,0.648,0.0,174277000.0,21475184000.0,21052279000.0,0.0,353510000.0,,,6947166000.0,,,16995084170.0,-61452000.0,676816000.0,11684000.0,464870000.0,-553552000.0,-168739000.0,-755957000.0,0.0,863244000.0,0.0,419454000.0,419454000.0,419454000.0,-242886000.0,-553000.0,0.269,605498000.0,405824000.0,0.0,1.336,1.975,40.517,40.159,14452361000.0,0.0,131.32,10.883,10.883,0.0,-353029000.0,1561640000.0,1561640000.0,0.0,0.027,0.049,0.028,0.38,16676000.0,38770000.0,1.0,129417333.0,129417333.0,,12.067,15570239000.0,0.0,0.0,0.0,120.31,
30,AVB,MRT,2013-12-31,2013-12-31,2013-12-31,2021-08-04,-48631000.0,15328143000.0,15158199750.0,,,0.097,66.424,-2151799000.0,379919000.0,379919000.0,511019000.0,352771000.0,,0.781,6134351000.0,,,6134351000.0,0.0,573715000.0,0.0,0.036,4.28,525543000.0,1099258000.0,0.751,1099258000.0,525543000.0,353141000.0,2.78,2.78,2.78,8596132000.0,8570339500.0,8596132000.0,21186804168.0,40.0,19.274,-1427484000.0,-11.03,1.0,951902000.0,0.651,0.0,172402000.0,21082575000.0,20827119750.0,0.0,367866000.0,,,6711096000.0,,,15300511168.0,-2452263000.0,935846000.0,4703000.0,-1385519000.0,-526050000.0,-1995404000.0,-1181174000.0,0.0,724315000.0,0.0,353141000.0,353141000.0,353141000.0,-294944000.0,-370000.0,0.241,644838000.0,307064000.0,0.0,1.54,1.78,43.327,42.529,14284209000.0,0.0,118.23,10.459,10.459,0.0,-345254000.0,1462921000.0,1462921000.0,0.0,0.023,0.041,0.025,0.359,15160000.0,39573000.0,1.0,129413103.0,129413103.0,,11.304,15328143000.0,0.0,0.0,0.0,118.444,
31,AVB,MRT,2013-09-30,2013-09-30,2013-09-30,2021-08-04,-50094000.0,15145107000.0,14116183500.0,,,0.093,65.453,-1924635000.0,211339000.0,211339000.0,459056000.0,223065000.0,,0.786,6097632000.0,,,6097632000.0,0.0,534329000.0,0.0,0.033,4.18,384691000.0,919020000.0,0.697,919020000.0,384691000.0,223287000.0,2.03,2.02,2.03,8469751000.0,8130610250.0,8469751000.0,22093585798.0,57.0,24.04,-1289066000.0,-9.962,1.0,860218000.0,0.652,0.0,161404000.0,21031400000.0,18613361750.0,0.0,347386000.0,,,6653522000.0,,,16445813798.0,-551223000.0,555553000.0,2106411000.0,-1379641000.0,-482364000.0,148873000.0,-1335665000.0,33537000.0,635569000.0,0.0,223287000.0,223287000.0,223287000.0,-194083000.0,-222000.0,0.169,611217000.0,249001000.0,0.0,2.059,1.942,73.653,62.606,14284651000.0,0.0,127.09,12.466,12.466,0.0,-458229000.0,1319274000.0,1319274000.0,0.0,0.016,0.027,0.021,0.292,8879000.0,38965000.0,1.0,129402894.0,129402894.0,,10.195,15145107000.0,0.0,0.0,0.0,117.038,
32,AVB,MRT,2013-06-30,2013-06-30,2013-06-30,2021-08-04,-105042000.0,14972185000.0,12572048250.0,,,0.095,66.163,-1898079000.0,205547000.0,205547000.0,412961000.0,320697000.0,,0.746,5853319000.0,,,5853319000.0,0.0,437918000.0,0.0,0.03,4.08,472290000.0,910208000.0,0.764,910208000.0,472290000.0,320846000.0,3.0,2.99,3.0,8560166000.0,7192501500.0,8560166000.0,22841834618.0,48.0,25.095,-1312517000.0,-10.145,1.0,778445000.0,0.653,0.0,151444000.0,20619957000.0,16371177250.0,0.0,365521000.0,,,6388908000.0,,,17454651618.0,-247116000.0,526410000.0,2257113000.0,-1181437000.0,-437517000.0,482307000.0,-1314985000.0,41557000.0,585562000.0,0.0,320846000.0,320846000.0,320846000.0,-193360000.0,-149000.0,0.269,511020000.0,267425000.0,0.0,1.36,2.039,54.402,44.97,14116246000.0,0.0,134.91,14.65,14.65,0.0,-308938000.0,1191406000.0,1191406000.0,0.0,0.026,0.045,0.029,0.396,8020000.0,37459000.0,1.0,129379969.0,129379969.0,,9.209,14972185000.0,0.0,0.0,0.0,115.723,
33,AVB,MRT,2013-03-31,2013-03-31,2013-03-31,2021-08-04,-106616000.0,15187364000.0,10932013250.0,,,0.097,75.655,-1742385000.0,541106000.0,541106000.0,375364000.0,441421000.0,,0.752,5928289000.0,,,5928289000.0,0.0,306611000.0,0.0,0.031,3.98,583003000.0,889614000.0,0.835,889614000.0,583003000.0,441537000.0,4.36,4.34,4.36,8655309000.0,6197101500.0,8655309000.0,15559137072.0,27.0,17.49,-1225518000.0,-10.712,1.0,690280000.0,0.648,0.0,141466000.0,20574547000.0,14051801750.0,0.0,371983000.0,,,6507707000.0,,,14491755072.0,199214000.0,611207000.0,2421487000.0,-1166819000.0,-391537000.0,788974000.0,-1106627000.0,9818000.0,516867000.0,0.0,441537000.0,441537000.0,441537000.0,-256531000.0,-116000.0,0.414,378293000.0,311987000.0,0.0,0.913,1.674,32.821,29.053,14014180000.0,0.0,126.67,13.599,13.599,0.0,-206667000.0,1065644000.0,1065644000.0,0.0,0.04,0.071,0.041,0.547,8822000.0,34430000.0,1.0,114405582.0,114405582.0,,9.315,15187364000.0,0.0,0.0,0.0,132.75,
34,AVB,MRT,2012-12-31,2012-12-31,2012-12-31,2021-08-04,-108007000.0,11160078000.0,9195437000.0,,,0.109,69.977,-937646000.0,2783568000.0,2783568000.0,356905000.0,423562000.0,,0.631,3851033000.0,,,3851033000.0,0.0,260094000.0,0.0,0.029,3.88,560789000.0,820883000.0,0.82,820883000.0,560789000.0,423869000.0,4.34,4.32,4.34,6837215000.0,5129067500.0,6837215000.0,16342115318.0,29.0,19.908,-396827000.0,-4.061,1.0,643722000.0,0.643,0.0,136920000.0,12227543000.0,11733224500.0,0.0,129352000.0,,,4312258000.0,,,13248019318.0,2116765000.0,280604000.0,2430190000.0,208986000.0,-365572000.0,2199332000.0,-623386000.0,16832000.0,540819000.0,0.0,423869000.0,423869000.0,423869000.0,-173131000.0,-307000.0,0.424,290300000.0,353422000.0,0.0,0.894,1.938,31.255,31.242,8015120000.0,0.0,135.59,13.24,13.24,0.0,-142329000.0,1000627000.0,1000627000.0,0.0,0.046,0.083,0.048,0.56,8707000.0,34101000.0,1.0,97706463.0,97706463.0,,10.241,11160078000.0,0.0,0.0,0.0,114.22,
35,AVB,MRT,2012-09-30,2012-09-30,2012-09-30,2021-08-04,-110787000.0,8968566000.0,8526015000.0,,,0.112,48.677,-899510000.0,713984000.0,713984000.0,341819000.0,624142000.0,,0.899,3808080000.0,,,3808080000.0,0.0,257643000.0,0.0,0.028,3.803,763038000.0,1020681000.0,1.07,1020681000.0,763038000.0,624596000.0,6.69,6.66,6.69,4717316000.0,4518449000.0,4717316000.0,16109166495.0,21.0,15.783,-389995000.0,-4.024,1.0,612043000.0,0.642,0.0,138442000.0,12062662000.0,11524172000.0,0.0,139405000.0,,,4240488000.0,,,13178756495.0,-24679000.0,412197000.0,338858000.0,12823000.0,-355670000.0,-77803000.0,-456391000.0,13290000.0,509515000.0,0.0,624596000.0,624596000.0,624596000.0,-400058000.0,-454000.0,0.655,272000000.0,340043000.0,0.0,0.568,2.794,21.1,20.327,7878648000.0,0.0,135.99,13.816,13.816,0.0,-153811000.0,953862000.0,953862000.0,0.0,0.073,0.138,0.066,0.8,10402000.0,34245000.0,1.0,96909747.0,96909747.0,,9.843,8968566000.0,0.0,0.0,0.0,92.546,
36,AVB,MRT,2012-06-30,2012-06-30,2012-06-30,2021-08-04,-103809000.0,8412045000.0,8406037750.0,,,0.111,48.017,-794466000.0,431954000.0,431954000.0,340882000.0,582072000.0,,0.835,3362364000.0,,,3362364000.0,0.0,254381000.0,0.0,0.026,3.725,729692000.0,984073000.0,1.051,984073000.0,729692000.0,582576000.0,6.29,6.26,6.29,4578566000.0,4376368250.0,4578566000.0,16549609246.0,23.0,16.817,-348523000.0,-3.655,1.0,595378000.0,0.636,0.0,147116000.0,11342455000.0,11387187250.0,0.0,144924000.0,,,3822489000.0,,,13490430246.0,70178000.0,438878000.0,961383000.0,-640872000.0,-341171000.0,-32901000.0,-342864000.0,7835000.0,445943000.0,0.0,582576000.0,582576000.0,582576000.0,-396045000.0,-504000.0,0.622,267586000.0,327792000.0,0.0,0.592,2.946,23.157,22.493,7606172000.0,0.0,141.48,14.409,14.409,0.0,-145921000.0,936260000.0,936260000.0,0.0,0.069,0.133,0.064,0.779,8250000.0,31960000.0,1.0,95352207.0,95352207.0,,9.819,8412045000.0,0.0,0.0,0.0,88.221,
37,AVB,MRT,2012-03-31,2012-03-31,2012-03-31,2021-08-04,-76012000.0,8241059000.0,8288712000.0,,,0.111,46.038,-790011000.0,321136000.0,321136000.0,336820000.0,468443000.0,,0.877,3380315000.0,,,3380315000.0,0.0,252282000.0,0.0,0.026,3.647,627509000.0,879791000.0,0.957,879791000.0,627509000.0,469040000.0,5.15,5.12,5.15,4383173000.0,4100501750.0,4383173000.0,16399714625.0,26.0,18.64,-328532000.0,-3.451,1.0,582576000.0,0.634,0.0,158469000.0,11300238000.0,11443739750.0,0.0,151565000.0,,,3843592000.0,,,13457747625.0,-41539000.0,272410000.0,908634000.0,-591385000.0,-326600000.0,-18220000.0,-484798000.0,9391000.0,461479000.0,0.0,469040000.0,469040000.0,469040000.0,-305069000.0,-597000.0,0.51,264406000.0,318170000.0,0.0,0.708,3.07,28.692,27.447,7537454000.0,0.0,141.35,14.638,14.638,0.0,-208304000.0,919396000.0,919396000.0,0.0,0.057,0.114,0.055,0.683,7495000.0,31789000.0,1.0,95208685.0,95208685.0,,9.657,8241059000.0,0.0,0.0,0.0,86.558,
38,AVB,MRT,2011-12-31,2011-12-31,2011-12-31,2021-08-04,-87020000.0,8482390000.0,8198887750.0,,,0.11,46.221,-737185000.0,690253000.0,690253000.0,335836000.0,441370000.0,,0.927,3599196000.0,,,3599196000.0,0.0,250269000.0,0.0,0.027,3.57,609436000.0,859705000.0,0.955,859705000.0,609436000.0,441622000.0,4.89,4.87,4.89,4394741000.0,3858854500.0,4394741000.0,15443753782.0,25.0,17.964,-307831000.0,-3.238,1.0,564251000.0,0.627,0.0,167814000.0,11391333000.0,11479183500.0,0.0,144561000.0,,,4073435000.0,,,12417687782.0,312446000.0,279294000.0,1049835000.0,-390066000.0,-318231000.0,326233000.0,-443141000.0,641000.0,429354000.0,0.0,441622000.0,441622000.0,441622000.0,-301155000.0,-252000.0,0.491,259402000.0,304849000.0,0.0,0.73,2.826,28.118,26.708,7425030000.0,0.0,130.6,13.796,13.796,0.0,-171648000.0,900087000.0,900087000.0,0.0,0.054,0.114,0.053,0.677,7244000.0,29371000.0,1.0,95081836.0,95081836.0,,9.466,8482390000.0,0.0,0.0,0.0,89.211,
39,AVB,MRT,2011-09-30,2011-09-30,2011-09-30,2021-08-04,-80866000.0,8488657000.0,8033662250.0,,,0.111,46.648,-632583000.0,759027000.0,759027000.0,341191000.0,145071000.0,,1.043,3785093000.0,,,3785093000.0,0.0,247570000.0,0.0,0.031,3.57,317476000.0,565046000.0,0.633,565046000.0,317476000.0,145565000.0,1.65,1.64,1.65,4148993000.0,3587823750.0,4148993000.0,13769795851.0,43.0,24.369,-239844000.0,-2.697,1.0,552125000.0,0.618,0.0,171911000.0,11514723000.0,11460557250.0,0.0,131314000.0,,,4325551000.0,,,10143872851.0,461720000.0,21205000.0,1096738000.0,-114865000.0,-309436000.0,659052000.0,-590071000.0,-1503000.0,392739000.0,0.0,145565000.0,145565000.0,145565000.0,-21800000.0,-494000.0,0.163,260854000.0,291271000.0,0.0,2.164,2.445,69.686,69.121,7315783000.0,0.0,114.05,11.355,11.355,0.0,-409477000.0,893316000.0,893316000.0,0.0,0.018,0.041,0.028,0.355,6792000.0,28395000.0,1.0,88942331.0,88942331.0,,10.044,8488657000.0,0.0,0.0,0.0,95.44,
40,AVB,MRT,2011-06-30,2011-06-30,2011-06-30,2021-08-04,-20595000.0,7942742000.0,7830098500.0,,,0.112,39.799,-535817000.0,360234000.0,360234000.0,338976000.0,124374000.0,,1.282,3986157000.0,,,3986157000.0,0.0,243587000.0,0.0,0.028,3.57,298909000.0,542496000.0,0.62,542496000.0,298909000.0,125395000.0,1.45,1.44,1.45,3475100000.0,3375330250.0,3475100000.0,14771690114.0,49.0,27.229,-169556000.0,-1.942,1.0,536179000.0,0.613,0.0,173514000.0,11568665000.0,11385664250.0,0.0,118627000.0,,,4456727000.0,,,11211439114.0,-83617000.0,-20569000.0,338682000.0,89030000.0,-306214000.0,108108000.0,-557986000.0,-39802000.0,366261000.0,0.0,125395000.0,125395000.0,125395000.0,-19241000.0,-1021000.0,0.143,258503000.0,277676000.0,0.0,2.462,3.226,89.409,88.552,7187432000.0,0.0,128.4,12.811,12.811,0.0,-368412000.0,875155000.0,875155000.0,0.0,0.016,0.037,0.026,0.342,5791000.0,29347000.0,1.0,87316504.0,87316504.0,,10.023,7942742000.0,0.0,0.0,0.0,90.965,
41,AVB,MRT,2011-03-31,2011-03-31,2011-03-31,2021-08-04,-1259000.0,7881762000.0,7770624000.0,,,0.111,39.688,-443207000.0,476932000.0,476932000.0,340646000.0,132248000.0,,1.304,4037183000.0,,,4037183000.0,0.0,238146000.0,0.0,0.03,3.57,303575000.0,541721000.0,0.63,541721000.0,303575000.0,133147000.0,1.56,1.56,1.56,3416584000.0,3340282500.0,3416584000.0,13925064620.0,46.0,25.705,-106769000.0,-1.24,1.0,519270000.0,0.604,0.0,170428000.0,11442013000.0,11266345500.0,0.0,120255000.0,,,4454248000.0,,,10337176620.0,168503000.0,63616000.0,447626000.0,87443000.0,-302044000.0,219641000.0,-387576000.0,-40926000.0,336438000.0,0.0,133147000.0,133147000.0,133147000.0,-33247000.0,-899000.0,0.155,250880000.0,268390000.0,0.0,2.288,3.026,77.637,76.974,7003424000.0,0.0,120.08,12.021,12.021,0.0,-332401000.0,859916000.0,859916000.0,0.0,0.017,0.04,0.027,0.353,5445000.0,25243000.0,1.0,86085748.0,86085748.0,,9.989,7881762000.0,0.0,0.0,0.0,91.557,
42,AVB,MRT,2010-12-31,2010-12-31,2010-12-31,2021-08-04,-1175000.0,7821488000.0,7677217000.0,,,0.11,38.819,-447045000.0,477745000.0,477745000.0,334121000.0,174079000.0,,1.357,3973085000.0,,,3973085000.0,0.0,232942000.0,0.0,0.032,3.57,345328000.0,578270000.0,0.686,578270000.0,345328000.0,175331000.0,2.08,2.07,2.08,3310618000.0,3270048750.0,3310618000.0,13139519925.0,38.0,22.722,-114939000.0,-1.348,1.0,508699000.0,0.604,0.0,169997000.0,11316828000.0,11187694250.0,0.0,121537000.0,,,4491635000.0,,,9598770925.0,200735000.0,144970000.0,381365000.0,91097000.0,-298090000.0,167565000.0,-298936000.0,-39190000.0,332106000.0,0.0,175331000.0,175331000.0,175331000.0,-82024000.0,-1252000.0,0.208,247409000.0,261290000.0,0.0,1.716,2.899,54.747,54.111,6955645000.0,0.0,112.55,11.389,11.389,0.0,-282743000.0,842820000.0,842820000.0,0.0,0.023,0.054,0.031,0.41,5938000.0,26846000.0,1.0,85284504.0,85284504.0,,9.882,7821488000.0,0.0,0.0,0.0,91.711,
43,AVB,MRT,2010-09-30,2010-09-30,2010-09-30,2021-08-04,-1515000.0,7674402000.0,7586246250.0,,,0.113,38.738,-462851000.0,407141000.0,407141000.0,337396000.0,179762000.0,,1.322,3947890000.0,,,3947890000.0,0.0,228920000.0,0.0,0.034,3.57,346204000.0,575124000.0,0.673,575124000.0,346204000.0,180696000.0,2.18,2.17,2.18,3299019000.0,3204926000.0,3299019000.0,12237522559.0,35.0,21.278,-124869000.0,-1.466,1.0,517062000.0,0.605,0.0,165508000.0,11215151000.0,11137514750.0,0.0,93770000.0,,,4359941000.0,,,8850976559.0,-326500000.0,272336000.0,328675000.0,-516183000.0,-294522000.0,-482254000.0,-182228000.0,-50657000.0,337982000.0,0.0,180696000.0,180696000.0,180696000.0,-105813000.0,-934000.0,0.211,248300000.0,268762000.0,0.0,1.638,2.683,48.983,47.674,6924070000.0,0.0,103.93,10.359,10.359,0.0,-232770000.0,854458000.0,854458000.0,0.0,0.024,0.056,0.031,0.405,5747000.0,30335000.0,1.0,85162865.0,85162865.0,,10.033,7674402000.0,0.0,0.0,0.0,90.114,
44,AVB,MRT,2010-06-30,2010-06-30,2010-06-30,2021-08-04,-1202000.0,7704844000.0,7654250750.0,,,0.11,40.187,-497825000.0,561988000.0,561988000.0,335388000.0,213883000.0,,1.308,3948534000.0,,,3948534000.0,0.0,225483000.0,0.0,0.038,3.57,376647000.0,602130000.0,0.713,602130000.0,376647000.0,214196000.0,2.61,2.6,2.61,3334909000.0,3150813750.0,3334909000.0,11367555159.0,30.0,18.879,-139248000.0,-1.678,1.0,508555000.0,0.603,0.0,162451000.0,11091390000.0,11234180750.0,0.0,71467000.0,,,4360554000.0,,,7748281159.0,156685000.0,366600000.0,414563000.0,-234790000.0,-290040000.0,-110412000.0,-91480000.0,-14740000.0,358577000.0,0.0,214196000.0,214196000.0,214196000.0,-138400000.0,-313000.0,0.254,241831000.0,266724000.0,0.0,1.368,2.323,36.174,35.774,6841858000.0,0.0,93.37,9.181,9.181,0.0,-179929000.0,843943000.0,843943000.0,0.0,0.028,0.068,0.034,0.446,5869000.0,29046000.0,1.0,82984697.0,82984697.0,,10.17,7704844000.0,0.0,0.0,0.0,92.847,
45,AVB,MRT,2010-03-31,2010-03-31,2010-03-31,2021-08-04,-525000.0,7508134000.0,7621619250.0,,,0.11,38.452,-543075000.0,330633000.0,330633000.0,332447000.0,179540000.0,,1.392,3949907000.0,,,3949907000.0,0.0,221741000.0,0.0,0.041,3.57,338618000.0,560359000.0,0.67,560359000.0,338618000.0,180745000.0,2.22,2.21,2.22,3135649000.0,3064763750.0,3135649000.0,10700042253.0,32.0,19.095,-188432000.0,-2.311,1.0,503413000.0,0.602,0.0,157873000.0,11127408000.0,11278368750.0,0.0,72999000.0,,,4365761000.0,,,7041537253.0,31714000.0,255080000.0,192721000.0,12039000.0,-287472000.0,-83008000.0,-239921000.0,-14740000.0,354643000.0,0.0,180745000.0,180745000.0,180745000.0,-120100000.0,-1205000.0,0.216,257339000.0,246074000.0,0.0,1.608,2.246,38.958,38.896,6870018000.0,0.0,86.35,8.424,8.424,0.0,-152324000.0,835860000.0,835860000.0,0.0,0.024,0.059,0.03,0.405,5956000.0,30395000.0,1.0,81546465.0,81546465.0,,10.25,7508134000.0,0.0,0.0,0.0,92.072,
46,AVB,MRT,2009-12-31,2009-12-31,2009-12-31,2021-08-04,-1067000.0,7457605000.0,7562946250.0,,,0.11,37.455,-572103000.0,316367000.0,316367000.0,327744000.0,154274000.0,,1.443,3974872000.0,,,3974872000.0,0.0,218286000.0,0.0,0.043,3.57,301109000.0,519395000.0,0.626,519395000.0,301109000.0,155647000.0,1.94,1.93,1.94,3050127000.0,3041192250.0,3050127000.0,10341889585.0,34.0,19.911,-195522000.0,-2.401,1.0,502180000.0,0.605,0.0,145462000.0,11116110000.0,11200207500.0,0.0,74570000.0,,,4401681000.0,,,6686494585.0,38737000.0,175530000.0,108860000.0,170824000.0,-283710000.0,-4285000.0,-333559000.0,-14740000.0,376581000.0,0.0,155647000.0,155647000.0,155647000.0,-71576000.0,-1373000.0,0.188,249551000.0,252629000.0,0.0,1.84,2.192,42.959,42.325,6833487000.0,0.0,82.11,8.057,8.057,0.0,-149988000.0,829924000.0,829924000.0,0.0,0.021,0.051,0.027,0.363,6098000.0,28748000.0,1.0,81433377.0,81433377.0,,10.191,7457605000.0,0.0,0.0,0.0,91.579,
47,AVB,MRT,2009-09-30,2009-09-30,2009-09-30,2021-08-04,-1614000.0,7946420000.0,7492133250.0,,,0.11,38.563,-716458000.0,777456000.0,777456000.0,338812000.0,123791000.0,,1.576,4432851000.0,,,4432851000.0,0.0,212648000.0,0.0,0.086,6.27,262881000.0,475529000.0,0.576,475529000.0,262881000.0,125376000.0,1.52,1.5,1.52,3082570000.0,3007689250.0,3082570000.0,9507493859.0,36.0,19.994,-324378000.0,-4.058,1.0,487302000.0,0.59,0.0,137505000.0,11601815000.0,11064044750.0,0.0,63583000.0,,,4859311000.0,,,5813669859.0,474573000.0,108876000.0,103042000.0,766608000.0,-280652000.0,486915000.0,-404422000.0,-27018000.0,392080000.0,0.0,125376000.0,121447000.0,121447000.0,-75639000.0,-1585000.0,0.147,308922000.0,178380000.0,0.0,4.125,1.886,47.87,47.849,6856254000.0,3929000.0,72.73,7.037,7.037,0.0,-108243000.0,826114000.0,826114000.0,0.0,0.016,0.04,0.024,0.318,6500000.0,34347000.0,1.0,79934963.0,79934963.0,,10.335,7946420000.0,0.0,0.0,0.0,99.411,
48,AVB,MRT,2009-06-30,2009-06-30,2009-06-30,2021-08-04,-2135000.0,7574318000.0,7278327500.0,,,0.114,37.431,-792977000.0,456064000.0,456064000.0,334533000.0,298576000.0,,1.53,4149888000.0,,,4149888000.0,0.0,207687000.0,0.0,0.096,5.378,425466000.0,633153000.0,0.766,633153000.0,425466000.0,300803000.0,3.8,3.76,3.8,2990709000.0,3039706500.0,2990709000.0,8010851817.0,19.0,12.652,-356290000.0,-4.459,1.0,491928000.0,0.595,0.0,124663000.0,11268142000.0,10721534250.0,0.0,65094000.0,,,4576887000.0,,,4469530817.0,207683000.0,388963000.0,5077000.0,487821000.0,-280103000.0,110611000.0,-339615000.0,-27018000.0,436687000.0,0.0,300803000.0,294699000.0,294699000.0,-232171000.0,-2227000.0,0.357,308442000.0,183486000.0,0.0,1.415,1.494,15.166,14.721,6821525000.0,6104000.0,55.94,5.408,5.408,0.0,-95725000.0,826461000.0,826461000.0,0.0,0.04,0.097,0.04,0.515,8590000.0,37915000.0,1.0,79898656.0,79898656.0,,10.344,7574318000.0,0.0,0.0,0.0,94.799,
49,AVB,MRT,2009-03-31,2009-03-31,2009-03-31,2021-08-04,-2556000.0,7273442000.0,7115192000.0,,,0.116,38.138,-841620000.0,259990000.0,259990000.0,328750000.0,409292000.0,,1.389,3801311000.0,,,3801311000.0,0.0,203300000.0,0.0,0.114,5.378,527844000.0,731144000.0,0.886,731144000.0,527844000.0,410463000.0,5.21,5.15,5.21,3041363000.0,3051417000.0,3041363000.0,7167976689.0,14.0,9.804,-384292000.0,-4.819,1.0,496643000.0,0.602,0.0,117381000.0,10814763000.0,10462341750.0,0.0,56231000.0,,,4225798000.0,,,3752824689.0,-179861000.0,542246000.0,6011000.0,-22207000.0,-279876000.0,-398144000.0,-239045000.0,-27018000.0,457328000.0,0.0,410463000.0,402184000.0,402184000.0,-307747000.0,-1171000.0,0.487,288607000.0,208036000.0,0.0,1.032,1.234,9.331,9.033,6738383000.0,8279000.0,47.06,4.547,4.547,0.0,-40954000.0,825393000.0,825393000.0,0.0,0.057,0.132,0.05,0.64,11306000.0,41908000.0,1.0,79745531.0,79745531.0,,10.35,7273442000.0,0.0,0.0,0.0,91.208,
50,AVB,MRT,2008-12-31,2008-12-31,2008-12-31,2021-08-04,-2932000.0,7174353000.0,7076857250.0,,,0.115,37.817,-902327000.0,257616000.0,257616000.0,322235000.0,410746000.0,,1.457,3654722000.0,,,3654722000.0,0.0,199452000.0,0.0,0.089,5.378,526397000.0,725849000.0,0.892,725849000.0,526397000.0,411487000.0,5.21,5.17,5.21,2916115000.0,3033999000.0,2916115000.0,7811990852.0,15.0,10.763,-516243000.0,-6.695,1.0,491529000.0,0.604,0.0,114910000.0,10571459000.0,10358690750.0,0.0,55025000.0,,,4248004000.0,,,4671414852.0,44664000.0,536425000.0,-34726000.0,340563000.0,-278795000.0,-75111000.0,-266309000.0,-27018000.0,386084000.0,0.0,411487000.0,401033000.0,401033000.0,-311668000.0,-741000.0,0.493,283946000.0,207583000.0,0.0,1.032,1.602,11.648,11.628,6649743000.0,10454000.0,60.58,5.741,5.741,0.0,-22223000.0,813764000.0,813764000.0,0.0,0.057,0.132,0.051,0.647,11888000.0,42781000.0,1.0,77111503.0,77111503.0,,10.553,7174353000.0,0.0,0.0,0.0,93.039,
51,AVB,MRT,2008-09-30,2008-09-30,2008-09-30,2021-08-04,-2322000.0,7091197000.0,6967390000.0,,,0.114,41.673,-918422000.0,286679000.0,286679000.0,312175000.0,542286000.0,,1.203,3427255000.0,,,3427255000.0,0.0,195675000.0,0.0,0.027,2.635,649989000.0,845664000.0,1.067,845664000.0,649989000.0,541185000.0,6.88,6.83,6.88,3210639000.0,3061633750.0,3210639000.0,10892271893.0,17.0,12.88,-490209000.0,-6.363,1.0,480254000.0,0.606,0.0,108804000.0,10231773000.0,10137328500.0,0.0,56364000.0,,,3863869000.0,,,7582675893.0,39977000.0,624963000.0,-176632000.0,380862000.0,-278395000.0,-75048000.0,-313188000.0,22776000.0,428213000.0,0.0,541185000.0,532485000.0,532485000.0,-317224000.0,1101000.0,0.672,211462000.0,268792000.0,0.0,0.383,2.362,14.24,14.305,6527030000.0,8700000.0,98.42,9.569,9.569,0.0,180633000.0,792429000.0,792429000.0,0.0,0.076,0.174,0.064,0.82,16679000.0,35247000.0,1.0,77044055.0,77044055.0,,10.285,7091197000.0,0.0,0.0,0.0,92.041,
52,AVB,MRT,2008-06-30,2008-06-30,2008-06-30,2021-08-04,-2828000.0,6921776000.0,6852765500.0,,,0.113,39.461,-987148000.0,114329000.0,114329000.0,305260000.0,438169000.0,,1.272,3423925000.0,,,3423925000.0,0.0,191401000.0,0.0,0.039,3.485,541145000.0,732546000.0,0.947,732546000.0,541145000.0,436373000.0,5.48,5.43,5.48,3037551000.0,3034052000.0,3037551000.0,10143193720.0,19.0,13.846,-594415000.0,-7.722,1.0,468311000.0,0.605,0.0,104772000.0,10231372000.0,9942571250.0,0.0,63435000.0,,,3864952000.0,,,6863137720.0,-130377000.0,384440000.0,-292688000.0,514701000.0,-277459000.0,-63563000.0,-459547000.0,29162000.0,392733000.0,0.0,436373000.0,427673000.0,427673000.0,-213422000.0,1796000.0,0.553,202983000.0,265328000.0,0.0,0.636,2.259,16.048,16.27,6530580000.0,8700000.0,89.16,8.872,8.872,0.0,16114000.0,773571000.0,773571000.0,0.0,0.062,0.141,0.054,0.7,16351000.0,32574000.0,1.0,76975524.0,76975524.0,,10.05,6921776000.0,0.0,0.0,0.0,89.922,
53,AVB,MRT,2008-03-31,2008-03-31,2008-03-31,2021-08-04,-3602000.0,7120103000.0,6758024000.0,,,0.111,38.671,-1059874000.0,398510000.0,398510000.0,298936000.0,361782000.0,,1.389,3678566000.0,,,3678566000.0,0.0,186423000.0,0.0,0.036,3.442,457178000.0,643601000.0,0.854,643601000.0,457178000.0,360091000.0,4.47,4.43,4.47,2971691000.0,3062112250.0,2971691000.0,10414892743.0,23.0,16.182,-684611000.0,-8.909,1.0,454368000.0,0.603,0.0,97087000.0,10400159000.0,9659552750.0,0.0,60474000.0,,,4128760000.0,,,7417083743.0,-86727000.0,236043000.0,-290346000.0,793101000.0,-276384000.0,218936000.0,-680926000.0,32348000.0,375263000.0,0.0,360091000.0,351391000.0,351391000.0,-138905000.0,1691000.0,0.466,194142000.0,260226000.0,0.0,0.77,2.496,21.108,21.593,6457671000.0,8700000.0,96.52,9.846,9.846,0.0,-40677000.0,753304000.0,753304000.0,0.0,0.052,0.115,0.047,0.607,11764000.0,29833000.0,1.0,76845045.0,76845045.0,,9.803,7120103000.0,0.0,0.0,0.0,92.655,
54,AVB,MRT,2007-12-31,2007-12-31,2007-12-31,2021-08-04,-3366000.0,6736484000.0,6584010500.0,,,0.111,38.433,-1141706000.0,208535000.0,208535000.0,289572000.0,359745000.0,,1.218,3158061000.0,,,3158061000.0,0.0,181725000.0,0.0,0.036,3.4,450335000.0,632060000.0,0.868,632060000.0,450335000.0,358160000.0,4.43,4.38,4.43,3026654000.0,3109491250.0,3026654000.0,10233726084.0,23.0,16.191,-686832000.0,-8.721,1.0,438214000.0,0.602,0.0,92175000.0,9686010000.0,9245362500.0,0.0,57990000.0,,,3686678000.0,,,7413681084.0,11987000.0,245962000.0,363100000.0,279820000.0,-268966000.0,366360000.0,-809247000.0,32348000.0,454874000.0,0.0,358160000.0,349460000.0,349460000.0,-140381000.0,1585000.0,0.48,185844000.0,252370000.0,0.0,0.767,2.449,21.215,21.251,6297182000.0,8700000.0,94.14,10.187,10.187,0.0,2499000.0,727786000.0,727786000.0,0.0,0.053,0.112,0.049,0.619,14353000.0,28494000.0,1.0,78751658.0,78751658.0,,9.242,6736484000.0,0.0,0.0,0.0,85.541,
55,AVB,MRT,2007-09-30,2007-09-30,2007-09-30,2021-08-04,-3056000.0,6632699000.0,6362016250.0,,,0.113,38.882,-1193195000.0,234451000.0,234451000.0,282892000.0,272654000.0,,1.132,3054496000.0,,,3054496000.0,0.0,176234000.0,0.0,0.028,3.33,367567000.0,543801000.0,0.753,543801000.0,367567000.0,272654000.0,3.38,3.34,3.38,3100312000.0,2996116250.0,3100312000.0,11970135626.0,33.0,22.012,-797482000.0,-10.002,1.0,439179000.0,0.608,0.0,94913000.0,9452744000.0,8950293500.0,0.0,46195000.0,,,3509235000.0,,,9413647626.0,-147852000.0,390599000.0,508194000.0,196541000.0,-260255000.0,437353000.0,-980918000.0,-18299000.0,395713000.0,0.0,272654000.0,263954000.0,263954000.0,-105876000.0,0.0,0.366,182165000.0,257014000.0,0.0,0.985,3.036,35.664,34.929,6181378000.0,8700000.0,118.06,13.037,13.037,0.0,27448000.0,722071000.0,722071000.0,0.0,0.041,0.088,0.041,0.509,9836000.0,26439000.0,1.0,79736131.0,79736131.0,,9.056,6632699000.0,0.0,0.0,0.0,83.183,
56,AVB,MRT,2007-06-30,2007-06-30,2007-06-30,2021-08-04,-2669000.0,6542810000.0,6101640750.0,,,0.116,39.547,-1093662000.0,358188000.0,358188000.0,278078000.0,185998000.0,,1.069,2914676000.0,,,2914676000.0,0.0,170824000.0,0.0,0.027,3.26,283059000.0,453883000.0,0.64,453883000.0,283059000.0,185998000.0,2.32,2.29,2.32,3149792000.0,2879893500.0,3149792000.0,11787700074.0,42.0,25.971,-725742000.0,-9.112,1.0,431107000.0,0.608,0.0,97061000.0,9099298000.0,8590582500.0,0.0,38557000.0,,,3368135000.0,,,9468351074.0,125322000.0,284019000.0,627999000.0,391672000.0,-250543000.0,769201000.0,-1011799000.0,-13085000.0,367920000.0,0.0,185998000.0,177298000.0,177298000.0,-23941000.0,0.0,0.25,177508000.0,253599000.0,0.0,1.405,3.006,53.404,51.241,5990142000.0,8700000.0,118.88,13.351,13.351,0.0,43319000.0,709185000.0,709185000.0,0.0,0.029,0.062,0.033,0.399,8765000.0,25427000.0,1.0,79646291.0,79646291.0,,8.904,6542810000.0,0.0,0.0,0.0,82.148,
57,AVB,MRT,2007-03-31,2007-03-31,2007-03-31,2021-08-04,-3407000.0,6424049000.0,5784048250.0,,,0.121,39.842,-1005392000.0,488558000.0,488558000.0,274679000.0,201952000.0,,1.025,2807907000.0,,,2807907000.0,0.0,167998000.0,0.0,0.025,3.19,303215000.0,471213000.0,0.676,471213000.0,303215000.0,201952000.0,2.57,2.54,2.57,3161207000.0,2752707500.0,3161207000.0,12994822410.0,43.0,27.577,-628456000.0,-7.921,1.0,422665000.0,0.606,0.0,101263000.0,8743398000.0,8208043500.0,0.0,40243000.0,,,3240892000.0,,,10314792410.0,300674000.0,273322000.0,626795000.0,420272000.0,-240846000.0,805508000.0,-881770000.0,-4832000.0,376936000.0,0.0,201952000.0,193252000.0,193252000.0,-51381000.0,0.0,0.277,177082000.0,245583000.0,0.0,1.241,3.263,53.375,50.584,5755091000.0,8700000.0,130.0,14.792,14.792,0.0,63965000.0,697344000.0,697344000.0,0.0,0.033,0.07,0.037,0.435,10478000.0,25264000.0,1.0,79344557.0,79344557.0,,8.789,6424049000.0,0.0,0.0,0.0,80.964,
58,AVB,MRT,2006-12-31,2006-12-31,2006-12-31,2021-08-04,-3579000.0,5848507000.0,5470399000.0,,,0.124,34.491,-832337000.0,144201000.0,144201000.0,268710000.0,266546000.0,,1.266,2801428000.0,,,2801428000.0,0.0,164129000.0,0.0,0.024,3.12,372817000.0,536946000.0,0.792,536946000.0,372817000.0,266546000.0,3.48,3.42,3.48,2573154000.0,2618539500.0,2573154000.0,12124798310.0,33.0,22.581,-480677000.0,-6.443,1.0,408931000.0,0.603,0.0,106271000.0,8505734000.0,7867994250.0,0.0,42724000.0,,,3257042000.0,,,9702095310.0,2569000.0,266852000.0,26551000.0,371267000.0,-234958000.0,162280000.0,-511371000.0,0.0,351660000.0,0.0,266546000.0,257846000.0,257846000.0,-117604000.0,0.0,0.381,160600000.0,248331000.0,0.0,0.897,3.771,37.627,37.371,5510362000.0,8700000.0,130.05,14.317,14.317,0.0,93430000.0,677641000.0,677641000.0,0.0,0.047,0.098,0.047,0.55,10095000.0,24767000.0,1.0,74602809.0,74602809.0,,9.083,5848507000.0,0.0,0.0,0.0,78.395,
59,AVB,MRT,2006-09-30,2006-09-30,2006-09-30,2021-08-04,-3799000.0,5591197000.0,5307921750.0,,,0.131,35.408,-636833000.0,217295000.0,217295000.0,282313000.0,305052000.0,,1.119,2639998000.0,,,2639998000.0,0.0,165231000.0,0.0,0.025,3.05,415460000.0,580691000.0,0.835,580691000.0,415460000.0,305052000.0,4.02,3.94,4.02,2635421000.0,2599707250.0,2635421000.0,11258178868.0,27.0,19.388,-293392000.0,-3.942,1.0,413008000.0,0.594,0.0,110408000.0,8013900000.0,7611219250.0,0.0,49054000.0,,,2950330000.0,,,8961476868.0,184545000.0,103671000.0,28162000.0,260204000.0,-229042000.0,58534000.0,-217430000.0,37766000.0,343441000.0,0.0,305052000.0,296352000.0,296352000.0,-173491000.0,0.0,0.426,171581000.0,241427000.0,0.0,0.759,3.4,30.239,29.95,5193994000.0,8700000.0,120.4,12.888,12.888,0.0,162905000.0,695321000.0,695321000.0,0.0,0.056,0.114,0.055,0.598,6191000.0,24878000.0,1.0,74430871.0,74430871.0,,9.342,5591197000.0,0.0,0.0,0.0,75.119,
60,AVB,MRT,2006-06-30,2006-06-30,2006-06-30,2021-08-04,-3285000.0,5272440000.0,5193397750.0,,,0.131,35.509,-521841000.0,43349000.0,43349000.0,277860000.0,362067000.0,,0.994,2340051000.0,,,2340051000.0,0.0,163759000.0,0.0,0.027,2.98,477786000.0,641545000.0,0.94,641545000.0,477786000.0,362067000.0,4.8,4.71,4.8,2641048000.0,2563571000.0,2641048000.0,10441230748.0,22.0,16.275,-175356000.0,-2.358,1.0,404632000.0,0.593,0.0,115719000.0,7569142000.0,7476266250.0,0.0,50671000.0,,,2625909000.0,,,8227481748.0,9517000.0,228099000.0,31011000.0,-108846000.0,-223079000.0,-301884000.0,-35084000.0,24163000.0,346485000.0,0.0,362067000.0,353367000.0,353367000.0,-244518000.0,0.0,0.518,171345000.0,233287000.0,0.0,0.621,3.115,23.283,23.046,5055243000.0,8700000.0,110.62,12.055,12.055,0.0,178187000.0,682492000.0,682492000.0,0.0,0.068,0.138,0.064,0.7,6057000.0,25102000.0,1.0,74376078.0,74376078.0,,9.176,5272440000.0,0.0,0.0,0.0,70.889,
61,AVB,MRT,2006-03-31,2006-03-31,2006-03-31,2021-08-04,-3929000.0,5169452000.0,5153964250.0,,,0.13,35.467,-440561000.0,85635000.0,85635000.0,269737000.0,351972000.0,,0.968,2299384000.0,,,2299384000.0,0.0,162415000.0,0.0,0.027,2.91,473688000.0,636103000.0,0.951,636103000.0,473688000.0,351972000.0,4.68,4.59,4.68,2624535000.0,2511419750.0,2624535000.0,10385459553.0,22.0,16.327,-128228000.0,-1.733,1.0,399324000.0,0.597,0.0,121716000.0,7383201000.0,7468114000.0,0.0,41207000.0,,,2539406000.0,,,8073267553.0,52012000.0,290800000.0,42778000.0,-123159000.0,-216891000.0,-298368000.0,38047000.0,11636000.0,312333000.0,0.0,351972000.0,343272000.0,343272000.0,-239224000.0,0.0,0.513,164603000.0,234721000.0,0.0,0.622,3.076,23.519,23.312,4928576000.0,8700000.0,109.1,12.067,12.067,0.0,168470000.0,669061000.0,669061000.0,0.0,0.067,0.137,0.063,0.708,6865000.0,24885000.0,1.0,73998786.0,73998786.0,,9.042,5169452000.0,0.0,0.0,0.0,69.859,
62,AVB,MRT,2005-12-31,2005-12-31,2005-12-31,2021-08-04,-4470000.0,5198598000.0,5127918500.0,,,0.128,33.972,-459376000.0,53981000.0,53981000.0,261965000.0,310468000.0,,1.069,2334017000.0,,,2334017000.0,0.0,163296000.0,0.0,0.032,2.84,435639000.0,598935000.0,0.914,598935000.0,435639000.0,310468000.0,4.14,4.05,4.14,2497825000.0,2458452000.0,2497825000.0,8903128236.0,20.0,14.865,-153128000.0,-2.083,1.0,393246000.0,0.6,0.0,125171000.0,7478634000.0,7486202000.0,0.0,41942000.0,,,2670862000.0,,,6562141236.0,4194000.0,456201000.0,36611000.0,-102155000.0,-215391000.0,-282293000.0,-19761000.0,5198000.0,306248000.0,0.0,310468000.0,301768000.0,301768000.0,-214413000.0,0.0,0.461,177737000.0,215509000.0,0.0,0.686,2.627,21.746,21.558,4979326000.0,8700000.0,89.25,10.015,10.015,0.0,71950000.0,655211000.0,655211000.0,0.0,0.059,0.123,0.058,0.665,4292000.0,25761000.0,1.0,73525392.0,73525392.0,,8.911,5198598000.0,0.0,0.0,0.0,70.705,
63,AVB,MRT,2005-09-30,2005-09-30,2005-09-30,2021-08-04,-5037000.0,5133101000.0,5098581250.0,,,0.129,33.895,-495634000.0,58374000.0,58374000.0,263421000.0,327752000.0,,1.053,2399361000.0,,,2399361000.0,0.0,162086000.0,0.0,0.033,2.83,457205000.0,619291000.0,0.942,619291000.0,457205000.0,327752000.0,4.39,4.32,4.39,2490876000.0,2430318500.0,2490876000.0,8719763940.0,19.0,14.08,-203244000.0,-2.766,1.0,394221000.0,0.599,0.0,129453000.0,7474088000.0,7493779500.0,0.0,41064000.0,,,2622761000.0,,,6297936940.0,-31121000.0,471164000.0,47469000.0,-114000000.0,-213667000.0,-283984000.0,-39527000.0,26187000.0,292390000.0,0.0,327752000.0,319052000.0,319052000.0,-231555000.0,0.0,0.485,175109000.0,219112000.0,0.0,0.645,2.528,19.74,19.522,4892280000.0,8700000.0,85.7,9.577,9.577,0.0,73549000.0,657642000.0,657642000.0,0.0,0.063,0.131,0.061,0.695,5237000.0,24254000.0,1.0,73488179.0,73488179.0,,8.949,5133101000.0,0.0,0.0,0.0,69.849,
64,AVB,MRT,2005-06-30,2005-06-30,2005-06-30,2021-08-04,-6150000.0,5114706000.0,5090296500.0,,,0.126,33.359,-547330000.0,17422000.0,17422000.0,257818000.0,273990000.0,,1.094,2439249000.0,,,2439249000.0,0.0,165338000.0,0.0,0.035,2.82,404785000.0,570123000.0,0.887,570123000.0,404785000.0,273990000.0,3.67,3.62,3.67,2432443000.0,2383771000.0,2432443000.0,8281952794.0,20.0,14.527,-262853000.0,-3.605,1.0,384920000.0,0.599,0.0,130795000.0,7536533000.0,7522226500.0,0.0,41672000.0,,,2662042000.0,,,5891668794.0,478000.0,392947000.0,46684000.0,11920000.0,-211916000.0,-158040000.0,-125959000.0,28190000.0,284477000.0,0.0,273990000.0,265290000.0,265290000.0,-187780000.0,0.0,0.413,174062000.0,210858000.0,0.0,0.768,2.422,22.208,22.016,4915155000.0,8700000.0,80.8,9.167,9.167,0.0,28807000.0,642738000.0,642738000.0,0.0,0.052,0.111,0.054,0.63,4772000.0,22295000.0,1.0,72916693.0,72916693.0,,8.815,5114706000.0,0.0,0.0,0.0,70.145,
65,AVB,MRT,2005-03-31,2005-03-31,2005-03-31,2021-08-04,-5796000.0,5065269000.0,5062845750.0,,,0.125,33.175,-581732000.0,17112000.0,17112000.0,256721000.0,252113000.0,,1.091,2407396000.0,,,2407396000.0,0.0,165310000.0,0.0,0.042,2.81,383212000.0,548522000.0,0.864,548522000.0,383212000.0,252113000.0,3.38,3.34,3.38,2412664000.0,2350942500.0,2412664000.0,7292219150.0,19.0,13.294,-289005000.0,-3.974,1.0,377779000.0,0.595,0.0,131099000.0,7455553000.0,7495660750.0,0.0,42318000.0,,,2631937000.0,,,4864585150.0,3227000.0,380998000.0,47409000.0,30753000.0,-210218000.0,-120149000.0,-169351000.0,29278000.0,292727000.0,0.0,252113000.0,243413000.0,243413000.0,-176050000.0,0.0,0.384,176475000.0,201304000.0,0.0,0.831,2.016,19.985,19.79,4870906000.0,8700000.0,66.89,7.667,7.667,0.0,26088000.0,634500000.0,634500000.0,0.0,0.048,0.104,0.051,0.604,4114000.0,20519000.0,1.0,72725148.0,72725148.0,,8.725,5065269000.0,0.0,0.0,0.0,69.649,
66,AVB,MRT,2004-12-31,2004-12-31,2004-12-31,2021-08-04,-7096000.0,5081249000.0,5032462250.0,,,0.122,32.998,-498020000.0,23659000.0,23659000.0,251542000.0,207779000.0,,1.121,2451354000.0,,,2451354000.0,0.0,163900000.0,0.0,0.037,2.8,338882000.0,502782000.0,0.819,502782000.0,338882000.0,207779000.0,2.78,2.75,2.78,2385291000.0,2322870000.0,2385291000.0,7931115838.0,23.0,15.774,-222403000.0,-3.077,1.0,362302000.0,0.59,0.0,131103000.0,7508944000.0,7455838500.0,0.0,41379000.0,,,2674433000.0,,,5443201838.0,-5537000.0,215252000.0,54031000.0,132155000.0,-209095000.0,-29471000.0,-251683000.0,30884000.0,275617000.0,0.0,207779000.0,199079000.0,199079000.0,-142421000.0,0.0,0.324,170160000.0,192142000.0,0.0,1.007,2.282,27.342,27.086,4877825000.0,8700000.0,75.3,8.867,8.867,0.0,10769000.0,613844000.0,613844000.0,0.0,0.04,0.086,0.045,0.552,2593000.0,18074000.0,1.0,72286877.0,72286877.0,,8.492,5081249000.0,0.0,0.0,0.0,70.293,
67,AVB,MRT,2004-09-30,2004-09-30,2004-09-30,2021-08-04,-7753000.0,5099962000.0,4989545500.0,,,0.116,32.031,-406282000.0,46793000.0,46793000.0,227533000.0,205960000.0,,1.203,2534707000.0,,,2534707000.0,0.0,161660000.0,0.0,0.046,2.8,332568000.0,494228000.0,0.857,494228000.0,332568000.0,205960000.0,2.79,2.76,2.79,2304686000.0,2304380750.0,2304686000.0,6758269830.0,20.0,13.674,-135521000.0,-1.884,1.0,349415000.0,0.606,0.0,126608000.0,7587876000.0,7376047750.0,0.0,25211000.0,,,2772300000.0,,,4332902830.0,26704000.0,240516000.0,41247000.0,86189000.0,-208125000.0,-86213000.0,-157844000.0,-642000.0,270761000.0,0.0,205960000.0,197260000.0,197260000.0,-144745000.0,0.0,0.342,162325000.0,187090000.0,0.0,1.004,1.88,21.965,21.584,4898068000.0,8700000.0,60.22,7.51,7.51,0.0,-50311000.0,576948000.0,576948000.0,0.0,0.04,0.086,0.045,0.576,4816000.0,17291000.0,1.0,71951226.0,71951226.0,,8.019,5099962000.0,0.0,0.0,0.0,70.881,
68,AVB,MRT,2004-06-30,2004-06-30,2004-06-30,2021-08-04,-7277000.0,5004903000.0,4956021000.0,,,0.115,32.14,-371760000.0,14769000.0,14769000.0,226076000.0,217981000.0,,1.165,2440136000.0,,,2440136000.0,0.0,157205000.0,0.0,0.05,2.8,344729000.0,501934000.0,0.877,501934000.0,344729000.0,217981000.0,2.99,2.95,2.99,2301129000.0,2290933000.0,2301129000.0,6399249373.0,19.0,12.749,-125855000.0,-1.758,1.0,346141000.0,0.605,0.0,126748000.0,7430270000.0,7323039750.0,0.0,25379000.0,,,2680105000.0,,,4046720373.0,-19051000.0,242492000.0,164911000.0,-109976000.0,-205153000.0,-156349000.0,-108607000.0,-331000.0,245905000.0,0.0,217981000.0,209281000.0,209281000.0,-132674000.0,0.0,0.366,159435000.0,186706000.0,0.0,0.936,1.759,19.336,18.903,4846186000.0,8700000.0,56.52,7.072,7.072,0.0,-43015000.0,572217000.0,572217000.0,0.0,0.042,0.091,0.047,0.602,4724000.0,16775000.0,1.0,71598025.0,71598025.0,,7.992,5004903000.0,0.0,0.0,0.0,69.903,
69,AVB,MRT,2004-03-31,2004-03-31,2004-03-31,2021-08-04,-8584000.0,4943735000.0,4938489000.0,,,0.114,32.333,-330914000.0,13641000.0,13641000.0,221368000.0,259415000.0,,1.139,2366170000.0,,,2366170000.0,0.0,155217000.0,0.0,0.052,2.8,387814000.0,543031000.0,0.963,543031000.0,387814000.0,259415000.0,3.63,3.57,3.63,2300374000.0,2241090000.0,2300374000.0,6130777355.0,16.0,11.29,-95554000.0,-1.343,1.0,342783000.0,0.608,0.0,128399000.0,7296264000.0,7326187750.0,0.0,25002000.0,,,2619610000.0,,,3811981355.0,-47591000.0,358161000.0,154043000.0,-152338000.0,-202637000.0,-307050000.0,24099000.0,-331000.0,235360000.0,0.0,259415000.0,250184000.0,250184000.0,-175057000.0,0.0,0.443,156676000.0,186107000.0,0.0,0.771,1.657,15.237,14.76,4765342000.0,9231000.0,53.58,6.757,6.757,0.0,-25529000.0,564151000.0,564151000.0,0.0,0.051,0.112,0.053,0.687,4388000.0,15912000.0,1.0,71145602.0,71145602.0,,7.93,4943735000.0,0.0,0.0,0.0,69.488,
70,AVB,MRT,2003-12-31,2003-12-31,2003-12-31,2021-08-04,-8212000.0,4909582000.0,4953612750.0,,,0.113,32.684,-369387000.0,18883000.0,18883000.0,217510000.0,271525000.0,,1.113,2299082000.0,,,2299082000.0,0.0,153796000.0,0.0,0.059,2.8,401703000.0,555499000.0,0.996,555499000.0,401703000.0,271525000.0,3.8,3.73,3.8,2311334000.0,2203877500.0,2311334000.0,5790252982.0,14.0,10.424,-129710000.0,-1.834,1.0,340003000.0,0.61,0.0,130178000.0,7189781000.0,7377839750.0,0.0,41218000.0,,,2573496000.0,,,3380272982.0,-5853000.0,404693000.0,107057000.0,-95100000.0,-202416000.0,-279465000.0,33935000.0,-331000.0,239677000.0,0.0,271525000.0,260781000.0,260781000.0,-192358000.0,0.0,0.468,153555000.0,186448000.0,0.0,0.737,1.462,12.962,12.579,4736389000.0,10744000.0,47.8,6.063,6.063,0.0,2024000.0,557513000.0,557513000.0,0.0,0.053,0.118,0.054,0.721,4184000.0,14830000.0,1.0,70717008.0,70717008.0,,7.884,4909582000.0,0.0,0.0,0.0,69.426,
71,AVB,MRT,2003-09-30,2003-09-30,2003-09-30,2021-08-04,-9905000.0,4965864000.0,4963926000.0,,,0.117,33.323,-389050000.0,27453000.0,27453000.0,222681000.0,238085000.0,,1.192,2437433000.0,,,2437433000.0,0.0,153016000.0,0.0,0.06,2.8,371072000.0,524088000.0,0.905,524088000.0,371072000.0,238085000.0,3.32,3.27,3.32,2250895000.0,2174679000.0,2250895000.0,5669365177.0,15.0,10.818,-136852000.0,-2.026,1.0,356177000.0,0.615,0.0,132987000.0,7375844000.0,7420193000.0,0.0,41450000.0,,,2683953000.0,,,3161278177.0,3582000.0,332555000.0,56630000.0,57077000.0,-203122000.0,-178841000.0,-69775000.0,5108000.0,252198000.0,0.0,238085000.0,225707000.0,225707000.0,-153148000.0,0.0,0.39,163793000.0,192384000.0,0.0,0.843,1.404,14.006,14.096,4780911000.0,12378000.0,46.8,5.461,5.461,0.0,-38817000.0,578858000.0,578858000.0,0.0,0.045,0.104,0.05,0.641,3993000.0,14076000.0,1.0,67548679.0,67548679.0,,8.569,4965864000.0,0.0,0.0,0.0,73.515,
72,AVB,MRT,2003-06-30,2003-06-30,2003-06-30,2021-08-04,-12149000.0,4934775000.0,4952412500.0,,,0.116,31.172,-405354000.0,51661000.0,51661000.0,218140000.0,209409000.0,,1.33,2559748000.0,,,2559748000.0,0.0,151961000.0,0.0,0.066,2.8,340510000.0,492471000.0,0.856,492471000.0,340510000.0,209409000.0,2.88,2.83,2.88,2101757000.0,2167935500.0,2101757000.0,5373613427.0,16.0,10.912,-120573000.0,-1.788,1.0,357447000.0,0.621,0.0,131101000.0,7442862000.0,7406629250.0,0.0,35196000.0,,,2794580000.0,,,2874971427.0,12050000.0,282420000.0,-75907000.0,308627000.0,-206419000.0,-121022000.0,-151709000.0,-111000.0,284781000.0,0.0,209409000.0,195180000.0,195180000.0,-142078000.0,0.0,0.339,160775000.0,196672000.0,0.0,0.972,1.368,14.73,14.806,4756854000.0,14229000.0,42.64,4.995,4.995,0.0,-44225000.0,575587000.0,575587000.0,0.0,0.039,0.09,0.046,0.592,3559000.0,13660000.0,1.0,67424283.0,67424283.0,,8.537,4934775000.0,0.0,0.0,0.0,73.19,
73,AVB,MRT,2003-03-31,2003-03-31,2003-03-31,2021-08-04,-11891000.0,5004230000.0,4936518000.0,,,0.117,31.571,-511331000.0,57752000.0,57752000.0,213992000.0,170287000.0,,1.29,2556394000.0,,,2556394000.0,0.0,148819000.0,0.0,0.076,2.8,295651000.0,444470000.0,0.771,444470000.0,295651000.0,170287000.0,2.25,2.21,2.25,2151524000.0,2219424500.0,2151524000.0,4962273661.0,17.0,11.164,-214603000.0,-3.149,1.0,362433000.0,0.629,0.0,125364000.0,7502872000.0,7326562500.0,0.0,35652000.0,,,2776264000.0,,,2514706661.0,44788000.0,125376000.0,-66587000.0,486760000.0,-210053000.0,144595000.0,-396535000.0,-1784000.0,296728000.0,0.0,170287000.0,153733000.0,153733000.0,-88281000.0,0.0,0.267,156759000.0,205674000.0,0.0,1.244,1.169,16.358,16.4,4806632000.0,16554000.0,36.9,4.363,4.363,0.0,-70987000.0,576425000.0,576425000.0,0.0,0.031,0.069,0.04,0.513,3965000.0,13474000.0,1.0,68149232.0,68149232.0,,8.458,5004230000.0,0.0,0.0,0.0,73.43,
74,AVB,MRT,2002-12-31,2002-12-31,2002-12-31,2021-08-04,-12640000.0,4950835000.0,4845318000.0,,,0.118,32.006,-545202000.0,23139000.0,23139000.0,206566000.0,173618000.0,,1.238,2431498000.0,,,2431498000.0,0.0,144477000.0,0.0,0.072,2.8,291906000.0,436383000.0,0.765,436383000.0,291906000.0,173618000.0,2.26,2.23,2.26,2194540000.0,2259406250.0,2194540000.0,5085496781.0,17.0,11.654,-237392000.0,-3.462,1.0,363931000.0,0.638,0.0,118288000.0,7359194000.0,7122212750.0,0.0,36074000.0,,,2717110000.0,,,2683717781.0,-59978000.0,78929000.0,-27465000.0,350468000.0,-207450000.0,68008000.0,-435796000.0,0.0,307810000.0,0.0,173618000.0,155722000.0,155722000.0,-76401000.0,0.0,0.273,150737000.0,213194000.0,0.0,1.239,1.223,17.234,17.319,4785431000.0,17896000.0,39.14,4.704,4.704,0.0,-59388000.0,570497000.0,570497000.0,0.0,0.032,0.069,0.041,0.512,4097000.0,13449000.0,1.0,68567138.0,68567138.0,,8.32,4950835000.0,0.0,0.0,0.0,72.204,
75,AVB,MRT,2002-09-30,2002-09-30,2002-09-30,2021-08-04,-13895000.0,4919810000.0,4773681500.0,,,0.117,32.054,-589882000.0,14169000.0,14169000.0,191671000.0,168990000.0,,1.179,2415948000.0,,,2415948000.0,0.0,140542000.0,0.0,0.066,2.74,282107000.0,422649000.0,0.76,422649000.0,282107000.0,168990000.0,2.06,2.02,2.06,2223921000.0,2289410000.0,2223921000.0,5151520038.0,18.0,12.189,-289991000.0,-4.18,1.0,364728000.0,0.656,0.0,113117000.0,7321589000.0,6931640750.0,0.0,36304000.0,,,2621708000.0,,,2900122038.0,-198107000.0,61598000.0,24591000.0,300866000.0,-205898000.0,-34734000.0,-463264000.0,-2495000.0,299891000.0,0.0,168990000.0,141638000.0,141638000.0,-32340000.0,0.0,0.255,139349000.0,225379000.0,0.0,1.33,1.304,20.476,20.291,4758549000.0,27352000.0,41.8,5.212,5.212,0.0,-55517000.0,556399000.0,556399000.0,0.0,0.03,0.062,0.041,0.507,4638000.0,13746000.0,1.0,69380910.0,69380910.0,,8.019,4919810000.0,0.0,0.0,0.0,70.91,
76,AVB,MRT,2002-06-30,2002-06-30,2002-06-30,2021-08-04,-10157000.0,4871197000.0,4726096000.0,,,0.121,33.288,-620690000.0,22102000.0,22102000.0,190716000.0,226947000.0,,1.078,2273500000.0,,,2273500000.0,0.0,135766000.0,0.0,0.057,2.68,335371000.0,471137000.0,0.827,471137000.0,335371000.0,226947000.0,2.86,2.81,2.86,2307713000.0,2333449250.0,2307713000.0,5283551976.0,16.0,11.214,-319940000.0,-4.615,1.0,378991000.0,0.665,0.0,108424000.0,7122595000.0,6733576250.0,0.0,36317000.0,,,2487813000.0,,,3237508976.0,-4751000.0,214077000.0,48861000.0,345520000.0,-204046000.0,95360000.0,-400861000.0,9482000.0,300750000.0,0.0,226947000.0,196182000.0,196182000.0,-27951000.0,0.0,0.344,136883000.0,242108000.0,0.0,0.937,1.403,16.503,16.329,4702717000.0,30765000.0,46.7,5.683,5.683,0.0,-31172000.0,569707000.0,569707000.0,0.0,0.042,0.084,0.05,0.589,4666000.0,14201000.0,1.0,69325674.0,69325674.0,,8.218,4871197000.0,0.0,0.0,0.0,70.265,
77,AVB,MRT,2002-03-31,2002-03-31,2002-03-31,2021-08-04,-7063000.0,4639430000.0,4631157750.0,,,0.126,33.606,-520961000.0,12882000.0,12882000.0,192095000.0,238119000.0,,0.976,2058925000.0,,,2058925000.0,0.0,132883000.0,0.0,0.053,2.62,343526000.0,476409000.0,0.819,476409000.0,343526000.0,238119000.0,2.97,2.92,2.97,2311451000.0,2342596250.0,2311451000.0,5385110605.0,16.0,11.304,-198426000.0,-2.885,1.0,389785000.0,0.67,0.0,105407000.0,6685473000.0,6542330500.0,0.0,36152000.0,,,2256180000.0,,,3425292605.0,-54586000.0,213456000.0,46966000.0,277973000.0,-204649000.0,-84555000.0,-292566000.0,17484000.0,322535000.0,0.0,238119000.0,202998000.0,202998000.0,-24226000.0,0.0,0.349,136127000.0,253658000.0,0.0,0.882,1.482,16.874,16.768,4480172000.0,35121000.0,49.8,5.887,5.887,0.0,-16096000.0,581880000.0,581880000.0,0.0,0.044,0.087,0.053,0.59,4162000.0,14507000.0,1.0,68780976.0,68780976.0,,8.46,4639430000.0,0.0,0.0,0.0,67.452,
78,AVB,MRT,2001-12-31,2001-12-31,2001-12-31,2021-08-04,-8483000.0,4664289000.0,4582494500.0,,,0.127,33.257,-496483000.0,122847000.0,122847000.0,192140000.0,248997000.0,,0.991,2055464000.0,,,2055464000.0,0.0,130079000.0,0.0,0.068,3.2,350167000.0,480246000.0,0.823,480246000.0,350167000.0,248997000.0,3.08,3.02,3.08,2314555000.0,2375803000.0,2314555000.0,5092497732.0,15.0,10.604,-175955000.0,-2.528,1.0,391056000.0,0.671,0.0,101170000.0,6596906000.0,6408856250.0,0.0,36549000.0,,,2294541000.0,,,3292634732.0,15678000.0,235694000.0,50912000.0,344037000.0,-203214000.0,-29909000.0,-274941000.0,19121000.0,320528000.0,0.0,248997000.0,208962000.0,208962000.0,-22999000.0,0.0,0.358,134580000.0,256476000.0,0.0,1.039,1.423,15.757,15.36,4390843000.0,40035000.0,47.31,5.646,5.646,0.0,-3497000.0,583196000.0,583196000.0,0.0,0.046,0.088,0.055,0.6,3606000.0,14705000.0,1.0,69597014.0,69597014.0,,8.38,4664289000.0,0.0,0.0,0.0,67.019,
79,AVB,MRT,2001-09-30,2001-09-30,2001-09-30,2021-08-04,-11963000.0,4729468000.0,4515728500.0,,,0.133,35.252,-485730000.0,279600000.0,279600000.0,198997000.0,241066000.0,,0.95,2079463000.0,,,2079463000.0,0.0,126838000.0,0.0,0.065,3.12,336354000.0,463192000.0,0.774,463192000.0,336354000.0,241066000.0,3.03,2.97,3.03,2400078000.0,2407787500.0,2400078000.0,5117113917.0,15.0,11.048,-147125000.0,-2.161,1.0,399662000.0,0.668,0.0,95288000.0,6529331000.0,6272925250.0,0.0,34614000.0,,,2280684000.0,,,3250945917.0,190952000.0,245023000.0,56500000.0,378680000.0,-199721000.0,121342000.0,-268995000.0,16173000.0,338605000.0,0.0,241066000.0,204350000.0,204350000.0,-11658000.0,0.0,0.341,133594000.0,266068000.0,0.0,1.03,1.355,15.909,15.759,4316835000.0,36716000.0,47.75,5.43,5.43,0.0,-16700000.0,598659000.0,598659000.0,0.0,0.045,0.085,0.054,0.562,3128000.0,14391000.0,1.0,68082637.0,68082637.0,,8.793,4729468000.0,0.0,0.0,0.0,69.467,
80,AVB,MRT,2001-06-30,2001-06-30,2001-06-30,2021-08-04,-6516000.0,4491444000.0,4415920750.0,,,0.132,34.565,-470756000.0,22673000.0,22673000.0,192776000.0,212892000.0,,0.895,1888841000.0,,,1888841000.0,0.0,125272000.0,0.0,0.065,3.04,302872000.0,428144000.0,0.733,428144000.0,302872000.0,212892000.0,2.6,2.54,2.6,2344301000.0,2412572500.0,2344301000.0,4877542062.0,16.0,11.392,-119626000.0,-1.764,1.0,391015000.0,0.67,0.0,89980000.0,6357612000.0,6134379250.0,0.0,34526000.0,,,2098027000.0,,,3170743062.0,12497000.0,151971000.0,41203000.0,201927000.0,-195978000.0,-49489000.0,-289144000.0,10873000.0,351130000.0,0.0,212892000.0,173671000.0,173671000.0,-10786000.0,0.0,0.297,132329000.0,258686000.0,0.0,1.169,1.353,18.257,17.981,4336655000.0,39221000.0,46.75,5.431,5.431,0.0,-52554000.0,583791000.0,583791000.0,0.0,0.039,0.072,0.049,0.519,2849000.0,14329000.0,1.0,67823381.0,67823381.0,,8.608,4491444000.0,0.0,0.0,0.0,66.223,
81,AVB,MRT,2001-03-31,2001-03-31,2001-03-31,2021-08-04,-8093000.0,4444777000.0,4360459000.0,,,0.129,36.277,-469758000.0,65345000.0,65345000.0,185494000.0,215031000.0,,0.798,1772144000.0,,,1772144000.0,0.0,124320000.0,0.0,0.065,2.96,300061000.0,424381000.0,0.756,424381000.0,300061000.0,215031000.0,2.64,2.58,2.64,2444278000.0,2425723750.0,2444278000.0,4742555228.0,16.0,11.175,-164595000.0,-2.443,1.0,375896000.0,0.67,0.0,85030000.0,6151576000.0,6021868000.0,0.0,33740000.0,,,1951106000.0,,,3086598228.0,49575000.0,184061000.0,41266000.0,148546000.0,-188942000.0,23856000.0,-279444000.0,4544000.0,305163000.0,0.0,215031000.0,175252000.0,175252000.0,-10786000.0,0.0,0.312,130919000.0,244977000.0,0.0,1.121,1.263,17.612,17.352,4252991000.0,39779000.0,45.81,5.498,5.498,0.0,-49444000.0,561390000.0,561390000.0,0.0,0.04,0.072,0.05,0.534,2603000.0,13871000.0,1.0,67378263.0,67378263.0,,8.332,4444777000.0,0.0,0.0,0.0,65.968,
82,AVB,MRT,2000-12-31,2000-12-31,2000-12-31,2021-08-04,0.0,4397225000.0,4294293750.0,,,0.126,36.424,-440953000.0,73967000.0,73967000.0,177464000.0,210604000.0,,0.78,1729924000.0,,,1729924000.0,0.0,122610000.0,0.0,0.045,2.24,292577000.0,415187000.0,0.768,415187000.0,292577000.0,210604000.0,2.58,2.53,2.58,2442493000.0,2408602250.0,2442493000.0,5006532503.0,17.0,12.059,-138870000.0,-2.071,1.0,363257000.0,0.672,0.0,81973000.0,6053182000.0,5929409500.0,0.0,33698000.0,,,1905231000.0,,,3361622503.0,49613000.0,190751000.0,36203000.0,131849000.0,-185509000.0,5685000.0,-258155000.0,1123000.0,302083000.0,0.0,210604000.0,170825000.0,170825000.0,-10786000.0,0.0,0.316,128351000.0,234906000.0,0.0,0.868,1.376,19.679,19.43,4199959000.0,39779000.0,50.13,6.217,6.217,0.0,-47845000.0,540721000.0,540721000.0,0.0,0.04,0.071,0.049,0.541,3417000.0,13013000.0,1.0,67058099.0,67058099.0,,8.063,4397225000.0,0.0,0.0,0.0,65.573,
83,AVB,MRT,2000-09-30,2000-09-30,2000-09-30,2021-08-04,0.0,4330237000.0,4233653000.0,,,0.131,36.308,-434121000.0,44521000.0,44521000.0,183118000.0,230556000.0,,0.767,1689431000.0,,,1689431000.0,0.0,119615000.0,0.0,0.046,2.2,312478000.0,432093000.0,0.78,432093000.0,312478000.0,230556000.0,2.9,2.84,2.9,2419218000.0,2390550250.0,2419218000.0,4815540298.0,15.0,11.145,-130516000.0,-1.959,1.0,370622000.0,0.669,0.0,81922000.0,5975147000.0,5849085750.0,0.0,29933000.0,,,1855725000.0,,,3177570298.0,1319000.0,210632000.0,43290000.0,43898000.0,-182015000.0,-71835000.0,-230451000.0,27069000.0,303605000.0,0.0,230556000.0,190777000.0,190777000.0,0.0,0.0,0.345,131754000.0,238868000.0,0.0,0.759,1.313,16.656,16.445,4166959000.0,39779000.0,47.69,5.738,5.738,0.0,-54551000.0,553740000.0,553740000.0,0.0,0.045,0.08,0.053,0.564,3841000.0,12001000.0,1.0,66629698.0,66629698.0,,8.311,4330237000.0,0.0,0.0,0.0,64.99,
84,AVB,MRT,2000-06-30,2000-06-30,2000-06-30,2021-08-04,0.0,4269597000.0,4205084500.0,,,0.132,36.224,-439080000.0,40747000.0,40747000.0,183118000.0,230556000.0,,0.765,1678717000.0,,,1678717000.0,0.0,116946000.0,0.0,0.052,2.16,312478000.0,429424000.0,0.775,429424000.0,312478000.0,230556000.0,2.89,2.84,2.89,2396906000.0,2372241500.0,2396906000.0,4362211657.0,14.0,10.158,-178540000.0,-2.698,1.0,370622000.0,0.669,0.0,81922000.0,5907567000.0,5818134750.0,0.0,32253000.0,,,1833617000.0,,,2760585657.0,-12938000.0,199086000.0,44097000.0,111119000.0,-177348000.0,-16443000.0,-257035000.0,25300000.0,260540000.0,0.0,230556000.0,190777000.0,190777000.0,0.0,0.0,0.345,131754000.0,238868000.0,0.0,0.747,1.152,14.47,14.436,4126759000.0,39779000.0,41.72,4.985,4.985,0.0,-65725000.0,553740000.0,553740000.0,0.0,0.045,0.08,0.054,0.564,3808000.0,12001000.0,1.0,66169359.0,66169359.0,,8.369,4269597000.0,0.0,0.0,0.0,64.525,
85,AVB,MRT,2000-03-31,2000-03-31,2000-03-31,2021-08-04,0.0,4180116000.0,4171396000.0,,,0.137,36.067,-461777000.0,17544000.0,17544000.0,184628000.0,257921000.0,,0.745,1619170000.0,,,1619170000.0,0.0,111675000.0,0.0,0.058,2.11,343573000.0,455248000.0,0.798,455248000.0,343573000.0,257921000.0,3.29,3.23,3.29,2375792000.0,2356796250.0,2375792000.0,3990083173.0,12.0,8.765,-201807000.0,-3.064,1.0,385641000.0,0.676,0.0,85652000.0,5781742000.0,5767807250.0,0.0,32254000.0,,,1768822000.0,,,2412858173.0,-10514000.0,272021000.0,49821000.0,43925000.0,-173149000.0,-83047000.0,-187437000.0,25300000.0,259970000.0,0.0,257921000.0,218142000.0,218142000.0,0.0,0.0,0.383,117726000.0,267915000.0,0.0,0.641,1.016,11.061,11.134,4063603000.0,39779000.0,36.63,4.231,4.231,0.0,-69222000.0,570269000.0,570269000.0,0.0,0.052,0.093,0.06,0.602,4752000.0,12581000.0,1.0,65871094.0,65871094.0,,8.657,4180116000.0,0.0,0.0,0.0,63.459,
86,AVB,MRT,1999-12-31,1999-12-31,1999-12-31,2021-08-04,0.0,4154662000.0,4159875750.0,,,0.121,36.057,-516261000.0,16422000.0,16422000.0,176873000.0,172276000.0,,0.738,1593647000.0,,,1593647000.0,0.0,109759000.0,0.0,0.059,2.06,246975000.0,356734000.0,0.707,356734000.0,246975000.0,172276000.0,2.02,2.0,2.02,2370285000.0,2343963250.0,2370285000.0,3911874092.0,16.0,10.966,-266195000.0,-4.049,1.0,327671000.0,0.649,0.0,74699000.0,5731887000.0,5749996750.0,0.0,29584000.0,,,1749000000.0,,,2276494092.0,-1269000.0,255618000.0,53275000.0,135767000.0,-172333000.0,13284000.0,-264619000.0,25300000.0,250066000.0,0.0,172276000.0,132497000.0,132497000.0,0.0,0.0,0.263,136043000.0,191628000.0,0.0,1.02,0.96,17.181,17.144,4041323000.0,39779000.0,34.63,4.512,4.512,0.0,-69507000.0,504544000.0,504544000.0,0.0,0.032,0.057,0.043,0.49,3964000.0,9502000.0,1.0,65737629.0,65737629.0,,7.675,4154662000.0,0.0,0.0,0.0,63.201,
87,AVB,MRT,1999-09-30,1999-09-30,1999-09-30,2021-08-04,0.0,4215963000.0,4128761250.0,,,0.131,36.041,-572037000.0,38417000.0,38417000.0,182205000.0,187996000.0,,0.782,1673797000.0,,,1673797000.0,0.0,111648000.0,0.0,0.061,2.05,268066000.0,379714000.0,0.703,379714000.0,268066000.0,187996000.0,2.23,2.2,2.23,2345983000.0,2336255250.0,2345983000.0,3776707481.0,14.0,9.946,-350964000.0,-5.392,1.0,357782000.0,0.663,0.0,80070000.0,5851343000.0,5691386750.0,0.0,62615000.0,,,1833630000.0,,,2205293481.0,-415000.0,225363000.0,136975000.0,186522000.0,-170200000.0,150853000.0,-372341000.0,1785000.0,221073000.0,0.0,187996000.0,148580000.0,148580000.0,0.0,0.0,0.275,132494000.0,225288000.0,0.0,0.919,0.94,14.842,15.193,4046469000.0,39416000.0,33.88,4.084,4.084,0.0,-16964000.0,539987000.0,539987000.0,0.0,0.036,0.064,0.047,0.496,3808000.0,11740000.0,1.0,65091307.0,65091307.0,,8.296,4215963000.0,0.0,0.0,0.0,64.77,
88,AVB,MRT,1999-06-30,1999-06-30,1999-06-30,2021-08-04,0.0,4134843000.0,4064412000.0,,,0.126,36.219,-695347000.0,23756000.0,23756000.0,177103000.0,161042000.0,,0.757,1595170000.0,,,1595170000.0,0.0,107297000.0,0.0,0.055,2.04,238114000.0,345411000.0,0.675,345411000.0,238114000.0,161042000.0,1.88,1.86,1.88,2335125000.0,2312007250.0,2335125000.0,3961919713.0,17.0,11.47,-464231000.0,-7.201,1.0,334661000.0,0.654,0.0,77072000.0,5706257000.0,5597391000.0,0.0,62442000.0,,,1768236000.0,,,2385454713.0,-450000.0,234645000.0,131035000.0,308696000.0,-167893000.0,269131000.0,-500697000.0,-21864000.0,231116000.0,0.0,161042000.0,123801000.0,123801000.0,0.0,0.0,0.242,124692000.0,209969000.0,0.0,1.085,1.022,19.268,19.681,3989569000.0,37241000.0,37.0,4.661,4.661,0.0,-17208000.0,511764000.0,511764000.0,0.0,0.03,0.054,0.043,0.465,3851000.0,10959000.0,1.0,64471749.0,64471749.0,,7.938,4134843000.0,0.0,0.0,0.0,64.134,
89,AVB,MRT,1999-03-31,1999-03-31,1999-03-31,2021-08-04,0.0,4134035000.0,3971997500.0,,,0.107,36.261,-723381000.0,26068000.0,26068000.0,153906000.0,101262000.0,,0.765,1602533000.0,,,1602533000.0,0.0,95995000.0,0.0,0.064,2.04,165391000.0,261386000.0,0.614,261386000.0,165391000.0,101262000.0,1.21,1.2,1.21,2324460000.0,2291471500.0,2324460000.0,3511608119.0,21.0,13.435,-507797000.0,-7.922,1.0,271564000.0,0.638,0.0,64129000.0,5710500000.0,5439449750.0,0.0,17169000.0,,,1777961000.0,,,2043623119.0,15698000.0,130510000.0,164926000.0,397383000.0,-141267000.0,419488000.0,-619374000.0,-21864000.0,215584000.0,0.0,101262000.0,69472000.0,69472000.0,0.0,0.0,0.163,120601000.0,150963000.0,0.0,1.686,0.879,29.417,26.347,3981753000.0,31790000.0,31.88,4.803,4.803,0.0,-103220000.0,425470000.0,425470000.0,0.0,0.017,0.03,0.03,0.389,2325000.0,8872000.0,1.0,64103611.0,64103611.0,,6.637,4134035000.0,0.0,0.0,0.0,64.49,
90,AVB,MRT,1998-12-31,1998-12-31,1998-12-31,2021-08-04,0.0,4030204000.0,3300354750.0,,,0.107,36.643,-718338000.0,17128000.0,17128000.0,125758000.0,94434000.0,,0.709,1484371000.0,,,1484371000.0,0.0,78359000.0,0.0,0.057,1.95,148437000.0,226796000.0,0.643,226796000.0,148437000.0,94434000.0,1.39,1.37,1.39,2339453000.0,1908835250.0,2339453000.0,3703448500.0,25.0,16.329,-527109000.0,-8.256,1.0,227126000.0,0.644,0.0,54003000.0,5497447000.0,4523804250.0,0.0,62694000.0,,,1658538000.0,,,2186654500.0,5702000.0,117588000.0,160771000.0,387325000.0,-112872000.0,433702000.0,-619229000.0,-21864000.0,191229000.0,0.0,94434000.0,68560000.0,68560000.0,0.0,0.0,0.194,86033000.0,141093000.0,0.0,1.403,0.935,31.894,24.64,3890859000.0,25874000.0,34.25,6.197,6.197,0.0,14521000.0,352884000.0,352884000.0,0.0,0.021,0.036,0.033,0.421,1865000.0,7674000.0,1.0,63843927.0,63843927.0,,5.527,4030204000.0,0.0,0.0,0.0,63.126,
91,AVB,MRT,1998-09-30,1998-09-30,1998-09-30,2021-08-04,0.0,3958566000.0,2622216250.0,,,,35.376,,17064000.0,17064000.0,,,,0.746,1533858000.0,,,1533858000.0,0.0,,0.0,0.054,1.86,,,,,,,,,,2248991000.0,1522145750.0,2248991000.0,3490531283.0,,,,,1.0,,,0.0,,5475360000.0,3599529750.0,0.0,17265000.0,,,1677315000.0,,,2181224283.0,,,,,,,,,,,,,,,,,,,0.0,,0.97,,,3820322000.0,,34.31,,,0.0,-68033000.0,,,,,,,,,,1.0,63574010.0,63574010.0,,,3958566000.0,0.0,,0.0,62.267,
92,AVB,MRT,1998-06-30,1998-06-30,1998-06-30,2021-08-04,0.0,3765185000.0,,,,,77.759,,21752000.0,21752000.0,,,,0.657,1331059000.0,,,1331059000.0,0.0,,0.0,0.047,1.77,,,,,,,,,,2252982000.0,,2252982000.0,1701462542.0,,,,,1.0,,,0.0,,5074492000.0,,0.0,17206000.0,,,1479880000.0,,,1101008542.0,,,,,,,,,,,,,,,,,,,0.0,,0.489,,,3655967000.0,,38.0,,,0.0,-59325000.0,,,,,,,,,,1.0,28973909.0,28973909.0,,,3765185000.0,0.0,,0.0,129.951,
93,AVB,MRT,1998-03-31,1998-03-31,1998-03-31,2021-08-04,0.0,1447464000.0,,,,,30.306,,4737000.0,4737000.0,,,,0.812,605191000.0,,,605191000.0,0.0,,0.0,0.045,1.67,,,,,,,,,,793915000.0,,793915000.0,1455112709.0,,,,,1.0,,,0.0,,2047918000.0,,0.0,0.0,,,644425000.0,,,972413709.0,,,,,,,,,,,,,,,,,,,13247000.0,,1.225,,,1417708000.0,,37.12,,,0.0,-33222000.0,,,,,,,,,,1.0,26196490.0,26196490.0,,,1447464000.0,0.0,,0.0,55.254,
94,AVB,MRT,1997-12-31,1997-12-31,1997-12-31,2021-08-04,0.0,1317650000.0,1014779500.0,,,0.124,30.26,-577170000.0,4785000.0,4785000.0,38483000.0,38941000.0,,0.651,487484000.0,,,487484000.0,0.0,27009000.0,0.0,0.043,1.66,53054000.0,80063000.0,0.635,80063000.0,53054000.0,38941000.0,1.4,1.4,1.4,792695000.0,602486000.0,792695000.0,,,,-512320000.0,-19.557,1.0,87551000.0,0.695,0.0,14113000.0,1800349000.0,1392033000.0,0.0,0.0,,,515822000.0,,,1021663110.0,2268000.0,0.0,383972000.0,173999000.0,-42795000.0,514588000.0,-577170000.0,0.0,64850000.0,0.0,38941000.0,31461000.0,31461000.0,0.0,0.0,0.25,34027000.0,53524000.0,0.0,1.186,1.289,32.474,27.857,1294484000.0,7480000.0,39.0,8.106,8.106,0.0,-31169000.0,126034000.0,126034000.0,0.0,0.031,0.052,0.038,0.421,0.0,6308000.0,1.0,26196490.0,26196490.0,,4.811,1317650000.0,0.0,0.0,0.0,50.299,
95,AVB,MRT,1997-09-30,1997-09-30,1997-09-30,2021-08-04,,,,,,,,,,,,,,,,,,,,,,0.041,1.65,,,,,,,,,,,,,,,,,,1.0,,,,,,,,,,,,,,,,,,,,,,,,,,,,,,,,,,,,,,,,39.88,,,,,,,,,,,,,,1.0,,,,,,,,,,
96,AVB,MRT,1997-06-30,1997-06-30,1997-06-30,2021-08-04,,,,,,,,,,,,,,,,,,,,,,0.044,1.63,,,,,,,,,,,,,,,,,,1.0,,,,,,,,,,,,,,,,,,,,,,,,,,,,,,,,,,,,,,,,37.0,,,,,,,,,,,,,,1.0,,,,,,,,,,
97,AVB,MRT,1997-03-31,1997-03-31,1997-03-31,2021-08-04,,,,,,,,,,,,,,,,,,,,,,0.045,1.62,,,,,,,,,,,,,,,,,,1.0,,,,,,,,,,,,,,,,,,,,,,,,,,,,,,,,,,,,,,,,35.88,,,,,,,,,,,,,,1.0,,,,,,,,,,
98,AVB,MRT,1996-12-31,1996-12-31,1996-12-31,2021-08-04,0.0,711909000.0,,,,,,-216999000.0,1880000.0,1880000.0,25277000.0,19626000.0,,0.71,273688000.0,,,273688000.0,0.0,18689000.0,0.0,0.045,1.61,33902000.0,52591000.0,0.637,52591000.0,33902000.0,19626000.0,1.03,1.03,1.03,412277000.0,,412277000.0,,,,-176776000.0,,1.0,57316000.0,0.694,0.0,14276000.0,983717000.0,,0.0,0.0,,,292630000.0,,,,-757000.0,0.0,184251000.0,18020000.0,-26052000.0,176019000.0,-216999000.0,0.0,40223000.0,0.0,19626000.0,15362000.0,15362000.0,0.0,0.0,0.186,22584000.0,34732000.0,5450000.0,1.563,,,34.951,697793000.0,4264000.0,36.0,,,0.0,-23663000.0,82593000.0,82593000.0,0.0,,,,0.41,0.0,3785000.0,1.0,,,,,711909000.0,0.0,0.0,0.0,,
99,AVB,MRT,1995-12-31,1995-12-31,1995-12-31,2021-08-04,,,,,,,,-104734000.0,,,16801000.0,11460000.0,,,,,,,,13714000.0,,0.064,1.55,22932000.0,36646000.0,0.685,36646000.0,22932000.0,11460000.0,0.91,0.91,0.91,,,,,,,-82136000.0,,1.0,36720000.0,0.686,,11472000.0,,,,,,,,,,,-3021000.0,0.0,48269000.0,35419000.0,-17778000.0,61628000.0,-87247000.0,0.0,22598000.0,0.0,11460000.0,10543000.0,10543000.0,0.0,0.0,0.197,16181000.0,20539000.0,,1.703,,,26.648,,917000.0,24.25,,,,,53521000.0,53521000.0,0.0,,,,0.428,0.0,2467000.0,1.0,,,,,,,0.0,,,
