None,ticker,dimension,calendardate,datekey,reportperiod,lastupdated,accoci,assets,assetsavg,assetsc,assetsnc,assetturnover,bvps,capex,cashneq,cashnequsd,cor,consolinc,currentratio,de,debt,debtc,debtnc,debtusd,deferredrev,depamor,deposits,divyield,dps,ebit,ebitda,ebitdamargin,ebitdausd,ebitusd,ebt,eps,epsdil,epsusd,equity,equityavg,equityusd,ev,evebit,evebitda,fcf,fcfps,fxusd,gp,grossmargin,intangibles,intexp,invcap,invcapavg,inventory,investments,investmentsc,investmentsnc,liabilities,liabilitiesc,liabilitiesnc,marketcap,ncf,ncfbus,ncfcommon,ncfdebt,ncfdiv,ncff,ncfi,ncfinv,ncfo,ncfx,netinc,netinccmn,netinccmnusd,netincdis,netincnci,netmargin,opex,opinc,payables,payoutratio,pb,pe,pe1,ppnenet,prefdivis,price,ps,ps1,receivables,retearn,revenue,revenueusd,rnd,roa,roe,roic,ros,sbcomp,sgna,sharefactor,sharesbas,shareswa,shareswadil,sps,tangibles,taxassets,taxexp,taxliabilities,tbvps,workingcapital
0,CERN,MRY,2020-12-31,2020-12-31,2020-12-31,2021-08-02,-120804000.0,7521096000.0,7124419750.0,2650987000.0,4870109000.0,0.773,14.617,-579258000.0,615615000.0,615615000.0,932941000.0,780088000.0,2.268,0.678,1336069000.0,0.0,1336069000.0,1336069000.0,393293000.0,697423000.0,0.0,0.01,0.76,991473000.0,1688896000.0,0.307,1688896000.0,991473000.0,991473000.0,2.54,2.52,2.54,4482567000.0,4192487250.0,4482567000.0,24978039195.0,25.0,14.79,857447000.0,2.796,1.0,4572847000.0,0.831,2253118000.0,0.0,4819806000.0,4765373500.0,23027000.0,952693000.0,442473000.0,510220000.0,3038529000.0,1168626000.0,1869903000.0,24061175195.0,173772000.0,179651000.0,-503345000.0,297500000.0,-221461000.0,-461497000.0,-801237000.0,-363387000.0,1436705000.0,-199000.0,780088000.0,780088000.0,780088000.0,0.0,0.0,0.142,3658280000.0,914567000.0,235755000.0,0.299,5.368,30.844,30.898,1908619000.0,0.0,78.48,4.37,4.371,1168712000.0,6475551000.0,5505788000.0,5505788000.0,749007000.0,0.109,0.186,0.208,0.18,153449000.0,3074201000.0,1.0,306589898.0,306669000.0,309136000.0,17.954,5267978000.0,0.0,211385000.0,376035000.0,17.178,1482361000.0
1,CERN,MRY,2019-12-31,2019-12-28,2019-12-28,2021-08-02,-118660000.0,6894622000.0,7026718250.0,2096624000.0,4797998000.0,0.81,13.567,-745389000.0,441843000.0,441843000.0,1071041000.0,529454000.0,2.041,0.597,1038382000.0,0.0,1038382000.0,1038382000.0,360025000.0,687966000.0,0.0,0.007,0.54,654512000.0,1342478000.0,0.236,1342478000.0,654512000.0,654512000.0,1.66,1.65,1.66,4317328000.0,4643753250.0,4317328000.0,23559195205.0,36.0,17.549,567710000.0,1.784,1.0,4621557000.0,0.812,2187456000.0,0.0,4276257000.0,4226948250.0,23182000.0,519350000.0,99931000.0,419419000.0,2577294000.0,1027448000.0,1549846000.0,23017058205.0,67717000.0,-74539000.0,-1062506000.0,600000000.0,-113823000.0,-601380000.0,-640408000.0,215107000.0,1313099000.0,-3594000.0,529454000.0,529454000.0,529454000.0,0.0,0.0,0.093,4020888000.0,600669000.0,273440000.0,0.325,5.331,43.473,44.145,1981927000.0,0.0,73.28,4.043,4.097,1139595000.0,5934909000.0,5692598000.0,5692598000.0,737136000.0,0.075,0.114,0.155,0.115,103641000.0,3195935000.0,1.0,314097410.0,318229000.0,321235000.0,17.888,4707166000.0,0.0,125058000.0,377657000.0,14.792,1069176000.0
2,CERN,MRY,2018-12-31,2018-12-29,2018-12-29,2021-08-02,-103552000.0,6708636000.0,6633668250.0,2318804000.0,4389832000.0,0.809,14.931,-720621000.0,374126000.0,374126000.0,937348000.0,630059000.0,2.409,0.361,443716000.0,4914000.0,438802000.0,443716000.0,399189000.0,642591000.0,0.0,0.0,0.0,800851000.0,1443442000.0,0.269,1443442000.0,800851000.0,800851000.0,1.91,1.89,1.91,4928389000.0,4943366750.0,4928389000.0,17079170651.0,21.0,11.832,733388000.0,2.222,1.0,4428977000.0,0.825,2147361000.0,0.0,3668175000.0,3595753000.0,25029000.0,701331000.0,401285000.0,300046000.0,1780247000.0,962690000.0,817557000.0,17136685651.0,3203000.0,0.0,-531778000.0,-75000000.0,0.0,-609787000.0,-828937000.0,-71497000.0,1454009000.0,-12082000.0,630059000.0,630059000.0,630059000.0,0.0,0.0,0.117,3654192000.0,774785000.0,293534000.0,0.0,3.477,27.199,27.23,1743575000.0,0.0,52.01,3.193,3.199,1183494000.0,5576525000.0,5366325000.0,5366325000.0,683663000.0,0.095,0.127,0.223,0.149,95423000.0,2883165000.0,1.0,329488284.0,330084000.0,333572000.0,16.257,4561275000.0,0.0,170792000.0,336379000.0,13.819,1356114000.0
3,CERN,MRY,2017-12-31,2017-12-30,2017-12-30,2021-08-02,-73382000.0,6469311000.0,6140854000.0,2380227000.0,4089084000.0,0.837,14.441,-636231000.0,370923000.0,370923000.0,854091000.0,866978000.0,3.014,0.352,526715000.0,11585000.0,515130000.0,526715000.0,311337000.0,580723000.0,0.0,0.0,0.0,967129000.0,1547852000.0,0.301,1547852000.0,967129000.0,967129000.0,2.62,2.57,2.62,4785348000.0,4454432500.0,4785348000.0,22363389841.0,23.0,14.448,671444000.0,2.026,1.0,4288181000.0,0.834,2154917000.0,0.0,3680591000.0,3264002000.0,15749000.0,631681000.0,434844000.0,196837000.0,1683963000.0,789595000.0,894368000.0,22401439841.0,200062000.0,0.0,-96729000.0,0.0,0.0,-110984000.0,-1005851000.0,-339974000.0,1307675000.0,9222000.0,866978000.0,866978000.0,866978000.0,0.0,0.0,0.169,3327710000.0,960471000.0,218996000.0,0.0,4.681,25.839,25.721,1603319000.0,0.0,67.39,4.356,4.343,1042781000.0,4938866000.0,5142272000.0,5142272000.0,605046000.0,0.141,0.195,0.296,0.188,83019000.0,2632088000.0,1.0,332414896.0,331373000.0,337999000.0,15.518,4314394000.0,0.0,100151000.0,336446000.0,13.02,1590632000.0
4,CERN,MRY,2016-12-31,2016-12-31,2016-12-31,2021-08-02,-110165000.0,5629963000.0,5738133250.0,1619361000.0,4010602000.0,0.836,11.63,-753123000.0,170861000.0,170861000.0,779116000.0,636484000.0,1.915,0.433,563749000.0,26197000.0,537552000.0,563749000.0,324639000.0,504236000.0,0.0,0.0,0.0,918434000.0,1422670000.0,0.297,1422670000.0,918434000.0,918434000.0,1.88,1.85,1.88,3927947000.0,4044071250.0,3927947000.0,16222983010.0,18.0,11.403,492514000.0,1.458,1.0,4017357000.0,0.838,2129456000.0,0.0,3047994000.0,3064743250.0,14740000.0,294962000.0,185588000.0,109374000.0,1702016000.0,845401000.0,856615000.0,16081941010.0,-231261000.0,0.0,-636481000.0,0.0,0.0,-676677000.0,-789774000.0,-18179000.0,1245637000.0,-10447000.0,636484000.0,636484000.0,636484000.0,0.0,0.0,0.133,3106344000.0,911013000.0,238134000.0,0.0,4.094,25.267,25.197,1552524000.0,0.0,47.37,3.353,3.336,944943000.0,4094327000.0,4796473000.0,4796473000.0,551418000.0,0.111,0.157,0.3,0.191,74536000.0,2464380000.0,1.0,339496327.0,337740000.0,343653000.0,14.202,3500507000.0,0.0,281950000.0,306263000.0,10.365,773960000.0
5,CERN,MRY,2015-12-31,2016-01-02,2016-01-02,2021-08-02,-76354000.0,5561984000.0,5480586750.0,1827833000.0,3734151000.0,0.807,11.278,-626788000.0,402122000.0,402122000.0,750781000.0,539362000.0,2.35,0.437,605150000.0,41797000.0,563353000.0,605150000.0,304308000.0,452225000.0,0.0,0.0,0.0,781380000.0,1233605000.0,0.279,1233605000.0,781380000.0,781380000.0,1.57,1.54,1.57,3870384000.0,3820530750.0,3870384000.0,20953353424.0,27.0,16.985,413140000.0,1.204,1.0,3674486000.0,0.83,2049799000.0,0.0,2937347000.0,2960177500.0,15788000.0,284132000.0,111059000.0,173073000.0,1691600000.0,777866000.0,913734000.0,20584441424.0,-233081000.0,-1478129000.0,-293582000.0,485675000.0,0.0,143847000.0,-1405943000.0,720406000.0,1039928000.0,-10913000.0,539362000.0,539362000.0,539362000.0,0.0,0.0,0.122,2893350000.0,781136000.0,215510000.0,0.0,5.318,38.164,38.325,1309214000.0,0.0,60.17,4.652,4.666,1034084000.0,3457843000.0,4425267000.0,4425267000.0,539799000.0,0.098,0.141,0.264,0.177,70121000.0,2262024000.0,1.0,342104727.0,343178000.0,350908000.0,12.895,3512185000.0,0.0,242018000.0,324516000.0,10.234,1049967000.0
6,CERN,MRY,2014-12-31,2015-01-03,2015-01-03,2021-08-02,-44096000.0,4530565000.0,4344956500.0,2348786000.0,2181779000.0,0.783,10.422,-454384000.0,635203000.0,635203000.0,604377000.0,525433000.0,3.703,0.271,130328000.0,67460000.0,62868000.0,130328000.0,220468000.0,302353000.0,0.0,0.0,0.0,774174000.0,1076527000.0,0.316,1076527000.0,774174000.0,774174000.0,1.54,1.5,1.54,3565968000.0,3367086000.0,3565968000.0,21856243897.0,28.0,20.303,392643000.0,1.148,1.0,2798326000.0,0.822,867373000.0,0.0,2524002000.0,2583446250.0,23789000.0,1016810000.0,785663000.0,231147000.0,964597000.0,634315000.0,330282000.0,22205939897.0,432826000.0,-7476000.0,-145671000.0,-14930000.0,0.0,-120324000.0,-284567000.0,190810000.0,847027000.0,-9310000.0,525433000.0,525433000.0,525433000.0,0.0,0.0,0.154,2035242000.0,763084000.0,160285000.0,0.0,6.227,42.262,42.227,924260000.0,0.0,65.03,6.526,6.539,672778000.0,2918481000.0,3402703000.0,3402703000.0,392805000.0,0.121,0.156,0.3,0.228,59292000.0,1628961000.0,1.0,341472242.0,342150000.0,350386000.0,9.945,3663192000.0,22075000.0,248741000.0,256601000.0,10.706,1714471000.0
7,CERN,MRY,2013-12-31,2013-12-28,2013-12-28,2021-08-02,-13429000.0,4098364000.0,3918456000.0,1761708000.0,2336656000.0,0.743,9.218,-527526000.0,202377000.0,202377000.0,514722000.0,398354000.0,2.751,0.294,165824000.0,54107000.0,111717000.0,165824000.0,217905000.0,263538000.0,0.0,0.0,0.0,588054000.0,851592000.0,0.293,851592000.0,588054000.0,588054000.0,1.16,1.13,1.16,3167664000.0,3023825250.0,3167664000.0,18973935205.0,32.0,22.281,168339000.0,0.49,1.0,2396026000.0,0.823,798631000.0,0.0,2622748000.0,2470983750.0,32299000.0,1231877000.0,677004000.0,554873000.0,930700000.0,640432000.0,290268000.0,19078553205.0,-114743000.0,-67877000.0,-98712000.0,-24700000.0,0.0,-119389000.0,-688429000.0,-36221000.0,695865000.0,-2790000.0,398354000.0,398354000.0,398354000.0,0.0,0.0,0.137,1820014000.0,576012000.0,145019000.0,0.0,6.023,47.893,47.914,792781000.0,0.0,55.58,6.555,6.562,582926000.0,2393048000.0,2910748000.0,2910748000.0,338786000.0,0.102,0.132,0.238,0.202,46295000.0,1468434000.0,1.0,343262922.0,343636000.0,352281000.0,8.47,3299733000.0,91614000.0,189700000.0,170392000.0,9.602,1121276000.0
8,CERN,MRY,2012-12-31,2012-12-29,2012-12-29,2021-08-02,-5255000.0,3704468000.0,3403381750.0,1790506000.0,1913962000.0,0.783,8.289,-283618000.0,317120000.0,317120000.0,608197000.0,397232000.0,3.086,0.307,196139000.0,59582000.0,136557000.0,196139000.0,200589000.0,222580000.0,0.0,0.0,0.0,587708000.0,810288000.0,0.304,810288000.0,587708000.0,587708000.0,1.16,1.13,1.16,2833650000.0,2635584750.0,2833650000.0,12961156152.0,22.0,15.996,424696000.0,1.242,1.0,2057239000.0,0.772,646968000.0,0.0,2356407000.0,2225068000.0,23681000.0,1229132000.0,719665000.0,509467000.0,870818000.0,580112000.0,290706000.0,13052600152.0,73974000.0,-40540000.0,86517000.0,-17083000.0,0.0,66034000.0,-701631000.0,-354603000.0,708314000.0,1257000.0,397232000.0,397232000.0,397232000.0,0.0,0.0,0.149,1485577000.0,571662000.0,141212000.0,0.0,4.606,32.859,32.793,569708000.0,0.0,38.04,4.897,4.879,577848000.0,1994694000.0,2665436000.0,2665436000.0,301370000.0,0.117,0.151,0.264,0.22,36113000.0,1184207000.0,1.0,343128290.0,341861000.0,351394000.0,7.797,3057500000.0,38620000.0,190476000.0,143212000.0,8.944,1210394000.0
9,CERN,MRY,2011-12-31,2011-12-31,2011-12-31,2021-08-02,-11967000.0,3000358000.0,2781569250.0,1502313000.0,1498045000.0,0.792,6.851,-187737000.0,243146000.0,243146000.0,441672000.0,306627000.0,3.424,0.298,126543000.0,39722000.0,86821000.0,126543000.0,166926000.0,212556000.0,0.0,0.0,0.0,469694000.0,682250000.0,0.31,682250000.0,469694000.0,469694000.0,0.91,0.88,0.91,2310681000.0,2167624250.0,2310681000.0,10278753108.0,22.0,15.066,358557000.0,1.063,1.0,1761481000.0,0.8,535942000.0,0.0,1909093000.0,1819931000.0,23296000.0,890959000.0,531635000.0,359324000.0,689557000.0,438720000.0,250837000.0,10376106108.0,28635000.0,-65341000.0,75333000.0,-25701000.0,0.0,48853000.0,-565091000.0,-291393000.0,546294000.0,-1421000.0,306627000.0,306627000.0,306627000.0,0.0,0.0,0.139,1301683000.0,459798000.0,85545000.0,0.0,4.49,33.84,33.654,488996000.0,0.0,30.625,4.71,4.688,563209000.0,1597462000.0,2203153000.0,2203153000.0,286801000.0,0.11,0.141,0.258,0.213,27919000.0,1014882000.0,1.0,338811628.0,337267000.0,347734000.0,6.532,2464416000.0,46795000.0,163067000.0,150229000.0,7.307,1063593000.0
10,CERN,MRY,2010-12-31,2011-01-01,2011-01-01,2021-08-02,-4191000.0,2422790000.0,2297637750.0,1146061000.0,1276729000.0,0.805,5.777,-183290000.0,214511000.0,214511000.0,320356000.0,237272000.0,3.746,0.272,92760000.0,24837000.0,67923000.0,92760000.0,126654000.0,193337000.0,0.0,0.0,0.0,362212000.0,555549000.0,0.3,555549000.0,362212000.0,362212000.0,0.72,0.695,0.72,1905297000.0,1766950750.0,1905297000.0,7756731945.0,21.0,13.962,273154000.0,0.828,1.0,1529866000.0,0.827,444690000.0,0.0,1550417000.0,1421791750.0,11036000.0,620968000.0,356501000.0,264467000.0,517373000.0,305932000.0,211441000.0,7849445945.0,-27212000.0,-14486000.0,60950000.0,-27625000.0,0.0,34841000.0,-520896000.0,-312340000.0,456444000.0,2399000.0,237272000.0,237272000.0,237272000.0,0.0,0.0,0.128,1170533000.0,359333000.0,65035000.0,0.0,4.12,33.082,32.896,498829000.0,0.0,23.685,4.242,4.222,476905000.0,1290835000.0,1850222000.0,1850222000.0,272851000.0,0.103,0.134,0.255,0.196,23723000.0,897682000.0,1.0,331410004.0,329832000.0,341694000.0,5.61,1978100000.0,3836000.0,124940000.0,126215000.0,5.997,840129000.0
11,CERN,MRY,2009-12-31,2010-01-02,2010-01-02,2021-08-02,-3254000.0,2148567000.0,2021027500.0,1146335000.0,1002232000.0,0.827,4.88,-209012000.0,241723000.0,241723000.0,281198000.0,193465000.0,3.201,0.359,120520000.0,25014000.0,95506000.0,120520000.0,152883000.0,189603000.0,0.0,0.0,0.0,292681000.0,482284000.0,0.288,482284000.0,292681000.0,292681000.0,0.595,0.575,0.595,1580678000.0,1467234250.0,1580678000.0,6505571481.0,22.0,13.489,138279000.0,0.427,1.0,1390666000.0,0.832,418463000.0,0.0,1250798000.0,1095304000.0,11242000.0,317113000.0,317113000.0,0.0,567769000.0,358103000.0,209666000.0,6729720481.0,-28771000.0,-3529000.0,47234000.0,-32352000.0,0.0,16770000.0,-394321000.0,-169295000.0,347291000.0,1489000.0,193465000.0,193465000.0,193465000.0,0.0,0.0,0.116,1098660000.0,292006000.0,36893000.0,0.0,4.257,34.785,34.639,509178000.0,0.0,20.61,4.025,3.993,461411000.0,1053563000.0,1671864000.0,1671864000.0,271051000.0,0.096,0.132,0.267,0.175,15786000.0,827609000.0,1.0,326526952.0,323926000.0,335528000.0,5.161,1730104000.0,8055000.0,99216000.0,98372000.0,5.341,788232000.0
12,CERN,MRY,2008-12-31,2009-01-03,2009-01-03,2021-08-02,-12977000.0,1880988000.0,1803989500.0,858873000.0,1022115000.0,0.929,4.069,-178197000.0,270494000.0,270494000.0,296063000.0,188658000.0,2.517,0.434,141486000.0,30116000.0,111370000.0,141486000.0,123108000.0,170466000.0,0.0,0.0,0.0,281431000.0,451897000.0,0.27,451897000.0,281431000.0,281431000.0,0.585,0.565,0.585,1311009000.0,1244440750.0,1311009000.0,3165147172.0,11.0,7.004,103605000.0,0.322,1.0,1379965000.0,0.823,417402000.0,0.0,993355000.0,1015444000.0,10096000.0,143700000.0,38400000.0,105300000.0,568693000.0,341223000.0,227470000.0,3173606172.0,87580000.0,-5719000.0,-3472000.0,-15317000.0,0.0,-11654000.0,-170607000.0,17510000.0,281802000.0,-11961000.0,188658000.0,188658000.0,188658000.0,0.0,0.0,0.113,1101080000.0,278885000.0,93667000.0,0.0,2.421,16.822,16.744,483399000.0,0.0,9.795,1.894,1.883,468928000.0,860098000.0,1676028000.0,1676028000.0,272519000.0,0.105,0.152,0.277,0.168,14683000.0,828561000.0,1.0,324002672.0,322196000.0,333740000.0,5.202,1463586000.0,1402000.0,92773000.0,100546000.0,4.543,517650000.0
13,CERN,MRY,2007-12-31,2007-12-29,2007-12-29,2021-08-02,8311000.0,1689956000.0,1603790750.0,818564000.0,871392000.0,0.948,3.566,-246786000.0,182914000.0,182914000.0,280110000.0,127125000.0,2.841,0.492,191866000.0,14260000.0,177606000.0,191866000.0,120577000.0,152817000.0,0.0,0.0,0.0,203967000.0,356784000.0,0.235,356784000.0,203967000.0,203967000.0,0.4,0.383,0.4,1132428000.0,1052931750.0,1132428000.0,4614641252.0,23.0,12.934,27779000.0,0.087,1.0,1239767000.0,0.816,391158000.0,0.0,1019627000.0,968115250.0,10744000.0,161600000.0,161600000.0,0.0,557528000.0,288123000.0,269405000.0,4603855252.0,20369000.0,-24061000.0,59442000.0,-22359000.0,0.0,37083000.0,-287666000.0,-13277000.0,274565000.0,-3613000.0,127125000.0,127125000.0,127125000.0,0.0,0.0,0.084,1035684000.0,204083000.0,79812000.0,0.0,4.065,36.215,35.987,462839000.0,0.0,14.395,3.029,3.008,391060000.0,671440000.0,1519877000.0,1519877000.0,270576000.0,0.079,0.121,0.211,0.134,16189000.0,765108000.0,1.0,319823220.0,317580000.0,332872000.0,4.786,1298798000.0,10368000.0,76842000.0,68738000.0,4.09,530441000.0
14,CERN,MRY,2006-12-31,2006-12-30,2006-12-30,2021-08-02,600000.0,1496433000.0,1411366500.0,751030000.0,745403000.0,0.976,2.951,-192701000.0,162545000.0,162545000.0,290970000.0,109891000.0,2.406,0.623,207633000.0,20242000.0,187391000.0,207633000.0,108256000.0,125254000.0,0.0,0.0,0.0,167544000.0,292798000.0,0.212,292798000.0,167544000.0,167544000.0,0.352,0.335,0.352,922294000.0,854401500.0,922294000.0,3625584586.0,22.0,12.383,40017000.0,0.128,1.0,1087068000.0,0.789,371035000.0,0.0,858312000.0,847515250.0,18084000.0,146239000.0,146239000.0,0.0,574139000.0,312174000.0,261965000.0,3555319586.0,49488000.0,-13731000.0,28772000.0,-30783000.0,0.0,-865000.0,-177544000.0,29122000.0,232718000.0,-4821000.0,109891000.0,109891000.0,109891000.0,0.0,0.0,0.08,920901000.0,166167000.0,79735000.0,0.0,3.855,32.353,32.315,357942000.0,0.0,11.375,2.58,2.58,361424000.0,544315000.0,1378038000.0,1378038000.0,246970000.0,0.078,0.129,0.198,0.122,19876000.0,673931000.0,1.0,312555568.0,312555568.0,,4.409,1125398000.0,2423000.0,57653000.0,58731000.0,3.601,438856000.0
15,CERN,MRY,2005-12-31,2005-12-31,2005-12-31,2021-08-02,4367000.0,1303629000.0,1140569500.0,651631000.0,651998000.0,1.018,2.487,-163106000.0,113057000.0,113057000.0,254686000.0,86251000.0,2.505,0.714,223008000.0,28743000.0,194265000.0,223008000.0,94423000.0,114055000.0,0.0,0.0,0.0,135244000.0,249299000.0,0.215,249299000.0,135244000.0,135244000.0,0.29,0.275,0.29,760533000.0,678766500.0,760533000.0,3472759295.0,26.0,13.93,65759000.0,0.215,1.0,906099000.0,0.781,349138000.0,0.0,804352000.0,582387250.0,9585000.0,161230000.0,161230000.0,0.0,543096000.0,260090000.0,283006000.0,3474977295.0,-76727000.0,-119683000.0,51744000.0,89979000.0,0.0,140891000.0,-443968000.0,-161179000.0,228865000.0,-2515000.0,86251000.0,86251000.0,86251000.0,0.0,0.0,0.074,765663000.0,140436000.0,65377000.0,0.0,4.569,40.289,39.185,292608000.0,0.0,11.364,2.994,2.994,316965000.0,430262000.0,1160785000.0,1160785000.0,211455000.0,0.076,0.127,0.232,0.117,30289000.0,547826000.0,1.0,305794944.0,305794944.0,,3.796,954491000.0,8109000.0,48993000.0,72922000.0,3.121,391541000.0
16,CERN,MRY,2004-12-31,2005-01-01,2005-01-01,2021-08-02,8770000.0,982265000.0,918826250.0,509473000.0,472792000.0,1.008,2.055,-115402000.0,189784000.0,189784000.0,196348000.0,64648000.0,2.557,0.644,130712000.0,21908000.0,108804000.0,130712000.0,83148000.0,90802000.0,0.0,0.0,0.0,114072000.0,204874000.0,0.221,204874000.0,114072000.0,107920000.0,0.225,0.215,0.225,597485000.0,550002000.0,597485000.0,1906184568.0,17.0,9.304,52902000.0,0.182,1.0,730008000.0,0.788,235055000.0,6152000.0,488894000.0,487243750.0,7373000.0,0.0,0.0,0.0,384780000.0,199244000.0,185536000.0,1932060568.0,67945000.0,10043000.0,25717000.0,-24879000.0,0.0,86000.0,-103382000.0,1977000.0,168304000.0,2937000.0,64648000.0,64648000.0,64648000.0,0.0,0.0,0.07,618544000.0,111464000.0,37008000.0,0.0,3.234,29.886,29.539,230440000.0,0.0,6.646,2.086,2.086,282199000.0,344011000.0,926356000.0,926356000.0,171589000.0,0.07,0.118,0.234,0.123,9191000.0,446955000.0,1.0,290699352.0,290699352.0,,3.187,747210000.0,0.0,43272000.0,70293000.0,2.57,310229000.0
17,CERN,MRY,2003-12-31,2004-01-03,2004-01-03,2021-08-02,4770000.0,854252000.0,795502750.0,423891000.0,430361000.0,1.055,1.745,-142319000.0,121839000.0,121839000.0,194290000.0,42791000.0,2.388,0.727,145732000.0,21162000.0,124570000.0,145732000.0,66824000.0,69330000.0,0.0,0.0,0.0,78239000.0,147569000.0,0.176,147569000.0,78239000.0,71222000.0,0.152,0.147,0.152,494680000.0,465962250.0,494680000.0,1381098140.0,18.0,9.359,-8169000.0,-0.029,1.0,645297000.0,0.769,216699000.0,7017000.0,483967000.0,452047250.0,12434000.0,0.0,0.0,0.0,359572000.0,177479000.0,182093000.0,1364282140.0,-20704000.0,-6229000.0,773000.0,-12918000.0,0.0,-10697000.0,-148048000.0,651000.0,134150000.0,3740000.0,42791000.0,42791000.0,42791000.0,0.0,0.0,0.051,567200000.0,78097000.0,20753000.0,0.0,2.758,31.882,31.669,204953000.0,0.0,4.814,1.625,1.625,256574000.0,279363000.0,839587000.0,839587000.0,156236000.0,0.054,0.092,0.173,0.093,1910000.0,410964000.0,1.0,283413584.0,283413584.0,,2.962,637553000.0,0.0,28431000.0,69998000.0,2.25,246412000.0
18,CERN,MRY,2002-12-31,2002-12-28,2002-12-28,2021-08-02,-1744000.0,789141000.0,735358250.0,457548000.0,331593000.0,1.061,1.553,-109683000.0,142543000.0,142543000.0,190550000.0,48022000.0,2.608,0.788,148838000.0,12202000.0,136636000.0,148838000.0,45055000.0,57346000.0,0.0,0.0,0.0,85394000.0,142740000.0,0.183,142740000.0,85394000.0,79839000.0,0.17,0.163,0.17,441244000.0,421644500.0,441244000.0,1075496056.0,13.0,7.535,-72777000.0,-0.256,1.0,589712000.0,0.756,186420000.0,5555000.0,433603000.0,408903500.0,9041000.0,964000.0,0.0,964000.0,347897000.0,175413000.0,172484000.0,1047495056.0,35007000.0,-26016000.0,3196000.0,29070000.0,0.0,37457000.0,-40270000.0,95429000.0,36906000.0,914000.0,48022000.0,48022000.0,48022000.0,0.0,0.0,0.062,498892000.0,90820000.0,46822000.0,0.0,2.374,21.813,21.691,134283000.0,0.0,3.688,1.342,1.342,272668000.0,236572000.0,780262000.0,780262000.0,129620000.0,0.065,0.114,0.209,0.109,1651000.0,369272000.0,1.0,284066456.0,284066456.0,,2.747,602721000.0,0.0,31817000.0,50401000.0,2.122,282135000.0
19,CERN,MRY,2001-12-31,2001-12-29,2001-12-29,2021-08-02,9911000.0,712302000.0,633182750.0,347676000.0,364626000.0,0.886,1.412,-63550000.0,107536000.0,107536000.0,133985000.0,-42366000.0,2.198,0.804,119319000.0,27187000.0,92132000.0,119319000.0,58054000.0,47305000.0,0.0,0.0,0.0,-58889000.0,-11584000.0,-0.021,-11584000.0,-58889000.0,-63314000.0,-0.151,-0.151,-0.151,394839000.0,354182250.0,394839000.0,1780828594.0,-30.0,-153.732,1288000.0,0.005,1.0,426817000.0,0.761,138856000.0,4425000.0,427041000.0,402253750.0,5834000.0,122992000.0,0.0,122992000.0,317463000.0,158188000.0,159275000.0,1772294594.0,16643000.0,-5709000.0,4067000.0,16454000.0,0.0,20342000.0,-67185000.0,2074000.0,64838000.0,-1352000.0,-42366000.0,-42366000.0,-42366000.0,0.0,0.0,-0.076,365467000.0,61350000.0,20942000.0,0.0,4.489,-41.833,-41.962,94705000.0,0.0,6.336,3.16,3.16,220205000.0,188550000.0,560802000.0,560802000.0,100186000.0,-0.067,-0.12,-0.146,-0.105,2543000.0,265281000.0,1.0,279707176.0,279707176.0,,2.005,573446000.0,0.0,-20948000.0,68054000.0,2.05,189488000.0
20,CERN,MRY,2000-12-31,2000-12-30,2000-12-30,2021-08-02,-59475000.0,616411000.0,682121750.0,288496000.0,327915000.0,0.592,1.243,-47136000.0,90893000.0,90893000.0,90118000.0,105265000.0,2.82,0.793,102371000.0,72000.0,102299000.0,102371000.0,50862000.0,37988000.0,0.0,0.0,0.0,175794000.0,213782000.0,0.53,213782000.0,175794000.0,172123000.0,0.385,0.37,0.385,343717000.0,387970250.0,343717000.0,1620145605.0,9.0,7.578,6177000.0,0.022,1.0,313594000.0,0.777,105503000.0,3671000.0,420071000.0,512689500.0,2174000.0,130626000.0,0.0,130626000.0,272694000.0,102315000.0,170379000.0,1598239605.0,15216000.0,-24199000.0,7052000.0,-967000.0,0.0,6085000.0,-43416000.0,27919000.0,53313000.0,-766000.0,105265000.0,105265000.0,105265000.0,0.0,0.0,0.261,288784000.0,24810000.0,20532000.0,0.0,4.65,15.183,15.016,82234000.0,0.0,5.781,3.959,3.959,188036000.0,230916000.0,403712000.0,403712000.0,78425000.0,0.154,0.271,0.343,0.435,3785000.0,198772000.0,1.0,276452256.0,276452256.0,,1.46,510908000.0,0.0,66858000.0,67148000.0,1.848,186181000.0
21,CERN,MRY,1999-12-31,2000-01-01,2000-01-01,2021-08-02,106998000.0,660891000.0,555325500.0,242429000.0,418462000.0,0.613,1.409,-44537000.0,75677000.0,75677000.0,95038000.0,-1211000.0,3.35,0.744,100000000.0,0.0,100000000.0,100000000.0,37245000.0,31388000.0,0.0,0.0,0.0,2303000.0,33691000.0,0.099,33691000.0,2303000.0,-1093000.0,-0.005,-0.005,-0.005,378937000.0,324015250.0,378937000.0,690049854.0,300.0,20.482,-17148000.0,-0.064,1.0,245159000.0,0.721,78518000.0,3396000.0,534320000.0,422899750.0,1262000.0,252123000.0,0.0,252123000.0,281954000.0,72376000.0,209578000.0,662018854.0,33019000.0,-13615000.0,625000.0,67401000.0,0.0,68026000.0,-62662000.0,-3628000.0,27389000.0,266000.0,-1211000.0,-1211000.0,-1211000.0,0.0,0.0,-0.004,241461000.0,3698000.0,20261000.0,0.0,1.747,-546.671,-492.25,77938000.0,0.0,2.461,1.946,1.946,161174000.0,125651000.0,340197000.0,340197000.0,72663000.0,-0.002,-0.004,0.005,0.007,873000.0,168798000.0,1.0,268976680.0,268976680.0,,1.265,582373000.0,0.0,118000.0,104565000.0,2.165,170053000.0
22,CERN,MRY,1998-12-31,1999-01-02,1999-01-02,2021-08-02,106998000.0,660891000.0,422247750.0,242429000.0,418462000.0,0.806,1.445,-44537000.0,75677000.0,75677000.0,95038000.0,-1211000.0,3.35,0.744,100000000.0,0.0,100000000.0,100000000.0,37245000.0,31388000.0,0.0,0.0,0.0,2303000.0,33691000.0,0.099,33691000.0,2303000.0,-1093000.0,-0.005,-0.005,-0.005,378937000.0,275518250.0,378937000.0,890395732.0,387.0,26.428,-17148000.0,-0.065,1.0,245159000.0,0.721,78518000.0,3396000.0,534320000.0,319552250.0,1262000.0,252123000.0,0.0,252123000.0,281954000.0,72376000.0,209578000.0,877065732.0,33019000.0,-13615000.0,625000.0,67401000.0,0.0,68026000.0,-62662000.0,-3628000.0,27389000.0,266000.0,-1211000.0,-1211000.0,-1211000.0,0.0,0.0,-0.004,241461000.0,3698000.0,20261000.0,0.0,2.315,-724.249,-668.75,77938000.0,0.0,3.344,2.578,2.578,161174000.0,125651000.0,340197000.0,340197000.0,72663000.0,-0.003,-0.004,0.007,0.007,873000.0,168798000.0,1.0,262300032.0,262300032.0,,1.297,582373000.0,0.0,118000.0,104565000.0,2.22,170053000.0
23,CERN,MRY,1997-12-31,1998-01-03,1998-01-03,2021-08-02,-142000.0,331781000.0,323267000.0,208355000.0,123426000.0,0.758,0.895,-33143000.0,77543000.0,77543000.0,71943000.0,15148000.0,4.042,0.419,30061000.0,35000.0,30026000.0,30061000.0,8290000.0,18075000.0,0.0,0.0,0.0,24484000.0,42559000.0,0.174,42559000.0,24484000.0,24484000.0,0.058,0.056,0.058,233747000.0,232241000.0,233747000.0,,,,-14451000.0,-0.055,1.0,173114000.0,0.706,46968000.0,0.0,185784000.0,224211500.0,1743000.0,2534000.0,0.0,2534000.0,98034000.0,51547000.0,46487000.0,718293620.0,-33359000.0,-4500000.0,-14122000.0,-116000.0,0.0,-14238000.0,-37643000.0,0.0,18692000.0,-170000.0,15148000.0,15148000.0,15148000.0,0.0,0.0,0.062,150944000.0,22170000.0,11330000.0,0.0,3.073,47.418,47.414,65724000.0,0.0,2.75,2.931,2.931,125516000.0,106273000.0,245057000.0,245057000.0,44086000.0,0.047,0.065,0.109,0.1,569000.0,106858000.0,1.0,261197680.0,261197680.0,,0.938,284813000.0,0.0,9336000.0,34706000.0,1.09,156808000.0
24,CERN,MRY,1996-12-31,1996-12-28,1996-12-28,2021-08-02,28000.0,314753000.0,,212416000.0,102337000.0,,,-28548000.0,6905000.0,6905000.0,58892000.0,8251000.0,5.154,0.364,30104000.0,104000.0,30000000.0,30104000.0,7811000.0,15498000.0,0.0,0.0,0.0,12902000.0,28400000.0,0.15,28400000.0,12902000.0,12902000.0,0.031,0.031,0.031,230735000.0,,230735000.0,,,,-286000.0,,1.0,130215000.0,0.689,34101000.0,0.0,262639000.0,,1616000.0,103997000.0,103997000.0,0.0,84018000.0,41212000.0,42806000.0,,-1216000.0,0.0,809000.0,-130000.0,0.0,679000.0,-30198000.0,-1650000.0,28262000.0,41000.0,8251000.0,8251000.0,8251000.0,0.0,0.0,0.044,119614000.0,10601000.0,9346000.0,0.0,,,62.419,60047000.0,0.0,1.935,,,99875000.0,91125000.0,189107000.0,189107000.0,35890000.0,,,,0.068,260000.0,83724000.0,1.0,,,,,280652000.0,0.0,4651000.0,26460000.0,,171204000.0
25,CERN,MRY,1995-12-31,1995-12-30,1995-12-30,2021-08-02,,,,,,,,-28096000.0,,,52270000.0,22521000.0,,,,,,,,12218000.0,,0.0,0.0,37220000.0,49438000.0,0.265,49438000.0,37220000.0,37220000.0,0.094,0.09,0.094,,,,,,,-12737000.0,,1.0,134631000.0,0.72,,0.0,,,,,,,,,,,96813000.0,0.0,109779000.0,-161000.0,0.0,109618000.0,-28126000.0,-30000.0,15359000.0,-38000.0,22521000.0,22521000.0,22521000.0,0.0,0.0,0.12,97366000.0,37265000.0,,0.0,,,27.261,,0.0,2.562,,,,,186901000.0,186901000.0,30193000.0,,,,0.199,3335000.0,67173000.0,1.0,,,,,,,14699000.0,,,
0,CERN,MRQ,2021-06-30,2021-06-30,2021-06-30,2021-08-02,-118727000.0,7721102000.0,,2540800000.0,5180302000.0,,13.389,-206914000.0,246404000.0,246404000.0,261325000.0,32707000.0,1.647,0.918,1836154000.0,225000000.0,1611154000.0,1836154000.0,429219000.0,179254000.0,0.0,0.011,0.44,47882000.0,227136000.0,0.156,227136000.0,47882000.0,47882000.0,0.11,0.11,0.11,4026484000.0,,4026484000.0,24389183035.0,27.0,15.138,162221000.0,0.539,1.0,1195430000.0,0.821,2623686000.0,0.0,5144272000.0,,20168000.0,1135838000.0,638488000.0,497350000.0,3694618000.0,1542894000.0,2151724000.0,23550942035.0,-751457000.0,-349869000.0,-289899000.0,0.0,-67783000.0,-392493000.0,-728634000.0,-163795000.0,369135000.0,535000.0,32707000.0,32707000.0,32707000.0,0.0,0.0,0.022,1145870000.0,49560000.0,332959000.0,4.0,5.849,33.494,33.835,1864283000.0,0.0,78.16,4.199,4.191,1237230000.0,6546615000.0,1456755000.0,1456755000.0,241600000.0,,,,,53941000.0,887384000.0,1.0,301317068.0,300737000.0,303591000.0,4.844,5097416000.0,0.0,15175000.0,389018000.0,16.95,997906000.0
1,CERN,MRQ,2021-03-31,2021-03-31,2021-03-31,2021-08-02,-125424000.0,7908410000.0,,3055180000.0,4853230000.0,,14.152,-159475000.0,997861000.0,997861000.0,230656000.0,172252000.0,2.088,0.834,1836102000.0,225000000.0,1611102000.0,1836102000.0,407736000.0,175313000.0,0.0,0.011,0.0,219264000.0,394577000.0,0.284,394577000.0,219264000.0,219264000.0,0.57,0.56,0.57,4312437000.0,,4312437000.0,22736888931.0,22.0,13.167,290959000.0,0.955,1.0,1157122000.0,0.834,2256924000.0,0.0,5026587000.0,,30442000.0,969066000.0,476362000.0,492704000.0,3595973000.0,1463140000.0,2132833000.0,22016434931.0,382246000.0,0.0,-305201000.0,500000000.0,-67477000.0,117115000.0,-182185000.0,-14735000.0,450434000.0,-3118000.0,172252000.0,172252000.0,172252000.0,0.0,0.0,0.124,939064000.0,218058000.0,279256000.0,0.0,5.105,27.343,27.227,1905898000.0,0.0,71.88,4.016,3.996,1175139000.0,6580612000.0,1387778000.0,1387778000.0,192327000.0,,,,,47950000.0,734541000.0,1.0,306294309.0,304731000.0,308031000.0,4.554,5651486000.0,0.0,47012000.0,372037000.0,18.546,1592040000.0
2,CERN,MRQ,2020-12-31,2020-12-31,2020-12-31,2021-08-02,-120804000.0,7521096000.0,,2650987000.0,4870109000.0,,14.63,-116495000.0,615615000.0,615615000.0,234673000.0,141505000.0,2.268,0.678,1336069000.0,0.0,1336069000.0,1336069000.0,393293000.0,178436000.0,0.0,0.01,0.22,176132000.0,354568000.0,0.254,354568000.0,176132000.0,176132000.0,0.46,0.45,0.46,4482567000.0,,4482567000.0,24978039195.0,25.0,14.79,396165000.0,1.293,1.0,1160352000.0,0.832,2253118000.0,0.0,4819806000.0,,23027000.0,952693000.0,442473000.0,510220000.0,3038529000.0,1168626000.0,1869903000.0,24061175195.0,196461000.0,-14054000.0,-56025000.0,0.0,-55184000.0,-115970000.0,-204412000.0,-65318000.0,512660000.0,4183000.0,141505000.0,141505000.0,141505000.0,0.0,0.0,0.101,982879000.0,177473000.0,235755000.0,0.478,5.368,30.844,30.898,1908619000.0,0.0,78.48,4.37,4.371,1168712000.0,6475551000.0,1395025000.0,1395025000.0,197906000.0,,,,,42949000.0,776063000.0,1.0,306589898.0,306399000.0,309172000.0,4.553,5267978000.0,0.0,34627000.0,376035000.0,17.193,1482361000.0
3,CERN,MRQ,2020-09-30,2020-09-30,2020-09-30,2021-08-02,-138015000.0,7360812000.0,,2524959000.0,4835853000.0,,14.411,-145074000.0,419154000.0,419154000.0,231889000.0,356676000.0,2.292,0.671,1336018000.0,0.0,1336018000.0,1336018000.0,320294000.0,175046000.0,0.0,0.01,0.18,459840000.0,634886000.0,0.464,634886000.0,459840000.0,459840000.0,1.17,1.16,1.17,4406287000.0,,4406287000.0,23144604322.0,23.0,13.579,236875000.0,0.775,1.0,1136784000.0,0.831,2229591000.0,0.0,4946509000.0,,15768000.0,896638000.0,473323000.0,423315000.0,2954525000.0,1101576000.0,1852949000.0,22076032322.0,149259000.0,229471000.0,45772000.0,-2500000.0,-55176000.0,-22958000.0,-211779000.0,-287134000.0,381949000.0,2047000.0,356676000.0,356676000.0,356676000.0,0.0,0.0,0.261,724964000.0,411820000.0,256449000.0,0.154,5.01,27.842,28.019,1977259000.0,0.0,72.29,3.976,3.98,1219227000.0,6402220000.0,1368673000.0,1368673000.0,186826000.0,,,,,37920000.0,742218000.0,1.0,305381551.0,305759000.0,308366000.0,4.476,5131221000.0,0.0,103164000.0,391790000.0,16.782,1423383000.0
4,CERN,MRQ,2020-06-30,2020-06-30,2020-06-30,2021-08-02,-149671000.0,6879341000.0,,2053547000.0,4825794000.0,,13.184,-194586000.0,269895000.0,269895000.0,211963000.0,134748000.0,2.04,0.712,1338467000.0,0.0,1338467000.0,1338467000.0,295711000.0,171295000.0,0.0,0.011,0.36,171530000.0,342825000.0,0.258,342825000.0,171530000.0,171530000.0,0.44,0.44,0.44,4018016000.0,,4018016000.0,21916101530.0,34.0,16.295,64004000.0,0.21,1.0,1118386000.0,0.841,2231401000.0,0.0,4709710000.0,,18525000.0,559798000.0,171123000.0,388675000.0,2861325000.0,1006802000.0,1854523000.0,20863096530.0,-15517000.0,-35022000.0,38705000.0,0.0,-55054000.0,-26608000.0,-248435000.0,-7853000.0,258590000.0,936000.0,134748000.0,134748000.0,134748000.0,0.0,0.0,0.101,971488000.0,146898000.0,261540000.0,0.818,5.192,40.263,41.048,1993418000.0,0.0,68.55,3.716,3.722,1183988000.0,6101402000.0,1330349000.0,1330349000.0,178955000.0,,,,,37549000.0,779419000.0,1.0,304348600.0,304776000.0,306717000.0,4.365,4647940000.0,0.0,36782000.0,381926000.0,15.25,1046745000.0
5,CERN,MRQ,2020-03-31,2020-03-31,2020-03-31,2021-08-02,-159363000.0,6736430000.0,,1963606000.0,4772824000.0,,12.475,-123103000.0,285412000.0,285412000.0,254416000.0,147159000.0,1.928,0.744,1338417000.0,0.0,1338417000.0,1338417000.0,316611000.0,172646000.0,0.0,0.009,0.0,183971000.0,356617000.0,0.253,356617000.0,183971000.0,183971000.0,0.48,0.47,0.48,3863079000.0,,3863079000.0,20245494219.0,32.0,15.268,160403000.0,0.518,1.0,1157325000.0,0.82,2185480000.0,0.0,4585469000.0,,23457000.0,525156000.0,113363000.0,411793000.0,2873351000.0,1018486000.0,1854865000.0,19648955219.0,-156431000.0,-744000.0,-531797000.0,300000000.0,-56047000.0,-295961000.0,-136611000.0,-3082000.0,283506000.0,-7365000.0,147159000.0,147159000.0,147159000.0,0.0,0.0,0.104,978949000.0,178376000.0,295950000.0,0.0,5.086,38.498,38.644,1963233000.0,0.0,62.99,3.438,3.413,1151028000.0,6022256000.0,1411741000.0,1411741000.0,185320000.0,,,,,35031000.0,776501000.0,1.0,311937692.0,309657000.0,312240000.0,4.559,4550950000.0,0.0,36812000.0,378530000.0,14.697,945120000.0
6,CERN,MRQ,2019-12-31,2019-12-28,2019-12-28,2021-08-02,-118660000.0,6894622000.0,,2096624000.0,4797998000.0,,13.834,-145517000.0,441843000.0,441843000.0,277386000.0,154331000.0,2.041,0.597,1038382000.0,0.0,1038382000.0,1038382000.0,360025000.0,178407000.0,0.0,0.007,0.18,191701000.0,370108000.0,0.257,370108000.0,191701000.0,191701000.0,0.49,0.49,0.49,4317328000.0,,4317328000.0,23559195205.0,36.0,17.549,292058000.0,0.936,1.0,1164846000.0,0.808,2187456000.0,0.0,4276257000.0,,23182000.0,519350000.0,99931000.0,419419000.0,2577294000.0,1027448000.0,1549846000.0,23017058205.0,-54587000.0,-74539000.0,-230438000.0,0.0,-56530000.0,-288575000.0,-204021000.0,25828000.0,437575000.0,434000.0,154331000.0,154331000.0,154331000.0,0.0,0.0,0.107,982015000.0,182831000.0,273440000.0,0.367,5.331,43.473,44.145,1981927000.0,0.0,73.28,4.043,4.097,1139595000.0,5934909000.0,1442232000.0,1442232000.0,188202000.0,,,,,30220000.0,770805000.0,1.0,314097410.0,312070000.0,314857000.0,4.622,4707166000.0,0.0,37370000.0,377657000.0,15.084,1069176000.0
7,CERN,MRQ,2019-09-30,2019-09-28,2019-09-28,2021-08-02,-128550000.0,6937430000.0,,2213078000.0,4724352000.0,,13.965,-177096000.0,496430000.0,496430000.0,271778000.0,81935000.0,2.21,0.573,1038567000.0,0.0,1038567000.0,1038567000.0,308444000.0,173073000.0,0.0,0.005,0.18,102312000.0,275385000.0,0.193,275385000.0,102312000.0,102312000.0,0.26,0.26,0.26,4411267000.0,,4411267000.0,22104200293.0,35.0,16.835,174352000.0,0.552,1.0,1157650000.0,0.81,2127472000.0,0.0,4350499000.0,,23155000.0,539701000.0,136266000.0,403435000.0,2526163000.0,1001596000.0,1524567000.0,21768594293.0,-206494000.0,0.0,-336526000.0,0.0,-57293000.0,-407953000.0,-145100000.0,40333000.0,351448000.0,-4889000.0,81935000.0,81935000.0,81935000.0,0.0,0.0,0.057,1068873000.0,88777000.0,275916000.0,0.692,4.935,42.983,43.548,1987670000.0,0.0,68.37,3.876,3.845,1154980000.0,5836984000.0,1429428000.0,1429428000.0,187526000.0,,,,,30537000.0,860064000.0,1.0,318393949.0,315876000.0,319113000.0,4.525,4809958000.0,0.0,20377000.0,353711000.0,15.227,1211482000.0
8,CERN,MRQ,2019-06-30,2019-06-29,2019-06-29,2021-08-02,-112848000.0,7276309000.0,,2602470000.0,4673839000.0,,14.683,-228964000.0,702924000.0,702924000.0,268673000.0,126969000.0,2.523,0.542,1038530000.0,0.0,1038530000.0,1038530000.0,320916000.0,169815000.0,0.0,0.002,0.18,154123000.0,323938000.0,0.226,323938000.0,154123000.0,154123000.0,0.4,0.39,0.4,4717269000.0,,4717269000.0,23788991614.0,32.0,16.838,-22154000.0,-0.069,1.0,1162388000.0,0.812,2146045000.0,0.0,4434504000.0,,23163000.0,571211000.0,250595000.0,320616000.0,2559040000.0,1031366000.0,1527674000.0,23853329614.0,199763000.0,0.0,-490281000.0,600000000.0,0.0,102139000.0,-107632000.0,129795000.0,206810000.0,-1554000.0,126969000.0,126969000.0,126969000.0,0.0,0.0,0.089,1031271000.0,131117000.0,328405000.0,0.45,5.057,40.165,40.275,1998244000.0,0.0,73.3,4.316,4.261,1228985000.0,5812031000.0,1431061000.0,1431061000.0,181047000.0,,,,,23024000.0,828683000.0,1.0,325420595.0,321280000.0,324662000.0,4.454,5130264000.0,0.0,27154000.0,347658000.0,15.968,1571104000.0
9,CERN,MRQ,2019-03-31,2019-03-30,2019-03-30,2021-08-02,-100594000.0,6998512000.0,,2423806000.0,4574706000.0,,15.803,-193812000.0,503161000.0,503161000.0,253204000.0,166219000.0,2.577,0.364,438823000.0,0.0,438823000.0,438823000.0,337811000.0,166671000.0,0.0,0.0,0.0,206376000.0,373047000.0,0.268,373047000.0,206376000.0,206376000.0,0.51,0.51,0.51,5129149000.0,,5129149000.0,18626277547.0,23.0,12.724,123454000.0,0.38,1.0,1136673000.0,0.818,2147017000.0,0.0,3846533000.0,,24104000.0,684105000.0,400509000.0,283596000.0,1869363000.0,940624000.0,928739000.0,18556687547.0,129035000.0,0.0,-5261000.0,0.0,0.0,-6991000.0,-183655000.0,19151000.0,317266000.0,2415000.0,166219000.0,166219000.0,166219000.0,0.0,0.0,0.12,938729000.0,197944000.0,290947000.0,0.0,3.618,29.164,29.642,1924253000.0,0.0,57.21,3.397,3.399,1159215000.0,5742744000.0,1389877000.0,1389877000.0,180361000.0,,,,,19860000.0,736383000.0,1.0,324360908.0,324573000.0,327003000.0,4.282,4851495000.0,0.0,40157000.0,343788000.0,14.947,1483182000.0
10,CERN,MRQ,2018-12-31,2018-12-29,2018-12-29,2021-08-02,-103552000.0,6708636000.0,,2318804000.0,4389832000.0,,15.027,-205548000.0,374126000.0,374126000.0,236955000.0,131320000.0,2.409,0.361,443716000.0,4914000.0,438802000.0,443716000.0,399189000.0,168843000.0,0.0,0.0,0.0,171789000.0,340632000.0,0.249,340632000.0,171789000.0,171789000.0,0.4,0.4,0.4,4928389000.0,,4928389000.0,17079170651.0,21.0,11.832,201341000.0,0.614,1.0,1128709000.0,0.826,2147361000.0,0.0,3668175000.0,,25029000.0,701331000.0,401285000.0,300046000.0,1780247000.0,962690000.0,817557000.0,17136685651.0,-124488000.0,0.0,-268569000.0,0.0,0.0,-264083000.0,-266843000.0,-48780000.0,406889000.0,-451000.0,131320000.0,131320000.0,131320000.0,0.0,0.0,0.096,964582000.0,164127000.0,293534000.0,0.0,3.477,27.199,27.23,1743575000.0,0.0,52.01,3.193,3.199,1183494000.0,5576525000.0,1365664000.0,1365664000.0,181471000.0,,,,,21075000.0,761619000.0,1.0,329488284.0,327969000.0,330809000.0,4.164,4561275000.0,0.0,40469000.0,336379000.0,13.908,1356114000.0
11,CERN,MRQ,2018-09-30,2018-09-29,2018-09-29,2021-08-02,-101009000.0,6785400000.0,,2386810000.0,4398590000.0,,15.381,-183128000.0,498614000.0,498614000.0,230332000.0,169381000.0,2.631,0.339,441099000.0,2318000.0,438781000.0,441099000.0,357095000.0,161103000.0,0.0,0.0,0.0,214099000.0,375202000.0,0.28,375202000.0,214099000.0,214099000.0,0.51,0.51,0.51,5065730000.0,,5065730000.0,21121118536.0,25.0,14.272,155326000.0,0.472,1.0,1109741000.0,0.828,2151036000.0,0.0,3669824000.0,,24744000.0,653165000.0,314932000.0,338233000.0,1719670000.0,907025000.0,812645000.0,21191171536.0,-12354000.0,0.0,3072000.0,0.0,0.0,4576000.0,-350912000.0,-159853000.0,338454000.0,-4472000.0,169381000.0,169381000.0,169381000.0,0.0,0.0,0.126,902585000.0,207156000.0,258431000.0,0.0,4.183,25.367,25.56,1697249000.0,0.0,64.41,3.987,3.992,1210616000.0,5445205000.0,1340073000.0,1340073000.0,172297000.0,,,,,25209000.0,708735000.0,1.0,329004371.0,329342000.0,332937000.0,4.069,4634364000.0,0.0,44718000.0,369547000.0,14.072,1479785000.0
12,CERN,MRQ,2018-06-30,2018-06-30,2018-06-30,2021-08-02,-92655000.0,6528999000.0,,2379392000.0,4149607000.0,,14.775,-178632000.0,510968000.0,510968000.0,238783000.0,169357000.0,2.847,0.338,440915000.0,2155000.0,438760000.0,440915000.0,282985000.0,160053000.0,0.0,0.0,0.0,214884000.0,374937000.0,0.274,374937000.0,214884000.0,214884000.0,0.51,0.51,0.51,4878854000.0,,4878854000.0,19871350094.0,22.0,13.234,121069000.0,0.367,1.0,1128944000.0,0.825,2156738000.0,0.0,3466521000.0,,15345000.0,492882000.0,374596000.0,118286000.0,1650145000.0,835687000.0,814458000.0,19839172094.0,97569000.0,0.0,-188693000.0,0.0,0.0,-195969000.0,316000.0,186849000.0,299701000.0,-6479000.0,169357000.0,169357000.0,169357000.0,0.0,0.0,0.124,920657000.0,208287000.0,284203000.0,0.0,4.066,23.522,23.539,1666309000.0,0.0,59.79,3.779,3.76,1151860000.0,5275824000.0,1367727000.0,1367727000.0,168278000.0,,,,,24204000.0,730569000.0,1.0,331814218.0,330206000.0,333562000.0,4.142,4372261000.0,0.0,45527000.0,371381000.0,13.241,1543705000.0
13,CERN,MRQ,2018-03-31,2018-03-31,2018-03-31,2021-08-02,-71486000.0,6511638000.0,,2365215000.0,4146423000.0,,14.743,-153313000.0,413399000.0,413399000.0,231278000.0,160001000.0,2.946,0.329,445577000.0,6804000.0,438773000.0,445577000.0,317906000.0,152592000.0,0.0,0.0,0.0,200079000.0,352671000.0,0.273,352671000.0,200079000.0,200079000.0,0.48,0.48,0.48,4900494000.0,,4900494000.0,19446436734.0,21.0,12.771,255652000.0,0.769,1.0,1061583000.0,0.821,2162382000.0,0.0,3578492000.0,,14301000.0,679972000.0,507965000.0,172007000.0,1611144000.0,802942000.0,808202000.0,19290644734.0,42476000.0,0.0,-77588000.0,-75000000.0,0.0,-154311000.0,-211498000.0,-49713000.0,408965000.0,-680000.0,160001000.0,160001000.0,160001000.0,0.0,0.0,0.124,866368000.0,195215000.0,210046000.0,0.0,3.936,22.595,22.568,1600876000.0,0.0,58.0,3.728,3.726,1040741000.0,5106467000.0,1292861000.0,1292861000.0,161617000.0,,,,,24935000.0,682242000.0,1.0,332597323.0,332395000.0,336534000.0,3.89,4349256000.0,0.0,40078000.0,362538000.0,13.085,1562273000.0
14,CERN,MRQ,2017-12-31,2017-12-30,2017-12-30,2021-08-02,-73382000.0,6469311000.0,,2380227000.0,4089084000.0,,14.434,-163826000.0,370923000.0,370923000.0,229131000.0,336658000.0,3.014,0.352,526715000.0,11585000.0,515130000.0,526715000.0,311337000.0,155482000.0,0.0,0.0,0.0,221655000.0,377137000.0,0.287,377137000.0,221655000.0,221655000.0,1.02,1.0,1.02,4785348000.0,,4785348000.0,22363389841.0,23.0,14.448,185084000.0,0.558,1.0,1084654000.0,0.826,2154917000.0,0.0,3680591000.0,,15749000.0,631681000.0,434844000.0,196837000.0,1683963000.0,789595000.0,894368000.0,22401439841.0,-202131000.0,0.0,-135028000.0,0.0,0.0,-138623000.0,-412162000.0,-240876000.0,348910000.0,-256000.0,336658000.0,336658000.0,336658000.0,0.0,0.0,0.256,865603000.0,219051000.0,218996000.0,0.0,4.681,25.839,25.721,1603319000.0,0.0,67.39,4.356,4.343,1042781000.0,4938866000.0,1313785000.0,1313785000.0,162476000.0,,,,,23802000.0,680677000.0,1.0,332414896.0,331535000.0,338158000.0,3.963,4314394000.0,0.0,-115003000.0,336446000.0,13.013,1590632000.0
15,CERN,MRQ,2017-09-30,2017-09-30,2017-09-30,2021-08-02,-72741000.0,6232256000.0,,2231504000.0,4000752000.0,,13.747,-140067000.0,573054000.0,573054000.0,202904000.0,177424000.0,2.766,0.366,535004000.0,13988000.0,521016000.0,535004000.0,340654000.0,146352000.0,0.0,0.0,0.0,250415000.0,396767000.0,0.311,396767000.0,250415000.0,250415000.0,0.53,0.52,0.53,4564003000.0,,4564003000.0,23731457102.0,25.0,15.62,222870000.0,0.671,1.0,1073103000.0,0.841,2156134000.0,0.0,3231207000.0,,15687000.0,391397000.0,278996000.0,112401000.0,1668253000.0,806865000.0,861388000.0,23648472102.0,112624000.0,0.0,6000.0,0.0,0.0,-11000.0,-252186000.0,-103969000.0,362937000.0,1884000.0,177424000.0,177424000.0,177424000.0,0.0,0.0,0.139,825197000.0,247906000.0,204323000.0,0.0,5.182,34.777,35.133,1587035000.0,0.0,71.32,4.649,4.655,1020707000.0,4602208000.0,1276007000.0,1276007000.0,153834000.0,,,,,19858000.0,648799000.0,1.0,331582615.0,331993000.0,338780000.0,3.843,4076122000.0,0.0,72991000.0,327340000.0,12.278,1424639000.0
16,CERN,MRQ,2017-06-30,2017-07-01,2017-07-01,2021-08-02,-83545000.0,6058641000.0,,2012226000.0,4046415000.0,,13.156,-173181000.0,460430000.0,460430000.0,223063000.0,179683000.0,2.391,0.391,543415000.0,18494000.0,524921000.0,543415000.0,339236000.0,144056000.0,0.0,0.0,0.0,252049000.0,396105000.0,0.307,396105000.0,252049000.0,252049000.0,0.54,0.53,0.54,4355503000.0,,4355503000.0,22135326843.0,23.0,14.84,119062000.0,0.36,1.0,1068931000.0,0.827,2156807000.0,0.0,3143110000.0,,14550000.0,287438000.0,176563000.0,110875000.0,1703138000.0,841709000.0,861429000.0,21963633843.0,81978000.0,0.0,27610000.0,0.0,0.0,23281000.0,-237651000.0,-56819000.0,292243000.0,4105000.0,179683000.0,179683000.0,179683000.0,0.0,0.0,0.139,819543000.0,249388000.0,259092000.0,0.0,5.043,32.656,33.235,1593999000.0,0.0,66.47,4.397,4.406,1036980000.0,4424784000.0,1291994000.0,1291994000.0,142835000.0,,,,,21859000.0,654020000.0,1.0,330429274.0,331056000.0,337898000.0,3.903,3901834000.0,0.0,72366000.0,323062000.0,11.786,1170517000.0
17,CERN,MRQ,2017-03-31,2017-04-01,2017-04-01,2021-08-02,-99649000.0,5803208000.0,,1826110000.0,3977098000.0,,12.464,-159157000.0,378452000.0,378452000.0,198993000.0,173213000.0,2.191,0.411,550145000.0,17398000.0,532747000.0,550145000.0,350580000.0,134833000.0,0.0,0.0,0.0,243010000.0,377843000.0,0.3,377843000.0,243010000.0,243010000.0,0.52,0.52,0.52,4112876000.0,,4112876000.0,19796880634.0,21.0,13.52,144428000.0,0.438,1.0,1061493000.0,0.842,2140262000.0,0.0,3001100000.0,,19013000.0,230664000.0,153458000.0,77206000.0,1690332000.0,833539000.0,856793000.0,19403992634.0,207591000.0,0.0,10683000.0,0.0,0.0,4369000.0,-103852000.0,61690000.0,303585000.0,3489000.0,173213000.0,173213000.0,173213000.0,0.0,0.0,0.137,817367000.0,244126000.0,207001000.0,0.0,4.718,29.43,30.179,1569023000.0,0.0,58.85,3.945,3.948,986354000.0,4245101000.0,1260486000.0,1260486000.0,145901000.0,,,,,17500000.0,648592000.0,1.0,329719501.0,329973000.0,336190000.0,3.82,3662946000.0,0.0,69797000.0,311540000.0,11.101,992571000.0
18,CERN,MRQ,2016-12-31,2016-12-31,2016-12-31,2021-08-02,-110165000.0,5629963000.0,,1619361000.0,4010602000.0,,11.727,-196459000.0,170861000.0,170861000.0,214997000.0,149691000.0,1.915,0.433,563749000.0,26197000.0,537552000.0,563749000.0,324639000.0,132851000.0,0.0,0.0,0.0,215715000.0,348566000.0,0.277,348566000.0,215715000.0,215715000.0,0.44,0.44,0.44,3927947000.0,,3927947000.0,16222983010.0,18.0,11.403,141480000.0,0.422,1.0,1042822000.0,0.829,2129456000.0,0.0,3047994000.0,,14740000.0,294962000.0,185588000.0,109374000.0,1702016000.0,845401000.0,856615000.0,16081941010.0,-260636000.0,0.0,-496892000.0,0.0,0.0,-496892000.0,-94179000.0,107530000.0,337939000.0,-7504000.0,149691000.0,149691000.0,149691000.0,0.0,0.0,0.119,830794000.0,212028000.0,238134000.0,0.0,4.094,25.267,25.197,1552524000.0,0.0,47.37,3.353,3.336,944943000.0,4094327000.0,1257819000.0,1257819000.0,145967000.0,,,,,17640000.0,662385000.0,1.0,339496327.0,334935000.0,339861000.0,3.755,3500507000.0,0.0,66024000.0,306263000.0,10.451,773960000.0
19,CERN,MRQ,2016-09-30,2016-10-01,2016-10-01,2021-08-02,-84747000.0,5948527000.0,,1998315000.0,3950212000.0,,12.631,-183894000.0,431497000.0,431497000.0,182970000.0,169979000.0,2.413,0.39,572539000.0,36619000.0,535920000.0,572539000.0,322456000.0,127289000.0,0.0,0.0,0.0,241808000.0,369097000.0,0.312,369097000.0,241808000.0,241808000.0,0.5,0.49,0.5,4278035000.0,,4278035000.0,21060547299.0,23.0,14.777,127170000.0,0.375,1.0,1001587000.0,0.846,2130871000.0,0.0,3130638000.0,,19705000.0,405044000.0,261185000.0,143859000.0,1670492000.0,828060000.0,842432000.0,20853547299.0,53915000.0,0.0,35544000.0,0.0,0.0,591000.0,-257614000.0,-67859000.0,311064000.0,-126000.0,169979000.0,169979000.0,169979000.0,0.0,0.0,0.143,759362000.0,242225000.0,219531000.0,0.0,4.875,31.94,32.33,1476126000.0,0.0,61.75,4.424,4.437,985164000.0,3944636000.0,1184557000.0,1184557000.0,136755000.0,,,,,18942000.0,599742000.0,1.0,337709268.0,338684000.0,344817000.0,3.498,3817656000.0,0.0,71829000.0,292769000.0,11.272,1170255000.0
20,CERN,MRQ,2016-06-30,2016-07-02,2016-07-02,2021-08-02,-82354000.0,5779551000.0,,1933708000.0,3845843000.0,,12.003,-198079000.0,377582000.0,377582000.0,205556000.0,166454000.0,2.372,0.426,584582000.0,38408000.0,546174000.0,584582000.0,311798000.0,124970000.0,0.0,0.0,0.0,243782000.0,368752000.0,0.303,368752000.0,243782000.0,243782000.0,0.49,0.48,0.49,4053976000.0,,4053976000.0,20216253252.0,22.0,14.572,62350000.0,0.185,1.0,1010406000.0,0.831,2113874000.0,0.0,3057584000.0,,16694000.0,342239000.0,252309000.0,89930000.0,1725575000.0,815093000.0,910482000.0,19916400252.0,81993000.0,0.0,-35498000.0,0.0,0.0,-40322000.0,-134427000.0,67421000.0,260429000.0,-3687000.0,166454000.0,166454000.0,166454000.0,0.0,0.0,0.137,769094000.0,241312000.0,242122000.0,0.0,4.913,31.603,32.016,1437825000.0,0.0,58.91,4.276,4.272,983310000.0,3774657000.0,1215962000.0,1215962000.0,135164000.0,,,,,20143000.0,610292000.0,1.0,338081824.0,337759000.0,344026000.0,3.6,3665677000.0,0.0,77328000.0,352260000.0,10.853,1118615000.0
21,CERN,MRQ,2016-03-31,2016-04-02,2016-04-02,2021-08-02,-67684000.0,5594492000.0,,1728638000.0,3865854000.0,,11.535,-174691000.0,295589000.0,295589000.0,175593000.0,150360000.0,2.228,0.429,595442000.0,41762000.0,553680000.0,595442000.0,291968000.0,119126000.0,0.0,0.0,0.0,217129000.0,336255000.0,0.295,336255000.0,217129000.0,217129000.0,0.44,0.43,0.44,3916327000.0,,3916327000.0,18591139302.0,22.0,14.276,161514000.0,0.476,1.0,962542000.0,0.846,2095656000.0,0.0,3022757000.0,,22579000.0,411128000.0,207860000.0,203268000.0,1678165000.0,775932000.0,902233000.0,18388111302.0,-106533000.0,0.0,-139635000.0,0.0,0.0,-140054000.0,-303554000.0,-125271000.0,336205000.0,870000.0,150360000.0,150360000.0,150360000.0,0.0,0.0,0.132,747094000.0,215448000.0,209388000.0,0.0,4.695,31.77,32.19,1366479000.0,0.0,54.08,4.026,4.02,941792000.0,3608203000.0,1138135000.0,1138135000.0,133532000.0,,,,,17811000.0,591961000.0,1.0,340016851.0,339518000.0,345900000.0,3.352,3498836000.0,0.0,66769000.0,336491000.0,10.305,952706000.0
22,CERN,MRQ,2015-12-31,2016-01-02,2016-01-02,2021-08-02,-76354000.0,5561984000.0,,1827833000.0,3734151000.0,,11.353,-166705000.0,402122000.0,402122000.0,199216000.0,166108000.0,2.35,0.437,605150000.0,41797000.0,563353000.0,605150000.0,304308000.0,123150000.0,0.0,0.0,0.0,227932000.0,351082000.0,0.299,351082000.0,227932000.0,227932000.0,0.48,0.48,0.48,3870384000.0,,3870384000.0,20953353424.0,27.0,16.985,278792000.0,0.818,1.0,976078000.0,0.83,2049799000.0,0.0,2937347000.0,,15788000.0,284132000.0,111059000.0,173073000.0,1691600000.0,777866000.0,913734000.0,20584441424.0,140365000.0,-106115000.0,-193688000.0,-14325000.0,0.0,-244455000.0,-58386000.0,217774000.0,445497000.0,-2291000.0,166108000.0,166108000.0,166108000.0,0.0,0.0,0.141,748944000.0,227134000.0,215510000.0,0.0,5.318,38.164,38.325,1309214000.0,0.0,60.17,4.652,4.666,1034084000.0,3457843000.0,1175294000.0,1175294000.0,141263000.0,,,,,16795000.0,583465000.0,1.0,342104727.0,340913000.0,347959000.0,3.447,3512185000.0,0.0,61824000.0,324516000.0,10.302,1049967000.0
23,CERN,MRQ,2015-09-30,2015-10-03,2015-10-03,2021-08-02,-64642000.0,5522925000.0,,1803762000.0,3719163000.0,,11.154,-160085000.0,261757000.0,261757000.0,190583000.0,147282000.0,2.149,0.439,630669000.0,57841000.0,572828000.0,630669000.0,292368000.0,115562000.0,0.0,0.0,0.0,215671000.0,331233000.0,0.294,331233000.0,215671000.0,215671000.0,0.43,0.42,0.43,3837325000.0,,3837325000.0,21495628993.0,28.0,18.276,111435000.0,0.324,1.0,937304000.0,0.831,2037716000.0,0.0,3014786000.0,,23702000.0,503803000.0,202780000.0,301023000.0,1685600000.0,839335000.0,846265000.0,21166847993.0,-32222000.0,0.0,-184801000.0,0.0,0.0,-184802000.0,-116777000.0,54505000.0,271520000.0,-2163000.0,147282000.0,147282000.0,147282000.0,0.0,0.0,0.131,721950000.0,215354000.0,207887000.0,0.0,5.516,40.618,40.355,1187114000.0,0.0,61.34,5.069,5.053,1053134000.0,3291735000.0,1127887000.0,1127887000.0,132814000.0,,,,,18875000.0,564586000.0,1.0,345074144.0,344040000.0,351364000.0,3.278,3485209000.0,17267000.0,68389000.0,246711000.0,10.13,964427000.0
24,CERN,MRQ,2015-06-30,2015-07-04,2015-07-04,2021-08-02,-56816000.0,5484833000.0,,1883707000.0,3601126000.0,,11.218,-154667000.0,293979000.0,293979000.0,192322000.0,115038000.0,2.422,0.419,622760000.0,55448000.0,567312000.0,622760000.0,299075000.0,113068000.0,0.0,0.0,0.0,170657000.0,283725000.0,0.252,283725000.0,170657000.0,170657000.0,0.33,0.33,0.33,3863993000.0,,3863993000.0,23798315080.0,32.0,21.427,-46003000.0,-0.134,1.0,933675000.0,0.829,1978467000.0,0.0,3057296000.0,,28633000.0,562575000.0,264074000.0,298501000.0,1620840000.0,777851000.0,842989000.0,23562483080.0,-96356000.0,0.0,30931000.0,0.0,0.0,19920000.0,-224968000.0,-66702000.0,108664000.0,28000.0,115038000.0,115038000.0,115038000.0,0.0,0.0,0.102,761939000.0,171736000.0,208734000.0,0.0,6.098,46.858,46.585,1155153000.0,0.0,68.48,6.06,6.066,1003143000.0,3144453000.0,1125997000.0,1125997000.0,138451000.0,,,,,19290000.0,598980000.0,1.0,344078316.0,344431000.0,352450000.0,3.269,3506366000.0,21510000.0,55619000.0,250825000.0,10.18,1105856000.0
25,CERN,MRQ,2015-03-31,2015-04-04,2015-04-04,2021-08-02,-62220000.0,5352605000.0,,1911281000.0,3441324000.0,,10.811,-145331000.0,390335000.0,390335000.0,168660000.0,110934000.0,2.412,0.443,626167000.0,61828000.0,564339000.0,626167000.0,328707000.0,100445000.0,0.0,0.0,0.0,167120000.0,267565000.0,0.269,267565000.0,167120000.0,167120000.0,0.32,0.32,0.32,3710421000.0,,3710421000.0,24425275227.0,32.0,22.347,68916000.0,0.201,1.0,827429000.0,0.831,1964857000.0,0.0,2831281000.0,,22553000.0,498347000.0,293827000.0,204520000.0,1642184000.0,792299000.0,849885000.0,24930150227.0,-244868000.0,-1372014000.0,53976000.0,500000000.0,0.0,553184000.0,-1005812000.0,514829000.0,214247000.0,-6487000.0,110934000.0,110934000.0,110934000.0,0.0,0.0,0.111,660517000.0,166912000.0,195711000.0,0.0,6.719,48.236,47.875,1103400000.0,0.0,72.77,6.898,6.911,940571000.0,3029415000.0,996089000.0,996089000.0,127271000.0,,,,,15161000.0,514993000.0,1.0,342588295.0,343216000.0,351659000.0,2.902,3387748000.0,21533000.0,56186000.0,258746000.0,9.871,1118982000.0
26,CERN,MRQ,2014-12-31,2015-01-03,2015-01-03,2021-08-02,-44096000.0,4530565000.0,,2348786000.0,2181779000.0,,10.432,-123251000.0,635203000.0,635203000.0,172844000.0,147872000.0,3.703,0.271,130328000.0,67460000.0,62868000.0,130328000.0,220468000.0,85141000.0,0.0,0.0,0.0,208476000.0,293617000.0,0.317,293617000.0,208476000.0,208476000.0,0.44,0.42,0.44,3565968000.0,,3565968000.0,21856243897.0,28.0,20.303,100197000.0,0.293,1.0,753187000.0,0.813,867373000.0,0.0,2524002000.0,,23789000.0,1016810000.0,785663000.0,231147000.0,964597000.0,634315000.0,330282000.0,22205939897.0,138709000.0,0.0,25909000.0,-14855000.0,0.0,11054000.0,-89845000.0,36685000.0,223448000.0,-5948000.0,147872000.0,147872000.0,147872000.0,0.0,0.0,0.16,547893000.0,205294000.0,160285000.0,0.0,6.227,42.262,42.227,924260000.0,0.0,65.03,6.526,6.539,672778000.0,2918481000.0,926031000.0,926031000.0,106908000.0,,,,,15962000.0,437575000.0,1.0,341472242.0,341838000.0,350140000.0,2.709,3663192000.0,22075000.0,60604000.0,256601000.0,10.716,1714471000.0
27,CERN,MRQ,2014-09-30,2014-09-27,2014-09-27,2021-08-02,-23429000.0,4392638000.0,,2235477000.0,2157161000.0,,9.954,-112470000.0,496494000.0,496494000.0,140065000.0,129002000.0,3.331,0.293,146798000.0,60042000.0,86756000.0,146798000.0,224630000.0,75406000.0,0.0,0.0,0.0,190335000.0,265741000.0,0.316,265741000.0,190335000.0,190335000.0,0.38,0.37,0.38,3396210000.0,,3396210000.0,19844617768.0,30.0,21.033,107051000.0,0.314,1.0,700084000.0,0.833,856697000.0,0.0,2515125000.0,,28604000.0,1061640000.0,835269000.0,226371000.0,996428000.0,671120000.0,325308000.0,20004506768.0,181234000.0,0.0,10685000.0,-6000.0,0.0,62000.0,-32783000.0,82735000.0,219521000.0,-5566000.0,129002000.0,129002000.0,129002000.0,0.0,0.0,0.154,511930000.0,188154000.0,169227000.0,0.0,5.89,45.712,45.469,889487000.0,0.0,58.655,6.114,6.116,617204000.0,2770609000.0,840149000.0,840149000.0,97026000.0,,,,,15061000.0,411294000.0,1.0,341053734.0,341188000.0,349326000.0,2.462,3535941000.0,76803000.0,61333000.0,229450000.0,10.364,1564357000.0
28,CERN,MRQ,2014-06-30,2014-06-28,2014-06-28,2021-08-02,-5348000.0,4265275000.0,,1903269000.0,2362006000.0,,9.537,-104458000.0,315260000.0,315260000.0,162369000.0,129033000.0,2.83,0.308,155371000.0,59287000.0,96084000.0,155371000.0,235983000.0,71712000.0,0.0,0.0,0.0,194370000.0,266082000.0,0.312,266082000.0,194370000.0,194370000.0,0.38,0.37,0.38,3259769000.0,,3259769000.0,17545235159.0,28.0,19.118,143813000.0,0.421,1.0,689393000.0,0.809,845990000.0,0.0,2586874000.0,,31710000.0,1152495000.0,673532000.0,478963000.0,1005506000.0,672522000.0,332984000.0,17604679159.0,95332000.0,-7476000.0,-129720000.0,-3000.0,0.0,-129723000.0,-24354000.0,91469000.0,248271000.0,1138000.0,129033000.0,129033000.0,129033000.0,0.0,0.0,0.151,497760000.0,191633000.0,148854000.0,0.0,5.401,41.524,41.016,863684000.0,0.0,51.27,5.572,5.546,614930000.0,2641607000.0,851762000.0,851762000.0,97326000.0,,,,,14620000.0,397205000.0,1.0,343371936.0,341788000.0,349794000.0,2.492,3419285000.0,92763000.0,65337000.0,229083000.0,10.004,1230747000.0
29,CERN,MRQ,2014-03-31,2014-03-29,2014-03-29,2021-08-02,-10305000.0,4191348000.0,,1915181000.0,2276167000.0,,9.445,-114205000.0,219928000.0,219928000.0,129099000.0,119526000.0,3.131,0.291,160484000.0,55657000.0,104827000.0,160484000.0,240112000.0,70094000.0,0.0,0.0,0.0,180993000.0,251087000.0,0.32,251087000.0,180993000.0,180993000.0,0.35,0.34,0.35,3246397000.0,,3246397000.0,19276020178.0,32.0,21.812,41582000.0,0.121,1.0,655662000.0,0.835,812453000.0,0.0,2707784000.0,,28257000.0,1248322000.0,811327000.0,436995000.0,944951000.0,611667000.0,333284000.0,19312573178.0,17551000.0,0.0,-52545000.0,-66000.0,0.0,-1717000.0,-137585000.0,-20079000.0,155787000.0,1066000.0,119526000.0,119526000.0,119526000.0,0.0,0.0,0.152,477659000.0,178003000.0,125741000.0,0.0,5.949,47.353,46.792,845104000.0,0.0,56.15,6.404,6.4,564086000.0,2512574000.0,784761000.0,784761000.0,91545000.0,,,,,13649000.0,386114000.0,1.0,343946094.0,343701000.0,352230000.0,2.283,3378895000.0,92622000.0,61467000.0,219857000.0,9.831,1303514000.0
30,CERN,MRQ,2013-12-31,2013-12-28,2013-12-28,2021-08-02,-13429000.0,4098364000.0,,1761708000.0,2336656000.0,,9.222,-183169000.0,202377000.0,202377000.0,142116000.0,60063000.0,2.751,0.294,165824000.0,54107000.0,111717000.0,165824000.0,217905000.0,74078000.0,0.0,0.0,0.0,86505000.0,160583000.0,0.202,160583000.0,86505000.0,86505000.0,0.18,0.17,0.18,3167664000.0,,3167664000.0,18973935205.0,32.0,22.281,-41689000.0,-0.121,1.0,653212000.0,0.821,798631000.0,0.0,2622748000.0,,32299000.0,1231877000.0,677004000.0,554873000.0,930700000.0,640432000.0,290268000.0,19078553205.0,-85143000.0,0.0,18007000.0,-14944000.0,0.0,3063000.0,-229485000.0,-29308000.0,141480000.0,-201000.0,60063000.0,60063000.0,60063000.0,0.0,0.0,0.076,569463000.0,83749000.0,145019000.0,0.0,6.023,47.893,47.914,792781000.0,0.0,55.58,6.555,6.562,582926000.0,2393048000.0,795328000.0,795328000.0,92443000.0,,,,,12645000.0,464226000.0,1.0,343262922.0,343501000.0,352128000.0,2.315,3299733000.0,91614000.0,26442000.0,170392000.0,9.606,1121276000.0
31,CERN,MRQ,2013-09-30,2013-09-28,2013-09-28,2021-08-02,-12924000.0,3966370000.0,,1701094000.0,2265276000.0,,8.972,-131463000.0,287520000.0,287520000.0,119577000.0,115344000.0,2.911,0.289,182902000.0,51872000.0,131030000.0,182902000.0,205723000.0,67228000.0,0.0,0.0,0.0,172747000.0,239975000.0,0.33,239975000.0,172747000.0,172747000.0,0.34,0.33,0.34,3077390000.0,,3077390000.0,17962054772.0,27.0,19.546,32767000.0,0.096,1.0,608253000.0,0.836,771611000.0,0.0,2505701000.0,,28234000.0,1211801000.0,634308000.0,577493000.0,888980000.0,584440000.0,304540000.0,18050919772.0,16756000.0,-75000.0,-13578000.0,-6000.0,0.0,-9236000.0,-138754000.0,-3191000.0,164230000.0,516000.0,115344000.0,115344000.0,115344000.0,0.0,0.0,0.158,439015000.0,169238000.0,147016000.0,0.0,5.866,40.104,40.16,724886000.0,0.0,52.61,6.388,6.386,529303000.0,2332985000.0,727830000.0,727830000.0,82998000.0,,,,,12527000.0,356017000.0,1.0,343108150.0,342992000.0,351449000.0,2.122,3194759000.0,40521000.0,57403000.0,162987000.0,9.314,1116654000.0
32,CERN,MRQ,2013-06-30,2013-06-29,2013-06-29,2021-08-02,-24320000.0,3843941000.0,,1713296000.0,2130645000.0,,8.583,-129109000.0,270764000.0,270764000.0,125800000.0,112907000.0,2.83,0.303,181899000.0,48928000.0,132971000.0,181899000.0,187721000.0,62891000.0,0.0,0.0,0.0,169189000.0,232080000.0,0.328,232080000.0,169189000.0,169189000.0,0.33,0.32,0.33,2951007000.0,,2951007000.0,16416811429.0,25.0,18.526,47398000.0,0.138,1.0,581761000.0,0.822,750929000.0,0.0,2398707000.0,,23835000.0,1212516000.0,698754000.0,513762000.0,892934000.0,605440000.0,287494000.0,16515894429.0,-10694000.0,0.0,-56785000.0,0.0,0.0,-56785000.0,-128690000.0,12884000.0,176507000.0,-1726000.0,112907000.0,112907000.0,112907000.0,0.0,0.0,0.16,415305000.0,166456000.0,169735000.0,0.0,5.597,38.086,38.131,674626000.0,0.0,48.045,5.953,5.954,527896000.0,2217641000.0,707561000.0,707561000.0,82282000.0,,,,,10529000.0,333023000.0,1.0,343758860.0,343800000.0,352485000.0,2.058,3093012000.0,39304000.0,56282000.0,145984000.0,8.997,1107856000.0
33,CERN,MRQ,2013-03-31,2013-03-30,2013-03-30,2021-08-02,-14287000.0,3765149000.0,,1727560000.0,2037589000.0,,8.426,-83785000.0,281458000.0,281458000.0,127229000.0,110040000.0,3.018,0.299,182375000.0,46905000.0,135470000.0,182375000.0,203299000.0,59341000.0,0.0,0.0,0.0,159613000.0,218954000.0,0.322,218954000.0,159613000.0,159613000.0,0.32,0.31,0.32,2899240000.0,,2899240000.0,16193980003.0,26.0,19.133,129863000.0,0.377,1.0,552800000.0,0.813,736864000.0,0.0,2356779000.0,,22106000.0,1239551000.0,723693000.0,515858000.0,865909000.0,572423000.0,293486000.0,16314961003.0,-35662000.0,-67802000.0,-46356000.0,-9750000.0,0.0,-56431000.0,-191500000.0,-16606000.0,213648000.0,-1379000.0,110040000.0,110040000.0,110040000.0,0.0,0.0,0.162,396231000.0,156569000.0,148877000.0,0.0,5.627,38.978,38.828,606449000.0,0.0,47.37,6.033,6.027,512078000.0,2104734000.0,680029000.0,680029000.0,81063000.0,,,,,10594000.0,315168000.0,1.0,344415474.0,344063000.0,352825000.0,1.976,3028285000.0,38819000.0,49573000.0,148686000.0,8.802,1155137000.0
34,CERN,MRQ,2012-12-31,2012-12-29,2012-12-29,2021-08-02,-5255000.0,3704468000.0,,1790506000.0,1913962000.0,,8.247,-81146000.0,317120000.0,317120000.0,153111000.0,111808000.0,3.086,0.307,196139000.0,59582000.0,136557000.0,196139000.0,200589000.0,60244000.0,0.0,0.0,0.0,167701000.0,227945000.0,0.321,227945000.0,167701000.0,167701000.0,0.32,0.32,0.32,2833650000.0,,2833650000.0,12961156152.0,22.0,15.996,99408000.0,0.289,1.0,557273000.0,0.784,646968000.0,0.0,2356407000.0,,23681000.0,1229132000.0,719665000.0,509467000.0,870818000.0,580112000.0,290706000.0,13052600152.0,29019000.0,-40540000.0,18984000.0,-15311000.0,0.0,3673000.0,-155507000.0,-18163000.0,180554000.0,299000.0,111808000.0,111808000.0,111808000.0,0.0,0.0,0.157,396829000.0,160444000.0,141212000.0,0.0,4.606,32.859,32.793,569708000.0,0.0,38.04,4.897,4.879,577848000.0,1994694000.0,710384000.0,710384000.0,78624000.0,,,,,9809000.0,318205000.0,1.0,343128290.0,343583000.0,352477000.0,2.068,3057500000.0,38620000.0,55893000.0,143212000.0,8.899,1210394000.0
35,CERN,MRQ,2012-09-30,2012-09-29,2012-09-29,2021-08-02,-6174000.0,3470456000.0,,1745780000.0,1724676000.0,,7.873,-77461000.0,288101000.0,288101000.0,149578000.0,98887000.0,3.52,0.287,196657000.0,54979000.0,141678000.0,196657000.0,193724000.0,56121000.0,0.0,0.0,0.0,151047000.0,207168000.0,0.306,207168000.0,151047000.0,151047000.0,0.29,0.28,0.29,2696557000.0,,2696557000.0,13120462316.0,23.0,16.864,104752000.0,0.306,1.0,526904000.0,0.779,539146000.0,0.0,2343859000.0,,24308000.0,1213894000.0,750895000.0,462999000.0,773779000.0,496007000.0,277772000.0,13247170316.0,-14687000.0,0.0,12388000.0,-334000.0,0.0,8654000.0,-207078000.0,-127991000.0,182213000.0,1524000.0,98887000.0,98887000.0,98887000.0,0.0,0.0,0.146,379208000.0,147696000.0,134775000.0,0.0,4.913,35.174,34.86,551663000.0,0.0,38.694,5.153,5.155,542415000.0,1882886000.0,676482000.0,676482000.0,78094000.0,,,,,9721000.0,301114000.0,1.0,342355894.0,342502000.0,351739000.0,1.975,2931310000.0,11520000.0,52160000.0,122153000.0,8.559,1249773000.0
36,CERN,MRQ,2012-06-30,2012-06-30,2012-06-30,2021-08-02,-12932000.0,3299044000.0,,1660781000.0,1638263000.0,,7.523,-75568000.0,302788000.0,302788000.0,147500000.0,97829000.0,3.571,0.284,176080000.0,50129000.0,125951000.0,176080000.0,175063000.0,53426000.0,0.0,0.0,0.0,138897000.0,192323000.0,0.302,192323000.0,138897000.0,138897000.0,0.29,0.28,0.29,2568400000.0,,2568400000.0,13961387235.0,26.0,18.66,107271000.0,0.314,1.0,489858000.0,0.769,537126000.0,0.0,2170084000.0,,22521000.0,1089458000.0,677214000.0,412244000.0,730524000.0,465126000.0,265398000.0,14089951235.0,21590000.0,0.0,27864000.0,-468000.0,0.0,27396000.0,-186603000.0,-108348000.0,182839000.0,-2042000.0,97829000.0,97829000.0,97829000.0,0.0,0.0,0.153,353775000.0,136083000.0,123869000.0,0.0,5.486,39.516,39.175,534611000.0,0.0,41.33,5.714,5.723,492529000.0,1783999000.0,637358000.0,637358000.0,73507000.0,,,,,8252000.0,280268000.0,1.0,340913410.0,341426000.0,351268000.0,1.867,2761918000.0,47425000.0,41068000.0,127876000.0,8.089,1195655000.0
37,CERN,MRQ,2012-03-31,2012-03-31,2012-03-31,2021-08-02,-3999000.0,3139559000.0,,1591471000.0,1548088000.0,,7.189,-49443000.0,281198000.0,281198000.0,158008000.0,88708000.0,3.588,0.285,152634000.0,44778000.0,107856000.0,152634000.0,176985000.0,52789000.0,0.0,0.0,0.0,130063000.0,182852000.0,0.285,182852000.0,130063000.0,130063000.0,0.26,0.255,0.26,2443732000.0,,2443732000.0,12806458316.0,25.0,17.805,113265000.0,0.333,1.0,483204000.0,0.754,537553000.0,0.0,2029922000.0,,14141000.0,987683000.0,612644000.0,375039000.0,695707000.0,443520000.0,252187000.0,12923061316.0,38052000.0,0.0,27281000.0,-970000.0,0.0,26311000.0,-152443000.0,-100101000.0,162708000.0,1476000.0,88708000.0,88708000.0,88708000.0,0.0,0.0,0.138,355765000.0,127439000.0,113568000.0,0.0,5.288,39.069,38.857,495918000.0,0.0,38.08,5.493,5.502,535504000.0,1686170000.0,641212000.0,641212000.0,71145000.0,,,,,8331000.0,284620000.0,1.0,339366106.0,339936000.0,350054000.0,1.886,2602006000.0,47420000.0,41355000.0,132192000.0,7.654,1147951000.0
38,CERN,MRQ,2011-12-31,2011-12-31,2011-12-31,2021-08-02,-11967000.0,3000358000.0,,1502313000.0,1498045000.0,,6.816,-50308000.0,243146000.0,243146000.0,132046000.0,91192000.0,3.424,0.298,126543000.0,39722000.0,86821000.0,126543000.0,166926000.0,55715000.0,0.0,0.0,0.0,139964000.0,195679000.0,0.318,195679000.0,139964000.0,139964000.0,0.27,0.26,0.27,2310681000.0,,2310681000.0,10278753108.0,22.0,15.066,118181000.0,0.349,1.0,483580000.0,0.786,535942000.0,0.0,1909093000.0,,23296000.0,890959000.0,531635000.0,359324000.0,689557000.0,438720000.0,250837000.0,10376106108.0,11952000.0,-37272000.0,4861000.0,-24986000.0,0.0,-20125000.0,-135457000.0,-35652000.0,168489000.0,-955000.0,91192000.0,91192000.0,91192000.0,0.0,0.0,0.148,345846000.0,137734000.0,85545000.0,0.0,4.49,33.84,33.654,488996000.0,0.0,30.625,4.71,4.688,563209000.0,1597462000.0,615626000.0,615626000.0,73323000.0,,,,,7556000.0,272523000.0,1.0,338811628.0,339010000.0,349000000.0,1.816,2464416000.0,46795000.0,48772000.0,150229000.0,7.269,1063593000.0
39,CERN,MRQ,2011-09-30,2011-10-01,2011-10-01,2021-08-02,-11656000.0,2843568000.0,,1423132000.0,1420436000.0,,6.525,-44697000.0,231194000.0,231194000.0,120464000.0,78835000.0,3.77,0.288,133841000.0,34560000.0,99281000.0,133841000.0,149837000.0,54171000.0,0.0,0.0,0.0,123167000.0,177338000.0,0.31,177338000.0,123167000.0,123167000.0,0.235,0.225,0.235,2207234000.0,,2207234000.0,11484121413.0,26.0,17.846,84480000.0,0.25,1.0,451176000.0,0.789,490217000.0,0.0,1878496000.0,,12286000.0,858776000.0,524011000.0,334765000.0,636214000.0,377502000.0,258712000.0,11583486413.0,17138000.0,0.0,13930000.0,-261000.0,0.0,13669000.0,-122058000.0,-74064000.0,129177000.0,-3650000.0,78835000.0,78835000.0,78835000.0,0.0,0.0,0.138,330784000.0,120392000.0,79345000.0,0.0,5.248,40.492,40.07,493594000.0,0.0,34.26,5.548,5.551,548048000.0,1506270000.0,571640000.0,571640000.0,72544000.0,,,,,7232000.0,258240000.0,1.0,338105266.0,338280000.0,348566000.0,1.69,2353351000.0,10560000.0,44332000.0,147518000.0,6.957,1045630000.0
40,CERN,MRQ,2011-06-30,2011-07-02,2011-07-02,2021-08-02,11702000.0,2720807000.0,,1313322000.0,1407485000.0,,6.328,-50894000.0,214056000.0,214056000.0,98482000.0,72044000.0,3.742,0.277,114691000.0,29820000.0,84871000.0,114691000.0,146667000.0,52530000.0,0.0,0.0,0.0,110853000.0,163383000.0,0.312,163383000.0,110853000.0,110853000.0,0.215,0.21,0.215,2130016000.0,,2130016000.0,10436860614.0,26.0,17.118,71233000.0,0.212,1.0,425741000.0,0.812,493049000.0,0.0,1777442000.0,,13076000.0,797956000.0,467966000.0,329990000.0,590671000.0,350951000.0,239720000.0,10519992614.0,29489000.0,-28069000.0,24503000.0,-340000.0,0.0,24164000.0,-117311000.0,-36478000.0,122127000.0,509000.0,72044000.0,72044000.0,72044000.0,0.0,0.0,0.137,317768000.0,107973000.0,72571000.0,0.0,4.939,39.238,38.845,497770000.0,0.0,31.27,5.316,5.319,504290000.0,1427435000.0,524223000.0,524223000.0,69790000.0,,,,,6187000.0,247978000.0,1.0,336424452.0,336598000.0,347182000.0,1.557,2227758000.0,8737000.0,38809000.0,140903000.0,6.618,962371000.0
41,CERN,MRQ,2011-03-31,2011-04-02,2011-04-02,2021-08-02,7500000.0,2561544000.0,,1203816000.0,1357728000.0,,6.052,-41838000.0,184567000.0,184567000.0,90680000.0,64556000.0,3.824,0.266,101435000.0,27121000.0,74314000.0,101435000.0,138240000.0,50140000.0,0.0,0.0,0.0,95710000.0,145850000.0,0.297,145850000.0,95710000.0,95710000.0,0.19,0.185,0.19,2022566000.0,,2022566000.0,9291894354.0,24.0,16.042,84663000.0,0.253,1.0,400984000.0,0.816,448890000.0,0.0,1714693000.0,,13657000.0,764166000.0,426314000.0,337852000.0,538858000.0,314829000.0,224029000.0,9413645354.0,-29944000.0,0.0,32039000.0,-114000.0,0.0,31145000.0,-190265000.0,-145199000.0,126501000.0,2675000.0,64556000.0,64556000.0,64556000.0,0.0,0.0,0.131,307285000.0,93699000.0,68159000.0,0.0,4.654,37.424,37.138,495600000.0,0.0,28.225,4.927,4.938,469180000.0,1355391000.0,491664000.0,491664000.0,71144000.0,,,,,6944000.0,236141000.0,1.0,333521536.0,334220000.0,345306000.0,1.471,2112654000.0,8573000.0,31154000.0,134673000.0,6.321,888987000.0
42,CERN,MRQ,2010-12-31,2011-01-01,2011-01-01,2021-08-02,-4191000.0,2422790000.0,,1146061000.0,1276729000.0,,5.739,-46166000.0,214511000.0,214511000.0,94913000.0,70637000.0,3.746,0.272,92760000.0,24837000.0,67923000.0,92760000.0,126654000.0,52466000.0,0.0,0.0,0.0,104487000.0,156953000.0,0.314,156953000.0,104487000.0,104487000.0,0.215,0.205,0.215,1905297000.0,,1905297000.0,7756731945.0,21.0,13.962,75581000.0,0.228,1.0,405288000.0,0.81,444690000.0,0.0,1550417000.0,,11036000.0,620968000.0,356501000.0,264467000.0,517373000.0,305932000.0,211441000.0,7849445945.0,2764000.0,0.0,19800000.0,-25221000.0,0.0,-5421000.0,-113053000.0,-64141000.0,121747000.0,-509000.0,70637000.0,70637000.0,70637000.0,0.0,0.0,0.141,301955000.0,103333000.0,65035000.0,0.0,4.12,33.082,32.896,498829000.0,0.0,23.685,4.242,4.222,476905000.0,1290835000.0,500201000.0,500201000.0,70827000.0,,,,,6673000.0,231128000.0,1.0,331410004.0,331974000.0,343500000.0,1.507,1978100000.0,3836000.0,33850000.0,126215000.0,5.959,840129000.0
43,CERN,MRQ,2010-09-30,2010-10-02,2010-10-02,2021-08-02,-2109000.0,2358383000.0,,1137715000.0,1220668000.0,,5.479,-39865000.0,211747000.0,211747000.0,79148000.0,60872000.0,3.501,0.303,119033000.0,25751000.0,93282000.0,119033000.0,136425000.0,49420000.0,0.0,0.0,0.0,94084000.0,143504000.0,0.31,143504000.0,94084000.0,94084000.0,0.185,0.18,0.185,1809241000.0,,1809241000.0,6873974143.0,20.0,12.629,79091000.0,0.24,1.0,383535000.0,0.829,445166000.0,0.0,1495569000.0,,8058000.0,558839000.0,353516000.0,205323000.0,549022000.0,324934000.0,224088000.0,7013466143.0,-44048000.0,0.0,13814000.0,-718000.0,0.0,13096000.0,-184141000.0,-138793000.0,118956000.0,8041000.0,60872000.0,60872000.0,60872000.0,0.0,0.0,0.132,289543000.0,93992000.0,56671000.0,0.0,3.876,30.879,30.808,500667000.0,0.0,21.258,3.861,3.864,463368000.0,1220198000.0,462683000.0,462683000.0,67257000.0,,,,,6244000.0,222286000.0,1.0,329929020.0,330190000.0,341442000.0,1.401,1913217000.0,2285000.0,33212000.0,112228000.0,5.794,812781000.0
44,CERN,MRQ,2010-06-30,2010-07-03,2010-07-03,2021-08-02,-21937000.0,2245675000.0,,1185990000.0,1059685000.0,,5.185,-44635000.0,255795000.0,255795000.0,78211000.0,55477000.0,3.666,0.315,116303000.0,25638000.0,90665000.0,116303000.0,130394000.0,46647000.0,0.0,0.0,0.0,86278000.0,132925000.0,0.292,132925000.0,86278000.0,86278000.0,0.17,0.165,0.17,1707605000.0,,1707605000.0,6133603710.0,19.0,11.791,65603000.0,0.199,1.0,377790000.0,0.828,440067000.0,0.0,1342645000.0,,9176000.0,421841000.0,376712000.0,45129000.0,537950000.0,323471000.0,214479000.0,6256008710.0,15588000.0,0.0,12093000.0,-1467000.0,0.0,10626000.0,-101228000.0,-56275000.0,110238000.0,-4048000.0,55477000.0,55477000.0,55477000.0,0.0,0.0,0.122,291438000.0,86352000.0,47485000.0,0.0,3.664,29.145,29.046,507045000.0,0.0,19.025,3.548,3.554,441567000.0,1159326000.0,456001000.0,456001000.0,67988000.0,,,,,5656000.0,223450000.0,1.0,328830944.0,329338000.0,341346000.0,1.385,1805608000.0,7985000.0,30801000.0,104840000.0,5.483,862519000.0
45,CERN,MRQ,2010-03-31,2010-04-03,2010-04-03,2021-08-02,-9916000.0,2163703000.0,,1139943000.0,1023760000.0,,5.02,-52624000.0,240207000.0,240207000.0,68084000.0,50286000.0,3.743,0.315,117802000.0,26995000.0,90807000.0,117802000.0,147977000.0,44804000.0,0.0,0.0,0.0,77363000.0,122167000.0,0.283,122167000.0,77363000.0,77363000.0,0.152,0.147,0.152,1645660000.0,,1645660000.0,6899219327.0,22.0,13.802,52879000.0,0.161,1.0,363253000.0,0.842,438170000.0,0.0,1298536000.0,,10106000.0,368707000.0,368707000.0,0.0,517923000.0,304592000.0,213331000.0,7020422327.0,-1516000.0,-14486000.0,15243000.0,-219000.0,0.0,16540000.0,-122474000.0,-53131000.0,105503000.0,-1085000.0,50286000.0,50286000.0,50286000.0,0.0,0.0,0.117,287597000.0,75656000.0,41075000.0,0.0,4.266,34.597,34.569,515609000.0,0.0,21.433,4.103,4.107,423035000.0,1103849000.0,431337000.0,431337000.0,66779000.0,,,,,5150000.0,220818000.0,1.0,327559656.0,327828000.0,340420000.0,1.316,1725533000.0,7903000.0,27077000.0,102696000.0,5.264,835351000.0
46,CERN,MRQ,2009-12-31,2010-01-02,2010-01-02,2021-08-02,-3254000.0,2148567000.0,,1146335000.0,1002232000.0,,4.838,-60451000.0,241723000.0,241723000.0,79299000.0,60496000.0,3.201,0.359,120520000.0,25014000.0,95506000.0,120520000.0,152883000.0,51983000.0,0.0,0.0,0.0,93708000.0,145691000.0,0.312,145691000.0,93708000.0,93708000.0,0.182,0.177,0.182,1580678000.0,,1580678000.0,6505571481.0,22.0,13.489,47682000.0,0.146,1.0,387022000.0,0.83,418463000.0,0.0,1250798000.0,,11242000.0,317113000.0,317113000.0,0.0,567769000.0,358103000.0,209666000.0,6729720481.0,-126249000.0,0.0,9014000.0,-25287000.0,0.0,-16273000.0,-219588000.0,-155568000.0,108133000.0,1479000.0,60496000.0,60496000.0,60496000.0,0.0,0.0,0.13,293862000.0,93160000.0,36893000.0,0.0,4.257,34.785,34.639,509178000.0,0.0,20.61,4.025,3.993,461411000.0,1053563000.0,466321000.0,466321000.0,74473000.0,,,,,4295000.0,219389000.0,1.0,326526952.0,326704000.0,339200000.0,1.427,1730104000.0,8055000.0,33212000.0,98372000.0,5.296,788232000.0
47,CERN,MRQ,2009-09-30,2009-10-03,2009-10-03,2021-08-02,-3915000.0,2051702000.0,,1012609000.0,1039093000.0,,4.634,-44250000.0,367972000.0,367972000.0,69479000.0,48394000.0,3.3,0.363,143823000.0,24896000.0,118927000.0,143823000.0,115819000.0,48537000.0,0.0,0.0,0.0,70887000.0,119424000.0,0.292,119424000.0,70887000.0,70887000.0,0.15,0.142,0.15,1505691000.0,,1505691000.0,5669905812.0,19.0,11.671,29152000.0,0.09,1.0,339936000.0,0.83,423020000.0,0.0,1097683000.0,,12532000.0,161928000.0,66678000.0,95250000.0,545891000.0,306850000.0,239041000.0,5875401812.0,14054000.0,0.0,18951000.0,-207000.0,0.0,20531000.0,-79768000.0,-32584000.0,73402000.0,-111000.0,48394000.0,48394000.0,48394000.0,0.0,0.0,0.118,269226000.0,70710000.0,53835000.0,0.0,3.902,28.729,28.543,506331000.0,0.0,18.125,3.516,3.524,470071000.0,993067000.0,409415000.0,409415000.0,66752000.0,,,,,4520000.0,202474000.0,1.0,324160100.0,324900000.0,336688000.0,1.26,1628682000.0,5162000.0,22493000.0,105142000.0,5.013,705759000.0
48,CERN,MRQ,2009-06-30,2009-07-04,2009-07-04,2021-08-02,-8305000.0,1974891000.0,,937501000.0,1037390000.0,,4.425,-42850000.0,353918000.0,353918000.0,66889000.0,43745000.0,3.086,0.383,148422000.0,25477000.0,122945000.0,148422000.0,125948000.0,46356000.0,0.0,0.0,0.0,66223000.0,112579000.0,0.279,112579000.0,66223000.0,66223000.0,0.135,0.13,0.135,1428133000.0,,1428133000.0,4656171089.0,16.0,9.749,25080000.0,0.078,1.0,336917000.0,0.834,421990000.0,0.0,1043626000.0,,12594000.0,129327000.0,30177000.0,99150000.0,546638000.0,303779000.0,242859000.0,4836702089.0,28738000.0,0.0,15456000.0,-6760000.0,0.0,8696000.0,-54253000.0,-7390000.0,67930000.0,6365000.0,43745000.0,43745000.0,43745000.0,0.0,0.0,0.108,270761000.0,66156000.0,59039000.0,0.0,3.387,24.048,24.02,501066000.0,0.0,15.012,2.871,2.876,444699000.0,944673000.0,403806000.0,403806000.0,65090000.0,,,,,3269000.0,205671000.0,1.0,322178324.0,322764000.0,334360000.0,1.251,1552901000.0,5650000.0,22478000.0,105901000.0,4.811,633722000.0
49,CERN,MRQ,2009-03-31,2009-04-04,2009-04-04,2021-08-02,-18254000.0,1908950000.0,,876412000.0,1032538000.0,,4.215,-61461000.0,325180000.0,325180000.0,65531000.0,40830000.0,2.738,0.408,144649000.0,30290000.0,114359000.0,144649000.0,123396000.0,42727000.0,0.0,0.0,0.0,61863000.0,104590000.0,0.267,104590000.0,61863000.0,61863000.0,0.128,0.122,0.128,1354435000.0,,1354435000.0,3348372289.0,12.0,7.27,36365000.0,0.113,1.0,326791000.0,0.833,419185000.0,0.0,989109000.0,,12595000.0,121416000.0,21816000.0,99600000.0,553229000.0,320125000.0,233104000.0,3477380289.0,54686000.0,-3529000.0,3813000.0,-98000.0,0.0,3816000.0,-40712000.0,26247000.0,97826000.0,-6244000.0,40830000.0,40830000.0,40830000.0,0.0,0.0,0.104,264811000.0,61980000.0,85950000.0,0.0,2.567,18.048,18.038,498258000.0,0.0,10.822,2.065,2.066,436907000.0,900928000.0,392322000.0,392322000.0,64736000.0,,,,,3702000.0,200075000.0,1.0,321310260.0,321332000.0,331428000.0,1.221,1489765000.0,5617000.0,21033000.0,105594000.0,4.636,556287000.0
50,CERN,MRQ,2008-12-31,2009-01-03,2009-01-03,2021-08-02,-12977000.0,1880988000.0,,858873000.0,1022115000.0,,4.076,-52211000.0,270494000.0,270494000.0,87585000.0,71540000.0,2.517,0.434,141486000.0,30116000.0,111370000.0,141486000.0,123108000.0,46735000.0,0.0,0.0,0.0,102466000.0,149201000.0,0.32,149201000.0,102466000.0,102466000.0,0.222,0.215,0.222,1311009000.0,,1311009000.0,3165147172.0,11.0,7.004,45972000.0,0.143,1.0,378150000.0,0.812,417402000.0,0.0,993355000.0,,10096000.0,143700000.0,38400000.0,105300000.0,568693000.0,341223000.0,227470000.0,3173606172.0,88236000.0,1000.0,-22198000.0,-6963000.0,0.0,-27231000.0,22119000.0,76943000.0,98183000.0,-4835000.0,71540000.0,71540000.0,71540000.0,0.0,0.0,0.154,276703000.0,101447000.0,93667000.0,0.0,2.421,16.822,16.744,483399000.0,0.0,9.795,1.894,1.883,468928000.0,860098000.0,465735000.0,465735000.0,69374000.0,,,,,3350000.0,207329000.0,1.0,324002672.0,321656000.0,331832000.0,1.448,1463586000.0,1402000.0,30926000.0,100546000.0,4.55,517650000.0
51,CERN,MRQ,2008-09-30,2008-09-27,2008-09-27,2021-08-02,-4040000.0,1826924000.0,,820558000.0,1006366000.0,,3.919,-37069000.0,182258000.0,182258000.0,72317000.0,45014000.0,2.794,0.443,173799000.0,13814000.0,159985000.0,173799000.0,133586000.0,43283000.0,0.0,0.0,0.0,67958000.0,111241000.0,0.263,111241000.0,67958000.0,67958000.0,0.14,0.135,0.14,1266498000.0,,1266498000.0,3716495375.0,16.0,9.204,10553000.0,0.033,1.0,350411000.0,0.829,415537000.0,0.0,1109201000.0,,11368000.0,216750000.0,115012000.0,101738000.0,560426000.0,293727000.0,266699000.0,3823223375.0,-109137000.0,-2539000.0,1772000.0,-1105000.0,0.0,1217000.0,-154993000.0,-114693000.0,47622000.0,-2983000.0,45014000.0,45014000.0,45014000.0,0.0,0.0,0.106,282660000.0,67751000.0,73043000.0,0.0,3.019,24.129,23.899,472655000.0,0.0,11.83,2.382,2.382,431392000.0,788559000.0,422728000.0,422728000.0,68092000.0,,,,,4118000.0,214568000.0,1.0,323180336.0,323128000.0,334724000.0,1.308,1411387000.0,8542000.0,22944000.0,90696000.0,4.368,526831000.0
52,CERN,MRQ,2008-06-30,2008-06-28,2008-06-28,2021-08-02,3290000.0,1782776000.0,,778705000.0,1004071000.0,,3.793,-40988000.0,291395000.0,291395000.0,71786000.0,35287000.0,2.674,0.457,184667000.0,13847000.0,170820000.0,184667000.0,121656000.0,41820000.0,0.0,0.0,0.0,53723000.0,95543000.0,0.237,95543000.0,53723000.0,53723000.0,0.11,0.105,0.11,1223219000.0,,1223219000.0,3622981642.0,16.0,9.408,44408000.0,0.138,1.0,331014000.0,0.822,414569000.0,0.0,970254000.0,,12741000.0,101649000.0,0.0,101649000.0,559557000.0,291225000.0,268332000.0,3681931642.0,40886000.0,-3181000.0,6798000.0,-6925000.0,0.0,52000.0,-44817000.0,0.0,85396000.0,255000.0,35287000.0,35287000.0,35287000.0,0.0,0.0,0.088,277793000.0,53221000.0,75464000.0,0.0,3.01,25.451,25.221,470701000.0,0.0,11.425,2.368,2.369,398371000.0,743545000.0,402800000.0,402800000.0,65890000.0,,,,,3614000.0,211903000.0,1.0,322269728.0,322472000.0,334324000.0,1.249,1368207000.0,10218000.0,18436000.0,78252000.0,4.243,487480000.0
53,CERN,MRQ,2008-03-31,2008-03-29,2008-03-29,2021-08-02,2501000.0,1725270000.0,,731133000.0,994137000.0,,3.661,-47929000.0,250509000.0,250509000.0,64374000.0,36817000.0,2.597,0.466,191559000.0,14105000.0,177454000.0,191559000.0,120752000.0,38628000.0,0.0,0.0,0.0,57283000.0,95911000.0,0.249,95911000.0,57283000.0,57283000.0,0.115,0.11,0.115,1177037000.0,,1177037000.0,3097572595.0,14.0,8.259,2672000.0,0.008,1.0,320391000.0,0.833,395832000.0,0.0,988966000.0,,12253000.0,101388000.0,0.0,101388000.0,548233000.0,281522000.0,266711000.0,3088620595.0,67595000.0,0.0,10156000.0,-324000.0,0.0,14308000.0,7084000.0,55260000.0,50601000.0,-4398000.0,36817000.0,36817000.0,36817000.0,0.0,0.0,0.096,263925000.0,56466000.0,76727000.0,0.0,2.624,22.672,22.43,479872000.0,0.0,9.6,2.007,2.006,388257000.0,708257000.0,384765000.0,384765000.0,69164000.0,,,,,3601000.0,194761000.0,1.0,321731312.0,321528000.0,334116000.0,1.197,1329438000.0,10318000.0,20466000.0,70183000.0,4.135,449611000.0
54,CERN,MRQ,2007-12-31,2007-12-29,2007-12-29,2021-08-02,8311000.0,1689956000.0,,818564000.0,871392000.0,,3.538,-50694000.0,182914000.0,182914000.0,68877000.0,41331000.0,2.841,0.492,191866000.0,14260000.0,177606000.0,191866000.0,120577000.0,41880000.0,0.0,0.0,0.0,59226000.0,101106000.0,0.256,101106000.0,59226000.0,59226000.0,0.13,0.125,0.13,1132428000.0,,1132428000.0,4614641252.0,23.0,12.934,41673000.0,0.13,1.0,325624000.0,0.825,391158000.0,0.0,1019627000.0,,10744000.0,161600000.0,161600000.0,0.0,557528000.0,288123000.0,269405000.0,4603855252.0,-11189000.0,-104000.0,10251000.0,-9481000.0,0.0,770000.0,-100374000.0,-47020000.0,92367000.0,-3952000.0,41331000.0,41331000.0,41331000.0,0.0,0.0,0.105,267068000.0,58556000.0,79812000.0,0.0,4.065,36.215,35.987,462839000.0,0.0,14.395,3.029,3.008,391060000.0,671440000.0,394501000.0,394501000.0,72220000.0,,,,,2260000.0,194848000.0,1.0,319823220.0,320040000.0,334972000.0,1.233,1298798000.0,10368000.0,17895000.0,68738000.0,4.058,530441000.0
55,CERN,MRQ,2007-09-30,2007-09-29,2007-09-29,2021-08-02,7126000.0,1631800000.0,,743950000.0,887850000.0,,3.394,-63527000.0,194216000.0,194216000.0,57809000.0,31234000.0,2.796,0.51,205002000.0,14032000.0,190970000.0,205002000.0,109018000.0,38963000.0,0.0,0.0,0.0,53576000.0,92539000.0,0.248,92539000.0,53576000.0,53576000.0,0.098,0.092,0.098,1080968000.0,,1080968000.0,4794940929.0,25.0,13.989,14204000.0,0.045,1.0,315127000.0,0.845,392027000.0,0.0,984461000.0,,12861000.0,114211000.0,114211000.0,0.0,550832000.0,266098000.0,284734000.0,4754822929.0,35825000.0,-112000.0,12161000.0,-391000.0,0.0,11770000.0,-54054000.0,10006000.0,77731000.0,378000.0,31234000.0,31234000.0,31234000.0,0.0,0.0,0.084,260959000.0,54168000.0,63809000.0,0.0,4.399,38.057,37.854,478227000.0,0.0,14.953,3.157,3.162,365709000.0,634689000.0,372936000.0,372936000.0,68043000.0,,,,,4424000.0,192916000.0,1.0,317995180.0,318536000.0,333528000.0,1.171,1239773000.0,2183000.0,22342000.0,76245000.0,3.892,477852000.0
56,CERN,MRQ,2007-06-30,2007-06-30,2007-06-30,2021-08-02,3269000.0,1570862000.0,,718435000.0,852427000.0,,3.235,-67047000.0,158278000.0,158278000.0,80962000.0,26849000.0,2.676,0.532,198396000.0,14422000.0,183974000.0,198396000.0,115433000.0,37303000.0,0.0,0.0,0.0,48189000.0,85492000.0,0.221,85492000.0,48189000.0,48189000.0,0.085,0.08,0.085,1025038000.0,,1025038000.0,4450967518.0,24.0,13.748,-4983000.0,-0.016,1.0,305626000.0,0.791,391765000.0,0.0,950784000.0,,12443000.0,123574000.0,123574000.0,0.0,545824000.0,268431000.0,277393000.0,4389574518.0,11889000.0,1522000.0,19594000.0,-12050000.0,0.0,7544000.0,-58505000.0,7250000.0,62064000.0,785000.0,26849000.0,26849000.0,26849000.0,0.0,0.0,0.069,257446000.0,48180000.0,78757000.0,0.0,4.282,36.448,36.208,443265000.0,0.0,13.867,2.969,2.972,364656000.0,598848000.0,386588000.0,386588000.0,63715000.0,,,,,2930000.0,193731000.0,1.0,316536832.0,316892000.0,332368000.0,1.22,1179097000.0,2282000.0,21340000.0,75255000.0,3.721,450004000.0
57,CERN,MRQ,2007-03-31,2007-03-31,2007-03-31,2021-08-02,992000.0,1522545000.0,,714556000.0,807989000.0,,3.091,-65518000.0,146389000.0,146389000.0,72463000.0,27711000.0,2.615,0.564,207782000.0,19806000.0,187976000.0,207782000.0,105268000.0,34671000.0,0.0,0.0,0.0,42976000.0,77647000.0,0.212,77647000.0,42976000.0,42976000.0,0.087,0.085,0.087,973293000.0,,973293000.0,4340365414.0,25.0,14.133,-23115000.0,-0.073,1.0,293389000.0,0.802,393061000.0,0.0,917589000.0,,12996000.0,130387000.0,130387000.0,0.0,549252000.0,273288000.0,275964000.0,4295277414.0,-16156000.0,-25367000.0,17436000.0,-437000.0,0.0,16999000.0,-74733000.0,16487000.0,42403000.0,-824000.0,27711000.0,27711000.0,27711000.0,0.0,0.0,0.076,250211000.0,43178000.0,80133000.0,0.0,4.413,36.569,36.3,397288000.0,0.0,13.613,3.019,3.013,358279000.0,567733000.0,365852000.0,365852000.0,66598000.0,,,,,6575000.0,183613000.0,1.0,315539204.0,314844000.0,330592000.0,1.162,1129484000.0,5626000.0,15265000.0,69669000.0,3.587,441268000.0
58,CERN,MRQ,2006-12-31,2006-12-30,2006-12-30,2021-08-02,600000.0,1496433000.0,,751030000.0,745403000.0,,2.951,-53295000.0,162545000.0,162545000.0,88956000.0,39146000.0,2.406,0.623,207633000.0,20242000.0,187391000.0,207633000.0,108256000.0,36167000.0,0.0,0.0,0.0,50918000.0,87085000.0,0.229,87085000.0,50918000.0,50918000.0,0.125,0.118,0.125,922294000.0,,922294000.0,3625584586.0,22.0,12.383,15646000.0,0.05,1.0,291833000.0,0.766,371035000.0,0.0,858312000.0,,18084000.0,146239000.0,146239000.0,0.0,574139000.0,312174000.0,261965000.0,3555319586.0,23182000.0,5000.0,7554000.0,-7611000.0,0.0,79000.0,-47124000.0,6400000.0,68941000.0,1286000.0,39146000.0,39146000.0,39146000.0,0.0,0.0,0.103,241450000.0,50383000.0,79735000.0,0.0,3.855,32.353,32.315,357942000.0,0.0,11.375,2.58,2.58,361424000.0,544315000.0,380789000.0,380789000.0,64906000.0,,,,,760000.0,176544000.0,1.0,312555568.0,312555568.0,,1.218,1125398000.0,2423000.0,11772000.0,58731000.0,3.601,438856000.0
59,CERN,MRQ,2006-09-30,2006-09-30,2006-09-30,2021-08-02,542000.0,1432966000.0,,716340000.0,716626000.0,,2.796,-39852000.0,139363000.0,139363000.0,69803000.0,26728000.0,2.547,0.646,209628000.0,19285000.0,190343000.0,209628000.0,105749000.0,29697000.0,0.0,0.0,0.0,43831000.0,73528000.0,0.213,73528000.0,43831000.0,43831000.0,0.085,0.083,0.085,870490000.0,,870490000.0,3614540309.0,23.0,12.993,13055000.0,0.042,1.0,275649000.0,0.798,370908000.0,0.0,851023000.0,,18108000.0,148080000.0,148080000.0,0.0,562476000.0,281300000.0,281176000.0,3530576309.0,15204000.0,-13736000.0,8196000.0,-850000.0,0.0,8356000.0,-47843000.0,39699000.0,52907000.0,1784000.0,26728000.0,26728000.0,26728000.0,0.0,0.0,0.077,231772000.0,43877000.0,54720000.0,0.0,4.056,35.983,35.469,331785000.0,0.0,11.35,2.668,2.671,351616000.0,501007000.0,345452000.0,345452000.0,62160000.0,,,,,6698000.0,169612000.0,1.0,311063992.0,311376000.0,327184000.0,1.109,1062058000.0,7832000.0,17103000.0,73359000.0,3.411,435040000.0
60,CERN,MRQ,2006-06-30,2006-07-01,2006-07-01,2021-08-02,-99000.0,1373275000.0,,683707000.0,689568000.0,,2.667,-46124000.0,124159000.0,124159000.0,64192000.0,23873000.0,2.589,0.661,208123000.0,21407000.0,186716000.0,208123000.0,105832000.0,29483000.0,0.0,0.0,0.0,39368000.0,68851000.0,0.208,68851000.0,39368000.0,39368000.0,0.077,0.072,0.077,827015000.0,,827015000.0,2992694263.0,20.0,11.035,13557000.0,0.044,1.0,266380000.0,0.806,356379000.0,0.0,836793000.0,,18069000.0,152529000.0,152529000.0,0.0,546260000.0,264067000.0,282193000.0,2876460263.0,20269000.0,0.0,4093000.0,-19435000.0,0.0,-15342000.0,-16375000.0,-4205000.0,59681000.0,-7695000.0,23873000.0,23873000.0,23873000.0,0.0,0.0,0.072,226467000.0,39913000.0,55632000.0,0.0,3.478,29.368,28.723,321890000.0,0.0,9.277,2.261,2.261,331316000.0,474279000.0,330572000.0,330572000.0,60888000.0,,,,,6364000.0,165579000.0,1.0,310046916.0,310096000.0,325652000.0,1.066,1016896000.0,7519000.0,15495000.0,78778000.0,3.279,419640000.0
61,CERN,MRQ,2006-03-31,2006-04-01,2006-04-01,2021-08-02,5231000.0,1342792000.0,,668737000.0,674055000.0,,2.585,-53430000.0,103890000.0,103890000.0,68018000.0,20144000.0,2.562,0.683,220124000.0,28569000.0,191555000.0,220124000.0,104126000.0,29907000.0,0.0,0.0,0.0,34119000.0,64026000.0,0.199,64026000.0,34119000.0,33426000.0,0.065,0.062,0.065,797807000.0,,797807000.0,3841853832.0,26.0,14.555,-2241000.0,-0.007,1.0,253206000.0,0.788,354032000.0,693000.0,843933000.0,,12297000.0,174929000.0,174929000.0,0.0,544985000.0,261061000.0,283924000.0,3731902832.0,-9167000.0,0.0,8929000.0,-2887000.0,0.0,6042000.0,-66202000.0,-12772000.0,51189000.0,-196000.0,20144000.0,20144000.0,20144000.0,0.0,0.0,0.063,221212000.0,31994000.0,58065000.0,0.0,4.678,39.754,38.021,309313000.0,0.0,11.863,3.06,3.002,320439000.0,450406000.0,321224000.0,321224000.0,59017000.0,,,,,6054000.0,162195000.0,1.0,314596656.0,308624000.0,325624000.0,1.041,988760000.0,7338000.0,13282000.0,74668000.0,3.204,407676000.0
62,CERN,MRQ,2005-12-31,2005-12-31,2005-12-31,2021-08-02,4367000.0,1303629000.0,,651631000.0,651998000.0,,2.487,-51224000.0,113057000.0,113057000.0,74372000.0,27372000.0,2.505,0.714,223008000.0,28743000.0,194265000.0,223008000.0,94423000.0,30990000.0,0.0,0.0,0.0,40799000.0,71789000.0,0.22,71789000.0,40799000.0,45265000.0,0.092,0.085,0.092,760533000.0,,760533000.0,3472759295.0,26.0,13.93,42053000.0,0.138,1.0,251442000.0,0.772,349138000.0,-4466000.0,804352000.0,,9585000.0,161230000.0,161230000.0,0.0,543096000.0,260090000.0,283006000.0,3474977295.0,-21132000.0,-829000.0,8169000.0,91188000.0,0.0,99327000.0,-213286000.0,-161233000.0,93277000.0,-450000.0,27372000.0,27372000.0,27372000.0,0.0,0.0,0.084,205064000.0,46378000.0,65377000.0,0.0,4.569,40.289,39.185,292608000.0,0.0,11.364,2.994,2.994,316965000.0,430262000.0,325814000.0,325814000.0,59456000.0,,,,,30289000.0,145608000.0,1.0,305794944.0,305794944.0,,1.065,954491000.0,8109000.0,17893000.0,72922000.0,3.121,391541000.0
63,CERN,MRQ,2005-09-30,2005-10-01,2005-10-01,2021-08-02,5390000.0,1142507000.0,,513947000.0,628560000.0,,2.295,-36865000.0,134186000.0,134186000.0,65305000.0,26556000.0,1.847,0.642,131968000.0,41924000.0,90044000.0,131968000.0,93618000.0,29015000.0,0.0,0.0,0.0,37507000.0,66522000.0,0.226,66522000.0,37507000.0,36149000.0,0.087,0.083,0.087,695757000.0,,695757000.0,3271139366.0,25.0,13.696,10066000.0,0.033,1.0,229317000.0,0.778,350143000.0,1358000.0,511955000.0,,8604000.0,0.0,0.0,0.0,446750000.0,278191000.0,168559000.0,3250552366.0,1854000.0,-11544000.0,25283000.0,-20790000.0,0.0,4284000.0,-48376000.0,33000.0,46931000.0,-985000.0,26556000.0,26556000.0,26556000.0,0.0,0.0,0.09,192120000.0,37197000.0,54423000.0,0.0,4.672,40.478,39.803,268012000.0,0.0,10.866,3.001,3.041,316718000.0,402890000.0,294622000.0,294622000.0,53968000.0,,,,,0.0,138152000.0,1.0,299142056.0,303112000.0,319176000.0,0.972,792364000.0,0.0,9593000.0,88162000.0,2.614,235756000.0
64,CERN,MRQ,2005-06-30,2005-07-02,2005-07-02,2021-08-02,5980000.0,1083782000.0,,480511000.0,603271000.0,,2.169,-45413000.0,132335000.0,132335000.0,59601000.0,19803000.0,1.787,0.681,152922000.0,61879000.0,91043000.0,152922000.0,82772000.0,27367000.0,0.0,0.0,0.0,34255000.0,61622000.0,0.222,61622000.0,34255000.0,32889000.0,0.068,0.062,0.068,644719000.0,,644719000.0,2522232351.0,21.0,11.38,-1080000.0,-0.004,1.0,218214000.0,0.785,336655000.0,1366000.0,498838000.0,,11102000.0,0.0,0.0,0.0,439063000.0,268876000.0,170187000.0,2496280351.0,5655000.0,-5333000.0,12572000.0,250000.0,0.0,12434000.0,-50745000.0,1000.0,44333000.0,-367000.0,19803000.0,19803000.0,19803000.0,0.0,0.0,0.071,184006000.0,34208000.0,49999000.0,0.0,3.872,36.427,35.869,258909000.0,0.0,8.465,2.448,2.468,299673000.0,376335000.0,277815000.0,277815000.0,48702000.0,,,,,0.0,135304000.0,1.0,294894312.0,297256000.0,311888000.0,0.935,747127000.0,0.0,13086000.0,80235000.0,2.513,211635000.0
65,CERN,MRQ,2005-03-31,2005-04-02,2005-04-02,2021-08-02,7308000.0,1032360000.0,,455795000.0,576565000.0,,2.089,-29604000.0,126680000.0,126680000.0,55408000.0,12520000.0,2.17,0.681,152632000.0,22018000.0,130614000.0,152632000.0,88104000.0,26683000.0,0.0,0.0,0.0,22683000.0,49366000.0,0.188,49366000.0,22683000.0,20941000.0,0.043,0.04,0.043,614057000.0,,614057000.0,1851704535.0,17.0,8.927,14720000.0,0.05,1.0,207126000.0,0.789,333862000.0,1742000.0,514404000.0,,8290000.0,0.0,0.0,0.0,418303000.0,210046000.0,208257000.0,1910776535.0,-63104000.0,-101977000.0,5720000.0,19331000.0,0.0,24846000.0,-131561000.0,20000.0,44324000.0,-713000.0,12520000.0,12520000.0,12520000.0,0.0,0.0,0.048,184473000.0,22653000.0,36429000.0,0.0,3.112,30.311,29.652,234541000.0,0.0,6.494,1.97,1.967,284107000.0,356531000.0,262534000.0,262534000.0,49329000.0,,,,,0.0,128762000.0,1.0,294248552.0,293920000.0,306352000.0,0.893,698498000.0,0.0,8421000.0,70747000.0,2.376,245749000.0
66,CERN,MRQ,2004-12-31,2005-01-01,2005-01-01,2021-08-02,8770000.0,982265000.0,,509473000.0,472792000.0,,2.055,-32118000.0,189784000.0,189784000.0,54098000.0,21426000.0,2.557,0.644,130712000.0,21908000.0,108804000.0,130712000.0,83148000.0,24931000.0,0.0,0.0,0.0,36405000.0,61336000.0,0.247,61336000.0,36405000.0,35745000.0,0.075,0.071,0.075,597485000.0,,597485000.0,1906184568.0,17.0,9.304,23562000.0,0.081,1.0,194074000.0,0.782,235055000.0,660000.0,488894000.0,,7373000.0,0.0,0.0,0.0,384780000.0,199244000.0,185536000.0,1932060568.0,28837000.0,-189000.0,7684000.0,-4628000.0,0.0,2892000.0,-32273000.0,34000.0,55680000.0,3336000.0,21426000.0,21426000.0,21426000.0,0.0,0.0,0.086,157385000.0,36689000.0,37008000.0,0.0,3.234,29.886,29.539,230440000.0,0.0,6.646,2.086,2.086,282199000.0,344011000.0,248172000.0,248172000.0,43429000.0,,,,,9191000.0,113956000.0,1.0,290699352.0,290699352.0,,0.854,747210000.0,0.0,14319000.0,70293000.0,2.57,310229000.0
67,CERN,MRQ,2004-09-30,2004-10-02,2004-10-02,2021-08-02,4934000.0,917159000.0,,466915000.0,450244000.0,,1.915,-25974000.0,160947000.0,160947000.0,45013000.0,14779000.0,2.528,0.651,135071000.0,24711000.0,110360000.0,135071000.0,61753000.0,22908000.0,0.0,0.0,0.0,26408000.0,49316000.0,0.213,49316000.0,26408000.0,24823000.0,0.051,0.049,0.051,555511000.0,,555511000.0,1608681972.0,15.0,8.403,19244000.0,0.066,1.0,186054000.0,0.805,229980000.0,1585000.0,476603000.0,,10521000.0,332000.0,0.0,332000.0,361648000.0,184700000.0,176948000.0,1610095972.0,23723000.0,-1530000.0,6258000.0,-723000.0,0.0,5299000.0,-27504000.0,0.0,45218000.0,-88000.0,14779000.0,14779000.0,14779000.0,0.0,0.0,0.064,159698000.0,26356000.0,17164000.0,0.0,2.898,27.092,26.554,217090000.0,0.0,5.576,1.778,1.786,262376000.0,322585000.0,231067000.0,231067000.0,42837000.0,,,,,0.0,116861000.0,1.0,288741712.0,290024000.0,301224000.0,0.797,687179000.0,0.0,10044000.0,79525000.0,2.369,282215000.0
68,CERN,MRQ,2004-06-30,2004-07-03,2004-07-03,2021-08-02,4062000.0,891642000.0,,441653000.0,449989000.0,,1.851,-27703000.0,137224000.0,137224000.0,50564000.0,14314000.0,2.438,0.67,135810000.0,24715000.0,111095000.0,135810000.0,64165000.0,21676000.0,0.0,0.0,0.0,25732000.0,47408000.0,0.208,47408000.0,25732000.0,23940000.0,0.05,0.048,0.05,533838000.0,,533838000.0,1541290443.0,15.0,8.511,9003000.0,0.031,1.0,177826000.0,0.779,225262000.0,1792000.0,483826000.0,,10473000.0,410000.0,0.0,410000.0,357804000.0,181140000.0,176664000.0,1528752443.0,-4304000.0,-16000.0,7106000.0,-20555000.0,0.0,-13598000.0,-26891000.0,828000.0,36706000.0,-521000.0,14314000.0,14314000.0,14314000.0,0.0,0.0,0.063,151920000.0,25906000.0,20198000.0,0.0,2.864,26.963,26.58,217655000.0,0.0,5.343,1.736,1.749,258744000.0,307806000.0,228390000.0,228390000.0,42769000.0,,,,,0.0,109151000.0,1.0,286149264.0,288352000.0,300080000.0,0.792,666380000.0,0.0,9626000.0,78373000.0,2.311,260513000.0
69,CERN,MRQ,2004-03-31,2004-04-03,2004-04-03,2021-08-02,4669000.0,884239000.0,,445857000.0,438382000.0,,1.799,-29607000.0,141528000.0,141528000.0,46673000.0,14129000.0,2.53,0.723,154066000.0,23532000.0,130534000.0,154066000.0,65186000.0,21287000.0,0.0,0.0,0.0,25527000.0,46814000.0,0.214,46814000.0,25527000.0,23412000.0,0.05,0.048,0.05,513174000.0,,513174000.0,1623124439.0,18.0,9.735,1093000.0,0.004,1.0,172054000.0,0.787,220863000.0,2115000.0,499652000.0,,11885000.0,664000.0,0.0,664000.0,371065000.0,176262000.0,194803000.0,1599231439.0,19689000.0,11778000.0,4669000.0,1027000.0,0.0,5493000.0,-16714000.0,1115000.0,30700000.0,210000.0,14129000.0,14129000.0,14129000.0,0.0,0.0,0.065,149541000.0,22513000.0,14385000.0,0.0,3.116,31.158,30.776,211408000.0,0.0,5.601,1.859,1.858,259065000.0,293492000.0,218727000.0,218727000.0,42554000.0,,,,,0.0,106987000.0,1.0,285513312.0,285288000.0,297776000.0,0.767,663376000.0,0.0,9283000.0,76713000.0,2.325,269595000.0
70,CERN,MRQ,2003-12-31,2004-01-03,2004-01-03,2021-08-02,4770000.0,854252000.0,,423891000.0,430361000.0,,1.745,-40503000.0,121839000.0,121839000.0,47507000.0,16208000.0,2.388,0.727,145732000.0,21162000.0,124570000.0,145732000.0,66824000.0,19158000.0,0.0,0.0,0.0,28752000.0,47910000.0,0.211,47910000.0,28752000.0,26887000.0,0.059,0.056,0.059,494680000.0,,494680000.0,1381098140.0,18.0,9.359,1822000.0,0.006,1.0,179902000.0,0.791,216699000.0,1865000.0,483967000.0,,12434000.0,0.0,0.0,0.0,359572000.0,177479000.0,182093000.0,1364282140.0,2034000.0,-6380000.0,2810000.0,-701000.0,0.0,3984000.0,-46537000.0,346000.0,42325000.0,2262000.0,16208000.0,16208000.0,16208000.0,0.0,0.0,0.071,151125000.0,28777000.0,20753000.0,0.0,2.758,31.882,31.669,204953000.0,0.0,4.814,1.625,1.625,256574000.0,279363000.0,227409000.0,227409000.0,41066000.0,,,,,1887000.0,110059000.0,1.0,283413584.0,283413584.0,,0.802,637553000.0,0.0,10679000.0,69998000.0,2.25,246412000.0
71,CERN,MRQ,2003-09-30,2003-09-27,2003-09-27,2021-08-02,1176000.0,791762000.0,,407216000.0,384546000.0,,1.656,-39137000.0,119805000.0,119805000.0,45435000.0,12047000.0,2.577,0.691,136621000.0,12235000.0,124386000.0,136621000.0,53805000.0,17206000.0,0.0,0.0,0.0,21749000.0,38955000.0,0.189,38955000.0,21749000.0,20046000.0,0.043,0.041,0.043,468306000.0,,468306000.0,1124164060.0,17.0,8.401,-5847000.0,-0.021,1.0,160857000.0,0.78,202892000.0,1703000.0,447688000.0,,10435000.0,1156000.0,0.0,1156000.0,323456000.0,157998000.0,165458000.0,1109293060.0,-1233000.0,151000.0,2546000.0,1798000.0,0.0,4165000.0,-39047000.0,90000.0,33290000.0,208000.0,12047000.0,12047000.0,12047000.0,0.0,0.0,0.058,139132000.0,21725000.0,29255000.0,0.0,2.369,30.369,30.446,173154000.0,0.0,3.928,1.341,1.343,252296000.0,263155000.0,206292000.0,206292000.0,39255000.0,,,,,0.0,99877000.0,1.0,282442536.0,282872000.0,290920000.0,0.729,588870000.0,0.0,7999000.0,52825000.0,2.082,249218000.0
72,CERN,MRQ,2003-06-30,2003-06-28,2003-06-28,2021-08-02,889000.0,773316000.0,,411185000.0,362131000.0,,1.602,-34116000.0,121038000.0,121038000.0,53096000.0,8943000.0,2.637,0.705,135909000.0,12008000.0,123901000.0,135909000.0,54623000.0,16576000.0,0.0,0.0,0.0,16474000.0,33050000.0,0.159,33050000.0,16474000.0,14871000.0,0.031,0.031,0.031,453605000.0,,453605000.0,840215302.0,12.0,6.309,2513000.0,0.009,1.0,154599000.0,0.744,196298000.0,1603000.0,435961000.0,,8551000.0,1096000.0,0.0,1096000.0,319711000.0,155928000.0,163783000.0,827667302.0,-14001000.0,0.0,-5633000.0,-12764000.0,0.0,-18456000.0,-34001000.0,115000.0,36629000.0,1827000.0,8943000.0,8943000.0,8943000.0,0.0,0.0,0.043,138252000.0,16347000.0,32361000.0,0.0,1.825,21.639,21.537,155367000.0,0.0,2.908,1.012,1.007,255635000.0,251108000.0,207695000.0,207695000.0,38457000.0,,,,,0.0,99795000.0,1.0,284666312.0,283160000.0,285848000.0,0.733,577018000.0,0.0,5928000.0,45572000.0,2.038,255257000.0
73,CERN,MRQ,2003-03-31,2003-03-29,2003-03-29,2021-08-02,-2206000.0,762681000.0,,420060000.0,342621000.0,,1.572,-28563000.0,135039000.0,135039000.0,48252000.0,5593000.0,2.914,0.705,147587000.0,12145000.0,135442000.0,147587000.0,45955000.0,16390000.0,0.0,0.0,0.0,11264000.0,27654000.0,0.14,27654000.0,11264000.0,9418000.0,0.02,0.019,0.02,447258000.0,,447258000.0,1173169165.0,15.0,8.432,-6657000.0,-0.023,1.0,149939000.0,0.757,190508000.0,1846000.0,440573000.0,,8901000.0,1056000.0,0.0,1056000.0,315423000.0,144148000.0,171275000.0,1166874165.0,-7504000.0,0.0,1050000.0,-1251000.0,0.0,-390000.0,-28463000.0,100000.0,21906000.0,-557000.0,5593000.0,5593000.0,5593000.0,0.0,0.0,0.028,138691000.0,11248000.0,32404000.0,0.0,2.609,26.522,26.46,142445000.0,0.0,4.101,1.464,1.464,250612000.0,242165000.0,198191000.0,198191000.0,37458000.0,,,,,23000.0,101233000.0,1.0,284516712.0,284472000.0,293680000.0,0.697,572173000.0,0.0,3825000.0,42212000.0,2.011,275912000.0
74,CERN,MRQ,2002-12-31,2002-12-28,2002-12-28,2021-08-02,-1744000.0,789141000.0,,457548000.0,331593000.0,,1.553,-25493000.0,142543000.0,142543000.0,54890000.0,9944000.0,2.608,0.788,148838000.0,12202000.0,136636000.0,148838000.0,45055000.0,15825000.0,0.0,0.0,0.0,18324000.0,34149000.0,0.159,34149000.0,18324000.0,16910000.0,0.035,0.034,0.035,441244000.0,,441244000.0,1075496056.0,13.0,7.535,17045000.0,0.06,1.0,160137000.0,0.745,186420000.0,1414000.0,433603000.0,,9041000.0,964000.0,0.0,964000.0,347897000.0,175413000.0,172484000.0,1047495056.0,53985000.0,-6887000.0,470000.0,31776000.0,0.0,37867000.0,-27070000.0,5310000.0,42538000.0,650000.0,9944000.0,9944000.0,9944000.0,0.0,0.0,0.046,132801000.0,27336000.0,46822000.0,0.0,2.374,21.813,21.691,134283000.0,0.0,3.688,1.342,1.342,272668000.0,236572000.0,215027000.0,215027000.0,34508000.0,,,,,1617000.0,98293000.0,1.0,284066456.0,284066456.0,,0.757,602721000.0,0.0,6966000.0,50401000.0,2.122,282135000.0
75,CERN,MRQ,2002-09-30,2002-09-28,2002-09-28,2021-08-02,-1841000.0,704891000.0,,381140000.0,323751000.0,,1.491,-34298000.0,88558000.0,88558000.0,43829000.0,13768000.0,2.174,0.664,116559000.0,38127000.0,78432000.0,116559000.0,35211000.0,14353000.0,0.0,0.0,0.0,23961000.0,38314000.0,0.194,38314000.0,23961000.0,22716000.0,0.049,0.046,0.049,423520000.0,,423520000.0,1251233731.0,14.0,8.994,-48380000.0,-0.17,1.0,153160000.0,0.778,163391000.0,1245000.0,394196000.0,,8185000.0,22719000.0,0.0,22719000.0,281371000.0,175305000.0,106066000.0,1276784731.0,-54828000.0,-5700000.0,556000.0,-773000.0,0.0,-302000.0,-39998000.0,0.0,-14082000.0,-446000.0,13768000.0,13768000.0,13768000.0,0.0,0.0,0.07,129232000.0,23928000.0,36781000.0,0.0,3.015,25.991,25.855,127815000.0,0.0,4.499,1.736,1.737,263731000.0,226628000.0,196989000.0,196989000.0,33850000.0,,,,,0.0,95382000.0,1.0,283808776.0,283968000.0,295304000.0,0.694,541500000.0,0.0,8948000.0,45903000.0,1.907,205835000.0
76,CERN,MRQ,2002-06-30,2002-06-29,2002-06-29,2021-08-02,-1395000.0,719864000.0,,418017000.0,301847000.0,,1.445,-24020000.0,143386000.0,143386000.0,45245000.0,14692000.0,2.071,0.757,117835000.0,38136000.0,79699000.0,117835000.0,45914000.0,13817000.0,0.0,0.0,0.0,25201000.0,39018000.0,0.209,39018000.0,25201000.0,23828000.0,0.051,0.049,0.051,409702000.0,,409702000.0,1737921221.0,22.0,13.315,-7604000.0,-0.027,1.0,141579000.0,0.758,158935000.0,1373000.0,333568000.0,,7240000.0,16915000.0,0.0,16915000.0,310162000.0,201810000.0,108352000.0,1693070221.0,68921000.0,-13429000.0,1792000.0,-1930000.0,0.0,-483000.0,52812000.0,90261000.0,16416000.0,176000.0,14692000.0,14692000.0,14692000.0,0.0,0.0,0.079,120706000.0,20873000.0,30759000.0,0.0,4.132,37.963,37.84,116299000.0,0.0,5.979,2.496,2.499,250058000.0,212860000.0,186824000.0,186824000.0,31569000.0,,,,,34000.0,89137000.0,1.0,283181304.0,283536000.0,299824000.0,0.659,560929000.0,0.0,9136000.0,67089000.0,1.978,216207000.0
77,CERN,MRQ,2002-03-31,2002-03-30,2002-03-30,2021-08-02,16402000.0,727537000.0,,339936000.0,387601000.0,,1.456,-25872000.0,74465000.0,74465000.0,46586000.0,9618000.0,2.188,0.765,119316000.0,28120000.0,91196000.0,119316000.0,55130000.0,13351000.0,0.0,0.0,0.0,17908000.0,31259000.0,0.172,31259000.0,17908000.0,16385000.0,0.034,0.033,0.034,412112000.0,,412112000.0,1700275015.0,-33.0,-550.429,-33838000.0,-0.12,1.0,134836000.0,0.743,142756000.0,1523000.0,474247000.0,,7019000.0,130941000.0,0.0,130941000.0,315425000.0,155385000.0,160040000.0,1688492015.0,-33071000.0,0.0,378000.0,-3000.0,0.0,375000.0,-26014000.0,-142000.0,-7966000.0,534000.0,9618000.0,9618000.0,9618000.0,0.0,0.0,0.053,116153000.0,18683000.0,28026000.0,0.0,4.097,-43.209,-42.296,105688000.0,0.0,5.964,2.718,2.717,240681000.0,198954000.0,181422000.0,181422000.0,29693000.0,,,,,0.0,86460000.0,1.0,283125888.0,283016000.0,297704000.0,0.641,584781000.0,0.0,6767000.0,69990000.0,2.066,184551000.0
78,CERN,MRQ,2001-12-31,2001-12-29,2001-12-29,2021-08-02,9911000.0,712302000.0,,347676000.0,364626000.0,,1.412,-17015000.0,107536000.0,107536000.0,50047000.0,11046000.0,2.198,0.804,119319000.0,27187000.0,92132000.0,119319000.0,58054000.0,10798000.0,0.0,0.0,0.0,19729000.0,30527000.0,0.179,30527000.0,19729000.0,18268000.0,0.04,0.04,0.04,394839000.0,,394839000.0,1780828594.0,-30.0,-153.732,-2113000.0,-0.008,1.0,120097000.0,0.706,138856000.0,1461000.0,427041000.0,,5834000.0,122992000.0,0.0,122992000.0,317463000.0,158188000.0,159275000.0,1772294594.0,11567000.0,-2359000.0,701000.0,14447000.0,0.0,14969000.0,-17619000.0,1755000.0,14902000.0,-685000.0,11046000.0,11046000.0,11046000.0,0.0,0.0,0.065,100390000.0,19707000.0,20942000.0,0.0,4.489,-41.833,-41.962,94705000.0,0.0,6.336,3.16,3.16,220205000.0,188550000.0,170144000.0,170144000.0,26284000.0,,,,,2401000.0,74106000.0,1.0,279707176.0,279707176.0,,0.608,573446000.0,0.0,7222000.0,68054000.0,2.05,189488000.0
79,CERN,MRQ,2001-09-30,2001-09-29,2001-09-29,2021-08-02,-15957000.0,611441000.0,,315458000.0,295983000.0,,1.207,-15850000.0,95969000.0,95969000.0,28354000.0,9242000.0,2.36,0.813,104503000.0,12098000.0,92405000.0,104503000.0,46906000.0,12927000.0,0.0,0.0,0.0,16788000.0,29715000.0,0.212,29715000.0,16788000.0,15459000.0,0.033,0.031,0.033,337330000.0,,337330000.0,1734515278.0,-16.0,-29.809,701000.0,0.003,1.0,111515000.0,0.797,117013000.0,1329000.0,369314000.0,,3557000.0,81236000.0,0.0,81236000.0,274111000.0,133648000.0,140463000.0,1728032278.0,-2190000.0,-3350000.0,962000.0,-264000.0,0.0,698000.0,-19150000.0,50000.0,16551000.0,-289000.0,9242000.0,9242000.0,9242000.0,0.0,0.0,0.066,94695000.0,16820000.0,24789000.0,0.0,5.123,-24.249,-23.707,91532000.0,0.0,6.188,3.392,3.395,202686000.0,177504000.0,139869000.0,139869000.0,25532000.0,,,,,86000.0,69163000.0,1.0,279277944.0,279488000.0,294384000.0,0.5,494428000.0,0.0,6217000.0,59292000.0,1.769,181810000.0
80,CERN,MRQ,2001-06-30,2001-06-30,2001-06-30,2021-08-02,10320000.0,629177000.0,,304885000.0,324292000.0,,1.267,-16768000.0,98159000.0,98159000.0,29847000.0,-68983000.0,2.835,0.781,104642000.0,54000.0,104588000.0,104642000.0,42558000.0,11857000.0,0.0,0.0,0.0,-106447000.0,-94590000.0,-0.728,-94590000.0,-106447000.0,-107470000.0,-0.247,-0.247,-0.247,353317000.0,,353317000.0,1474517922.0,20.0,12.457,4836000.0,0.017,1.0,100044000.0,0.77,109476000.0,1023000.0,418652000.0,,1008000.0,122168000.0,0.0,122168000.0,275860000.0,107532000.0,168328000.0,1462235922.0,8750000.0,0.0,1765000.0,2951000.0,0.0,4716000.0,-17965000.0,-1197000.0,21604000.0,395000.0,-68983000.0,-68983000.0,-68983000.0,0.0,0.0,-0.531,86550000.0,13494000.0,27887000.0,0.0,4.139,34.14,33.228,86184000.0,0.0,5.25,3.086,3.089,192618000.0,168261000.0,129891000.0,129891000.0,24366000.0,,,,,0.0,62184000.0,1.0,278521128.0,278848000.0,278848000.0,0.466,519701000.0,0.0,-38487000.0,67833000.0,1.864,197353000.0
81,CERN,MRQ,2001-03-31,2001-03-31,2001-03-31,2021-08-02,-78972000.0,579811000.0,,281458000.0,298353000.0,,1.19,-13917000.0,89409000.0,89409000.0,25738000.0,6328000.0,3.107,0.75,101691000.0,56000.0,101635000.0,101691000.0,42324000.0,11723000.0,0.0,0.0,0.0,11040000.0,22763000.0,0.188,22763000.0,11040000.0,10428000.0,0.022,0.021,0.022,331243000.0,,331243000.0,1203851369.0,7.0,5.403,-2136000.0,-0.008,1.0,95163000.0,0.787,107495000.0,612000.0,394008000.0,,2041000.0,99410000.0,0.0,99410000.0,248568000.0,90590000.0,157978000.0,1192373369.0,-1484000.0,0.0,639000.0,-680000.0,0.0,-41000.0,-12451000.0,1466000.0,11781000.0,-773000.0,6328000.0,6328000.0,6328000.0,0.0,0.0,0.052,83833000.0,11330000.0,15102000.0,0.0,3.6,10.919,10.839,81625000.0,0.0,4.281,2.725,2.724,180811000.0,237243000.0,120901000.0,120901000.0,24005000.0,,,,,56000.0,59828000.0,1.0,278510568.0,278360000.0,294120000.0,0.434,472316000.0,0.0,4100000.0,59103000.0,1.697,190868000.0
82,CERN,MRQ,2000-12-31,2000-12-30,2000-12-30,2021-08-02,-59475000.0,616411000.0,,288496000.0,327915000.0,,1.243,-14287000.0,90893000.0,90893000.0,28354000.0,-17850000.0,2.82,0.793,102371000.0,72000.0,102299000.0,102371000.0,50862000.0,10471000.0,0.0,0.0,0.0,-26546000.0,-16075000.0,-0.135,-16075000.0,-26546000.0,-27495000.0,-0.069,-0.07,-0.069,343717000.0,,343717000.0,1620145605.0,9.0,7.578,-13396000.0,-0.048,1.0,90424000.0,0.761,105503000.0,949000.0,420071000.0,,2174000.0,130626000.0,0.0,130626000.0,272694000.0,102315000.0,170379000.0,1598239605.0,12694000.0,-3996000.0,3304000.0,-48000.0,0.0,3256000.0,8450000.0,27733000.0,891000.0,97000.0,-17850000.0,-17850000.0,-17850000.0,0.0,0.0,-0.15,79300000.0,11124000.0,20532000.0,0.0,4.65,15.183,15.016,82234000.0,0.0,5.781,3.959,3.959,188036000.0,230916000.0,118778000.0,118778000.0,21775000.0,,,,,2869000.0,55825000.0,1.0,276452256.0,276452256.0,,0.43,510908000.0,0.0,-9645000.0,67148000.0,1.848,186181000.0
83,CERN,MRQ,2000-09-30,2000-09-30,2000-09-30,2021-08-02,1983000.0,724151000.0,,246224000.0,477927000.0,,1.524,-12017000.0,78199000.0,78199000.0,23903000.0,123336000.0,2.681,0.737,100105000.0,83000.0,100022000.0,100105000.0,45342000.0,9743000.0,0.0,0.0,0.0,196525000.0,206268000.0,1.977,206268000.0,196525000.0,195588000.0,0.451,0.431,0.451,416852000.0,,416852000.0,1584529278.0,8.0,6.791,-3380000.0,-0.012,1.0,80422000.0,0.771,97766000.0,937000.0,556465000.0,,876000.0,291216000.0,0.0,291216000.0,307299000.0,91826000.0,215473000.0,1573804278.0,-11089000.0,-8127000.0,1429000.0,-639000.0,0.0,790000.0,-19958000.0,186000.0,8637000.0,-558000.0,123336000.0,123336000.0,123336000.0,0.0,0.0,1.182,72551000.0,7871000.0,21815000.0,0.0,3.775,13.165,13.314,78629000.0,0.0,5.805,4.2,4.237,161431000.0,248766000.0,104325000.0,104325000.0,19064000.0,,,,,768000.0,50287000.0,1.0,271111848.0,273504000.0,286056000.0,0.381,626385000.0,0.0,72252000.0,114444000.0,2.29,154398000.0
84,CERN,MRQ,2000-06-30,2000-07-01,2000-07-01,2021-08-02,97792000.0,660069000.0,,242204000.0,417865000.0,,1.374,-10854000.0,89288000.0,89288000.0,19479000.0,-2613000.0,2.768,0.774,100013000.0,0.0,100013000.0,100013000.0,52072000.0,8959000.0,0.0,0.0,0.0,880000.0,9839000.0,0.105,9839000.0,880000.0,44000.0,-0.01,-0.01,-0.01,371977000.0,,371977000.0,927443155.0,287.0,25.178,6295000.0,0.023,1.0,74023000.0,0.792,84438000.0,836000.0,498859000.0,,830000.0,245694000.0,0.0,245694000.0,288092000.0,87497000.0,200595000.0,921115155.0,-4384000.0,-13076000.0,1512000.0,-280000.0,0.0,1232000.0,-22737000.0,193000.0,17149000.0,-28000.0,-2613000.0,-2613000.0,-2613000.0,0.0,0.0,-0.028,73143000.0,880000.0,17478000.0,0.0,2.476,-295.703,-262.019,77080000.0,0.0,3.406,2.622,2.624,146853000.0,125430000.0,93502000.0,93502000.0,18055000.0,,,,,55000.0,48401000.0,1.0,270419128.0,270640000.0,270640000.0,0.345,575631000.0,0.0,2657000.0,95924000.0,2.127,154707000.0
85,CERN,MRQ,2000-03-31,2000-04-01,2000-04-01,2021-08-02,144104000.0,727856000.0,,247794000.0,480062000.0,,1.552,-9978000.0,93672000.0,93672000.0,18382000.0,2392000.0,3.195,0.736,100000000.0,0.0,100000000.0,100000000.0,40270000.0,8815000.0,0.0,0.0,0.0,4935000.0,13750000.0,0.158,13750000.0,4935000.0,3986000.0,0.009,0.009,0.009,419335000.0,,419335000.0,936780845.0,396.0,26.794,16658000.0,0.062,1.0,68725000.0,0.789,81273000.0,949000.0,575363000.0,,1091000.0,310489000.0,0.0,310489000.0,308521000.0,77548000.0,230973000.0,912457845.0,17995000.0,1000000.0,807000.0,0.0,0.0,807000.0,-9171000.0,-193000.0,26636000.0,-277000.0,2392000.0,2392000.0,2392000.0,0.0,0.0,0.027,63790000.0,4935000.0,21653000.0,0.0,2.176,-557.396,-562.5,76747000.0,0.0,3.375,2.679,2.678,148763000.0,128043000.0,87107000.0,87107000.0,19531000.0,,,,,93000.0,44259000.0,1.0,270357880.0,270224000.0,277576000.0,0.322,646583000.0,0.0,1594000.0,124020000.0,2.393,170246000.0
86,CERN,MRQ,1999-12-31,2000-01-01,2000-01-01,2021-08-02,106998000.0,660891000.0,,242429000.0,418462000.0,,1.409,-11285000.0,75677000.0,75677000.0,31639000.0,-3574000.0,3.35,0.744,100000000.0,0.0,100000000.0,100000000.0,37245000.0,8218000.0,0.0,0.0,0.0,-4747000.0,3471000.0,0.039,3471000.0,-4747000.0,-5815000.0,-0.014,-0.014,-0.014,378937000.0,,378937000.0,690049854.0,300.0,20.482,4578000.0,0.017,1.0,58104000.0,0.647,78518000.0,1068000.0,534320000.0,,1262000.0,252123000.0,0.0,252123000.0,281954000.0,72376000.0,209578000.0,662018854.0,3708000.0,-12865000.0,381000.0,0.0,0.0,381000.0,-12516000.0,9173000.0,15863000.0,-20000.0,-3574000.0,-3574000.0,-3574000.0,0.0,0.0,-0.04,62851000.0,-4747000.0,20261000.0,0.0,1.747,-546.671,-492.25,77938000.0,0.0,2.461,1.946,1.946,161174000.0,125651000.0,89743000.0,89743000.0,18407000.0,,,,,644000.0,44444000.0,1.0,268976680.0,268976680.0,,0.334,582373000.0,0.0,-2241000.0,104565000.0,2.165,170053000.0
87,CERN,MRQ,1999-09-30,1999-10-02,1999-10-02,2021-08-02,55219000.0,578960000.0,,243638000.0,335322000.0,,1.226,-11871000.0,71969000.0,71969000.0,17900000.0,680000.0,3.375,0.756,100000000.0,0.0,100000000.0,100000000.0,36822000.0,7608000.0,0.0,0.0,0.0,2168000.0,9776000.0,0.121,9776000.0,2168000.0,1146000.0,0.003,0.003,0.003,329707000.0,,329707000.0,521166125.0,-49.0,20.569,-10035000.0,-0.037,1.0,63029000.0,0.779,74559000.0,1022000.0,460247000.0,,2514000.0,172930000.0,0.0,172930000.0,249253000.0,72185000.0,177068000.0,503289125.0,-10165000.0,0.0,26000.0,-11000.0,0.0,15000.0,-11967000.0,-96000.0,1836000.0,-49000.0,680000.0,680000.0,680000.0,0.0,0.0,0.008,60861000.0,2168000.0,10044000.0,0.0,1.526,-44.789,-42.528,76779000.0,0.0,1.871,1.418,1.418,164439000.0,129225000.0,80929000.0,80929000.0,18210000.0,,,,,62000.0,42651000.0,1.0,268958784.0,268976000.0,270896000.0,0.301,504401000.0,0.0,466000.0,82309000.0,1.875,171453000.0
88,CERN,MRQ,1999-06-30,1999-07-03,1999-07-03,2021-08-02,39270000.0,552687000.0,,244772000.0,307915000.0,,1.164,-12034000.0,82134000.0,82134000.0,21932000.0,-1135000.0,3.374,0.766,100011000.0,11000.0,100000000.0,100011000.0,38097000.0,7956000.0,0.0,0.0,0.0,9000.0,7965000.0,0.096,7965000.0,9000.0,-967000.0,-0.004,-0.004,-0.004,312989000.0,,312989000.0,651323421.0,-253.0,20.096,-3981000.0,-0.015,1.0,60850000.0,0.735,70910000.0,976000.0,427114000.0,,2550000.0,147413000.0,0.0,147413000.0,239698000.0,72540000.0,167158000.0,656215421.0,47221000.0,-750000.0,66000.0,67421000.0,0.0,67487000.0,-28560000.0,-12433000.0,8053000.0,241000.0,-1135000.0,-1135000.0,-1135000.0,0.0,0.0,-0.014,59446000.0,1404000.0,11797000.0,0.0,2.097,-117.834,-110.966,78613000.0,0.0,2.441,1.839,1.839,155297000.0,128544000.0,82782000.0,82782000.0,18520000.0,,,,,58000.0,40926000.0,1.0,268803040.0,268920000.0,271288000.0,0.308,481777000.0,0.0,168000.0,72043000.0,1.792,172232000.0
89,CERN,MRQ,1999-03-31,1999-04-03,1999-04-03,2021-08-02,-299000.0,428764000.0,,207411000.0,221353000.0,,1.022,-9347000.0,34913000.0,34913000.0,23568000.0,2817000.0,2.393,0.562,30021000.0,5021000.0,25000000.0,30021000.0,44301000.0,7606000.0,0.0,0.0,0.0,4874000.0,12480000.0,0.144,12480000.0,4874000.0,4543000.0,0.01,0.01,0.01,274428000.0,,274428000.0,512124961.0,83.0,13.056,-7710000.0,-0.029,1.0,63175000.0,0.728,67288000.0,331000.0,269918000.0,,2621000.0,71590000.0,0.0,71590000.0,154336000.0,86666000.0,67670000.0,524752961.0,-7745000.0,0.0,152000.0,-9000.0,0.0,143000.0,-9619000.0,-272000.0,1637000.0,94000.0,2817000.0,2817000.0,2817000.0,0.0,0.0,0.032,58301000.0,4874000.0,15245000.0,0.0,1.912,561.233,1953.75,75881000.0,0.0,1.954,1.485,1.485,165876000.0,129676000.0,86743000.0,86743000.0,17526000.0,,,,,109000.0,40775000.0,1.0,268587568.0,268472000.0,271384000.0,0.323,361476000.0,0.0,1726000.0,48550000.0,1.346,120745000.0
90,CERN,MRQ,1998-12-31,1999-01-02,1999-01-02,2021-08-02,106998000.0,660891000.0,,242429000.0,418462000.0,,1.445,-12506000.0,75677000.0,75677000.0,31554000.0,-13599000.0,3.35,0.744,100000000.0,0.0,100000000.0,100000000.0,37245000.0,12899000.0,0.0,0.0,0.0,-17783000.0,-4884000.0,-0.047,-4884000.0,-17783000.0,-21110000.0,-0.052,-0.051,-0.052,378937000.0,,378937000.0,890395732.0,387.0,26.428,10297000.0,0.039,1.0,72985000.0,0.698,78518000.0,3327000.0,534320000.0,,1262000.0,252123000.0,0.0,252123000.0,281954000.0,72376000.0,209578000.0,877065732.0,66969000.0,-6741000.0,-840000.0,67437000.0,0.0,66597000.0,-22940000.0,-2811000.0,22803000.0,509000.0,-13599000.0,-13599000.0,-13599000.0,0.0,0.0,-0.13,89373000.0,-16388000.0,20261000.0,0.0,2.315,-724.249,-668.75,77938000.0,0.0,3.344,2.578,2.578,161174000.0,125651000.0,104539000.0,104539000.0,28843000.0,,,,,873000.0,65568000.0,1.0,262300032.0,262300032.0,,0.399,582373000.0,0.0,-7511000.0,104565000.0,2.22,170053000.0
91,CERN,MRQ,1998-09-30,1998-10-03,1998-10-03,2021-08-02,-385000.0,348318000.0,,207010000.0,141308000.0,,0.944,-11726000.0,16708000.0,16708000.0,20175000.0,6348000.0,3.947,0.408,30038000.0,43000.0,29995000.0,30038000.0,3378000.0,6519000.0,0.0,0.0,0.0,10330000.0,16849000.0,0.203,16849000.0,10330000.0,10185000.0,0.024,0.024,0.024,247357000.0,,247357000.0,751400578.0,26.0,14.446,-8446000.0,-0.032,1.0,62657000.0,0.756,60005000.0,145000.0,249198000.0,,2128000.0,26885000.0,26885000.0,0.0,100961000.0,52445000.0,48516000.0,741283578.0,-8429000.0,0.0,369000.0,-14000.0,0.0,355000.0,-11976000.0,-250000.0,3280000.0,-88000.0,6348000.0,6348000.0,6348000.0,0.0,0.0,0.077,52327000.0,10330000.0,7754000.0,0.0,2.997,41.575,42.86,71308000.0,0.0,2.829,2.427,2.428,158585000.0,118661000.0,82832000.0,82832000.0,15611000.0,,,,,0.0,36716000.0,1.0,262053408.0,262168000.0,269920000.0,0.316,288313000.0,0.0,3837000.0,43824000.0,1.1,154565000.0
92,CERN,MRQ,1998-06-30,1998-07-04,1998-07-04,2021-08-02,-297000.0,343201000.0,,207579000.0,135622000.0,,0.919,-10543000.0,19936000.0,19936000.0,21237000.0,5369000.0,3.744,0.426,30053000.0,43000.0,30010000.0,30053000.0,7239000.0,6055000.0,0.0,0.0,0.0,8726000.0,14781000.0,0.187,14781000.0,8726000.0,8726000.0,0.02,0.02,0.02,240728000.0,,240728000.0,936793114.0,36.0,19.908,-10156000.0,-0.039,1.0,57915000.0,0.732,55673000.0,0.0,242203000.0,,1868000.0,32086000.0,32086000.0,0.0,102473000.0,55442000.0,47031000.0,912063114.0,-10177000.0,0.0,458000.0,-12000.0,0.0,446000.0,-10860000.0,-317000.0,387000.0,-150000.0,5369000.0,5369000.0,5369000.0,0.0,0.0,0.068,49105000.0,8810000.0,10621000.0,0.0,3.789,57.265,59.068,69209000.0,0.0,3.485,3.218,3.221,151289000.0,112313000.0,79152000.0,79152000.0,14520000.0,,,,,0.0,34585000.0,1.0,261711080.0,261928000.0,269288000.0,0.302,287528000.0,0.0,3357000.0,38131000.0,1.098,152137000.0
93,CERN,MRQ,1998-03-31,1998-04-04,1998-04-04,2021-08-02,-147000.0,336581000.0,,206143000.0,130438000.0,,0.899,-9762000.0,5335000.0,5335000.0,22072000.0,671000.0,3.617,0.432,30065000.0,43000.0,30022000.0,30065000.0,8000000.0,5915000.0,0.0,0.0,0.0,1106000.0,7021000.0,0.095,7021000.0,1106000.0,1106000.0,0.003,0.003,0.003,235051000.0,,235051000.0,738854637.0,33.0,18.225,-8843000.0,-0.034,1.0,51602000.0,0.7,51836000.0,0.0,252488000.0,,1885000.0,56864000.0,56864000.0,0.0,101530000.0,56987000.0,44543000.0,716334637.0,-15344000.0,-6874000.0,638000.0,-10000.0,0.0,628000.0,-16886000.0,-250000.0,919000.0,-5000.0,671000.0,671000.0,671000.0,0.0,0.0,0.009,50656000.0,946000.0,13389000.0,0.0,3.048,51.602,53.775,67866000.0,0.0,2.743,2.677,2.678,140041000.0,106944000.0,73674000.0,73674000.0,13634000.0,,,,,0.0,31984000.0,1.0,261197680.0,261352000.0,266816000.0,0.282,284745000.0,0.0,435000.0,35020000.0,1.09,149156000.0
94,CERN,MRQ,1997-12-31,1998-01-03,1998-01-03,2021-08-02,-142000.0,331781000.0,,208355000.0,123426000.0,,0.895,-8700000.0,77543000.0,77543000.0,19082000.0,5442000.0,4.042,0.419,30061000.0,35000.0,30026000.0,30061000.0,8290000.0,4684000.0,0.0,0.0,0.0,8679000.0,13363000.0,0.191,13363000.0,8679000.0,8679000.0,0.02,0.02,0.02,233747000.0,,233747000.0,,,,-7679000.0,-0.029,1.0,50749000.0,0.727,46968000.0,0.0,185784000.0,,1743000.0,2534000.0,0.0,2534000.0,98034000.0,51547000.0,46487000.0,718293620.0,-19861000.0,-4500000.0,-12112000.0,-12000.0,0.0,-12124000.0,-8700000.0,4500000.0,1021000.0,-58000.0,5442000.0,5442000.0,5442000.0,0.0,0.0,0.078,42680000.0,8069000.0,11330000.0,0.0,3.073,47.418,47.414,65724000.0,0.0,2.75,2.931,2.931,125516000.0,106273000.0,69831000.0,69831000.0,11836000.0,,,,,553000.0,30844000.0,1.0,261197680.0,261197680.0,,0.267,284813000.0,0.0,3237000.0,34706000.0,1.09,156808000.0
95,CERN,MRQ,1997-09-30,1997-09-27,1997-09-27,2021-08-02,,,,,,,,-6502000.0,,,15835000.0,4445000.0,,,,,,,,4687000.0,,0.0,0.0,7203000.0,11890000.0,0.196,11890000.0,7203000.0,7203000.0,0.016,0.016,0.016,,,,,,,-3487000.0,-0.013,1.0,44942000.0,0.739,,0.0,,,,,,,,,,,-3084000.0,0.0,442000.0,-36000.0,0.0,406000.0,-6502000.0,0.0,3015000.0,-3000.0,4445000.0,4445000.0,4445000.0,0.0,0.0,0.073,38285000.0,6657000.0,,0.0,,,,,0.0,3.125,,,,,60777000.0,60777000.0,12034000.0,,,,,0.0,26251000.0,1.0,,263608000.0,276056000.0,0.231,,,2758000.0,,,
96,CERN,MRQ,1997-06-30,1997-06-28,1997-06-28,2021-08-02,,,,,,,,-8179000.0,,,21879000.0,3324000.0,,,,,,,,2789000.0,,0.0,0.0,5478000.0,8267000.0,0.131,8267000.0,5478000.0,5478000.0,0.013,0.013,0.013,,,,,,,5558000.0,0.021,1.0,41441000.0,0.654,,0.0,,,,,,,,,,,4930000.0,6874000.0,-3090000.0,-58000.0,0.0,-3148000.0,-5555000.0,-4250000.0,13737000.0,-104000.0,3324000.0,3324000.0,3324000.0,0.0,0.0,0.052,36537000.0,4904000.0,,0.0,,,,,0.0,2.672,,,,,63320000.0,63320000.0,10600000.0,,,,,16000.0,25937000.0,1.0,,263264000.0,267976000.0,0.241,,,2154000.0,,,
97,CERN,MRQ,1997-03-31,1997-03-29,1997-03-29,2021-08-02,,,,,,,,-9762000.0,,,15147000.0,1936000.0,,,,,,,,5915000.0,,0.0,0.0,3123000.0,9038000.0,0.177,9038000.0,3123000.0,3123000.0,0.007,0.007,0.007,,,,,,,-8843000.0,-0.034,1.0,35982000.0,0.704,,0.0,,,,,,,,,,,-15344000.0,-6874000.0,638000.0,-10000.0,0.0,628000.0,-16886000.0,-250000.0,919000.0,-5000.0,1936000.0,1936000.0,1936000.0,0.0,0.0,0.038,33443000.0,2539000.0,,0.0,,,,,0.0,1.656,,,,,51129000.0,51129000.0,9616000.0,,,,,0.0,23827000.0,1.0,,263328000.0,267840000.0,0.194,,,1187000.0,,,
98,CERN,MRQ,1996-12-31,1996-12-28,1996-12-28,2021-08-02,28000.0,314753000.0,,212416000.0,102337000.0,,,,6905000.0,6905000.0,,,5.154,0.364,30104000.0,104000.0,30000000.0,30104000.0,7811000.0,,0.0,0.0,0.0,,,,,,,,,,230735000.0,,230735000.0,,,,,,1.0,,,34101000.0,,262639000.0,,1616000.0,103997000.0,103997000.0,0.0,84018000.0,41212000.0,42806000.0,,,,,,,,,,,,,,,,,,,,9346000.0,,,,62.419,60047000.0,,1.935,,,99875000.0,91125000.0,,,,,,,,,,1.0,,,,,280652000.0,0.0,,26460000.0,,171204000.0
0,CERN,MRT,2021-06-30,2021-06-30,2021-06-30,2021-08-02,-118727000.0,7721102000.0,7627855000.0,2540800000.0,5180302000.0,0.735,13.389,-627958000.0,246404000.0,246404000.0,958543000.0,703140000.0,1.647,0.918,1836154000.0,225000000.0,1611154000.0,1836154000.0,429219000.0,708049000.0,0.0,0.011,0.84,903118000.0,1611167000.0,0.287,1611167000.0,903118000.0,903118000.0,2.31,2.28,2.31,4026484000.0,4306943750.0,4026484000.0,24389183035.0,27.0,15.138,1086220000.0,3.612,1.0,4649688000.0,0.829,2623686000.0,0.0,5144272000.0,4984293500.0,20168000.0,1135838000.0,638488000.0,497350000.0,3694618000.0,1542894000.0,2151724000.0,23550942035.0,-23491000.0,-134452000.0,-605353000.0,497500000.0,-245620000.0,-414306000.0,-1327010000.0,-530982000.0,1714178000.0,3647000.0,703140000.0,703140000.0,703140000.0,0.0,0.0,0.125,3792777000.0,856911000.0,332959000.0,0.364,5.849,33.494,33.835,1864283000.0,0.0,78.16,4.199,4.191,1237230000.0,6546615000.0,5608231000.0,5608231000.0,818659000.0,0.092,0.163,0.181,0.161,182760000.0,3140206000.0,1.0,301317068.0,300737000.0,303591000.0,18.648,5097416000.0,0.0,199978000.0,389018000.0,16.95,997906000.0
1,CERN,MRT,2021-03-31,2021-03-31,2021-03-31,2021-08-02,-125424000.0,7908410000.0,7417414750.0,3055180000.0,4853230000.0,0.739,14.152,-615630000.0,997861000.0,997861000.0,909181000.0,805181000.0,2.088,0.834,1836102000.0,225000000.0,1611102000.0,1836102000.0,407736000.0,700090000.0,0.0,0.011,0.76,1026766000.0,1726856000.0,0.315,1726856000.0,1026766000.0,1026766000.0,2.64,2.61,2.64,4312437000.0,4304826750.0,4312437000.0,22736888931.0,22.0,13.167,988003000.0,3.242,1.0,4572644000.0,0.834,2256924000.0,0.0,5026587000.0,4875653000.0,30442000.0,969066000.0,476362000.0,492704000.0,3595973000.0,1463140000.0,2132833000.0,22016434931.0,712449000.0,180395000.0,-276749000.0,497500000.0,-232891000.0,-48421000.0,-846811000.0,-375040000.0,1603633000.0,4048000.0,805181000.0,805181000.0,805181000.0,0.0,0.0,0.147,3618395000.0,954249000.0,279256000.0,0.288,5.105,27.343,27.227,1905898000.0,0.0,71.88,4.016,3.996,1175139000.0,6580612000.0,5481825000.0,5481825000.0,756014000.0,0.109,0.187,0.211,0.187,166368000.0,3032241000.0,1.0,306294309.0,304731000.0,308031000.0,17.989,5651486000.0,0.0,221585000.0,372037000.0,18.546,1592040000.0
2,CERN,MRT,2020-12-31,2020-12-31,2020-12-31,2021-08-02,-120804000.0,7521096000.0,7124419750.0,2650987000.0,4870109000.0,0.773,14.617,-579258000.0,615615000.0,615615000.0,932941000.0,780088000.0,2.268,0.678,1336069000.0,0.0,1336069000.0,1336069000.0,393293000.0,697423000.0,0.0,0.01,0.76,991473000.0,1688896000.0,0.307,1688896000.0,991473000.0,991473000.0,2.54,2.52,2.54,4482567000.0,4192487250.0,4482567000.0,24978039195.0,25.0,14.79,857447000.0,2.796,1.0,4572847000.0,0.831,2253118000.0,0.0,4819806000.0,4765373500.0,23027000.0,952693000.0,442473000.0,510220000.0,3038529000.0,1168626000.0,1869903000.0,24061175195.0,173772000.0,179651000.0,-503345000.0,297500000.0,-221461000.0,-461497000.0,-801237000.0,-363387000.0,1436705000.0,-199000.0,780088000.0,780088000.0,780088000.0,0.0,0.0,0.142,3658280000.0,914567000.0,235755000.0,0.299,5.368,30.844,30.898,1908619000.0,0.0,78.48,4.37,4.371,1168712000.0,6475551000.0,5505788000.0,5505788000.0,749007000.0,0.109,0.186,0.208,0.18,153449000.0,3074201000.0,1.0,306589898.0,306669000.0,309136000.0,17.954,5267978000.0,0.0,211385000.0,376035000.0,17.178,1482361000.0
3,CERN,MRT,2020-09-30,2020-09-30,2020-09-30,2021-08-02,-138015000.0,7360812000.0,6967801250.0,2524959000.0,4835853000.0,0.797,14.411,-608280000.0,419154000.0,419154000.0,975654000.0,792914000.0,2.292,0.671,1336018000.0,0.0,1336018000.0,1336018000.0,320294000.0,697394000.0,0.0,0.01,0.72,1007042000.0,1704436000.0,0.307,1704436000.0,1007042000.0,1007042000.0,2.58,2.56,2.58,4406287000.0,4151177500.0,4406287000.0,23144604322.0,23.0,13.579,753340000.0,2.464,1.0,4577341000.0,0.824,2229591000.0,0.0,4946509000.0,4629486250.0,15768000.0,896638000.0,473323000.0,423315000.0,2954525000.0,1101576000.0,1852949000.0,22076032322.0,-77276000.0,119166000.0,-677758000.0,297500000.0,-222807000.0,-634102000.0,-800846000.0,-272241000.0,1361620000.0,-3948000.0,792914000.0,792914000.0,792914000.0,0.0,0.0,0.143,3657416000.0,919925000.0,256449000.0,0.279,5.01,27.842,28.019,1977259000.0,0.0,72.29,3.976,3.98,1219227000.0,6402220000.0,5552995000.0,5552995000.0,739303000.0,0.114,0.191,0.218,0.181,140720000.0,3068943000.0,1.0,305381551.0,305759000.0,308366000.0,18.161,5131221000.0,0.0,214128000.0,391790000.0,16.782,1423383000.0
4,CERN,MRT,2020-06-30,2020-06-30,2020-06-30,2021-08-02,-149671000.0,6879341000.0,6861955750.0,2053547000.0,4825794000.0,0.818,13.184,-640302000.0,269895000.0,269895000.0,1015543000.0,518173000.0,2.04,0.712,1338467000.0,0.0,1338467000.0,1338467000.0,295711000.0,695421000.0,0.0,0.011,0.72,649514000.0,1344935000.0,0.24,1344935000.0,649514000.0,649514000.0,1.67,1.66,1.67,4018016000.0,4152422500.0,4018016000.0,21916101530.0,34.0,16.295,690817000.0,2.267,1.0,4598207000.0,0.819,2231401000.0,0.0,4709710000.0,4480483750.0,18525000.0,559798000.0,171123000.0,388675000.0,2861325000.0,1006802000.0,1854523000.0,20863096530.0,-433029000.0,-110305000.0,-1060056000.0,300000000.0,-224924000.0,-1019097000.0,-734167000.0,55226000.0,1331119000.0,-10884000.0,518173000.0,518173000.0,518173000.0,0.0,0.0,0.092,4001325000.0,596882000.0,261540000.0,0.431,5.192,40.263,41.048,1993418000.0,0.0,68.55,3.716,3.722,1183988000.0,6101402000.0,5613750000.0,5613750000.0,740003000.0,0.076,0.125,0.145,0.116,133337000.0,3186789000.0,1.0,304348600.0,304776000.0,306717000.0,18.419,4647940000.0,0.0,131341000.0,381926000.0,15.25,1046745000.0
5,CERN,MRT,2020-03-31,2020-03-31,2020-03-31,2021-08-02,-159363000.0,6736430000.0,6961197750.0,1963606000.0,4772824000.0,0.821,12.475,-674680000.0,285412000.0,285412000.0,1072253000.0,510394000.0,1.928,0.744,1338417000.0,0.0,1338417000.0,1338417000.0,316611000.0,693941000.0,0.0,0.009,0.54,632107000.0,1326048000.0,0.232,1326048000.0,632107000.0,632107000.0,1.63,1.61,1.63,3863079000.0,4327235750.0,3863079000.0,20245494219.0,32.0,15.268,604659000.0,1.953,1.0,4642209000.0,0.812,2185480000.0,0.0,4585469000.0,4411682250.0,23457000.0,525156000.0,113363000.0,411793000.0,2873351000.0,1018486000.0,1854865000.0,19648955219.0,-217749000.0,-75283000.0,-1589042000.0,900000000.0,-169870000.0,-890350000.0,-593364000.0,192874000.0,1279339000.0,-13374000.0,510394000.0,510394000.0,510394000.0,0.0,0.0,0.089,4061108000.0,581101000.0,295950000.0,0.331,5.086,38.498,38.644,1963233000.0,0.0,62.99,3.438,3.413,1151028000.0,6022256000.0,5714462000.0,5714462000.0,742095000.0,0.073,0.118,0.143,0.111,118812000.0,3236053000.0,1.0,311937692.0,309657000.0,312240000.0,18.454,4550950000.0,0.0,121713000.0,378530000.0,14.697,945120000.0
6,CERN,MRT,2019-12-31,2019-12-28,2019-12-28,2021-08-02,-118660000.0,6894622000.0,7026718250.0,2096624000.0,4797998000.0,0.81,13.567,-745389000.0,441843000.0,441843000.0,1071041000.0,529454000.0,2.041,0.597,1038382000.0,0.0,1038382000.0,1038382000.0,360025000.0,687966000.0,0.0,0.007,0.54,654512000.0,1342478000.0,0.236,1342478000.0,654512000.0,654512000.0,1.66,1.65,1.66,4317328000.0,4643753250.0,4317328000.0,23559195205.0,36.0,17.549,567710000.0,1.784,1.0,4621557000.0,0.812,2187456000.0,0.0,4276257000.0,4226948250.0,23182000.0,519350000.0,99931000.0,419419000.0,2577294000.0,1027448000.0,1549846000.0,23017058205.0,67717000.0,-74539000.0,-1062506000.0,600000000.0,-113823000.0,-601380000.0,-640408000.0,215107000.0,1313099000.0,-3594000.0,529454000.0,529454000.0,529454000.0,0.0,0.0,0.093,4020888000.0,600669000.0,273440000.0,0.325,5.331,43.473,44.145,1981927000.0,0.0,73.28,4.043,4.097,1139595000.0,5934909000.0,5692598000.0,5692598000.0,737136000.0,0.075,0.114,0.155,0.115,103641000.0,3195935000.0,1.0,314097410.0,318229000.0,321235000.0,17.888,4707166000.0,0.0,125058000.0,377657000.0,14.792,1069176000.0
7,CERN,MRT,2019-09-30,2019-09-28,2019-09-28,2021-08-02,-128550000.0,6937430000.0,6980221750.0,2213078000.0,4724352000.0,0.805,13.965,-805420000.0,496430000.0,496430000.0,1030610000.0,506443000.0,2.21,0.573,1038567000.0,0.0,1038567000.0,1038567000.0,308444000.0,678402000.0,0.0,0.005,0.36,634600000.0,1313002000.0,0.234,1313002000.0,634600000.0,634600000.0,1.57,1.56,1.57,4411267000.0,4796518500.0,4411267000.0,22104200293.0,35.0,16.835,476993000.0,1.51,1.0,4585420000.0,0.816,2127472000.0,0.0,4350499000.0,4074927750.0,23155000.0,539701000.0,136266000.0,403435000.0,2526163000.0,1001596000.0,1524567000.0,21768594293.0,-2184000.0,0.0,-1100637000.0,600000000.0,-57293000.0,-576888000.0,-703230000.0,140499000.0,1282413000.0,-4479000.0,506443000.0,506443000.0,506443000.0,0.0,0.0,0.09,4003455000.0,581965000.0,275916000.0,0.229,4.935,42.983,43.548,1987670000.0,0.0,68.37,3.876,3.845,1154980000.0,5836984000.0,5616030000.0,5616030000.0,730405000.0,0.073,0.106,0.156,0.113,94496000.0,3186749000.0,1.0,318393949.0,315876000.0,319113000.0,17.779,4809958000.0,0.0,128157000.0,353711000.0,15.227,1211482000.0
8,CERN,MRT,2019-06-30,2019-06-29,2019-06-29,2021-08-02,-112848000.0,7276309000.0,6942214250.0,2602470000.0,4673839000.0,0.796,14.683,-811452000.0,702924000.0,702924000.0,989164000.0,593889000.0,2.523,0.542,1038530000.0,0.0,1038530000.0,1038530000.0,320916000.0,666432000.0,0.0,0.002,0.18,746387000.0,1412819000.0,0.256,1412819000.0,746387000.0,746387000.0,1.82,1.81,1.82,4717269000.0,4960134250.0,4717269000.0,23788991614.0,32.0,16.838,457967000.0,1.425,1.0,4537511000.0,0.821,2146045000.0,0.0,4434504000.0,3904759000.0,23163000.0,571211000.0,250595000.0,320616000.0,2559040000.0,1031366000.0,1527674000.0,23853329614.0,191956000.0,0.0,-761039000.0,600000000.0,0.0,-164359000.0,-909042000.0,-59687000.0,1269419000.0,-4062000.0,593889000.0,593889000.0,593889000.0,0.0,0.0,0.107,3837167000.0,700344000.0,328405000.0,0.099,5.057,40.165,40.275,1998244000.0,0.0,73.3,4.316,4.261,1228985000.0,5812031000.0,5526675000.0,5526675000.0,715176000.0,0.086,0.12,0.191,0.135,89168000.0,3035420000.0,1.0,325420595.0,321280000.0,324662000.0,17.202,5130264000.0,0.0,152498000.0,347658000.0,15.968,1571104000.0
9,CERN,MRT,2019-03-31,2019-03-30,2019-03-30,2021-08-02,-100594000.0,6998512000.0,6755386750.0,2423806000.0,4574706000.0,0.809,15.803,-761120000.0,503161000.0,503161000.0,959274000.0,636277000.0,2.577,0.364,438823000.0,0.0,438823000.0,438823000.0,337811000.0,656670000.0,0.0,0.0,0.0,807148000.0,1463818000.0,0.268,1463818000.0,807148000.0,807148000.0,1.93,1.93,1.93,5129149000.0,5000530500.0,5129149000.0,18626277547.0,23.0,12.724,601190000.0,1.852,1.0,4504067000.0,0.824,2147017000.0,0.0,3846533000.0,3662763250.0,24104000.0,684105000.0,400509000.0,283596000.0,1869363000.0,940624000.0,928739000.0,18556687547.0,89762000.0,0.0,-459451000.0,0.0,0.0,-462467000.0,-801094000.0,-2633000.0,1362310000.0,-8987000.0,636277000.0,636277000.0,636277000.0,0.0,0.0,0.116,3726553000.0,777514000.0,290947000.0,0.0,3.618,29.164,29.642,1924253000.0,0.0,57.21,3.397,3.399,1159215000.0,5742744000.0,5463341000.0,5463341000.0,702407000.0,0.094,0.127,0.22,0.148,90348000.0,2937306000.0,1.0,324360908.0,324573000.0,327003000.0,16.832,4851495000.0,0.0,170871000.0,343788000.0,14.947,1483182000.0
10,CERN,MRT,2018-12-31,2018-12-29,2018-12-29,2021-08-02,-103552000.0,6708636000.0,6633668250.0,2318804000.0,4389832000.0,0.809,14.931,-720621000.0,374126000.0,374126000.0,937348000.0,630059000.0,2.409,0.361,443716000.0,4914000.0,438802000.0,443716000.0,399189000.0,642591000.0,0.0,0.0,0.0,800851000.0,1443442000.0,0.269,1443442000.0,800851000.0,800851000.0,1.91,1.89,1.91,4928389000.0,4943366750.0,4928389000.0,17079170651.0,21.0,11.832,733388000.0,2.222,1.0,4428977000.0,0.825,2147361000.0,0.0,3668175000.0,3595753000.0,25029000.0,701331000.0,401285000.0,300046000.0,1780247000.0,962690000.0,817557000.0,17136685651.0,3203000.0,0.0,-531778000.0,-75000000.0,0.0,-609787000.0,-828937000.0,-71497000.0,1454009000.0,-12082000.0,630059000.0,630059000.0,630059000.0,0.0,0.0,0.117,3654192000.0,774785000.0,293534000.0,0.0,3.477,27.199,27.23,1743575000.0,0.0,52.01,3.193,3.199,1183494000.0,5576525000.0,5366325000.0,5366325000.0,683663000.0,0.095,0.127,0.223,0.149,95423000.0,2883165000.0,1.0,329488284.0,330084000.0,333572000.0,16.257,4561275000.0,0.0,170792000.0,336379000.0,13.819,1356114000.0
11,CERN,MRT,2018-09-30,2018-09-29,2018-09-29,2021-08-02,-101009000.0,6785400000.0,6573837000.0,2386810000.0,4398590000.0,0.808,15.381,-678899000.0,498614000.0,498614000.0,929524000.0,835397000.0,2.631,0.339,441099000.0,2318000.0,438781000.0,441099000.0,357095000.0,629230000.0,0.0,0.0,0.0,850717000.0,1479947000.0,0.278,1479947000.0,850717000.0,850717000.0,2.52,2.5,2.52,5065730000.0,4907606500.0,5065730000.0,21121118536.0,25.0,14.272,717131000.0,2.177,1.0,4384922000.0,0.825,2151036000.0,0.0,3669824000.0,3598857000.0,24744000.0,653165000.0,314932000.0,338233000.0,1719670000.0,907025000.0,812645000.0,21191171536.0,-74440000.0,0.0,-398237000.0,-75000000.0,0.0,-484327000.0,-974256000.0,-263593000.0,1396030000.0,-11887000.0,835397000.0,835397000.0,835397000.0,0.0,0.0,0.157,3555213000.0,829709000.0,258431000.0,0.0,4.183,25.367,25.56,1697249000.0,0.0,64.41,3.987,3.992,1210616000.0,5445205000.0,5314446000.0,5314446000.0,664668000.0,0.127,0.17,0.236,0.16,98150000.0,2802223000.0,1.0,329004371.0,329342000.0,332937000.0,16.137,4634364000.0,0.0,15320000.0,369547000.0,14.072,1479785000.0
12,CERN,MRT,2018-06-30,2018-06-30,2018-06-30,2021-08-02,-92655000.0,6528999000.0,6435551000.0,2379392000.0,4149607000.0,0.816,14.775,-635838000.0,510968000.0,510968000.0,902096000.0,843440000.0,2.847,0.338,440915000.0,2155000.0,438760000.0,440915000.0,282985000.0,614479000.0,0.0,0.0,0.0,887033000.0,1501512000.0,0.286,1501512000.0,887033000.0,887033000.0,2.54,2.51,2.54,4878854000.0,4782174750.0,4878854000.0,19871350094.0,22.0,13.234,784675000.0,2.376,1.0,4348284000.0,0.828,2156738000.0,0.0,3466521000.0,3489202750.0,15345000.0,492882000.0,374596000.0,118286000.0,1650145000.0,835687000.0,814458000.0,19839172094.0,50538000.0,0.0,-401303000.0,-75000000.0,0.0,-488914000.0,-875530000.0,-207709000.0,1420513000.0,-5531000.0,843440000.0,843440000.0,843440000.0,0.0,0.0,0.161,3477825000.0,870459000.0,284203000.0,0.0,4.066,23.522,23.539,1666309000.0,0.0,59.79,3.779,3.76,1151860000.0,5275824000.0,5250380000.0,5250380000.0,646205000.0,0.131,0.176,0.254,0.169,92799000.0,2742287000.0,1.0,331814218.0,330206000.0,333562000.0,15.9,4372261000.0,0.0,43593000.0,371381000.0,13.241,1543705000.0
13,CERN,MRT,2018-03-31,2018-03-31,2018-03-31,2021-08-02,-71486000.0,6511638000.0,6317961500.0,2365215000.0,4146423000.0,0.819,14.743,-630387000.0,413399000.0,413399000.0,886376000.0,853766000.0,2.946,0.329,445577000.0,6804000.0,438773000.0,445577000.0,317906000.0,598482000.0,0.0,0.0,0.0,924198000.0,1522680000.0,0.294,1522680000.0,924198000.0,924198000.0,2.57,2.53,2.57,4900494000.0,4651337000.0,4900494000.0,19446436734.0,21.0,12.771,782668000.0,2.355,1.0,4288271000.0,0.829,2162382000.0,0.0,3578492000.0,3408350000.0,14301000.0,679972000.0,507965000.0,172007000.0,1611144000.0,802942000.0,808202000.0,19290644734.0,34947000.0,0.0,-185000000.0,-75000000.0,0.0,-269664000.0,-1113497000.0,-451377000.0,1413055000.0,5053000.0,853766000.0,853766000.0,853766000.0,0.0,0.0,0.165,3376711000.0,911560000.0,210046000.0,0.0,3.936,22.595,22.568,1600876000.0,0.0,58.0,3.728,3.726,1040741000.0,5106467000.0,5174647000.0,5174647000.0,620762000.0,0.135,0.184,0.271,0.179,90454000.0,2665738000.0,1.0,332597323.0,332395000.0,336534000.0,15.568,4349256000.0,0.0,70432000.0,362538000.0,13.085,1562273000.0
14,CERN,MRT,2017-12-31,2017-12-30,2017-12-30,2021-08-02,-73382000.0,6469311000.0,6140854000.0,2380227000.0,4089084000.0,0.837,14.441,-636231000.0,370923000.0,370923000.0,854091000.0,866978000.0,3.014,0.352,526715000.0,11585000.0,515130000.0,526715000.0,311337000.0,580723000.0,0.0,0.0,0.0,967129000.0,1547852000.0,0.301,1547852000.0,967129000.0,967129000.0,2.62,2.57,2.62,4785348000.0,4454432500.0,4785348000.0,22363389841.0,23.0,14.448,671444000.0,2.026,1.0,4288181000.0,0.834,2154917000.0,0.0,3680591000.0,3264002000.0,15749000.0,631681000.0,434844000.0,196837000.0,1683963000.0,789595000.0,894368000.0,22401439841.0,200062000.0,0.0,-96729000.0,0.0,0.0,-110984000.0,-1005851000.0,-339974000.0,1307675000.0,9222000.0,866978000.0,866978000.0,866978000.0,0.0,0.0,0.169,3327710000.0,960471000.0,218996000.0,0.0,4.681,25.839,25.721,1603319000.0,0.0,67.39,4.356,4.343,1042781000.0,4938866000.0,5142272000.0,5142272000.0,605046000.0,0.141,0.195,0.296,0.188,83019000.0,2632088000.0,1.0,332414896.0,331373000.0,337999000.0,15.518,4314394000.0,0.0,100151000.0,336446000.0,13.02,1590632000.0
15,CERN,MRT,2017-09-30,2017-09-30,2017-09-30,2021-08-02,-72741000.0,6232256000.0,5931017000.0,2231504000.0,4000752000.0,0.858,13.747,-668864000.0,573054000.0,573054000.0,839957000.0,680011000.0,2.766,0.366,535004000.0,13988000.0,521016000.0,535004000.0,340654000.0,558092000.0,0.0,0.0,0.0,961189000.0,1519281000.0,0.299,1519281000.0,961189000.0,961189000.0,2.03,2.01,2.03,4564003000.0,4240082250.0,4564003000.0,23731457102.0,25.0,15.62,627840000.0,1.891,1.0,4246349000.0,0.835,2156134000.0,0.0,3231207000.0,3105852750.0,15687000.0,391397000.0,278996000.0,112401000.0,1668253000.0,806865000.0,861388000.0,23648472102.0,141557000.0,0.0,-458593000.0,0.0,0.0,-469253000.0,-687868000.0,8432000.0,1296704000.0,1974000.0,680011000.0,680011000.0,680011000.0,0.0,0.0,0.134,3292901000.0,953448000.0,204323000.0,0.0,5.182,34.777,35.133,1587035000.0,0.0,71.32,4.649,4.655,1020707000.0,4602208000.0,5086306000.0,5086306000.0,588537000.0,0.115,0.16,0.309,0.189,76857000.0,2613796000.0,1.0,331582615.0,331993000.0,338780000.0,15.321,4076122000.0,0.0,281178000.0,327340000.0,12.278,1424639000.0
16,CERN,MRT,2017-06-30,2017-07-01,2017-07-01,2021-08-02,-83545000.0,6058641000.0,5860084750.0,2012226000.0,4046415000.0,0.852,13.156,-712691000.0,460430000.0,460430000.0,820023000.0,672566000.0,2.391,0.391,543415000.0,18494000.0,524921000.0,543415000.0,339236000.0,539029000.0,0.0,0.0,0.0,952582000.0,1491611000.0,0.299,1491611000.0,952582000.0,952582000.0,2.0,1.98,2.0,4355503000.0,4168590250.0,4355503000.0,22135326843.0,23.0,14.84,532140000.0,1.607,1.0,4174833000.0,0.836,2156807000.0,0.0,3143110000.0,3080710500.0,14550000.0,287438000.0,176563000.0,110875000.0,1703138000.0,841709000.0,861429000.0,21963633843.0,82848000.0,0.0,-423055000.0,0.0,0.0,-468651000.0,-693296000.0,44542000.0,1244831000.0,-36000.0,672566000.0,672566000.0,672566000.0,0.0,0.0,0.135,3227066000.0,947767000.0,259092000.0,0.0,5.043,32.656,33.235,1593999000.0,0.0,66.47,4.397,4.406,1036980000.0,4424784000.0,4994856000.0,4994856000.0,571458000.0,0.115,0.161,0.309,0.191,75941000.0,2564739000.0,1.0,330429274.0,331056000.0,337898000.0,15.088,3901834000.0,0.0,280016000.0,323062000.0,11.786,1170517000.0
17,CERN,MRT,2017-03-31,2017-04-01,2017-04-01,2021-08-02,-99649000.0,5803208000.0,5790312250.0,1826110000.0,3977098000.0,0.849,12.464,-737589000.0,378452000.0,378452000.0,802516000.0,659337000.0,2.191,0.411,550145000.0,17398000.0,532747000.0,550145000.0,350580000.0,519943000.0,0.0,0.0,0.0,944315000.0,1464258000.0,0.298,1464258000.0,944315000.0,944315000.0,1.95,1.93,1.95,4112876000.0,4093208500.0,4112876000.0,19796880634.0,21.0,13.52,475428000.0,1.441,1.0,4116308000.0,0.837,2140262000.0,0.0,3001100000.0,3059329000.0,19013000.0,230664000.0,153458000.0,77206000.0,1690332000.0,833539000.0,856793000.0,19403992634.0,82863000.0,0.0,-486163000.0,0.0,0.0,-532254000.0,-590072000.0,168782000.0,1213017000.0,-7828000.0,659337000.0,659337000.0,659337000.0,0.0,0.0,0.134,3176617000.0,939691000.0,207001000.0,0.0,4.718,29.43,30.179,1569023000.0,0.0,58.85,3.945,3.948,986354000.0,4245101000.0,4918824000.0,4918824000.0,563787000.0,0.114,0.161,0.309,0.192,74225000.0,2521011000.0,1.0,329719501.0,329973000.0,336190000.0,14.907,3662946000.0,0.0,284978000.0,311540000.0,11.101,992571000.0
18,CERN,MRT,2016-12-31,2016-12-31,2016-12-31,2021-08-02,-110165000.0,5629963000.0,5738133250.0,1619361000.0,4010602000.0,0.836,11.63,-753123000.0,170861000.0,170861000.0,779116000.0,636484000.0,1.915,0.433,563749000.0,26197000.0,537552000.0,563749000.0,324639000.0,504236000.0,0.0,0.0,0.0,918434000.0,1422670000.0,0.297,1422670000.0,918434000.0,918434000.0,1.88,1.85,1.88,3927947000.0,4044071250.0,3927947000.0,16222983010.0,18.0,11.403,492514000.0,1.458,1.0,4017357000.0,0.838,2129456000.0,0.0,3047994000.0,3064743250.0,14740000.0,294962000.0,185588000.0,109374000.0,1702016000.0,845401000.0,856615000.0,16081941010.0,-231261000.0,0.0,-636481000.0,0.0,0.0,-676677000.0,-789774000.0,-18179000.0,1245637000.0,-10447000.0,636484000.0,636484000.0,636484000.0,0.0,0.0,0.133,3106344000.0,911013000.0,238134000.0,0.0,4.094,25.267,25.197,1552524000.0,0.0,47.37,3.353,3.336,944943000.0,4094327000.0,4796473000.0,4796473000.0,551418000.0,0.111,0.157,0.3,0.191,74536000.0,2464380000.0,1.0,339496327.0,337740000.0,343653000.0,14.202,3500507000.0,0.0,281950000.0,306263000.0,10.365,773960000.0
19,CERN,MRT,2016-09-30,2016-10-01,2016-10-01,2021-08-02,-84747000.0,5948527000.0,5721138500.0,1998315000.0,3950212000.0,0.824,12.631,-723369000.0,431497000.0,431497000.0,763335000.0,652901000.0,2.413,0.39,572539000.0,36619000.0,535920000.0,572539000.0,322456000.0,494535000.0,0.0,0.0,0.0,930651000.0,1425186000.0,0.302,1425186000.0,930651000.0,930651000.0,1.91,1.88,1.91,4278035000.0,4029680500.0,4278035000.0,21060547299.0,23.0,14.777,629826000.0,1.86,1.0,3950613000.0,0.838,2130871000.0,0.0,3130638000.0,3037081500.0,19705000.0,405044000.0,261185000.0,143859000.0,1670492000.0,828060000.0,842432000.0,20853547299.0,169740000.0,-106115000.0,-333277000.0,-14325000.0,0.0,-424240000.0,-753981000.0,92065000.0,1353195000.0,-5234000.0,652901000.0,652901000.0,652901000.0,0.0,0.0,0.139,3024494000.0,926119000.0,219531000.0,0.0,4.875,31.94,32.33,1476126000.0,0.0,61.75,4.424,4.437,985164000.0,3944636000.0,4713948000.0,4713948000.0,546714000.0,0.114,0.162,0.306,0.197,73691000.0,2385460000.0,1.0,337709268.0,338684000.0,344817000.0,13.918,3817656000.0,0.0,277750000.0,292769000.0,11.272,1170255000.0
20,CERN,MRT,2016-06-30,2016-07-02,2016-07-02,2021-08-02,-82354000.0,5779551000.0,5614738000.0,1933708000.0,3845843000.0,0.829,12.003,-699560000.0,377582000.0,377582000.0,770948000.0,630204000.0,2.372,0.426,584582000.0,38408000.0,546174000.0,584582000.0,311798000.0,482808000.0,0.0,0.0,0.0,904514000.0,1387322000.0,0.298,1387322000.0,904514000.0,904514000.0,1.84,1.81,1.84,4053976000.0,3919503000.0,4053976000.0,20216253252.0,22.0,14.572,614091000.0,1.818,1.0,3886330000.0,0.834,2113874000.0,0.0,3057584000.0,3008118500.0,16694000.0,342239000.0,252309000.0,89930000.0,1725575000.0,815093000.0,910482000.0,19916400252.0,83603000.0,-106115000.0,-553622000.0,-14325000.0,0.0,-609633000.0,-613144000.0,214429000.0,1313651000.0,-7271000.0,630204000.0,630204000.0,630204000.0,0.0,0.0,0.135,2987082000.0,899248000.0,242122000.0,0.0,4.913,31.603,32.016,1437825000.0,0.0,58.91,4.276,4.272,983310000.0,3774657000.0,4657278000.0,4657278000.0,542773000.0,0.112,0.161,0.301,0.194,73624000.0,2350304000.0,1.0,338081824.0,337759000.0,344026000.0,13.789,3665677000.0,0.0,274310000.0,352260000.0,10.853,1118615000.0
21,CERN,MRT,2016-03-31,2016-04-02,2016-04-02,2021-08-02,-67684000.0,5594492000.0,5541058500.0,1728638000.0,3865854000.0,0.824,11.535,-656148000.0,295589000.0,295589000.0,757714000.0,578788000.0,2.228,0.429,595442000.0,41762000.0,553680000.0,595442000.0,291968000.0,470906000.0,0.0,0.0,0.0,831389000.0,1302295000.0,0.285,1302295000.0,831389000.0,831389000.0,1.68,1.66,1.68,3916327000.0,3872007250.0,3916327000.0,18591139302.0,22.0,14.276,505738000.0,1.49,1.0,3809599000.0,0.834,2095656000.0,0.0,3022757000.0,3008046500.0,22579000.0,411128000.0,207860000.0,203268000.0,1678165000.0,775932000.0,902233000.0,18388111302.0,-94746000.0,-106115000.0,-487193000.0,-14325000.0,0.0,-549391000.0,-703685000.0,80306000.0,1161886000.0,-3556000.0,578788000.0,578788000.0,578788000.0,0.0,0.0,0.127,2979927000.0,829672000.0,209388000.0,0.0,4.695,31.77,32.19,1366479000.0,0.0,54.08,4.026,4.02,941792000.0,3608203000.0,4567313000.0,4567313000.0,546060000.0,0.104,0.149,0.276,0.182,72771000.0,2338992000.0,1.0,340016851.0,339518000.0,345900000.0,13.452,3498836000.0,0.0,252601000.0,336491000.0,10.305,952706000.0
22,CERN,MRT,2015-12-31,2016-01-02,2016-01-02,2021-08-02,-76354000.0,5561984000.0,5480586750.0,1827833000.0,3734151000.0,0.807,11.278,-626788000.0,402122000.0,402122000.0,750781000.0,539362000.0,2.35,0.437,605150000.0,41797000.0,563353000.0,605150000.0,304308000.0,452225000.0,0.0,0.0,0.0,781380000.0,1233605000.0,0.279,1233605000.0,781380000.0,781380000.0,1.57,1.54,1.57,3870384000.0,3820530750.0,3870384000.0,20953353424.0,27.0,16.985,413140000.0,1.204,1.0,3674486000.0,0.83,2049799000.0,0.0,2937347000.0,2960177500.0,15788000.0,284132000.0,111059000.0,173073000.0,1691600000.0,777866000.0,913734000.0,20584441424.0,-233081000.0,-1478129000.0,-293582000.0,485675000.0,0.0,143847000.0,-1405943000.0,720406000.0,1039928000.0,-10913000.0,539362000.0,539362000.0,539362000.0,0.0,0.0,0.122,2893350000.0,781136000.0,215510000.0,0.0,5.318,38.164,38.325,1309214000.0,0.0,60.17,4.652,4.666,1034084000.0,3457843000.0,4425267000.0,4425267000.0,539799000.0,0.098,0.141,0.264,0.177,70121000.0,2262024000.0,1.0,342104727.0,343178000.0,350908000.0,12.895,3512185000.0,0.0,242018000.0,324516000.0,10.234,1049967000.0
23,CERN,MRT,2015-09-30,2015-10-03,2015-10-03,2021-08-02,-64642000.0,5522925000.0,5222732000.0,1803762000.0,3719163000.0,0.8,11.154,-583334000.0,261757000.0,261757000.0,724409000.0,521126000.0,2.149,0.439,630669000.0,57841000.0,572828000.0,630669000.0,292368000.0,414216000.0,0.0,0.0,0.0,761924000.0,1176140000.0,0.282,1176140000.0,761924000.0,761924000.0,1.52,1.49,1.52,3837325000.0,3744426750.0,3837325000.0,21495628993.0,28.0,18.276,234545000.0,0.682,1.0,3451595000.0,0.827,2037716000.0,0.0,3014786000.0,2856841250.0,23702000.0,503803000.0,202780000.0,301023000.0,1685600000.0,839335000.0,846265000.0,21166847993.0,-234737000.0,-1372014000.0,-73985000.0,485145000.0,0.0,399356000.0,-1437402000.0,539317000.0,817879000.0,-14570000.0,521126000.0,521126000.0,521126000.0,0.0,0.0,0.125,2692299000.0,759296000.0,207887000.0,0.0,5.516,40.618,40.355,1187114000.0,0.0,61.34,5.069,5.053,1053134000.0,3291735000.0,4176004000.0,4176004000.0,505444000.0,0.1,0.139,0.267,0.182,69288000.0,2116134000.0,1.0,345074144.0,344040000.0,351364000.0,12.138,3485209000.0,17267000.0,240798000.0,246711000.0,10.13,964427000.0
24,CERN,MRT,2015-06-30,2015-07-04,2015-07-04,2021-08-02,-56816000.0,5484833000.0,4940160250.0,1883707000.0,3601126000.0,0.787,11.218,-535719000.0,293979000.0,293979000.0,673891000.0,502846000.0,2.422,0.419,622760000.0,55448000.0,567312000.0,622760000.0,299075000.0,374060000.0,0.0,0.0,0.0,736588000.0,1110648000.0,0.286,1110648000.0,736588000.0,736588000.0,1.47,1.44,1.47,3863993000.0,3634148000.0,3863993000.0,23798315080.0,32.0,21.427,230161000.0,0.668,1.0,3214375000.0,0.827,1978467000.0,0.0,3057296000.0,2731926000.0,28633000.0,562575000.0,264074000.0,298501000.0,1620840000.0,777851000.0,842989000.0,23562483080.0,-21281000.0,-1372014000.0,121501000.0,485139000.0,0.0,584220000.0,-1353408000.0,567547000.0,765880000.0,-17973000.0,502846000.0,502846000.0,502846000.0,0.0,0.0,0.129,2482279000.0,732096000.0,208734000.0,0.0,6.098,46.858,46.585,1155153000.0,0.0,68.48,6.06,6.066,1003143000.0,3144453000.0,3888266000.0,3888266000.0,469656000.0,0.102,0.138,0.27,0.189,65474000.0,1962842000.0,1.0,344078316.0,344431000.0,352450000.0,11.289,3506366000.0,21510000.0,233742000.0,250825000.0,10.18,1105856000.0
25,CERN,MRT,2015-03-31,2015-04-04,2015-04-04,2021-08-02,-62220000.0,5352605000.0,4635270750.0,1911281000.0,3441324000.0,0.78,10.811,-485510000.0,390335000.0,390335000.0,643938000.0,516841000.0,2.412,0.443,626167000.0,61828000.0,564339000.0,626167000.0,328707000.0,332704000.0,0.0,0.0,0.0,760301000.0,1093005000.0,0.302,1093005000.0,760301000.0,760301000.0,1.52,1.48,1.52,3710421000.0,3483092000.0,3710421000.0,24425275227.0,32.0,22.347,419977000.0,1.224,1.0,2970093000.0,0.822,1964857000.0,0.0,2831281000.0,2614320500.0,22553000.0,498347000.0,293827000.0,204520000.0,1642184000.0,792299000.0,849885000.0,24930150227.0,170407000.0,-1379490000.0,-39150000.0,485136000.0,0.0,434577000.0,-1152794000.0,725718000.0,905487000.0,-16863000.0,516841000.0,516841000.0,516841000.0,0.0,0.0,0.143,2218100000.0,751993000.0,195711000.0,0.0,6.719,48.236,47.875,1103400000.0,0.0,72.77,6.898,6.911,940571000.0,3029415000.0,3614031000.0,3614031000.0,428531000.0,0.112,0.148,0.291,0.21,60804000.0,1761067000.0,1.0,342588295.0,343216000.0,351659000.0,10.53,3387748000.0,21533000.0,243460000.0,258746000.0,9.871,1118982000.0
26,CERN,MRT,2014-12-31,2015-01-03,2015-01-03,2021-08-02,-44096000.0,4530565000.0,4344956500.0,2348786000.0,2181779000.0,0.783,10.422,-454384000.0,635203000.0,635203000.0,604377000.0,525433000.0,3.703,0.271,130328000.0,67460000.0,62868000.0,130328000.0,220468000.0,302353000.0,0.0,0.0,0.0,774174000.0,1076527000.0,0.316,1076527000.0,774174000.0,774174000.0,1.54,1.5,1.54,3565968000.0,3367086000.0,3565968000.0,21856243897.0,28.0,20.303,392643000.0,1.148,1.0,2798326000.0,0.822,867373000.0,0.0,2524002000.0,2583446250.0,23789000.0,1016810000.0,785663000.0,231147000.0,964597000.0,634315000.0,330282000.0,22205939897.0,432826000.0,-7476000.0,-145671000.0,-14930000.0,0.0,-120324000.0,-284567000.0,190810000.0,847027000.0,-9310000.0,525433000.0,525433000.0,525433000.0,0.0,0.0,0.154,2035242000.0,763084000.0,160285000.0,0.0,6.227,42.262,42.227,924260000.0,0.0,65.03,6.526,6.539,672778000.0,2918481000.0,3402703000.0,3402703000.0,392805000.0,0.121,0.156,0.3,0.228,59292000.0,1628961000.0,1.0,341472242.0,342150000.0,350386000.0,9.945,3663192000.0,22075000.0,248741000.0,256601000.0,10.706,1714471000.0
27,CERN,MRT,2014-09-30,2014-09-27,2014-09-27,2021-08-02,-23429000.0,4392638000.0,4236906250.0,2235477000.0,2157161000.0,0.772,9.954,-514302000.0,496494000.0,496494000.0,573649000.0,437624000.0,3.331,0.293,146798000.0,60042000.0,86756000.0,146798000.0,224630000.0,291290000.0,0.0,0.0,0.0,652203000.0,943493000.0,0.288,943493000.0,652203000.0,652203000.0,1.29,1.25,1.29,3396210000.0,3267510000.0,3396210000.0,19844617768.0,30.0,21.033,250757000.0,0.735,1.0,2698351000.0,0.825,856697000.0,0.0,2515125000.0,2608132750.0,28604000.0,1061640000.0,835269000.0,226371000.0,996428000.0,671120000.0,325308000.0,20004506768.0,208974000.0,-7476000.0,-153573000.0,-15019000.0,0.0,-128315000.0,-424207000.0,124817000.0,765059000.0,-3563000.0,437624000.0,437624000.0,437624000.0,0.0,0.0,0.134,2056812000.0,641539000.0,169227000.0,0.0,5.89,45.712,45.469,889487000.0,0.0,58.655,6.114,6.116,617204000.0,2770609000.0,3272000000.0,3272000000.0,378340000.0,0.103,0.134,0.25,0.199,55975000.0,1658839000.0,1.0,341053734.0,341188000.0,349326000.0,9.59,3535941000.0,76803000.0,214579000.0,229450000.0,10.364,1564357000.0
28,CERN,MRT,2014-06-30,2014-06-28,2014-06-28,2021-08-02,-5348000.0,4265275000.0,4130339250.0,1903269000.0,2362006000.0,0.765,9.537,-533295000.0,315260000.0,315260000.0,553161000.0,423966000.0,2.83,0.308,155371000.0,59287000.0,96084000.0,155371000.0,235983000.0,283112000.0,0.0,0.0,0.0,634615000.0,917727000.0,0.29,917727000.0,634615000.0,634615000.0,1.25,1.21,1.25,3259769000.0,3187805000.0,3259769000.0,17545235159.0,28.0,19.118,176473000.0,0.516,1.0,2606520000.0,0.825,845990000.0,0.0,2586874000.0,2605776750.0,31710000.0,1152495000.0,673532000.0,478963000.0,1005506000.0,672522000.0,332984000.0,17604679159.0,44496000.0,-7551000.0,-177836000.0,-15019000.0,0.0,-137613000.0,-530178000.0,38891000.0,709768000.0,2519000.0,423966000.0,423966000.0,423966000.0,0.0,0.0,0.134,1983897000.0,622623000.0,148854000.0,0.0,5.401,41.524,41.016,863684000.0,0.0,51.27,5.572,5.546,614930000.0,2641607000.0,3159681000.0,3159681000.0,364312000.0,0.103,0.133,0.244,0.201,53441000.0,1603562000.0,1.0,343371936.0,341788000.0,349794000.0,9.245,3419285000.0,92763000.0,210649000.0,229083000.0,10.004,1230747000.0
29,CERN,MRT,2014-03-31,2014-03-29,2014-03-29,2021-08-02,-10305000.0,4191348000.0,4025005750.0,1915181000.0,2276167000.0,0.749,9.445,-557946000.0,219928000.0,219928000.0,516592000.0,407840000.0,3.131,0.291,160484000.0,55657000.0,104827000.0,160484000.0,240112000.0,274291000.0,0.0,0.0,0.0,609434000.0,883725000.0,0.293,883725000.0,609434000.0,609434000.0,1.2,1.16,1.2,3246397000.0,3110614500.0,3246397000.0,19276020178.0,32.0,21.812,80058000.0,0.233,1.0,2498888000.0,0.829,812453000.0,0.0,2707784000.0,2558735000.0,28257000.0,1248322000.0,811327000.0,436995000.0,944951000.0,611667000.0,333284000.0,19312573178.0,-61530000.0,-75000.0,-104901000.0,-15016000.0,0.0,-64675000.0,-634514000.0,-39694000.0,638004000.0,-345000.0,407840000.0,407840000.0,407840000.0,0.0,0.0,0.135,1901442000.0,597446000.0,125741000.0,0.0,5.949,47.353,46.792,845104000.0,0.0,56.15,6.404,6.4,564086000.0,2512574000.0,3015480000.0,3015480000.0,349268000.0,0.101,0.131,0.238,0.202,49350000.0,1539380000.0,1.0,343946094.0,343701000.0,352230000.0,8.774,3378895000.0,92622000.0,201594000.0,219857000.0,9.831,1303514000.0
30,CERN,MRT,2013-12-31,2013-12-28,2013-12-28,2021-08-02,-13429000.0,4098364000.0,3918456000.0,1761708000.0,2336656000.0,0.743,9.218,-527526000.0,202377000.0,202377000.0,514722000.0,398354000.0,2.751,0.294,165824000.0,54107000.0,111717000.0,165824000.0,217905000.0,263538000.0,0.0,0.0,0.0,588054000.0,851592000.0,0.293,851592000.0,588054000.0,588054000.0,1.16,1.13,1.16,3167664000.0,3023825250.0,3167664000.0,18973935205.0,32.0,22.281,168339000.0,0.49,1.0,2396026000.0,0.823,798631000.0,0.0,2622748000.0,2470983750.0,32299000.0,1231877000.0,677004000.0,554873000.0,930700000.0,640432000.0,290268000.0,19078553205.0,-114743000.0,-67877000.0,-98712000.0,-24700000.0,0.0,-119389000.0,-688429000.0,-36221000.0,695865000.0,-2790000.0,398354000.0,398354000.0,398354000.0,0.0,0.0,0.137,1820014000.0,576012000.0,145019000.0,0.0,6.023,47.893,47.914,792781000.0,0.0,55.58,6.555,6.562,582926000.0,2393048000.0,2910748000.0,2910748000.0,338786000.0,0.102,0.132,0.238,0.202,46295000.0,1468434000.0,1.0,343262922.0,343636000.0,352281000.0,8.47,3299733000.0,91614000.0,189700000.0,170392000.0,9.602,1121276000.0
31,CERN,MRT,2013-09-30,2013-09-28,2013-09-28,2021-08-02,-12924000.0,3966370000.0,3819982000.0,1701094000.0,2265276000.0,0.74,8.972,-425503000.0,287520000.0,287520000.0,525717000.0,450099000.0,2.911,0.289,182902000.0,51872000.0,131030000.0,182902000.0,205723000.0,249704000.0,0.0,0.0,0.0,669250000.0,918954000.0,0.325,918954000.0,669250000.0,669250000.0,1.31,1.28,1.31,3077390000.0,2940321750.0,3077390000.0,17962054772.0,27.0,19.546,309436000.0,0.902,1.0,2300087000.0,0.814,771611000.0,0.0,2505701000.0,2404398500.0,28234000.0,1211801000.0,634308000.0,577493000.0,888980000.0,584440000.0,304540000.0,18050919772.0,-581000.0,-108417000.0,-97735000.0,-25067000.0,0.0,-118779000.0,-614451000.0,-25076000.0,734939000.0,-2290000.0,450099000.0,450099000.0,450099000.0,0.0,0.0,0.159,1647380000.0,652707000.0,147016000.0,0.0,5.866,40.104,40.16,724886000.0,0.0,52.61,6.388,6.386,529303000.0,2332985000.0,2825804000.0,2825804000.0,324967000.0,0.118,0.153,0.278,0.237,43459000.0,1322413000.0,1.0,343108150.0,342992000.0,351449000.0,8.239,3194759000.0,40521000.0,219151000.0,162987000.0,9.314,1116654000.0
32,CERN,MRT,2013-06-30,2013-06-29,2013-06-29,2021-08-02,-24320000.0,3843941000.0,3696003500.0,1713296000.0,2130645000.0,0.751,8.583,-371501000.0,270764000.0,270764000.0,555718000.0,433642000.0,2.83,0.303,181899000.0,48928000.0,132971000.0,181899000.0,187721000.0,238597000.0,0.0,0.0,0.0,647550000.0,886147000.0,0.319,886147000.0,647550000.0,647550000.0,1.26,1.23,1.26,2951007000.0,2845113500.0,2951007000.0,16416811429.0,25.0,18.526,381421000.0,1.109,1.0,2218738000.0,0.8,750929000.0,0.0,2398707000.0,2363938000.0,23835000.0,1212516000.0,698754000.0,513762000.0,892934000.0,605440000.0,287494000.0,16515894429.0,-32024000.0,-108342000.0,-71769000.0,-25395000.0,0.0,-100889000.0,-682775000.0,-149876000.0,752922000.0,-1282000.0,433642000.0,433642000.0,433642000.0,0.0,0.0,0.156,1587573000.0,631165000.0,169735000.0,0.0,5.597,38.086,38.131,674626000.0,0.0,48.045,5.953,5.954,527896000.0,2217641000.0,2774456000.0,2774456000.0,320063000.0,0.117,0.152,0.274,0.233,40653000.0,1267510000.0,1.0,343758860.0,343800000.0,352485000.0,8.07,3093012000.0,39304000.0,213908000.0,145984000.0,8.997,1107856000.0
33,CERN,MRT,2013-03-31,2013-03-30,2013-03-30,2021-08-02,-14287000.0,3765149000.0,3559779250.0,1727560000.0,2037589000.0,0.76,8.426,-317960000.0,281458000.0,281458000.0,577418000.0,418564000.0,3.018,0.299,182375000.0,46905000.0,135470000.0,182375000.0,203299000.0,229132000.0,0.0,0.0,0.0,617258000.0,846390000.0,0.313,846390000.0,617258000.0,617258000.0,1.22,1.19,1.22,2899240000.0,2749461750.0,2899240000.0,16193980003.0,26.0,19.133,441294000.0,1.283,1.0,2126835000.0,0.786,736864000.0,0.0,2356779000.0,2306782250.0,22106000.0,1239551000.0,723693000.0,515858000.0,865909000.0,572423000.0,293486000.0,16314961003.0,260000.0,-108342000.0,12880000.0,-25863000.0,0.0,-16708000.0,-740688000.0,-271108000.0,759254000.0,-1598000.0,418564000.0,418564000.0,418564000.0,0.0,0.0,0.155,1526043000.0,600792000.0,148877000.0,0.0,5.627,38.978,38.828,606449000.0,0.0,47.37,6.033,6.027,512078000.0,2104734000.0,2704253000.0,2704253000.0,311288000.0,0.118,0.152,0.268,0.228,38376000.0,1214755000.0,1.0,344415474.0,344063000.0,352825000.0,7.86,3028285000.0,38819000.0,198694000.0,148686000.0,8.802,1155137000.0
34,CERN,MRT,2012-12-31,2012-12-29,2012-12-29,2021-08-02,-5255000.0,3704468000.0,3403381750.0,1790506000.0,1913962000.0,0.783,8.289,-283618000.0,317120000.0,317120000.0,608197000.0,397232000.0,3.086,0.307,196139000.0,59582000.0,136557000.0,196139000.0,200589000.0,222580000.0,0.0,0.0,0.0,587708000.0,810288000.0,0.304,810288000.0,587708000.0,587708000.0,1.16,1.13,1.16,2833650000.0,2635584750.0,2833650000.0,12961156152.0,22.0,15.996,424696000.0,1.242,1.0,2057239000.0,0.772,646968000.0,0.0,2356407000.0,2225068000.0,23681000.0,1229132000.0,719665000.0,509467000.0,870818000.0,580112000.0,290706000.0,13052600152.0,73974000.0,-40540000.0,86517000.0,-17083000.0,0.0,66034000.0,-701631000.0,-354603000.0,708314000.0,1257000.0,397232000.0,397232000.0,397232000.0,0.0,0.0,0.149,1485577000.0,571662000.0,141212000.0,0.0,4.606,32.859,32.793,569708000.0,0.0,38.04,4.897,4.879,577848000.0,1994694000.0,2665436000.0,2665436000.0,301370000.0,0.117,0.151,0.264,0.22,36113000.0,1184207000.0,1.0,343128290.0,341861000.0,351394000.0,7.797,3057500000.0,38620000.0,190476000.0,143212000.0,8.944,1210394000.0
35,CERN,MRT,2012-09-30,2012-09-29,2012-09-29,2021-08-02,-6174000.0,3470456000.0,3227354250.0,1745780000.0,1724676000.0,0.797,7.873,-252780000.0,288101000.0,288101000.0,587132000.0,376616000.0,3.52,0.287,196657000.0,54979000.0,141678000.0,196657000.0,193724000.0,218051000.0,0.0,0.0,0.0,559971000.0,778022000.0,0.303,778022000.0,559971000.0,559971000.0,1.11,1.075,1.11,2696557000.0,2504842500.0,2696557000.0,13120462316.0,23.0,16.864,443469000.0,1.295,1.0,1983546000.0,0.772,539146000.0,0.0,2343859000.0,2113239500.0,24308000.0,1213894000.0,750895000.0,462999000.0,773779000.0,496007000.0,277772000.0,13247170316.0,56907000.0,-37272000.0,72394000.0,-26758000.0,0.0,42236000.0,-681581000.0,-372092000.0,696249000.0,3000.0,376616000.0,376616000.0,376616000.0,0.0,0.0,0.147,1434594000.0,548952000.0,134775000.0,0.0,4.913,35.174,34.86,551663000.0,0.0,38.694,5.153,5.155,542415000.0,1882886000.0,2570678000.0,2570678000.0,296069000.0,0.117,0.15,0.265,0.218,33860000.0,1138525000.0,1.0,342355894.0,342502000.0,351739000.0,7.506,2931310000.0,11520000.0,183355000.0,122153000.0,8.559,1249773000.0
36,CERN,MRT,2012-06-30,2012-06-30,2012-06-30,2021-08-02,-12932000.0,3299044000.0,3070632250.0,1660781000.0,1638263000.0,0.803,7.523,-220016000.0,302788000.0,302788000.0,558018000.0,356564000.0,3.571,0.284,176080000.0,50129000.0,125951000.0,176080000.0,175063000.0,216101000.0,0.0,0.0,0.0,532091000.0,748192000.0,0.303,748192000.0,532091000.0,532091000.0,1.055,1.02,1.055,2568400000.0,2382511750.0,2568400000.0,13961387235.0,26.0,18.66,423197000.0,1.239,1.0,1907818000.0,0.774,537126000.0,0.0,2170084000.0,1996898750.0,22521000.0,1089458000.0,677214000.0,412244000.0,730524000.0,465126000.0,265398000.0,14089951235.0,88732000.0,-37272000.0,73936000.0,-26685000.0,0.0,47251000.0,-596561000.0,-318165000.0,643213000.0,-5171000.0,356564000.0,356564000.0,356564000.0,0.0,0.0,0.145,1386170000.0,521648000.0,123869000.0,0.0,5.486,39.516,39.175,534611000.0,0.0,41.33,5.714,5.723,492529000.0,1783999000.0,2465836000.0,2465836000.0,290519000.0,0.116,0.15,0.266,0.216,31371000.0,1095651000.0,1.0,340913410.0,341426000.0,351268000.0,7.222,2761918000.0,47425000.0,175527000.0,127876000.0,8.089,1195655000.0
37,CERN,MRT,2012-03-31,2012-03-31,2012-03-31,2021-08-02,-3999000.0,3139559000.0,2926073000.0,1591471000.0,1548088000.0,0.804,7.189,-195342000.0,281198000.0,281198000.0,509000000.0,330779000.0,3.588,0.285,152634000.0,44778000.0,107856000.0,152634000.0,176985000.0,215205000.0,0.0,0.0,0.0,504047000.0,719252000.0,0.306,719252000.0,504047000.0,504047000.0,0.98,0.95,0.98,2443732000.0,2272915750.0,2443732000.0,12806458316.0,25.0,17.805,387159000.0,1.139,1.0,1843701000.0,0.784,537553000.0,0.0,2029922000.0,1898738250.0,14141000.0,987683000.0,612644000.0,375039000.0,695707000.0,443520000.0,252187000.0,12923061316.0,96631000.0,-65341000.0,70575000.0,-26557000.0,0.0,44019000.0,-527269000.0,-246295000.0,582501000.0,-2620000.0,330779000.0,330779000.0,330779000.0,0.0,0.0,0.141,1350163000.0,493538000.0,113568000.0,0.0,5.288,39.069,38.857,495918000.0,0.0,38.08,5.493,5.502,535504000.0,1686170000.0,2352701000.0,2352701000.0,286802000.0,0.113,0.146,0.265,0.214,29306000.0,1063361000.0,1.0,339366106.0,339936000.0,350054000.0,6.921,2602006000.0,47420000.0,173268000.0,132192000.0,7.654,1147951000.0
38,CERN,MRT,2011-12-31,2011-12-31,2011-12-31,2021-08-02,-11967000.0,3000358000.0,2781569250.0,1502313000.0,1498045000.0,0.792,6.851,-187737000.0,243146000.0,243146000.0,441672000.0,306627000.0,3.424,0.298,126543000.0,39722000.0,86821000.0,126543000.0,166926000.0,212556000.0,0.0,0.0,0.0,469694000.0,682250000.0,0.31,682250000.0,469694000.0,469694000.0,0.91,0.88,0.91,2310681000.0,2167624250.0,2310681000.0,10278753108.0,22.0,15.066,358557000.0,1.063,1.0,1761481000.0,0.8,535942000.0,0.0,1909093000.0,1819931000.0,23296000.0,890959000.0,531635000.0,359324000.0,689557000.0,438720000.0,250837000.0,10376106108.0,28635000.0,-65341000.0,75333000.0,-25701000.0,0.0,48853000.0,-565091000.0,-291393000.0,546294000.0,-1421000.0,306627000.0,306627000.0,306627000.0,0.0,0.0,0.139,1301683000.0,459798000.0,85545000.0,0.0,4.49,33.84,33.654,488996000.0,0.0,30.625,4.71,4.688,563209000.0,1597462000.0,2203153000.0,2203153000.0,286801000.0,0.11,0.141,0.258,0.213,27919000.0,1014882000.0,1.0,338811628.0,337267000.0,347734000.0,6.532,2464416000.0,46795000.0,163067000.0,150229000.0,7.307,1063593000.0
39,CERN,MRT,2011-09-30,2011-10-01,2011-10-01,2021-08-02,-11656000.0,2843568000.0,2637177250.0,1423132000.0,1420436000.0,0.792,6.525,-183595000.0,231194000.0,231194000.0,404539000.0,286072000.0,3.77,0.288,133841000.0,34560000.0,99281000.0,133841000.0,149837000.0,209307000.0,0.0,0.0,0.0,434217000.0,643524000.0,0.308,643524000.0,434217000.0,434217000.0,0.855,0.825,0.855,2207234000.0,2066278250.0,2207234000.0,11484121413.0,26.0,17.846,315957000.0,0.934,1.0,1683189000.0,0.806,490217000.0,0.0,1878496000.0,1730262000.0,12286000.0,858776000.0,524011000.0,334765000.0,636214000.0,377502000.0,258712000.0,11583486413.0,19447000.0,-28069000.0,90272000.0,-25936000.0,0.0,63557000.0,-542687000.0,-319882000.0,499552000.0,-975000.0,286072000.0,286072000.0,286072000.0,0.0,0.0,0.137,1257792000.0,425397000.0,79345000.0,0.0,5.248,40.492,40.07,493594000.0,0.0,34.26,5.548,5.551,548048000.0,1506270000.0,2087728000.0,2087728000.0,284305000.0,0.108,0.138,0.251,0.208,27036000.0,973487000.0,1.0,338105266.0,338280000.0,348566000.0,6.172,2353351000.0,10560000.0,148145000.0,147518000.0,6.957,1045630000.0
40,CERN,MRT,2011-06-30,2011-07-02,2011-07-02,2021-08-02,11702000.0,2720807000.0,2515881000.0,1313322000.0,1407485000.0,0.787,6.328,-178763000.0,214056000.0,214056000.0,363223000.0,268109000.0,3.742,0.277,114691000.0,29820000.0,84871000.0,114691000.0,146667000.0,204556000.0,0.0,0.0,0.0,405134000.0,609690000.0,0.308,609690000.0,405134000.0,405134000.0,0.805,0.78,0.805,2130016000.0,1966780000.0,2130016000.0,10436860614.0,26.0,17.118,310568000.0,0.923,1.0,1615548000.0,0.816,493049000.0,0.0,1777442000.0,1634530250.0,13076000.0,797956000.0,467966000.0,329990000.0,590671000.0,350951000.0,239720000.0,10519992614.0,-41739000.0,-28069000.0,90156000.0,-26393000.0,0.0,62984000.0,-604770000.0,-384611000.0,489331000.0,10716000.0,268109000.0,268109000.0,268109000.0,0.0,0.0,0.135,1216551000.0,398997000.0,72571000.0,0.0,4.939,39.238,38.845,497770000.0,0.0,31.27,5.316,5.319,504290000.0,1427435000.0,1978771000.0,1978771000.0,279018000.0,0.107,0.136,0.248,0.205,26048000.0,937533000.0,1.0,336424452.0,336598000.0,347182000.0,5.879,2227758000.0,8737000.0,137025000.0,140903000.0,6.618,962371000.0
41,CERN,MRT,2011-03-31,2011-04-02,2011-04-02,2021-08-02,7500000.0,2561544000.0,2397098000.0,1203816000.0,1357728000.0,0.797,6.052,-172504000.0,184567000.0,184567000.0,342952000.0,251542000.0,3.824,0.266,101435000.0,27121000.0,74314000.0,101435000.0,138240000.0,198673000.0,0.0,0.0,0.0,380559000.0,579232000.0,0.303,579232000.0,380559000.0,380559000.0,0.76,0.735,0.76,2022566000.0,1861177250.0,2022566000.0,9291894354.0,24.0,16.042,304938000.0,0.912,1.0,1567597000.0,0.82,448890000.0,0.0,1714693000.0,1525831000.0,13657000.0,764166000.0,426314000.0,337852000.0,538858000.0,314829000.0,224029000.0,9413645354.0,-55640000.0,0.0,77746000.0,-27520000.0,0.0,49446000.0,-588687000.0,-404408000.0,477442000.0,6159000.0,251542000.0,251542000.0,251542000.0,0.0,0.0,0.132,1190221000.0,377376000.0,68159000.0,0.0,4.654,37.424,37.138,495600000.0,0.0,28.225,4.927,4.938,469180000.0,1355391000.0,1910549000.0,1910549000.0,277216000.0,0.105,0.135,0.249,0.199,25517000.0,913005000.0,1.0,333521536.0,334220000.0,345306000.0,5.716,2112654000.0,8573000.0,129017000.0,134673000.0,6.321,888987000.0
42,CERN,MRT,2010-12-31,2011-01-01,2011-01-01,2021-08-02,-4191000.0,2422790000.0,2297637750.0,1146061000.0,1276729000.0,0.805,5.777,-183290000.0,214511000.0,214511000.0,320356000.0,237272000.0,3.746,0.272,92760000.0,24837000.0,67923000.0,92760000.0,126654000.0,193337000.0,0.0,0.0,0.0,362212000.0,555549000.0,0.3,555549000.0,362212000.0,362212000.0,0.72,0.695,0.72,1905297000.0,1766950750.0,1905297000.0,7756731945.0,21.0,13.962,273154000.0,0.828,1.0,1529866000.0,0.827,444690000.0,0.0,1550417000.0,1421791750.0,11036000.0,620968000.0,356501000.0,264467000.0,517373000.0,305932000.0,211441000.0,7849445945.0,-27212000.0,-14486000.0,60950000.0,-27625000.0,0.0,34841000.0,-520896000.0,-312340000.0,456444000.0,2399000.0,237272000.0,237272000.0,237272000.0,0.0,0.0,0.128,1170533000.0,359333000.0,65035000.0,0.0,4.12,33.082,32.896,498829000.0,0.0,23.685,4.242,4.222,476905000.0,1290835000.0,1850222000.0,1850222000.0,272851000.0,0.103,0.134,0.255,0.196,23723000.0,897682000.0,1.0,331410004.0,329832000.0,341694000.0,5.61,1978100000.0,3836000.0,124940000.0,126215000.0,5.997,840129000.0
43,CERN,MRT,2010-09-30,2010-10-02,2010-10-02,2021-08-02,-2109000.0,2358383000.0,2229082000.0,1137715000.0,1220668000.0,0.815,5.479,-197575000.0,211747000.0,211747000.0,304742000.0,227131000.0,3.501,0.303,119033000.0,25751000.0,93282000.0,119033000.0,136425000.0,192854000.0,0.0,0.0,0.0,351433000.0,544287000.0,0.3,544287000.0,351433000.0,351433000.0,0.69,0.67,0.69,1809241000.0,1685796000.0,1809241000.0,6873974143.0,20.0,12.629,245255000.0,0.743,1.0,1511600000.0,0.832,445166000.0,0.0,1495569000.0,1346887000.0,8058000.0,558839000.0,353516000.0,205323000.0,549022000.0,324934000.0,224088000.0,7013466143.0,-156225000.0,-14486000.0,50164000.0,-27691000.0,0.0,23989000.0,-627431000.0,-403767000.0,442830000.0,4387000.0,227131000.0,227131000.0,227131000.0,0.0,0.0,0.125,1162440000.0,349160000.0,56671000.0,0.0,3.876,30.879,30.808,500667000.0,0.0,21.258,3.861,3.864,463368000.0,1220198000.0,1816342000.0,1816342000.0,276497000.0,0.102,0.135,0.261,0.193,21345000.0,885943000.0,1.0,329929020.0,330190000.0,341442000.0,5.501,1913217000.0,2285000.0,124302000.0,112228000.0,5.794,812781000.0
44,CERN,MRT,2010-06-30,2010-07-03,2010-07-03,2021-08-02,-21937000.0,2245675000.0,2152411750.0,1185990000.0,1059685000.0,0.819,5.185,-201960000.0,255795000.0,255795000.0,295073000.0,214653000.0,3.666,0.315,116303000.0,25638000.0,90665000.0,116303000.0,130394000.0,191971000.0,0.0,0.0,0.0,328236000.0,520207000.0,0.295,520207000.0,328236000.0,328236000.0,0.655,0.632,0.655,1707605000.0,1609908500.0,1707605000.0,6133603710.0,19.0,11.791,195316000.0,0.593,1.0,1468001000.0,0.833,440067000.0,0.0,1342645000.0,1247415500.0,9176000.0,421841000.0,376712000.0,45129000.0,537950000.0,323471000.0,214479000.0,6256008710.0,-98123000.0,-14486000.0,55301000.0,-27180000.0,0.0,31424000.0,-523058000.0,-297558000.0,397276000.0,-3765000.0,214653000.0,214653000.0,214653000.0,0.0,0.0,0.122,1142123000.0,325878000.0,47485000.0,0.0,3.664,29.145,29.046,507045000.0,0.0,19.025,3.548,3.554,441567000.0,1159326000.0,1763074000.0,1763074000.0,275992000.0,0.1,0.133,0.263,0.186,19621000.0,866131000.0,1.0,328830944.0,329338000.0,341346000.0,5.353,1805608000.0,7985000.0,113583000.0,104840000.0,5.483,862519000.0
45,CERN,MRT,2010-03-31,2010-04-03,2010-04-03,2021-08-02,-9916000.0,2163703000.0,2084715750.0,1139943000.0,1023760000.0,0.821,5.02,-200175000.0,240207000.0,240207000.0,283751000.0,202921000.0,3.743,0.315,117802000.0,26995000.0,90807000.0,117802000.0,147977000.0,191680000.0,0.0,0.0,0.0,308181000.0,499861000.0,0.292,499861000.0,308181000.0,308181000.0,0.62,0.597,0.62,1645660000.0,1540040500.0,1645660000.0,6899219327.0,22.0,13.802,154793000.0,0.472,1.0,1427128000.0,0.834,438170000.0,0.0,1298536000.0,1172660750.0,10106000.0,368707000.0,368707000.0,0.0,517923000.0,304592000.0,213331000.0,7020422327.0,-84973000.0,-14486000.0,58664000.0,-32473000.0,0.0,29494000.0,-476083000.0,-248673000.0,354968000.0,6648000.0,202921000.0,202921000.0,202921000.0,0.0,0.0,0.119,1121446000.0,305682000.0,41075000.0,0.0,4.266,34.597,34.569,515609000.0,0.0,21.433,4.103,4.107,423035000.0,1103849000.0,1710879000.0,1710879000.0,273094000.0,0.097,0.132,0.263,0.18,17234000.0,848352000.0,1.0,327559656.0,327828000.0,340420000.0,5.219,1725533000.0,7903000.0,105260000.0,102696000.0,5.264,835351000.0
46,CERN,MRT,2009-12-31,2010-01-02,2010-01-02,2021-08-02,-3254000.0,2148567000.0,2021027500.0,1146335000.0,1002232000.0,0.827,4.88,-209012000.0,241723000.0,241723000.0,281198000.0,193465000.0,3.201,0.359,120520000.0,25014000.0,95506000.0,120520000.0,152883000.0,189603000.0,0.0,0.0,0.0,292681000.0,482284000.0,0.288,482284000.0,292681000.0,292681000.0,0.595,0.575,0.595,1580678000.0,1467234250.0,1580678000.0,6505571481.0,22.0,13.489,138279000.0,0.427,1.0,1390666000.0,0.832,418463000.0,0.0,1250798000.0,1095304000.0,11242000.0,317113000.0,317113000.0,0.0,567769000.0,358103000.0,209666000.0,6729720481.0,-28771000.0,-3529000.0,47234000.0,-32352000.0,0.0,16770000.0,-394321000.0,-169295000.0,347291000.0,1489000.0,193465000.0,193465000.0,193465000.0,0.0,0.0,0.116,1098660000.0,292006000.0,36893000.0,0.0,4.257,34.785,34.639,509178000.0,0.0,20.61,4.025,3.993,461411000.0,1053563000.0,1671864000.0,1671864000.0,271051000.0,0.096,0.132,0.267,0.175,15786000.0,827609000.0,1.0,326526952.0,323926000.0,335528000.0,5.161,1730104000.0,8055000.0,99216000.0,98372000.0,5.341,788232000.0
47,CERN,MRT,2009-09-30,2009-10-03,2009-10-03,2021-08-02,-3915000.0,2051702000.0,1954132750.0,1012609000.0,1039093000.0,0.855,4.634,-200772000.0,367972000.0,367972000.0,289484000.0,204509000.0,3.3,0.363,143823000.0,24896000.0,118927000.0,143823000.0,115819000.0,184355000.0,0.0,0.0,0.0,301439000.0,485794000.0,0.291,485794000.0,301439000.0,301439000.0,0.635,0.61,0.635,1505691000.0,1399817000.0,1505691000.0,5669905812.0,19.0,11.671,136569000.0,0.42,1.0,1381794000.0,0.827,423020000.0,0.0,1097683000.0,1030943250.0,12532000.0,161928000.0,66678000.0,95250000.0,545891000.0,306850000.0,239041000.0,5875401812.0,185714000.0,-3528000.0,16022000.0,-14028000.0,0.0,5812000.0,-152614000.0,63216000.0,337341000.0,-4825000.0,204509000.0,204509000.0,204509000.0,0.0,0.0,0.122,1081501000.0,300293000.0,53835000.0,0.0,3.902,28.729,28.543,506331000.0,0.0,18.125,3.516,3.524,470071000.0,993067000.0,1671278000.0,1671278000.0,265952000.0,0.105,0.146,0.292,0.18,14841000.0,815549000.0,1.0,324160100.0,324900000.0,336688000.0,5.144,1628682000.0,5162000.0,96930000.0,105142000.0,5.013,705759000.0
48,CERN,MRT,2009-06-30,2009-07-04,2009-07-04,2021-08-02,-8305000.0,1974891000.0,1897938250.0,937501000.0,1037390000.0,0.888,4.425,-193591000.0,353918000.0,353918000.0,292322000.0,201129000.0,3.086,0.383,148422000.0,25477000.0,122945000.0,148422000.0,125948000.0,179101000.0,0.0,0.0,0.0,298510000.0,477611000.0,0.284,477611000.0,298510000.0,298510000.0,0.625,0.603,0.625,1428133000.0,1340018750.0,1428133000.0,4656171089.0,16.0,9.749,117970000.0,0.365,1.0,1392269000.0,0.826,421990000.0,0.0,1043626000.0,1033822750.0,12594000.0,129327000.0,30177000.0,99150000.0,546638000.0,303779000.0,242859000.0,4836702089.0,62523000.0,-6067000.0,-1157000.0,-14926000.0,0.0,-13502000.0,-227839000.0,-18893000.0,311561000.0,-7697000.0,201129000.0,201129000.0,201129000.0,0.0,0.0,0.119,1094935000.0,297334000.0,59039000.0,0.0,3.387,24.048,24.02,501066000.0,0.0,15.012,2.871,2.876,444699000.0,944673000.0,1684591000.0,1684591000.0,267292000.0,0.106,0.15,0.289,0.177,14439000.0,827643000.0,1.0,322178324.0,322764000.0,334360000.0,5.219,1552901000.0,5650000.0,97381000.0,105901000.0,4.811,633722000.0
49,CERN,MRT,2009-03-31,2009-04-04,2009-04-04,2021-08-02,-18254000.0,1908950000.0,1849909500.0,876412000.0,1032538000.0,0.91,4.215,-191729000.0,325180000.0,325180000.0,297219000.0,192671000.0,2.738,0.408,144649000.0,30290000.0,114359000.0,144649000.0,123396000.0,174565000.0,0.0,0.0,0.0,286010000.0,460575000.0,0.274,460575000.0,286010000.0,286010000.0,0.6,0.578,0.6,1354435000.0,1288790250.0,1354435000.0,3348372289.0,12.0,7.27,137298000.0,0.427,1.0,1386366000.0,0.823,419185000.0,0.0,989109000.0,1015479750.0,12595000.0,121416000.0,21816000.0,99600000.0,553229000.0,320125000.0,233104000.0,3477380289.0,74671000.0,-9248000.0,-9815000.0,-15091000.0,0.0,-22146000.0,-218403000.0,-11503000.0,329027000.0,-13807000.0,192671000.0,192671000.0,192671000.0,0.0,0.0,0.114,1101967000.0,284399000.0,85950000.0,0.0,2.567,18.048,18.038,498258000.0,0.0,10.822,2.065,2.066,436907000.0,900928000.0,1683585000.0,1683585000.0,268092000.0,0.104,0.149,0.282,0.17,14784000.0,833875000.0,1.0,321310260.0,321332000.0,331428000.0,5.239,1489765000.0,5617000.0,93339000.0,105594000.0,4.636,556287000.0
50,CERN,MRT,2008-12-31,2009-01-03,2009-01-03,2021-08-02,-12977000.0,1880988000.0,1803989500.0,858873000.0,1022115000.0,0.929,4.069,-178197000.0,270494000.0,270494000.0,296063000.0,188658000.0,2.517,0.434,141486000.0,30116000.0,111370000.0,141486000.0,123108000.0,170466000.0,0.0,0.0,0.0,281431000.0,451897000.0,0.27,451897000.0,281431000.0,281431000.0,0.585,0.565,0.585,1311009000.0,1244440750.0,1311009000.0,3165147172.0,11.0,7.004,103605000.0,0.322,1.0,1379965000.0,0.823,417402000.0,0.0,993355000.0,1015444000.0,10096000.0,143700000.0,38400000.0,105300000.0,568693000.0,341223000.0,227470000.0,3173606172.0,87580000.0,-5719000.0,-3472000.0,-15317000.0,0.0,-11654000.0,-170607000.0,17510000.0,281802000.0,-11961000.0,188658000.0,188658000.0,188658000.0,0.0,0.0,0.113,1101080000.0,278885000.0,93667000.0,0.0,2.421,16.822,16.744,483399000.0,0.0,9.795,1.894,1.883,468928000.0,860098000.0,1676028000.0,1676028000.0,272519000.0,0.105,0.152,0.277,0.168,14683000.0,828561000.0,1.0,324002672.0,322196000.0,333740000.0,5.202,1463586000.0,1402000.0,92773000.0,100546000.0,4.543,517650000.0
51,CERN,MRT,2008-09-30,2008-09-27,2008-09-27,2021-08-02,-4040000.0,1826924000.0,1756231500.0,820558000.0,1006366000.0,0.914,3.919,-176680000.0,182258000.0,182258000.0,277354000.0,158449000.0,2.794,0.443,173799000.0,13814000.0,159985000.0,173799000.0,133586000.0,165611000.0,0.0,0.0,0.0,238190000.0,403801000.0,0.252,403801000.0,238190000.0,238190000.0,0.495,0.475,0.495,1266498000.0,1199795500.0,1266498000.0,3716495375.0,16.0,9.204,99306000.0,0.307,1.0,1327440000.0,0.827,415537000.0,0.0,1109201000.0,1022012000.0,11368000.0,216750000.0,115012000.0,101738000.0,560426000.0,293727000.0,266699000.0,3823223375.0,-11845000.0,-5824000.0,28977000.0,-17835000.0,0.0,16347000.0,-293100000.0,-106453000.0,275986000.0,-11078000.0,158449000.0,158449000.0,158449000.0,0.0,0.0,0.099,1091446000.0,235994000.0,73043000.0,0.0,3.019,24.129,23.899,472655000.0,0.0,11.83,2.382,2.382,431392000.0,788559000.0,1604794000.0,1604794000.0,275366000.0,0.09,0.132,0.233,0.148,13593000.0,816080000.0,1.0,323180336.0,323128000.0,334724000.0,4.966,1411387000.0,8542000.0,79741000.0,90696000.0,4.368,526831000.0
52,CERN,MRT,2008-06-30,2008-06-28,2008-06-28,2021-08-02,3290000.0,1782776000.0,1707450500.0,778705000.0,1004071000.0,0.911,3.793,-203138000.0,291395000.0,291395000.0,262846000.0,144669000.0,2.674,0.457,184667000.0,13847000.0,170820000.0,184667000.0,121656000.0,161291000.0,0.0,0.0,0.0,223808000.0,385099000.0,0.248,385099000.0,223808000.0,223808000.0,0.453,0.432,0.453,1223219000.0,1153413000.0,1223219000.0,3622981642.0,16.0,9.408,102957000.0,0.319,1.0,1292156000.0,0.831,414569000.0,0.0,970254000.0,990827000.0,12741000.0,101649000.0,0.0,101649000.0,559557000.0,291225000.0,268332000.0,3681931642.0,133117000.0,-3397000.0,39366000.0,-17121000.0,0.0,26900000.0,-192161000.0,18246000.0,306095000.0,-7717000.0,144669000.0,144669000.0,144669000.0,0.0,0.0,0.093,1069745000.0,222411000.0,75464000.0,0.0,3.01,25.451,25.221,470701000.0,0.0,11.425,2.368,2.369,398371000.0,743545000.0,1555002000.0,1555002000.0,275317000.0,0.085,0.125,0.226,0.144,13899000.0,794428000.0,1.0,322269728.0,322472000.0,334324000.0,4.822,1368207000.0,10218000.0,79139000.0,78252000.0,4.243,487480000.0
53,CERN,MRT,2008-03-31,2008-03-29,2008-03-29,2021-08-02,2501000.0,1725270000.0,1654472000.0,731133000.0,994137000.0,0.93,3.661,-229197000.0,250509000.0,250509000.0,272022000.0,136231000.0,2.597,0.466,191559000.0,14105000.0,177454000.0,191559000.0,120752000.0,156774000.0,0.0,0.0,0.0,218274000.0,375048000.0,0.244,375048000.0,218274000.0,218274000.0,0.428,0.408,0.428,1177037000.0,1103867750.0,1177037000.0,3097572595.0,14.0,8.259,53566000.0,0.167,1.0,1266768000.0,0.823,395832000.0,0.0,988966000.0,985959500.0,12253000.0,101388000.0,0.0,101388000.0,548233000.0,281522000.0,266711000.0,3088620595.0,104120000.0,1306000.0,52162000.0,-22246000.0,0.0,34392000.0,-205849000.0,25496000.0,282763000.0,-7187000.0,136231000.0,136231000.0,136231000.0,0.0,0.0,0.089,1049398000.0,217370000.0,76727000.0,0.0,2.624,22.672,22.43,479872000.0,0.0,9.6,2.007,2.006,388257000.0,708257000.0,1538790000.0,1538790000.0,273142000.0,0.082,0.123,0.221,0.142,13215000.0,776256000.0,1.0,321731312.0,321528000.0,334116000.0,4.786,1329438000.0,10318000.0,82043000.0,70183000.0,4.135,449611000.0
54,CERN,MRT,2007-12-31,2007-12-29,2007-12-29,2021-08-02,8311000.0,1689956000.0,1603790750.0,818564000.0,871392000.0,0.948,3.566,-246786000.0,182914000.0,182914000.0,280110000.0,127125000.0,2.841,0.492,191866000.0,14260000.0,177606000.0,191866000.0,120577000.0,152817000.0,0.0,0.0,0.0,203967000.0,356784000.0,0.235,356784000.0,203967000.0,203967000.0,0.4,0.383,0.4,1132428000.0,1052931750.0,1132428000.0,4614641252.0,23.0,12.934,27779000.0,0.087,1.0,1239767000.0,0.816,391158000.0,0.0,1019627000.0,968115250.0,10744000.0,161600000.0,161600000.0,0.0,557528000.0,288123000.0,269405000.0,4603855252.0,20369000.0,-24061000.0,59442000.0,-22359000.0,0.0,37083000.0,-287666000.0,-13277000.0,274565000.0,-3613000.0,127125000.0,127125000.0,127125000.0,0.0,0.0,0.084,1035684000.0,204083000.0,79812000.0,0.0,4.065,36.215,35.987,462839000.0,0.0,14.395,3.029,3.008,391060000.0,671440000.0,1519877000.0,1519877000.0,270576000.0,0.079,0.121,0.211,0.134,16189000.0,765108000.0,1.0,319823220.0,317580000.0,332872000.0,4.786,1298798000.0,10368000.0,76842000.0,68738000.0,4.09,530441000.0
55,CERN,MRT,2007-09-30,2007-09-29,2007-09-29,2021-08-02,7126000.0,1631800000.0,1555410000.0,743950000.0,887850000.0,0.968,3.394,-249387000.0,194216000.0,194216000.0,300190000.0,124940000.0,2.796,0.51,205002000.0,14032000.0,190970000.0,205002000.0,109018000.0,147104000.0,0.0,0.0,0.0,195659000.0,342763000.0,0.228,342763000.0,195659000.0,195659000.0,0.395,0.375,0.395,1080968000.0,1000398250.0,1080968000.0,4794940929.0,25.0,13.989,1752000.0,0.006,1.0,1205975000.0,0.801,392027000.0,0.0,984461000.0,927786500.0,12861000.0,114211000.0,114211000.0,0.0,550832000.0,266098000.0,284734000.0,4754822929.0,54740000.0,-23952000.0,56745000.0,-20489000.0,0.0,36392000.0,-234416000.0,40143000.0,251139000.0,1625000.0,124940000.0,124940000.0,124940000.0,0.0,0.0,0.083,1010066000.0,195909000.0,63809000.0,0.0,4.399,38.057,37.854,478227000.0,0.0,14.953,3.157,3.162,365709000.0,634689000.0,1506165000.0,1506165000.0,263262000.0,0.08,0.125,0.211,0.13,14689000.0,746804000.0,1.0,317995180.0,318536000.0,,4.728,1239773000.0,2183000.0,70719000.0,76245000.0,3.892,477852000.0
56,CERN,MRT,2007-06-30,2007-06-30,2007-06-30,2021-08-02,3269000.0,1570862000.0,1505701500.0,718435000.0,852427000.0,0.982,3.235,-225712000.0,158278000.0,158278000.0,312184000.0,120434000.0,2.676,0.532,198396000.0,14422000.0,183974000.0,198396000.0,115433000.0,137838000.0,0.0,0.0,0.0,185914000.0,323752000.0,0.219,323752000.0,185914000.0,185914000.0,0.383,0.365,0.383,1025038000.0,947778750.0,1025038000.0,4450967518.0,24.0,13.748,603000.0,0.002,1.0,1166497000.0,0.789,391765000.0,0.0,950784000.0,894427000.0,12443000.0,123574000.0,123574000.0,0.0,545824000.0,268431000.0,277393000.0,4389574518.0,34119000.0,-37576000.0,52780000.0,-20948000.0,0.0,32978000.0,-228205000.0,69836000.0,226315000.0,3031000.0,120434000.0,120434000.0,120434000.0,0.0,0.0,0.081,980879000.0,185618000.0,78757000.0,0.0,4.282,36.448,36.208,443265000.0,0.0,13.867,2.969,2.972,364656000.0,598848000.0,1478681000.0,1478681000.0,257379000.0,0.08,0.127,0.208,0.126,16963000.0,723500000.0,1.0,316536832.0,316892000.0,,4.666,1179097000.0,2282000.0,65480000.0,75255000.0,3.721,450004000.0
57,CERN,MRT,2007-03-31,2007-03-31,2007-03-31,2021-08-02,992000.0,1522545000.0,1456304750.0,714556000.0,807989000.0,0.977,3.091,-204789000.0,146389000.0,146389000.0,295414000.0,117458000.0,2.615,0.564,207782000.0,19806000.0,187976000.0,207782000.0,105268000.0,130018000.0,0.0,0.0,0.0,177093000.0,307111000.0,0.216,307111000.0,177093000.0,177093000.0,0.375,0.358,0.375,973293000.0,898273000.0,973293000.0,4340365414.0,25.0,14.133,19143000.0,0.061,1.0,1127251000.0,0.792,393061000.0,0.0,917589000.0,865929250.0,12996000.0,130387000.0,130387000.0,0.0,549252000.0,273288000.0,275964000.0,4295277414.0,42499000.0,-39098000.0,37279000.0,-28333000.0,0.0,10092000.0,-186075000.0,58381000.0,223932000.0,-5449000.0,117458000.0,117458000.0,117458000.0,0.0,0.0,0.083,949900000.0,177351000.0,80133000.0,0.0,4.413,36.569,36.3,397288000.0,0.0,13.613,3.019,3.013,358279000.0,567733000.0,1422665000.0,1422665000.0,254552000.0,0.081,0.131,0.205,0.124,20397000.0,695348000.0,1.0,315539204.0,314844000.0,,4.519,1129484000.0,5626000.0,59635000.0,69669000.0,3.587,441268000.0
58,CERN,MRT,2006-12-31,2006-12-30,2006-12-30,2021-08-02,600000.0,1496433000.0,1411366500.0,751030000.0,745403000.0,0.976,2.951,-192701000.0,162545000.0,162545000.0,290970000.0,109891000.0,2.406,0.623,207633000.0,20242000.0,187391000.0,207633000.0,108256000.0,125254000.0,0.0,0.0,0.0,167544000.0,292798000.0,0.212,292798000.0,167544000.0,167544000.0,0.352,0.335,0.352,922294000.0,854401500.0,922294000.0,3625584586.0,22.0,12.383,40017000.0,0.128,1.0,1087068000.0,0.789,371035000.0,0.0,858312000.0,847515250.0,18084000.0,146239000.0,146239000.0,0.0,574139000.0,312174000.0,261965000.0,3555319586.0,49488000.0,-13731000.0,28772000.0,-30783000.0,0.0,-865000.0,-177544000.0,29122000.0,232718000.0,-4821000.0,109891000.0,109891000.0,109891000.0,0.0,0.0,0.08,920901000.0,166167000.0,79735000.0,0.0,3.855,32.353,32.315,357942000.0,0.0,11.375,2.58,2.58,361424000.0,544315000.0,1378038000.0,1378038000.0,246970000.0,0.078,0.129,0.198,0.122,19876000.0,673931000.0,1.0,312555568.0,312555568.0,,4.409,1125398000.0,2423000.0,57653000.0,58731000.0,3.601,438856000.0
59,CERN,MRT,2006-09-30,2006-09-30,2006-09-30,2021-08-02,542000.0,1432966000.0,1363165500.0,716340000.0,716626000.0,0.971,2.796,-190630000.0,139363000.0,139363000.0,276385000.0,98117000.0,2.547,0.646,209628000.0,19285000.0,190343000.0,209628000.0,105749000.0,120077000.0,0.0,0.0,0.0,158117000.0,278194000.0,0.21,278194000.0,158117000.0,161890000.0,0.32,0.302,0.32,870490000.0,813961250.0,870490000.0,3614540309.0,23.0,12.993,66424000.0,0.213,1.0,1046677000.0,0.791,370908000.0,-3773000.0,851023000.0,834025250.0,18108000.0,148080000.0,148080000.0,0.0,562476000.0,281300000.0,281176000.0,3530576309.0,5174000.0,-14565000.0,29387000.0,68016000.0,0.0,98383000.0,-343706000.0,-138511000.0,257054000.0,-6557000.0,98117000.0,98117000.0,98117000.0,0.0,0.0,0.074,884515000.0,162162000.0,54720000.0,0.0,4.056,35.983,35.469,331785000.0,0.0,11.35,2.668,2.671,351616000.0,501007000.0,1323062000.0,1323062000.0,241521000.0,0.072,0.121,0.19,0.12,49405000.0,642994000.0,1.0,311063992.0,311376000.0,,4.249,1062058000.0,7832000.0,63773000.0,73359000.0,3.411,435040000.0
60,CERN,MRT,2006-06-30,2006-07-01,2006-07-01,2021-08-02,-99000.0,1373275000.0,1290550750.0,683707000.0,689568000.0,0.986,2.667,-187643000.0,124159000.0,124159000.0,271887000.0,97945000.0,2.589,0.661,208123000.0,21407000.0,186716000.0,208123000.0,105832000.0,119395000.0,0.0,0.0,0.0,151793000.0,271188000.0,0.213,271188000.0,151793000.0,154208000.0,0.323,0.303,0.323,827015000.0,770278000.0,827015000.0,2992694263.0,20.0,11.035,63435000.0,0.205,1.0,1000345000.0,0.786,356379000.0,-2415000.0,836793000.0,749258250.0,18069000.0,152529000.0,152529000.0,0.0,546260000.0,264067000.0,282193000.0,2876460263.0,-8176000.0,-12373000.0,46474000.0,48076000.0,0.0,94311000.0,-344239000.0,-178177000.0,251078000.0,-9326000.0,97945000.0,97945000.0,97945000.0,0.0,0.0,0.077,844863000.0,155482000.0,55632000.0,0.0,3.478,29.368,28.723,321890000.0,0.0,9.277,2.261,2.261,331316000.0,474279000.0,1272232000.0,1272232000.0,233329000.0,0.076,0.127,0.203,0.119,42707000.0,611534000.0,1.0,310046916.0,310096000.0,,4.103,1016896000.0,7519000.0,56263000.0,78778000.0,3.279,419640000.0
61,CERN,MRT,2006-03-31,2006-04-01,2006-04-01,2021-08-02,5231000.0,1342792000.0,1218177500.0,668737000.0,674055000.0,1.001,2.585,-186932000.0,103890000.0,103890000.0,267296000.0,93875000.0,2.562,0.683,220124000.0,28569000.0,191555000.0,220124000.0,104126000.0,117279000.0,0.0,0.0,0.0,146680000.0,263959000.0,0.216,263959000.0,146680000.0,147729000.0,0.312,0.293,0.312,797807000.0,724704000.0,797807000.0,3841853832.0,26.0,14.555,48798000.0,0.158,1.0,952179000.0,0.781,354032000.0,-1049000.0,843933000.0,664769500.0,12297000.0,174929000.0,174929000.0,0.0,544985000.0,261061000.0,283924000.0,3731902832.0,-22790000.0,-17706000.0,54953000.0,67761000.0,0.0,122087000.0,-378609000.0,-173971000.0,235730000.0,-1998000.0,93875000.0,93875000.0,93875000.0,0.0,0.0,0.077,802402000.0,149777000.0,58065000.0,0.0,4.678,39.754,38.021,309313000.0,0.0,11.863,3.06,3.002,320439000.0,450406000.0,1219475000.0,1219475000.0,221143000.0,0.077,0.13,0.221,0.12,36343000.0,581259000.0,1.0,314596656.0,308624000.0,,3.951,988760000.0,7338000.0,53854000.0,74668000.0,3.204,407676000.0
62,CERN,MRT,2005-12-31,2005-12-31,2005-12-31,2021-08-02,4367000.0,1303629000.0,1140569500.0,651631000.0,651998000.0,1.018,2.487,-163106000.0,113057000.0,113057000.0,254686000.0,86251000.0,2.505,0.714,223008000.0,28743000.0,194265000.0,223008000.0,94423000.0,114055000.0,0.0,0.0,0.0,135244000.0,249299000.0,0.215,249299000.0,135244000.0,135244000.0,0.29,0.275,0.29,760533000.0,678766500.0,760533000.0,3472759295.0,26.0,13.93,65759000.0,0.215,1.0,906099000.0,0.781,349138000.0,0.0,804352000.0,582387250.0,9585000.0,161230000.0,161230000.0,0.0,543096000.0,260090000.0,283006000.0,3474977295.0,-76727000.0,-119683000.0,51744000.0,89979000.0,0.0,140891000.0,-443968000.0,-161179000.0,228865000.0,-2515000.0,86251000.0,86251000.0,86251000.0,0.0,0.0,0.074,765663000.0,140436000.0,65377000.0,0.0,4.569,40.289,39.185,292608000.0,0.0,11.364,2.994,2.994,316965000.0,430262000.0,1160785000.0,1160785000.0,211455000.0,0.076,0.127,0.232,0.117,30289000.0,547826000.0,1.0,305794944.0,305794944.0,,3.796,954491000.0,8109000.0,48993000.0,72922000.0,3.121,391541000.0
63,CERN,MRT,2005-09-30,2005-10-01,2005-10-01,2021-08-02,5390000.0,1142507000.0,1060228500.0,513947000.0,628560000.0,1.022,2.295,-144000000.0,134186000.0,134186000.0,234412000.0,80305000.0,1.847,0.642,131968000.0,41924000.0,90044000.0,131968000.0,93618000.0,107996000.0,0.0,0.0,0.0,130850000.0,238846000.0,0.221,238846000.0,130850000.0,125724000.0,0.273,0.256,0.273,695757000.0,638004500.0,695757000.0,3271139366.0,25.0,13.696,47268000.0,0.156,1.0,848731000.0,0.784,350143000.0,5126000.0,511955000.0,503522750.0,8604000.0,0.0,0.0,0.0,446750000.0,278191000.0,168559000.0,3250552366.0,-26758000.0,-119043000.0,51259000.0,-5837000.0,0.0,44456000.0,-262955000.0,88000.0,191268000.0,1271000.0,80305000.0,80305000.0,80305000.0,0.0,0.0,0.074,717984000.0,130747000.0,54423000.0,0.0,4.672,40.478,39.803,268012000.0,0.0,10.866,3.001,3.041,316718000.0,402890000.0,1083143000.0,1083143000.0,195428000.0,0.076,0.126,0.26,0.121,9191000.0,516174000.0,1.0,299142056.0,303112000.0,,3.573,792364000.0,0.0,45419000.0,88162000.0,2.614,235756000.0
64,CERN,MRT,2005-06-30,2005-07-02,2005-07-02,2021-08-02,5980000.0,1083782000.0,1003891500.0,480511000.0,603271000.0,1.016,2.169,-133109000.0,132335000.0,132335000.0,214120000.0,68528000.0,1.787,0.681,152922000.0,61879000.0,91043000.0,152922000.0,82772000.0,101889000.0,0.0,0.0,0.0,119751000.0,221640000.0,0.217,221640000.0,119751000.0,114398000.0,0.236,0.223,0.236,644719000.0,602943000.0,644719000.0,2522232351.0,21.0,11.38,56446000.0,0.19,1.0,805468000.0,0.79,336655000.0,5353000.0,498838000.0,494684750.0,11102000.0,0.0,0.0,0.0,439063000.0,268876000.0,170187000.0,2496280351.0,-4889000.0,-109029000.0,32234000.0,14230000.0,0.0,45471000.0,-242083000.0,55000.0,189555000.0,2168000.0,68528000.0,68528000.0,68528000.0,0.0,0.0,0.067,685562000.0,119906000.0,49999000.0,0.0,3.872,36.427,35.869,258909000.0,0.0,8.465,2.448,2.468,299673000.0,376335000.0,1019588000.0,1019588000.0,184297000.0,0.068,0.114,0.242,0.117,9191000.0,494883000.0,1.0,294894312.0,297256000.0,,3.43,747127000.0,0.0,45870000.0,80235000.0,2.513,211635000.0
65,CERN,MRT,2005-03-31,2005-04-02,2005-04-02,2021-08-02,7308000.0,1032360000.0,955856500.0,455795000.0,576565000.0,1.015,2.089,-115399000.0,126680000.0,126680000.0,205083000.0,63039000.0,2.17,0.681,152632000.0,22018000.0,130614000.0,152632000.0,88104000.0,96198000.0,0.0,0.0,0.0,111228000.0,207426000.0,0.214,207426000.0,111228000.0,105449000.0,0.219,0.208,0.219,614057000.0,575222750.0,614057000.0,1851704535.0,17.0,8.927,66529000.0,0.226,1.0,765080000.0,0.789,333862000.0,5779000.0,514404000.0,490931750.0,8290000.0,0.0,0.0,0.0,418303000.0,210046000.0,208257000.0,1910776535.0,-14848000.0,-103712000.0,26768000.0,-6575000.0,0.0,19439000.0,-218229000.0,882000.0,181928000.0,2014000.0,63039000.0,63039000.0,63039000.0,0.0,0.0,0.065,653476000.0,111604000.0,36429000.0,0.0,3.112,30.311,29.652,234541000.0,0.0,6.494,1.97,1.967,284107000.0,356531000.0,970163000.0,970163000.0,178364000.0,0.066,0.11,0.227,0.115,9191000.0,468730000.0,1.0,294248552.0,293920000.0,,3.301,698498000.0,0.0,42410000.0,70747000.0,2.376,245749000.0
66,CERN,MRT,2004-12-31,2005-01-01,2005-01-01,2021-08-02,8770000.0,982265000.0,918826250.0,509473000.0,472792000.0,1.008,2.055,-115402000.0,189784000.0,189784000.0,196348000.0,64648000.0,2.557,0.644,130712000.0,21908000.0,108804000.0,130712000.0,83148000.0,90802000.0,0.0,0.0,0.0,114072000.0,204874000.0,0.221,204874000.0,114072000.0,107920000.0,0.225,0.215,0.225,597485000.0,550002000.0,597485000.0,1906184568.0,17.0,9.304,52902000.0,0.182,1.0,730008000.0,0.788,235055000.0,6152000.0,488894000.0,487243750.0,7373000.0,0.0,0.0,0.0,384780000.0,199244000.0,185536000.0,1932060568.0,67945000.0,10043000.0,25717000.0,-24879000.0,0.0,86000.0,-103382000.0,1977000.0,168304000.0,2937000.0,64648000.0,64648000.0,64648000.0,0.0,0.0,0.07,618544000.0,111464000.0,37008000.0,0.0,3.234,29.886,29.539,230440000.0,0.0,6.646,2.086,2.086,282199000.0,344011000.0,926356000.0,926356000.0,171589000.0,0.07,0.118,0.234,0.123,9191000.0,446955000.0,1.0,290699352.0,290699352.0,,3.187,747210000.0,0.0,43272000.0,70293000.0,2.57,310229000.0
67,CERN,MRT,2004-09-30,2004-10-02,2004-10-02,2021-08-02,4934000.0,917159000.0,886823000.0,466915000.0,450244000.0,1.021,1.915,-123787000.0,160947000.0,160947000.0,189757000.0,59430000.0,2.528,0.651,135071000.0,24711000.0,110360000.0,135071000.0,61753000.0,85029000.0,0.0,0.0,0.0,106419000.0,191448000.0,0.211,191448000.0,106419000.0,99062000.0,0.21,0.2,0.21,555511000.0,524300750.0,555511000.0,1608681972.0,15.0,8.403,31162000.0,0.107,1.0,715836000.0,0.79,229980000.0,7357000.0,476603000.0,486012000.0,10521000.0,332000.0,0.0,332000.0,361648000.0,184700000.0,176948000.0,1610095972.0,41142000.0,3852000.0,20843000.0,-20952000.0,0.0,1178000.0,-117646000.0,2289000.0,154949000.0,1863000.0,59430000.0,59430000.0,59430000.0,0.0,0.0,0.066,612284000.0,103552000.0,17164000.0,0.0,2.898,27.092,26.554,217090000.0,0.0,5.576,1.778,1.786,262376000.0,322585000.0,905593000.0,905593000.0,169226000.0,0.067,0.113,0.219,0.118,1887000.0,443058000.0,1.0,288741712.0,290024000.0,,3.122,687179000.0,0.0,39632000.0,79525000.0,2.369,282215000.0
68,CERN,MRT,2004-06-30,2004-07-03,2004-07-03,2021-08-02,4062000.0,891642000.0,855473750.0,441653000.0,449989000.0,1.03,1.851,-136950000.0,137224000.0,137224000.0,190179000.0,56698000.0,2.438,0.67,135810000.0,24715000.0,111095000.0,135810000.0,64165000.0,79327000.0,0.0,0.0,0.0,101760000.0,181087000.0,0.206,181087000.0,101760000.0,94285000.0,0.201,0.193,0.201,533838000.0,502499500.0,533838000.0,1541290443.0,15.0,8.511,6071000.0,0.021,1.0,690639000.0,0.784,225262000.0,7475000.0,483826000.0,478783250.0,10473000.0,410000.0,0.0,410000.0,357804000.0,181140000.0,176664000.0,1528752443.0,16186000.0,5533000.0,17131000.0,-18431000.0,0.0,44000.0,-129189000.0,2379000.0,143021000.0,2159000.0,56698000.0,56698000.0,56698000.0,0.0,0.0,0.064,591718000.0,98921000.0,20198000.0,0.0,2.864,26.963,26.58,217655000.0,0.0,5.343,1.736,1.749,258744000.0,307806000.0,880818000.0,880818000.0,165644000.0,0.066,0.113,0.213,0.116,1887000.0,426074000.0,1.0,286149264.0,288352000.0,,3.055,666380000.0,0.0,37587000.0,78373000.0,2.311,260513000.0
69,CERN,MRT,2004-03-31,2004-04-03,2004-04-03,2021-08-02,4669000.0,884239000.0,825892250.0,445857000.0,438382000.0,1.041,1.799,-143363000.0,141528000.0,141528000.0,192711000.0,51327000.0,2.53,0.723,154066000.0,23532000.0,130534000.0,154066000.0,65186000.0,74227000.0,0.0,0.0,0.0,92502000.0,166729000.0,0.194,166729000.0,92502000.0,85216000.0,0.182,0.176,0.182,513174000.0,482441250.0,513174000.0,1623124439.0,18.0,9.735,-419000.0,-0.001,1.0,667412000.0,0.776,220863000.0,7286000.0,499652000.0,466817000.0,11885000.0,664000.0,0.0,664000.0,371065000.0,176262000.0,194803000.0,1599231439.0,6489000.0,5549000.0,4392000.0,-10640000.0,0.0,-4814000.0,-136299000.0,1666000.0,142944000.0,4507000.0,51327000.0,51327000.0,51327000.0,0.0,0.0,0.06,578050000.0,89362000.0,14385000.0,0.0,3.116,31.158,30.776,211408000.0,0.0,5.601,1.859,1.858,259065000.0,293492000.0,860123000.0,860123000.0,161332000.0,0.062,0.106,0.198,0.108,1887000.0,416718000.0,1.0,285513312.0,285288000.0,,3.015,663376000.0,0.0,33889000.0,76713000.0,2.325,269595000.0
70,CERN,MRT,2003-12-31,2004-01-03,2004-01-03,2021-08-02,4770000.0,854252000.0,795502750.0,423891000.0,430361000.0,1.055,1.745,-142319000.0,121839000.0,121839000.0,194290000.0,42791000.0,2.388,0.727,145732000.0,21162000.0,124570000.0,145732000.0,66824000.0,69330000.0,0.0,0.0,0.0,78239000.0,147569000.0,0.176,147569000.0,78239000.0,71222000.0,0.152,0.147,0.152,494680000.0,465962250.0,494680000.0,1381098140.0,18.0,9.359,-8169000.0,-0.029,1.0,645297000.0,0.769,216699000.0,7017000.0,483967000.0,452047250.0,12434000.0,0.0,0.0,0.0,359572000.0,177479000.0,182093000.0,1364282140.0,-20704000.0,-6229000.0,773000.0,-12918000.0,0.0,-10697000.0,-148048000.0,651000.0,134150000.0,3740000.0,42791000.0,42791000.0,42791000.0,0.0,0.0,0.051,567200000.0,78097000.0,20753000.0,0.0,2.758,31.882,31.669,204953000.0,0.0,4.814,1.625,1.625,256574000.0,279363000.0,839587000.0,839587000.0,156236000.0,0.054,0.092,0.173,0.093,1910000.0,410964000.0,1.0,283413584.0,283413584.0,,2.962,637553000.0,0.0,28431000.0,69998000.0,2.25,246412000.0
71,CERN,MRT,2003-09-30,2003-09-27,2003-09-27,2021-08-02,1176000.0,791762000.0,779225000.0,407216000.0,384546000.0,1.062,1.656,-127309000.0,119805000.0,119805000.0,201673000.0,36527000.0,2.577,0.691,136621000.0,12235000.0,124386000.0,136621000.0,53805000.0,65997000.0,0.0,0.0,0.0,67811000.0,133808000.0,0.162,133808000.0,67811000.0,61245000.0,0.129,0.125,0.129,468306000.0,452603250.0,468306000.0,1124164060.0,17.0,8.401,7054000.0,0.025,1.0,625532000.0,0.756,202892000.0,6566000.0,447688000.0,439456250.0,10435000.0,1156000.0,0.0,1156000.0,323456000.0,157998000.0,165458000.0,1109293060.0,31247000.0,-6736000.0,-1567000.0,19559000.0,0.0,23186000.0,-128581000.0,5615000.0,134363000.0,2128000.0,36527000.0,36527000.0,36527000.0,0.0,0.0,0.044,548876000.0,76656000.0,29255000.0,0.0,2.369,30.369,30.446,173154000.0,0.0,3.928,1.341,1.343,252296000.0,263155000.0,827205000.0,827205000.0,149678000.0,0.047,0.081,0.154,0.082,1640000.0,399198000.0,1.0,282442536.0,282872000.0,,2.924,588870000.0,0.0,24718000.0,52825000.0,2.082,249218000.0
72,CERN,MRT,2003-06-30,2003-06-28,2003-06-28,2021-08-02,889000.0,773316000.0,757507250.0,411185000.0,362131000.0,1.08,1.602,-122470000.0,121038000.0,121038000.0,200067000.0,38248000.0,2.637,0.705,135909000.0,12008000.0,123901000.0,135909000.0,54623000.0,63144000.0,0.0,0.0,0.0,70023000.0,133167000.0,0.163,133167000.0,70023000.0,63915000.0,0.135,0.13,0.135,453605000.0,441406750.0,453605000.0,840215302.0,12.0,6.309,-35479000.0,-0.125,1.0,617835000.0,0.755,196298000.0,6108000.0,435961000.0,426083250.0,8551000.0,1096000.0,0.0,1096000.0,319711000.0,155928000.0,163783000.0,827667302.0,-22348000.0,-12587000.0,-3557000.0,16988000.0,0.0,18719000.0,-129532000.0,5525000.0,86991000.0,1474000.0,38248000.0,38248000.0,38248000.0,0.0,0.0,0.047,538976000.0,78859000.0,32361000.0,0.0,1.825,21.639,21.537,155367000.0,0.0,2.908,1.012,1.007,255635000.0,251108000.0,817902000.0,817902000.0,144273000.0,0.05,0.087,0.164,0.086,1640000.0,394703000.0,1.0,284666312.0,283160000.0,,2.888,577018000.0,0.0,25667000.0,45572000.0,2.038,255257000.0
73,CERN,MRT,2003-03-31,2003-03-29,2003-03-29,2021-08-02,-2206000.0,762681000.0,744144250.0,420060000.0,342621000.0,1.071,1.572,-112374000.0,135039000.0,135039000.0,192216000.0,43997000.0,2.914,0.705,147587000.0,12145000.0,135442000.0,147587000.0,45955000.0,60385000.0,0.0,0.0,0.0,78750000.0,139135000.0,0.175,139135000.0,78750000.0,72872000.0,0.155,0.148,0.155,447258000.0,430431000.0,447258000.0,1173169165.0,15.0,8.432,-45596000.0,-0.16,1.0,604815000.0,0.759,190508000.0,5878000.0,440573000.0,400485000.0,8901000.0,1056000.0,0.0,1056000.0,315423000.0,144148000.0,171275000.0,1166874165.0,60574000.0,-26016000.0,3868000.0,27822000.0,0.0,36692000.0,-42719000.0,95671000.0,66778000.0,-177000.0,43997000.0,43997000.0,43997000.0,0.0,0.0,0.055,521430000.0,83385000.0,32404000.0,0.0,2.609,26.522,26.46,142445000.0,0.0,4.101,1.464,1.464,250612000.0,242165000.0,797031000.0,797031000.0,137385000.0,0.059,0.102,0.197,0.099,1674000.0,384045000.0,1.0,284516712.0,284472000.0,,2.802,572173000.0,0.0,28875000.0,42212000.0,2.011,275912000.0
74,CERN,MRT,2002-12-31,2002-12-28,2002-12-28,2021-08-02,-1744000.0,789141000.0,735358250.0,457548000.0,331593000.0,1.061,1.553,-109683000.0,142543000.0,142543000.0,190550000.0,48022000.0,2.608,0.788,148838000.0,12202000.0,136636000.0,148838000.0,45055000.0,57346000.0,0.0,0.0,0.0,85394000.0,142740000.0,0.183,142740000.0,85394000.0,79839000.0,0.17,0.163,0.17,441244000.0,421644500.0,441244000.0,1075496056.0,13.0,7.535,-72777000.0,-0.256,1.0,589712000.0,0.756,186420000.0,5555000.0,433603000.0,408903500.0,9041000.0,964000.0,0.0,964000.0,347897000.0,175413000.0,172484000.0,1047495056.0,35007000.0,-26016000.0,3196000.0,29070000.0,0.0,37457000.0,-40270000.0,95429000.0,36906000.0,914000.0,48022000.0,48022000.0,48022000.0,0.0,0.0,0.062,498892000.0,90820000.0,46822000.0,0.0,2.374,21.813,21.691,134283000.0,0.0,3.688,1.342,1.342,272668000.0,236572000.0,780262000.0,780262000.0,129620000.0,0.065,0.114,0.209,0.109,1651000.0,369272000.0,1.0,284066456.0,284066456.0,,2.747,602721000.0,0.0,31817000.0,50401000.0,2.122,282135000.0
75,CERN,MRT,2002-09-30,2002-09-28,2002-09-28,2021-08-02,-1841000.0,704891000.0,716148500.0,381140000.0,323751000.0,1.027,1.491,-101205000.0,88558000.0,88558000.0,185707000.0,49124000.0,2.174,0.664,116559000.0,38127000.0,78432000.0,116559000.0,35211000.0,52319000.0,0.0,0.0,0.0,86799000.0,139118000.0,0.189,139118000.0,86799000.0,81197000.0,0.174,0.168,0.174,423520000.0,410043250.0,423520000.0,1251233731.0,14.0,8.994,-91935000.0,-0.324,1.0,549672000.0,0.747,163391000.0,5602000.0,394196000.0,407263000.0,8185000.0,22719000.0,0.0,22719000.0,281371000.0,175305000.0,106066000.0,1276784731.0,-7411000.0,-21488000.0,3427000.0,11741000.0,0.0,14559000.0,-30819000.0,91874000.0,9270000.0,-421000.0,49124000.0,49124000.0,49124000.0,0.0,0.0,0.067,466481000.0,83191000.0,36781000.0,0.0,3.015,25.991,25.855,127815000.0,0.0,4.499,1.736,1.737,263731000.0,226628000.0,735379000.0,735379000.0,121396000.0,0.069,0.12,0.213,0.118,2435000.0,345085000.0,1.0,283808776.0,283968000.0,,2.59,541500000.0,0.0,32073000.0,45903000.0,1.907,205835000.0
76,CERN,MRT,2002-06-30,2002-06-29,2002-06-29,2021-08-02,-1395000.0,719864000.0,692786000.0,418017000.0,301847000.0,0.979,1.445,-82757000.0,143386000.0,143386000.0,170232000.0,44598000.0,2.071,0.757,117835000.0,38136000.0,79699000.0,117835000.0,45914000.0,50893000.0,0.0,0.0,0.0,79626000.0,130519000.0,0.192,130519000.0,79626000.0,73940000.0,0.158,0.153,0.158,409702000.0,388495750.0,409702000.0,1737921221.0,22.0,13.315,-42854000.0,-0.151,1.0,508027000.0,0.749,158935000.0,5686000.0,333568000.0,401042500.0,7240000.0,16915000.0,0.0,16915000.0,310162000.0,201810000.0,108352000.0,1693070221.0,45227000.0,-19138000.0,3833000.0,12250000.0,0.0,15559000.0,-9971000.0,91924000.0,39903000.0,-264000.0,44598000.0,44598000.0,44598000.0,0.0,0.0,0.066,431944000.0,76083000.0,30759000.0,0.0,4.132,37.963,37.84,116299000.0,0.0,5.979,2.496,2.499,250058000.0,212860000.0,678259000.0,678259000.0,113078000.0,0.064,0.115,0.199,0.117,2521000.0,318866000.0,1.0,283181304.0,283536000.0,,2.392,560929000.0,0.0,29342000.0,67089000.0,1.978,216207000.0
77,CERN,MRT,2002-03-31,2002-03-30,2002-03-30,2021-08-02,16402000.0,727537000.0,670114250.0,339936000.0,387601000.0,0.927,1.456,-75505000.0,74465000.0,74465000.0,154834000.0,-39077000.0,2.188,0.765,119316000.0,28120000.0,91196000.0,119316000.0,55130000.0,48933000.0,0.0,0.0,0.0,-52022000.0,-3089000.0,-0.005,-3089000.0,-52022000.0,-57358000.0,-0.141,-0.144,-0.141,412112000.0,374399500.0,412112000.0,1700275015.0,-33.0,-550.429,-30414000.0,-0.107,1.0,466492000.0,0.751,142756000.0,5336000.0,474247000.0,422313500.0,7019000.0,130941000.0,0.0,130941000.0,315425000.0,155385000.0,160040000.0,1688492015.0,-14944000.0,-5709000.0,3806000.0,17131000.0,0.0,20758000.0,-80748000.0,466000.0,45091000.0,-45000.0,-39077000.0,-39077000.0,-39077000.0,0.0,0.0,-0.063,397788000.0,68704000.0,28026000.0,0.0,4.097,-43.209,-42.296,105688000.0,0.0,5.964,2.718,2.717,240681000.0,198954000.0,621326000.0,621326000.0,105875000.0,-0.058,-0.104,-0.123,-0.084,2487000.0,291913000.0,1.0,283125888.0,283016000.0,,2.195,584781000.0,0.0,-18281000.0,69990000.0,2.066,184551000.0
78,CERN,MRT,2001-12-31,2001-12-29,2001-12-29,2021-08-02,9911000.0,712302000.0,633182750.0,347676000.0,364626000.0,0.886,1.412,-63550000.0,107536000.0,107536000.0,133985000.0,-42366000.0,2.198,0.804,119319000.0,27187000.0,92132000.0,119319000.0,58054000.0,47305000.0,0.0,0.0,0.0,-58889000.0,-11584000.0,-0.021,-11584000.0,-58889000.0,-63314000.0,-0.151,-0.151,-0.151,394839000.0,354182250.0,394839000.0,1780828594.0,-30.0,-153.732,1288000.0,0.005,1.0,426817000.0,0.761,138856000.0,4425000.0,427041000.0,402253750.0,5834000.0,122992000.0,0.0,122992000.0,317463000.0,158188000.0,159275000.0,1772294594.0,16643000.0,-5709000.0,4067000.0,16454000.0,0.0,20342000.0,-67185000.0,2074000.0,64838000.0,-1352000.0,-42366000.0,-42366000.0,-42366000.0,0.0,0.0,-0.076,365467000.0,61350000.0,20942000.0,0.0,4.489,-41.833,-41.962,94705000.0,0.0,6.336,3.16,3.16,220205000.0,188550000.0,560802000.0,560802000.0,100186000.0,-0.067,-0.12,-0.146,-0.105,2543000.0,265281000.0,1.0,279707176.0,279707176.0,,2.005,573446000.0,0.0,-20948000.0,68054000.0,2.05,189488000.0
79,CERN,MRT,2001-09-30,2001-09-29,2001-09-29,2021-08-02,-15957000.0,611441000.0,609210000.0,315458000.0,295983000.0,0.836,1.207,-60822000.0,95969000.0,95969000.0,112293000.0,-71263000.0,2.36,0.813,104503000.0,12098000.0,92405000.0,104503000.0,46906000.0,46978000.0,0.0,0.0,0.0,-105165000.0,-58187000.0,-0.114,-58187000.0,-105165000.0,-109078000.0,-0.261,-0.265,-0.261,337330000.0,341401750.0,337330000.0,1734515278.0,-16.0,-29.809,-9995000.0,-0.036,1.0,397146000.0,0.78,117013000.0,3913000.0,369314000.0,400511250.0,3557000.0,81236000.0,0.0,81236000.0,274111000.0,133648000.0,140463000.0,1728032278.0,17770000.0,-7346000.0,6670000.0,1959000.0,0.0,8629000.0,-41116000.0,28052000.0,50827000.0,-570000.0,-71263000.0,-71263000.0,-71263000.0,0.0,0.0,-0.14,344378000.0,52768000.0,24789000.0,0.0,5.123,-24.249,-23.707,91532000.0,0.0,6.188,3.392,3.395,202686000.0,177504000.0,509439000.0,509439000.0,95678000.0,-0.117,-0.209,-0.263,-0.206,3011000.0,247000000.0,1.0,279277944.0,279488000.0,,1.823,494428000.0,0.0,-37815000.0,59292000.0,1.769,181810000.0
80,CERN,MRT,2001-06-30,2001-06-30,2001-06-30,2021-08-02,10320000.0,629177000.0,637387500.0,304885000.0,324292000.0,0.743,1.267,-56989000.0,98159000.0,98159000.0,107842000.0,42831000.0,2.835,0.781,104642000.0,54000.0,104588000.0,104642000.0,42558000.0,43794000.0,0.0,0.0,0.0,74572000.0,118366000.0,0.25,118366000.0,74572000.0,71051000.0,0.158,0.135,0.158,353317000.0,361282250.0,353317000.0,1474517922.0,20.0,12.457,-14076000.0,-0.05,1.0,366053000.0,0.772,109476000.0,3521000.0,418652000.0,447299000.0,1008000.0,122168000.0,0.0,122168000.0,275860000.0,107532000.0,168328000.0,1462235922.0,8871000.0,-12123000.0,7137000.0,1584000.0,0.0,8721000.0,-41924000.0,28188000.0,42913000.0,-839000.0,42831000.0,42831000.0,42831000.0,0.0,0.0,0.09,322234000.0,43819000.0,27887000.0,0.0,4.139,34.14,33.228,86184000.0,0.0,5.25,3.086,3.089,192618000.0,168261000.0,473895000.0,473895000.0,89210000.0,0.067,0.119,0.167,0.157,3693000.0,228124000.0,1.0,278521128.0,278848000.0,,1.699,519701000.0,0.0,28220000.0,67833000.0,1.864,197353000.0
81,CERN,MRT,2001-03-31,2001-03-31,2001-03-31,2021-08-02,-78972000.0,579811000.0,645110500.0,281458000.0,298353000.0,0.678,1.19,-51075000.0,89409000.0,89409000.0,97474000.0,109201000.0,3.107,0.75,101691000.0,56000.0,101635000.0,101691000.0,42324000.0,40896000.0,0.0,0.0,0.0,181899000.0,222795000.0,0.509,222795000.0,181899000.0,178565000.0,0.395,0.372,0.395,331243000.0,365947250.0,331243000.0,1203851369.0,7.0,5.403,-12617000.0,-0.045,1.0,340032000.0,0.777,107495000.0,3334000.0,394008000.0,467350750.0,2041000.0,99410000.0,0.0,99410000.0,248568000.0,90590000.0,157978000.0,1192373369.0,-4263000.0,-25199000.0,6884000.0,-1647000.0,0.0,5237000.0,-46696000.0,29578000.0,38458000.0,-1262000.0,109201000.0,109201000.0,109201000.0,0.0,0.0,0.25,308827000.0,31205000.0,15102000.0,0.0,3.6,10.919,10.839,81625000.0,0.0,4.281,2.725,2.724,180811000.0,237243000.0,437506000.0,437506000.0,82899000.0,0.169,0.298,0.389,0.416,3748000.0,214341000.0,1.0,278510568.0,278360000.0,,1.572,472316000.0,0.0,69364000.0,59103000.0,1.697,190868000.0
82,CERN,MRT,2000-12-31,2000-12-30,2000-12-30,2021-08-02,-59475000.0,616411000.0,682121750.0,288496000.0,327915000.0,0.592,1.243,-47136000.0,90893000.0,90893000.0,90118000.0,105265000.0,2.82,0.793,102371000.0,72000.0,102299000.0,102371000.0,50862000.0,37988000.0,0.0,0.0,0.0,175794000.0,213782000.0,0.53,213782000.0,175794000.0,172123000.0,0.385,0.37,0.385,343717000.0,387970250.0,343717000.0,1620145605.0,9.0,7.578,6177000.0,0.022,1.0,313594000.0,0.777,105503000.0,3671000.0,420071000.0,512689500.0,2174000.0,130626000.0,0.0,130626000.0,272694000.0,102315000.0,170379000.0,1598239605.0,15216000.0,-24199000.0,7052000.0,-967000.0,0.0,6085000.0,-43416000.0,27919000.0,53313000.0,-766000.0,105265000.0,105265000.0,105265000.0,0.0,0.0,0.261,288784000.0,24810000.0,20532000.0,0.0,4.65,15.183,15.016,82234000.0,0.0,5.781,3.959,3.959,188036000.0,230916000.0,403712000.0,403712000.0,78425000.0,0.154,0.271,0.343,0.435,3785000.0,198772000.0,1.0,276452256.0,276452256.0,,1.46,510908000.0,0.0,66858000.0,67148000.0,1.848,186181000.0
83,CERN,MRT,2000-09-30,2000-09-30,2000-09-30,2021-08-02,1983000.0,724151000.0,693241750.0,246224000.0,477927000.0,0.54,1.524,-44134000.0,78199000.0,78199000.0,93403000.0,119541000.0,2.681,0.737,100105000.0,83000.0,100022000.0,100105000.0,45342000.0,35735000.0,0.0,0.0,0.0,197593000.0,233328000.0,0.623,233328000.0,197593000.0,193803000.0,0.436,0.416,0.436,416852000.0,396775250.0,416852000.0,1584529278.0,8.0,6.791,24151000.0,0.088,1.0,281274000.0,0.751,97766000.0,3790000.0,556465000.0,541251750.0,876000.0,291216000.0,0.0,291216000.0,307299000.0,91826000.0,215473000.0,1573804278.0,6230000.0,-33068000.0,4129000.0,-919000.0,0.0,3210000.0,-64382000.0,9359000.0,68285000.0,-883000.0,119541000.0,119541000.0,119541000.0,0.0,0.0,0.319,272335000.0,8939000.0,21815000.0,0.0,3.775,13.165,13.314,78629000.0,0.0,5.805,4.2,4.237,161431000.0,248766000.0,374677000.0,374677000.0,75057000.0,0.172,0.301,0.365,0.527,1560000.0,187391000.0,1.0,271111848.0,273504000.0,,1.37,626385000.0,0.0,74262000.0,114444000.0,2.29,154398000.0
84,CERN,MRT,2000-06-30,2000-07-01,2000-07-01,2021-08-02,97792000.0,660069000.0,656944000.0,242204000.0,417865000.0,0.535,1.374,-43988000.0,89288000.0,89288000.0,87400000.0,-3115000.0,2.768,0.774,100013000.0,0.0,100013000.0,100013000.0,52072000.0,33600000.0,0.0,0.0,0.0,3236000.0,36836000.0,0.105,36836000.0,3236000.0,-639000.0,-0.013,-0.013,-0.013,371977000.0,374989000.0,371977000.0,927443155.0,287.0,25.178,17496000.0,0.065,1.0,263881000.0,0.751,84438000.0,3875000.0,498859000.0,517197250.0,830000.0,245694000.0,0.0,245694000.0,288092000.0,87497000.0,200595000.0,921115155.0,7154000.0,-24941000.0,2726000.0,-291000.0,0.0,2435000.0,-56391000.0,9077000.0,61484000.0,-374000.0,-3115000.0,-3115000.0,-3115000.0,0.0,0.0,-0.009,260645000.0,3236000.0,17478000.0,0.0,2.476,-295.703,-262.019,77080000.0,0.0,3.406,2.622,2.624,146853000.0,125430000.0,351281000.0,351281000.0,74203000.0,-0.005,-0.008,0.006,0.009,854000.0,179755000.0,1.0,270419128.0,270640000.0,,1.298,575631000.0,0.0,2476000.0,95924000.0,2.127,154707000.0
85,CERN,MRT,2000-03-31,2000-04-01,2000-04-01,2021-08-02,144104000.0,727856000.0,630098500.0,247794000.0,480062000.0,0.54,1.552,-45168000.0,93672000.0,93672000.0,89853000.0,-1637000.0,3.195,0.736,100000000.0,0.0,100000000.0,100000000.0,40270000.0,32597000.0,0.0,0.0,0.0,2365000.0,34962000.0,0.103,34962000.0,2365000.0,-1650000.0,-0.006,-0.006,-0.006,419335000.0,360242000.0,419335000.0,936780845.0,396.0,26.794,7220000.0,0.027,1.0,250708000.0,0.736,81273000.0,4015000.0,575363000.0,499261000.0,1091000.0,310489000.0,0.0,310489000.0,308521000.0,77548000.0,230973000.0,912457845.0,58759000.0,-12615000.0,1280000.0,67410000.0,0.0,68690000.0,-62214000.0,-3549000.0,52388000.0,-105000.0,-1637000.0,-1637000.0,-1637000.0,0.0,0.0,-0.005,246948000.0,3760000.0,21653000.0,0.0,2.176,-557.396,-562.5,76747000.0,0.0,3.375,2.679,2.678,148763000.0,128043000.0,340561000.0,340561000.0,74668000.0,-0.003,-0.005,0.005,0.007,857000.0,172280000.0,1.0,270357880.0,270224000.0,,1.26,646583000.0,0.0,-13000.0,124020000.0,2.393,170246000.0
86,CERN,MRT,1999-12-31,2000-01-01,2000-01-01,2021-08-02,106998000.0,660891000.0,555325500.0,242429000.0,418462000.0,0.613,1.409,-44537000.0,75677000.0,75677000.0,95038000.0,-1211000.0,3.35,0.744,100000000.0,0.0,100000000.0,100000000.0,37245000.0,31388000.0,0.0,0.0,0.0,2303000.0,33691000.0,0.099,33691000.0,2303000.0,-1093000.0,-0.005,-0.005,-0.005,378937000.0,324015250.0,378937000.0,690049854.0,300.0,20.482,-17148000.0,-0.064,1.0,245159000.0,0.721,78518000.0,3396000.0,534320000.0,422899750.0,1262000.0,252123000.0,0.0,252123000.0,281954000.0,72376000.0,209578000.0,662018854.0,33019000.0,-13615000.0,625000.0,67401000.0,0.0,68026000.0,-62662000.0,-3628000.0,27389000.0,266000.0,-1211000.0,-1211000.0,-1211000.0,0.0,0.0,-0.004,241461000.0,3698000.0,20261000.0,0.0,1.747,-546.671,-492.25,77938000.0,0.0,2.461,1.946,1.946,161174000.0,125651000.0,340197000.0,340197000.0,72663000.0,-0.002,-0.004,0.005,0.007,873000.0,168798000.0,1.0,268976680.0,268976680.0,,1.265,582373000.0,0.0,118000.0,104565000.0,2.165,170053000.0
87,CERN,MRT,1999-09-30,1999-10-02,1999-10-02,2021-08-02,55219000.0,578960000.0,555325500.0,243638000.0,335322000.0,0.639,1.226,-45758000.0,71969000.0,71969000.0,94954000.0,-11237000.0,3.375,0.756,100000000.0,0.0,100000000.0,100000000.0,36822000.0,36069000.0,0.0,0.0,0.0,-10732000.0,25337000.0,0.071,25337000.0,-10732000.0,-16388000.0,-0.044,-0.042,-0.044,329707000.0,324015250.0,329707000.0,521166125.0,-49.0,20.569,-11429000.0,-0.042,1.0,260039000.0,0.733,74559000.0,5656000.0,460247000.0,422899750.0,2514000.0,172930000.0,0.0,172930000.0,249253000.0,72185000.0,177068000.0,503289125.0,96280000.0,-7491000.0,-596000.0,134838000.0,0.0,134242000.0,-73086000.0,-15612000.0,34329000.0,795000.0,-11237000.0,-11237000.0,-11237000.0,0.0,0.0,-0.032,267981000.0,-7942000.0,10044000.0,0.0,1.526,-44.789,-42.528,76779000.0,0.0,1.871,1.418,1.418,164439000.0,129225000.0,354993000.0,354993000.0,83099000.0,-0.02,-0.035,-0.025,-0.03,1102000.0,189920000.0,1.0,268958784.0,268976000.0,,1.32,504401000.0,0.0,-5151000.0,82309000.0,1.875,171453000.0
88,CERN,MRT,1999-06-30,1999-07-03,1999-07-03,2021-08-02,39270000.0,552687000.0,497665000.0,244772000.0,307915000.0,0.717,1.164,-45613000.0,82134000.0,82134000.0,97229000.0,-5569000.0,3.374,0.766,100011000.0,11000.0,100000000.0,100011000.0,38097000.0,34980000.0,0.0,0.0,0.0,-2570000.0,32410000.0,0.091,32410000.0,-2570000.0,-7349000.0,-0.022,-0.021,-0.022,312989000.0,303427750.0,312989000.0,651323421.0,-253.0,20.096,-9840000.0,-0.037,1.0,259667000.0,0.728,70910000.0,4779000.0,427114000.0,370137500.0,2550000.0,147413000.0,0.0,147413000.0,239698000.0,72540000.0,167158000.0,656215421.0,98016000.0,-7491000.0,-253000.0,134835000.0,0.0,134582000.0,-73095000.0,-15766000.0,35773000.0,756000.0,-5569000.0,-5569000.0,-5569000.0,0.0,0.0,-0.016,259447000.0,220000.0,11797000.0,0.0,2.097,-117.834,-110.966,78613000.0,0.0,2.441,1.839,1.839,155297000.0,128544000.0,356896000.0,356896000.0,80500000.0,-0.011,-0.018,-0.007,-0.007,1040000.0,183985000.0,1.0,268803040.0,268920000.0,,1.327,481777000.0,0.0,-1780000.0,72043000.0,1.792,172232000.0
89,CERN,MRT,1999-03-31,1999-04-03,1999-04-03,2021-08-02,-299000.0,428764000.0,445293500.0,207411000.0,221353000.0,0.793,1.022,-44122000.0,34913000.0,34913000.0,96534000.0,935000.0,2.393,0.562,30021000.0,5021000.0,25000000.0,30021000.0,44301000.0,33079000.0,0.0,0.0,0.0,6147000.0,39226000.0,0.111,39226000.0,6147000.0,2344000.0,0.001,0.003,0.001,274428000.0,285362500.0,274428000.0,512124961.0,83.0,13.056,-16015000.0,-0.06,1.0,256732000.0,0.727,67288000.0,3803000.0,269918000.0,323909750.0,2621000.0,71590000.0,0.0,71590000.0,154336000.0,86666000.0,67670000.0,524752961.0,40618000.0,-6741000.0,139000.0,67402000.0,0.0,67541000.0,-55395000.0,-3650000.0,28107000.0,365000.0,935000.0,935000.0,935000.0,0.0,0.0,0.003,249106000.0,7626000.0,15245000.0,0.0,1.912,561.233,1953.75,75881000.0,0.0,1.954,1.485,1.485,165876000.0,129676000.0,353266000.0,353266000.0,76500000.0,0.002,0.003,0.019,0.017,982000.0,177644000.0,1.0,268587568.0,268472000.0,,1.316,361476000.0,0.0,1409000.0,48550000.0,1.346,120745000.0
90,CERN,MRT,1998-12-31,1999-01-02,1999-01-02,2021-08-02,106998000.0,660891000.0,422247750.0,242429000.0,418462000.0,0.806,1.445,-44537000.0,75677000.0,75677000.0,95038000.0,-1211000.0,3.35,0.744,100000000.0,0.0,100000000.0,100000000.0,37245000.0,31388000.0,0.0,0.0,0.0,2303000.0,33691000.0,0.099,33691000.0,2303000.0,-1093000.0,-0.005,-0.005,-0.005,378937000.0,275518250.0,378937000.0,890395732.0,387.0,26.428,-17148000.0,-0.065,1.0,245159000.0,0.721,78518000.0,3396000.0,534320000.0,319552250.0,1262000.0,252123000.0,0.0,252123000.0,281954000.0,72376000.0,209578000.0,877065732.0,33019000.0,-13615000.0,625000.0,67401000.0,0.0,68026000.0,-62662000.0,-3628000.0,27389000.0,266000.0,-1211000.0,-1211000.0,-1211000.0,0.0,0.0,-0.004,241461000.0,3698000.0,20261000.0,0.0,2.315,-724.249,-668.75,77938000.0,0.0,3.344,2.578,2.578,161174000.0,125651000.0,340197000.0,340197000.0,72663000.0,-0.003,-0.004,0.007,0.007,873000.0,168798000.0,1.0,262300032.0,262300032.0,,1.297,582373000.0,0.0,118000.0,104565000.0,2.22,170053000.0
91,CERN,MRT,1998-09-30,1998-10-03,1998-10-03,2021-08-02,-385000.0,348318000.0,339970250.0,207010000.0,141308000.0,0.899,0.944,-40731000.0,16708000.0,16708000.0,82566000.0,17830000.0,3.947,0.408,30038000.0,43000.0,29995000.0,30038000.0,3378000.0,23173000.0,0.0,0.0,0.0,28841000.0,52014000.0,0.17,52014000.0,28841000.0,28696000.0,0.066,0.066,0.066,247357000.0,239220750.0,247357000.0,751400578.0,26.0,14.446,-35124000.0,-0.134,1.0,222923000.0,0.73,60005000.0,145000.0,249198000.0,232418250.0,2128000.0,26885000.0,26885000.0,0.0,100961000.0,52445000.0,48516000.0,741283578.0,-53811000.0,-11374000.0,-10647000.0,-48000.0,0.0,-10695000.0,-48422000.0,3683000.0,5607000.0,-301000.0,17830000.0,17830000.0,17830000.0,0.0,0.0,0.058,194768000.0,28155000.0,7754000.0,0.0,2.997,41.575,42.86,71308000.0,0.0,2.829,2.427,2.428,158585000.0,118661000.0,305489000.0,305489000.0,55601000.0,0.052,0.075,0.124,0.094,553000.0,134129000.0,1.0,262053408.0,262168000.0,,1.165,288313000.0,0.0,10866000.0,43824000.0,1.1,154565000.0
92,CERN,MRT,1998-06-30,1998-07-04,1998-07-04,2021-08-02,-297000.0,343201000.0,,207579000.0,135622000.0,,0.919,-35507000.0,19936000.0,19936000.0,78226000.0,15927000.0,3.744,0.426,30053000.0,43000.0,30010000.0,30053000.0,7239000.0,21341000.0,0.0,0.0,0.0,25714000.0,47055000.0,0.166,47055000.0,25714000.0,25714000.0,0.059,0.059,0.059,240728000.0,,240728000.0,936793114.0,36.0,19.908,-30165000.0,-0.115,1.0,205208000.0,0.724,55673000.0,0.0,242203000.0,,1868000.0,32086000.0,32086000.0,0.0,102473000.0,55442000.0,47031000.0,912063114.0,-48466000.0,-11374000.0,-10574000.0,-70000.0,0.0,-10644000.0,-42948000.0,3933000.0,5342000.0,-216000.0,15927000.0,15927000.0,15927000.0,0.0,0.0,0.056,180726000.0,24482000.0,10621000.0,0.0,3.789,57.265,59.068,69209000.0,0.0,3.485,3.218,3.221,151289000.0,112313000.0,283434000.0,283434000.0,52024000.0,,,,0.091,553000.0,123664000.0,1.0,261711080.0,261928000.0,,1.082,287528000.0,0.0,9787000.0,38131000.0,1.098,152137000.0
93,CERN,MRT,1998-03-31,1998-04-04,1998-04-04,2021-08-02,-147000.0,336581000.0,,206143000.0,130438000.0,,0.899,-33143000.0,5335000.0,5335000.0,78868000.0,13882000.0,3.617,0.432,30065000.0,43000.0,30022000.0,30065000.0,8000000.0,18075000.0,0.0,0.0,0.0,22466000.0,40541000.0,0.151,40541000.0,22466000.0,22466000.0,0.051,0.051,0.051,235051000.0,,235051000.0,738854637.0,33.0,18.225,-14451000.0,-0.055,1.0,188734000.0,0.705,51836000.0,0.0,252488000.0,,1885000.0,56864000.0,56864000.0,0.0,101530000.0,56987000.0,44543000.0,716334637.0,-33359000.0,-4500000.0,-14122000.0,-116000.0,0.0,-14238000.0,-37643000.0,0.0,18692000.0,-170000.0,13882000.0,13882000.0,13882000.0,0.0,0.0,0.052,168158000.0,20576000.0,13389000.0,0.0,3.048,51.602,53.775,67866000.0,0.0,2.743,2.677,2.678,140041000.0,106944000.0,267602000.0,267602000.0,48104000.0,,,,0.084,569000.0,115016000.0,1.0,261197680.0,261352000.0,,1.024,284745000.0,0.0,8584000.0,35020000.0,1.09,149156000.0
94,CERN,MRT,1997-12-31,1998-01-03,1998-01-03,2021-08-02,-142000.0,331781000.0,323267000.0,208355000.0,123426000.0,0.758,0.895,-33143000.0,77543000.0,77543000.0,71943000.0,15148000.0,4.042,0.419,30061000.0,35000.0,30026000.0,30061000.0,8290000.0,18075000.0,0.0,0.0,0.0,24484000.0,42559000.0,0.174,42559000.0,24484000.0,24484000.0,0.058,0.056,0.058,233747000.0,232241000.0,233747000.0,,,,-14451000.0,-0.055,1.0,173114000.0,0.706,46968000.0,0.0,185784000.0,224211500.0,1743000.0,2534000.0,0.0,2534000.0,98034000.0,51547000.0,46487000.0,718293620.0,-33359000.0,-4500000.0,-14122000.0,-116000.0,0.0,-14238000.0,-37643000.0,0.0,18692000.0,-170000.0,15148000.0,15148000.0,15148000.0,0.0,0.0,0.062,150944000.0,22170000.0,11330000.0,0.0,3.073,47.418,47.414,65724000.0,0.0,2.75,2.931,2.931,125516000.0,106273000.0,245057000.0,245057000.0,44086000.0,0.047,0.065,0.109,0.1,569000.0,106858000.0,1.0,261197680.0,261197680.0,,0.938,284813000.0,0.0,9336000.0,34706000.0,1.09,156808000.0
95,CERN,MRT,1997-09-30,1997-09-27,1997-09-27,2021-08-02,,,,,,,,,,,,,,,,,,,,,,0.0,0.0,,,,,,,,,,,,,,,,,,1.0,,,,,,,,,,,,,,,,,,,,,,,,,,,,,,,,,,,,,,,,3.125,,,,,,,,,,,,,,1.0,,263608000.0,,,,,,,,
96,CERN,MRT,1997-06-30,1997-06-28,1997-06-28,2021-08-02,,,,,,,,,,,,,,,,,,,,,,0.0,0.0,,,,,,,,,,,,,,,,,,1.0,,,,,,,,,,,,,,,,,,,,,,,,,,,,,,,,,,,,,,,,2.672,,,,,,,,,,,,,,1.0,,263264000.0,,,,,,,,
97,CERN,MRT,1997-03-31,1997-03-29,1997-03-29,2021-08-02,,,,,,,,,,,,,,,,,,,,,,0.0,0.0,,,,,,,,,,,,,,,,,,1.0,,,,,,,,,,,,,,,,,,,,,,,,,,,,,,,,,,,,,,,,1.656,,,,,,,,,,,,,,1.0,,263328000.0,,,,,,,,
98,CERN,MRT,1996-12-31,1996-12-28,1996-12-28,2021-08-02,28000.0,314753000.0,,212416000.0,102337000.0,,,-28548000.0,6905000.0,6905000.0,58892000.0,8251000.0,5.154,0.364,30104000.0,104000.0,30000000.0,30104000.0,7811000.0,15498000.0,0.0,0.0,0.0,12902000.0,28400000.0,0.15,28400000.0,12902000.0,12902000.0,0.031,0.031,0.031,230735000.0,,230735000.0,,,,-286000.0,,1.0,130215000.0,0.689,34101000.0,0.0,262639000.0,,1616000.0,103997000.0,103997000.0,0.0,84018000.0,41212000.0,42806000.0,,-1216000.0,0.0,809000.0,-130000.0,0.0,679000.0,-30198000.0,-1650000.0,28262000.0,41000.0,8251000.0,8251000.0,8251000.0,0.0,0.0,0.044,119614000.0,10601000.0,9346000.0,0.0,,,62.419,60047000.0,0.0,1.935,,,99875000.0,91125000.0,189107000.0,189107000.0,35890000.0,,,,0.068,260000.0,83724000.0,1.0,,,,,280652000.0,0.0,4651000.0,26460000.0,,171204000.0
99,CERN,MRT,1995-12-31,1995-12-30,1995-12-30,2021-08-02,,,,,,,,-28096000.0,,,52270000.0,22521000.0,,,,,,,,12218000.0,,0.0,0.0,37220000.0,49438000.0,0.265,49438000.0,37220000.0,37220000.0,0.094,0.09,0.094,,,,,,,-12737000.0,,1.0,134631000.0,0.72,,0.0,,,,,,,,,,,96813000.0,0.0,109779000.0,-161000.0,0.0,109618000.0,-28126000.0,-30000.0,15359000.0,-38000.0,22521000.0,22521000.0,22521000.0,0.0,0.0,0.12,97366000.0,37265000.0,,0.0,,,27.261,,0.0,2.562,,,,,186901000.0,186901000.0,30193000.0,,,,0.199,3335000.0,67173000.0,1.0,,,,,,,14699000.0,,,
