None,ticker,dimension,calendardate,datekey,reportperiod,lastupdated,accoci,assets,assetsavg,assetsc,assetsnc,assetturnover,bvps,capex,cashneq,cashnequsd,cor,consolinc,currentratio,de,debt,debtc,debtnc,debtusd,deferredrev,depamor,deposits,divyield,dps,ebit,ebitda,ebitdamargin,ebitdausd,ebitusd,ebt,eps,epsdil,epsusd,equity,equityavg,equityusd,ev,evebit,evebitda,fcf,fcfps,fxusd,gp,grossmargin,intangibles,intexp,invcap,invcapavg,inventory,investments,investmentsc,investmentsnc,liabilities,liabilitiesc,liabilitiesnc,marketcap,ncf,ncfbus,ncfcommon,ncfdebt,ncfdiv,ncff,ncfi,ncfinv,ncfo,ncfx,netinc,netinccmn,netinccmnusd,netincdis,netincnci,netmargin,opex,opinc,payables,payoutratio,pb,pe,pe1,ppnenet,prefdivis,price,ps,ps1,receivables,retearn,revenue,revenueusd,rnd,roa,roe,roic,ros,sbcomp,sgna,sharefactor,sharesbas,shareswa,shareswadil,sps,tangibles,taxassets,taxexp,taxliabilities,tbvps,workingcapital
0,MWV,MRY,2014-12-31,2014-12-31,2014-12-31,2021-08-25,-486000000.0,9364000000.0,9660250000.0,1974000000.0,7390000000.0,0.583,19.289,-346000000.0,454000000.0,454000000.0,4465000000.0,281000000.0,1.918,1.83,1872000000.0,82000000.0,1790000000.0,1872000000.0,0.0,370000000.0,0.0,0.045,2.0,593000000.0,963000000.0,0.171,963000000.0,593000000.0,380000000.0,1.55,1.53,1.55,3254000000.0,3449750000.0,3254000000.0,8886558219.0,15.0,9.228,36000000.0,0.213,1.0,1166000000.0,0.207,692000000.0,213000000.0,9061000000.0,9401500000.0,673000000.0,0.0,0.0,0.0,5956000000.0,1029000000.0,4927000000.0,7400558219.0,-603000000.0,45000000.0,-343000000.0,-15000000.0,-344000000.0,-708000000.0,-260000000.0,0.0,382000000.0,-17000000.0,263000000.0,263000000.0,263000000.0,-1000000.0,18000000.0,0.047,607000000.0,559000000.0,540000000.0,1.29,2.274,28.139,28.639,3422000000.0,0.0,44.39,1.314,1.33,608000000.0,866000000.0,5631000000.0,5631000000.0,0.0,0.027,0.076,0.063,0.105,0.0,607000000.0,1.0,166716788.0,168700000.0,171600000.0,33.379,8672000000.0,0.0,117000000.0,1330000000.0,51.405,945000000.0
1,MWV,MRY,2013-12-31,2013-12-31,2013-12-31,2021-08-25,-180000000.0,10285000000.0,9196750000.0,2476000000.0,7809000000.0,0.586,22.257,-506000000.0,1057000000.0,1057000000.0,4429000000.0,838000000.0,2.105,1.568,1895000000.0,79000000.0,1816000000.0,1895000000.0,0.0,390000000.0,0.0,0.027,1.0,901000000.0,1291000000.0,0.24,1291000000.0,901000000.0,742000000.0,4.74,4.66,4.74,3944000000.0,3512000000.0,3944000000.0,8234099611.0,9.0,6.378,-69000000.0,-0.389,1.0,960000000.0,0.178,716000000.0,159000000.0,9231000000.0,8875000000.0,686000000.0,0.0,0.0,0.0,6186000000.0,1176000000.0,5010000000.0,6569099611.0,394000000.0,30000000.0,-72000000.0,524000000.0,-177000000.0,393000000.0,-411000000.0,0.0,437000000.0,-25000000.0,839000000.0,839000000.0,839000000.0,-519000000.0,-1000000.0,0.156,638000000.0,322000000.0,563000000.0,0.211,1.666,7.83,7.791,3647000000.0,0.0,36.93,1.219,1.214,625000000.0,950000000.0,5389000000.0,5389000000.0,0.0,0.091,0.239,0.102,0.167,0.0,638000000.0,1.0,177879762.0,177200000.0,180000000.0,30.412,9569000000.0,0.0,-97000000.0,1348000000.0,54.001,1300000000.0
2,MWV,MRY,2012-12-31,2012-12-31,2012-12-31,2021-08-25,-184000000.0,8908000000.0,8646500000.0,2066000000.0,6842000000.0,0.611,19.217,-654000000.0,663000000.0,663000000.0,4257000000.0,208000000.0,1.868,1.662,2163000000.0,63000000.0,2100000000.0,2163000000.0,0.0,366000000.0,0.0,0.031,1.0,411000000.0,777000000.0,0.147,777000000.0,411000000.0,259000000.0,1.18,1.16,1.18,3340000000.0,3261000000.0,3340000000.0,6969893082.0,17.0,8.97,-216000000.0,-1.243,1.0,1030000000.0,0.195,719000000.0,152000000.0,8583000000.0,8244000000.0,661000000.0,0.0,0.0,0.0,5550000000.0,1106000000.0,4444000000.0,5570893082.0,7000000.0,-85000000.0,61000000.0,486000000.0,-173000000.0,378000000.0,-799000000.0,0.0,438000000.0,-10000000.0,205000000.0,205000000.0,205000000.0,-52000000.0,3000000.0,0.039,682000000.0,348000000.0,595000000.0,0.847,1.668,27.175,27.008,3593000000.0,0.0,31.87,1.054,1.048,605000000.0,288000000.0,5287000000.0,5287000000.0,0.0,0.024,0.063,0.05,0.078,0.0,682000000.0,1.0,174800536.0,173800000.0,177200000.0,30.42,8189000000.0,0.0,54000000.0,1046000000.0,47.117,960000000.0
3,MWV,MRY,2011-12-31,2011-12-31,2011-12-31,2021-08-25,-265000000.0,8810000000.0,8857250000.0,2253000000.0,6557000000.0,0.585,18.674,-652000000.0,656000000.0,656000000.0,4126000000.0,250000000.0,1.516,1.763,2134000000.0,254000000.0,1880000000.0,2134000000.0,0.0,361000000.0,0.0,0.026,0.775,477000000.0,838000000.0,0.162,838000000.0,477000000.0,316000000.0,1.45,1.42,1.45,3182000000.0,3368500000.0,3182000000.0,6444681240.0,14.0,7.691,-92000000.0,-0.54,1.0,1053000000.0,0.203,668000000.0,161000000.0,8134000000.0,8110750000.0,579000000.0,0.0,0.0,0.0,5609000000.0,1486000000.0,4123000000.0,5113681240.0,-134000000.0,-21000000.0,38000000.0,103000000.0,-170000000.0,-26000000.0,-643000000.0,0.0,560000000.0,-25000000.0,246000000.0,246000000.0,246000000.0,-69000000.0,4000000.0,0.047,669000000.0,384000000.0,601000000.0,0.534,1.607,20.787,20.655,3442000000.0,0.0,29.95,0.987,0.985,591000000.0,292000000.0,5179000000.0,5179000000.0,0.0,0.028,0.073,0.059,0.092,0.0,669000000.0,1.0,170740609.0,170400000.0,174100000.0,30.393,8142000000.0,0.0,70000000.0,952000000.0,47.782,767000000.0
4,MWV,MRY,2010-12-31,2010-12-31,2010-12-31,2021-08-25,-10000000.0,8814000000.0,8703500000.0,2446000000.0,6368000000.0,0.568,19.295,-229000000.0,790000000.0,790000000.0,3986000000.0,110000000.0,1.995,1.676,2049000000.0,7000000.0,2042000000.0,2049000000.0,0.0,360000000.0,0.0,0.036,0.94,285000000.0,645000000.0,0.13,645000000.0,285000000.0,115000000.0,0.62,0.62,0.62,3286000000.0,3243500000.0,3286000000.0,5681549597.0,20.0,8.809,317000000.0,1.861,1.0,960000000.0,0.194,812000000.0,170000000.0,8035000000.0,8093250000.0,642000000.0,0.0,0.0,0.0,5508000000.0,1226000000.0,4282000000.0,4401549597.0,-60000000.0,-27000000.0,-85000000.0,-131000000.0,-160000000.0,-379000000.0,-220000000.0,0.0,546000000.0,-7000000.0,106000000.0,106000000.0,106000000.0,80000000.0,4000000.0,0.021,599000000.0,361000000.0,590000000.0,1.516,1.339,41.524,42.194,3255000000.0,0.0,26.16,0.89,0.901,827000000.0,219000000.0,4946000000.0,4946000000.0,0.0,0.012,0.033,0.035,0.058,0.0,599000000.0,1.0,168254954.0,170300000.0,172700000.0,29.043,8002000000.0,0.0,9000000.0,972000000.0,46.988,1220000000.0
5,MWV,MRY,2009-12-31,2009-12-31,2009-12-31,2021-08-25,-1000000.0,9021000000.0,8652250000.0,2530000000.0,6491000000.0,0.625,19.883,-218000000.0,850000000.0,850000000.0,4446000000.0,225000000.0,2.032,1.644,2166000000.0,13000000.0,2153000000.0,2166000000.0,0.0,406000000.0,0.0,0.032,0.92,572000000.0,978000000.0,0.181,978000000.0,572000000.0,377000000.0,1.31,1.3,1.31,3406000000.0,3142750000.0,3406000000.0,6460701869.0,11.0,6.606,658000000.0,3.841,1.0,960000000.0,0.178,802000000.0,195000000.0,8290000000.0,8213750000.0,523000000.0,0.0,0.0,0.0,5598000000.0,1245000000.0,4353000000.0,4899701869.0,301000000.0,32000000.0,3000000.0,-241000000.0,-157000000.0,-405000000.0,-209000000.0,0.0,876000000.0,39000000.0,225000000.0,225000000.0,225000000.0,15000000.0,0.0,0.042,755000000.0,205000000.0,510000000.0,0.702,1.439,21.776,21.855,3301000000.0,0.0,28.63,0.906,0.907,839000000.0,275000000.0,5406000000.0,5406000000.0,0.0,0.026,0.072,0.07,0.106,0.0,755000000.0,1.0,171138731.0,171300000.0,173200000.0,31.559,8219000000.0,0.0,152000000.0,1026000000.0,47.98,1285000000.0
6,MWV,MRY,2008-12-31,2008-12-31,2008-12-31,2021-08-25,-350000000.0,8455000000.0,9495250000.0,2161000000.0,6294000000.0,0.612,17.22,-274000000.0,549000000.0,549000000.0,4832000000.0,90000000.0,1.696,1.845,2398000000.0,89000000.0,2309000000.0,2398000000.0,0.0,426000000.0,0.0,0.082,0.92,293000000.0,719000000.0,0.124,719000000.0,293000000.0,94000000.0,0.52,0.52,0.52,2967000000.0,3517000000.0,2967000000.0,3797386705.0,13.0,5.281,102000000.0,0.592,1.0,977000000.0,0.168,805000000.0,199000000.0,8225000000.0,9267250000.0,695000000.0,0.0,0.0,0.0,5474000000.0,1274000000.0,4200000000.0,1911386705.0,304000000.0,34000000.0,0.0,-46000000.0,-159000000.0,-200000000.0,192000000.0,0.0,376000000.0,-64000000.0,90000000.0,90000000.0,90000000.0,1000000.0,0.0,0.015,715000000.0,262000000.0,567000000.0,1.769,0.644,21.238,21.519,3518000000.0,0.0,11.19,0.329,0.332,799000000.0,207000000.0,5809000000.0,5809000000.0,0.0,0.009,0.026,0.032,0.05,0.0,715000000.0,1.0,170812038.0,172300000.0,172700000.0,33.714,7650000000.0,0.0,4000000.0,919000000.0,44.399,887000000.0
7,MWV,MRY,2007-12-31,2007-12-31,2007-12-31,2021-08-25,350000000.0,9837000000.0,9449500000.0,2167000000.0,7670000000.0,0.678,20.307,-329000000.0,245000000.0,245000000.0,5262000000.0,285000000.0,1.489,1.653,2443000000.0,68000000.0,2375000000.0,2443000000.0,0.0,482000000.0,0.0,0.029,0.92,595000000.0,1077000000.0,0.168,1077000000.0,595000000.0,390000000.0,1.56,1.56,1.56,3708000000.0,3645250000.0,3708000000.0,8037518312.0,14.0,7.463,312000000.0,1.709,1.0,1145000000.0,0.179,840000000.0,205000000.0,9740000000.0,9482500000.0,745000000.0,0.0,0.0,0.0,6129000000.0,1455000000.0,4674000000.0,5782518312.0,89000000.0,117000000.0,-324000000.0,158000000.0,-169000000.0,-339000000.0,-236000000.0,0.0,641000000.0,23000000.0,285000000.0,285000000.0,285000000.0,-19000000.0,0.0,0.044,870000000.0,275000000.0,622000000.0,0.59,1.559,20.29,20.064,3790000000.0,0.0,31.3,0.903,0.892,975000000.0,276000000.0,6407000000.0,6407000000.0,0.0,0.03,0.078,0.063,0.093,0.0,870000000.0,1.0,184744994.0,182600000.0,183600000.0,35.088,8997000000.0,0.0,105000000.0,1227000000.0,49.272,712000000.0
8,MWV,MRY,2006-12-31,2006-12-31,2006-12-31,2021-08-25,-7000000.0,9285000000.0,9186250000.0,2015000000.0,7270000000.0,0.659,19.541,-285000000.0,156000000.0,156000000.0,4964000000.0,93000000.0,1.375,1.628,2583000000.0,211000000.0,2372000000.0,2583000000.0,0.0,477000000.0,0.0,0.031,0.92,287000000.0,764000000.0,0.126,764000000.0,287000000.0,92000000.0,0.52,0.52,0.52,3533000000.0,3511250000.0,3533000000.0,7998476621.0,28.0,10.469,282000000.0,1.56,1.0,1086000000.0,0.18,851000000.0,195000000.0,9396000000.0,9407250000.0,715000000.0,0.0,0.0,0.0,5752000000.0,1465000000.0,4287000000.0,5446476621.0,-141000000.0,-549000000.0,6000000.0,202000000.0,-167000000.0,35000000.0,-761000000.0,109000000.0,567000000.0,18000000.0,93000000.0,93000000.0,93000000.0,-12000000.0,0.0,0.015,894000000.0,192000000.0,552000000.0,1.769,1.542,58.564,57.808,4523000000.0,0.0,30.06,0.9,0.898,1011000000.0,168000000.0,6050000000.0,6050000000.0,0.0,0.01,0.026,0.031,0.047,0.0,894000000.0,1.0,181186847.0,180800000.0,181200000.0,33.462,8434000000.0,0.0,-1000000.0,1177000000.0,46.648,550000000.0
9,MWV,MRY,2005-12-31,2005-12-31,2005-12-31,2021-08-25,-56000000.0,8908000000.0,9683000000.0,2030000000.0,6878000000.0,0.637,18.169,-305000000.0,297000000.0,297000000.0,5087000000.0,28000000.0,1.948,1.558,2430000000.0,13000000.0,2417000000.0,2430000000.0,0.0,491000000.0,0.0,0.033,0.92,252000000.0,743000000.0,0.12,743000000.0,252000000.0,44000000.0,0.14,0.14,0.14,3483000000.0,3691500000.0,3483000000.0,7222414729.0,29.0,9.721,-78000000.0,-0.407,1.0,1083000000.0,0.176,559000000.0,208000000.0,9440000000.0,10174750000.0,714000000.0,0.0,0.0,0.0,5425000000.0,1042000000.0,4383000000.0,5086414729.0,27000000.0,2290000000.0,-675000000.0,-1165000000.0,-178000000.0,-2181000000.0,1985000000.0,5000000.0,227000000.0,-4000000.0,28000000.0,28000000.0,28000000.0,91000000.0,0.0,0.005,756000000.0,327000000.0,416000000.0,6.571,1.46,181.658,200.214,4487000000.0,0.0,28.03,0.824,0.871,922000000.0,243000000.0,6170000000.0,6170000000.0,0.0,0.003,0.008,0.025,0.041,0.0,756000000.0,1.0,181463244.0,191700000.0,192700000.0,32.186,8349000000.0,0.0,16000000.0,1152000000.0,43.552,988000000.0
10,MWV,MRY,2004-12-31,2004-12-31,2004-12-31,2021-08-25,-31000000.0,11646000000.0,12291000000.0,2527000000.0,9119000000.0,0.493,21.382,-317000000.0,275000000.0,275000000.0,4925000000.0,-349000000.0,1.536,1.698,3516000000.0,234000000.0,3282000000.0,3516000000.0,0.0,489000000.0,0.0,0.027,0.92,-41000000.0,448000000.0,0.074,448000000.0,-41000000.0,-250000000.0,-1.73,-1.72,-1.73,4317000000.0,4582500000.0,4317000000.0,10481814295.0,-256.0,23.397,605000000.0,2.997,1.0,1135000000.0,0.187,557000000.0,209000000.0,12685000000.0,13623500000.0,735000000.0,0.0,0.0,0.0,7329000000.0,1645000000.0,5684000000.0,6867814295.0,55000000.0,180000000.0,74000000.0,-521000000.0,-186000000.0,-672000000.0,-207000000.0,5000000.0,922000000.0,12000000.0,-349000000.0,-349000000.0,-349000000.0,573000000.0,0.0,-0.058,800000000.0,335000000.0,432000000.0,-0.532,1.591,-19.679,-19.59,4688000000.0,0.0,33.89,1.133,1.129,845000000.0,394000000.0,6060000000.0,6060000000.0,0.0,-0.028,-0.076,-0.003,-0.007,0.0,800000000.0,1.0,202650171.0,201900000.0,203600000.0,30.015,11089000000.0,0.0,99000000.0,1470000000.0,54.923,882000000.0
11,MWV,MRY,2003-12-31,2003-12-31,2003-12-31,2021-08-25,-88000000.0,12470000000.0,12698000000.0,2426000000.0,10044000000.0,0.438,23.518,-309000000.0,225000000.0,225000000.0,4593000000.0,18000000.0,1.6,1.646,4238000000.0,269000000.0,3969000000.0,4238000000.0,0.0,479000000.0,0.0,0.031,0.92,232000000.0,711000000.0,0.128,711000000.0,232000000.0,22000000.0,0.09,0.09,0.09,4713000000.0,4710750000.0,4713000000.0,10338874140.0,45.0,14.541,161000000.0,0.803,1.0,973000000.0,0.175,750000000.0,210000000.0,14217000000.0,14547250000.0,1098000000.0,0.0,0.0,0.0,7757000000.0,1516000000.0,6241000000.0,5966874140.0,-157000000.0,168000000.0,19000000.0,-385000000.0,-184000000.0,-547000000.0,-95000000.0,-10000000.0,470000000.0,15000000.0,18000000.0,18000000.0,18000000.0,62000000.0,0.0,0.003,780000000.0,193000000.0,380000000.0,10.222,1.266,331.493,330.556,7378000000.0,0.0,29.75,1.072,1.071,943000000.0,929000000.0,5566000000.0,5566000000.0,0.0,0.001,0.004,0.016,0.042,0.0,780000000.0,1.0,200567198.0,200400000.0,201800000.0,27.774,11720000000.0,0.0,4000000.0,1640000000.0,58.483,910000000.0
12,MWV,MRY,2002-12-31,2002-12-31,2002-12-31,2021-08-25,-195000000.0,12904000000.0,13258250000.0,2431000000.0,10473000000.0,0.546,24.742,-424000000.0,372000000.0,372000000.0,6196000000.0,-398000000.0,1.485,1.715,4596000000.0,363000000.0,4233000000.0,4596000000.0,0.0,674000000.0,0.0,0.037,0.92,-99000000.0,575000000.0,0.079,575000000.0,-99000000.0,-409000000.0,-2.07,-2.07,-2.07,4753000000.0,4941000000.0,4753000000.0,9304839349.0,-94.0,16.182,70000000.0,0.364,1.0,1046000000.0,0.144,723000000.0,310000000.0,14768000000.0,15456750000.0,1002000000.0,0.0,0.0,0.0,8151000000.0,1637000000.0,6514000000.0,4942839349.0,270000000.0,641000000.0,37000000.0,-255000000.0,-206000000.0,-424000000.0,206000000.0,0.0,494000000.0,-6000000.0,-398000000.0,-398000000.0,-398000000.0,34000000.0,0.0,-0.055,856000000.0,190000000.0,1274000000.0,-0.444,1.04,-12.419,-11.937,7834000000.0,0.0,24.71,0.683,0.655,894000000.0,1095000000.0,7242000000.0,7242000000.0,0.0,-0.03,-0.081,-0.006,-0.014,0.0,856000000.0,1.0,200033968.0,192100000.0,192100000.0,37.699,12181000000.0,0.0,-11000000.0,1687000000.0,63.41,794000000.0
13,MWV,MRY,2001-12-31,2001-10-31,2001-10-31,2021-08-25,186800000.0,6787000000.0,6678450000.0,1015700000.0,5771300000.0,0.589,23.063,-296000000.0,81200000.0,81200000.0,3274000000.0,88000000.0,1.449,1.899,2833400000.0,172900000.0,2660500000.0,2833400000.0,0.0,347000000.0,0.0,0.0,0.0,326000000.0,673000000.0,0.171,673000000.0,326000000.0,118000000.0,0.87,0.87,0.87,2340900000.0,2336750000.0,2340900000.0,5265960751.0,16.0,7.825,-43000000.0,-0.424,1.0,661000000.0,0.168,565200000.0,208000000.0,8273000000.0,8080650000.0,426400000.0,0.0,0.0,0.0,4446100000.0,701000000.0,3745100000.0,2511396751.0,-144000000.0,-33000000.0,4000000.0,22000000.0,-89000000.0,-63000000.0,-324000000.0,0.0,253000000.0,-10000000.0,88000000.0,88000000.0,88000000.0,0.0,0.0,0.022,383000000.0,278000000.0,511600000.0,0.0,1.073,28.539,28.218,4227300000.0,0.0,24.55,0.638,0.633,414700000.0,1731800000.0,3935000000.0,3935000000.0,0.0,0.013,0.038,0.04,0.083,0.0,383000000.0,1.0,102297220.0,101500000.0,101600000.0,38.768,6221800000.0,0.0,30000000.0,1024300000.0,61.299,314700000.0
14,MWV,MRY,2000-12-31,2000-10-31,2000-10-31,2021-08-25,135700000.0,6569900000.0,6282994500.0,1063700000.0,5506200000.0,0.614,23.187,0.0,225300000.0,225300000.0,3025000000.0,246000000.0,1.876,1.817,2716800000.0,30100000.0,2686700000.0,2716800000.0,0.0,314000000.0,0.0,0.0,0.0,582000000.0,896000000.0,0.232,896000000.0,582000000.0,390000000.0,2.44,2.44,2.44,2332600000.0,2275022750.0,2332600000.0,5361943465.0,9.0,5.984,583000000.0,5.795,1.0,832000000.0,0.216,606200000.0,192000000.0,7888300000.0,7859477000.0,333300000.0,0.0,0.0,0.0,4237300000.0,566900000.0,3670400000.0,2868852465.0,116000000.0,-1261000000.0,7000000.0,2611000000.0,-88000000.0,1006000000.0,-2736000000.0,0.0,583000000.0,2000000.0,246000000.0,246000000.0,246000000.0,0.0,0.0,0.064,293000000.0,539000000.0,523200000.0,0.0,1.23,11.662,11.68,4196600000.0,0.0,28.5,0.744,0.743,421700000.0,1761800000.0,3857000000.0,3857000000.0,0.0,0.039,0.108,0.074,0.151,0.0,293000000.0,1.0,100661490.0,100600000.0,100900000.0,38.34,5963700000.0,0.0,144000000.0,921300000.0,59.281,496800000.0
15,MWV,MRY,1999-12-31,1999-10-31,1999-10-31,2021-08-25,129981000.0,4896692000.0,4940789750.0,738008000.0,4158684000.0,0.598,21.67,228900000.0,108792000.0,108792000.0,2120900000.0,111200000.0,1.736,1.255,1477054000.0,50200000.0,1426854000.0,1477054000.0,0.0,280500000.0,0.0,0.0,0.0,271500000.0,552000000.0,0.187,552000000.0,271500000.0,148000000.0,1.11,1.11,1.11,2171288000.0,2171039750.0,2171288000.0,4496187963.0,17.0,8.145,641600000.0,6.403,1.0,832300000.0,0.282,0.0,123500000.0,5839840000.0,5980930000.0,248963000.0,0.0,0.0,0.0,2725404000.0,425114000.0,2300290000.0,2978037963.0,3700000.0,45500000.0,19900000.0,1833700000.0,88200000.0,160600000.0,229900000.0,0.0,412700000.0,18500000.0,111200000.0,111200000.0,111200000.0,0.0,0.0,0.038,590200000.0,242100000.0,361959000.0,0.0,1.372,26.781,26.748,3581383000.0,0.0,29.69,1.008,1.007,318369000.0,1607504000.0,2953200000.0,2953200000.0,0.0,0.023,0.051,0.045,0.092,0.0,230900000.0,1.0,100304411.0,100200000.0,100500000.0,29.473,4896692000.0,0.0,36800000.0,811068000.0,48.869,312894000.0
16,MWV,MRY,1998-12-31,1998-10-31,1998-10-31,2021-08-25,32167000.0,5008668000.0,4959579250.0,739192000.0,4269476000.0,0.582,22.174,422984000.0,105050000.0,105050000.0,2071011000.0,132013000.0,1.582,1.23,1625415000.0,99072000.0,1526343000.0,1625415000.0,0.0,280981000.0,0.0,0.0,0.0,314575000.0,595556000.0,0.206,595556000.0,314575000.0,204413000.0,1.3,1.3,1.3,2246448000.0,2252506750.0,2246448000.0,3974760564.0,13.0,6.674,829690000.0,8.19,1.0,814906000.0,0.282,0.0,110162000.0,6061908000.0,6007955750.0,285783000.0,0.0,0.0,0.0,2762220000.0,467125000.0,2295095000.0,2466886564.0,70304000.0,6905000.0,53250000.0,1018340000.0,89300000.0,56970000.0,416029000.0,0.0,406706000.0,4011000.0,132013000.0,132013000.0,132013000.0,0.0,0.0,0.046,519078000.0,295828000.0,346552000.0,0.0,1.098,18.687,18.746,3802431000.0,0.0,24.37,0.855,0.856,286423000.0,1588932000.0,2885917000.0,2885917000.0,0.0,0.027,0.059,0.052,0.109,0.0,238097000.0,1.0,101226367.0,101311000.0,101788000.0,28.486,5008668000.0,0.0,72400000.0,790253000.0,49.439,272067000.0
17,MWV,MRY,1997-12-31,1997-10-31,1997-10-31,2021-08-25,0.0,4898787000.0,,805208000.0,4093579000.0,,22.344,643464000.0,175354000.0,175354000.0,2161194000.0,162700000.0,1.985,1.15,1538742000.0,26121000.0,1512621000.0,1538742000.0,0.0,269151000.0,0.0,0.0,0.0,339872000.0,609023000.0,0.204,609023000.0,339872000.0,246600000.0,1.6,1.58,1.6,2278568000.0,,2278568000.0,,,,1034147000.0,10.141,1.0,821094000.0,0.275,0.0,93272000.0,5856598000.0,,270519000.0,0.0,0.0,0.0,2620219000.0,405577000.0,2214642000.0,,59986000.0,0.0,28275000.0,939204000.0,89778000.0,262917000.0,592968000.0,0.0,390683000.0,646000.0,162700000.0,162700000.0,162700000.0,0.0,0.0,0.055,481222000.0,339872000.0,356691000.0,0.0,,,20.506,3684358000.0,0.0,32.81,,1.122,300827000.0,1549356000.0,2982288000.0,2982288000.0,0.0,,,,0.114,0.0,240814000.0,1.0,,101978000.0,102704000.0,29.244,4898787000.0,0.0,83900000.0,724786000.0,48.038,399631000.0
18,MWV,MRY,1996-12-31,1996-10-31,1996-10-31,2021-08-25,,,,,,,,589391000.0,,,2173719000.0,212156000.0,,,,,,,,240411000.0,,0.0,0.0,426019000.0,666430000.0,0.219,666430000.0,426019000.0,335956000.0,2.09,2.07,2.09,,,,,,,1111209000.0,10.922,1.0,871731000.0,0.286,,90063000.0,,,,,,,,,,,36455000.0,0.0,5585000.0,108482000.0,89539000.0,99722000.0,458182000.0,0.0,521818000.0,369000.0,212156000.0,212156000.0,212156000.0,0.0,0.0,0.07,445712000.0,426019000.0,,0.0,,,13.636,,0.0,28.5,,0.952,,,3045450000.0,3045450000.0,0.0,,,,0.14,0.0,234366000.0,1.0,,101737000.0,102412000.0,29.935,,,123800000.0,,,
0,MWV,MRQ,2015-03-31,2015-03-31,2015-03-31,2021-08-25,-631000000.0,9133000000.0,,1863000000.0,7270000000.0,,18.642,-65000000.0,262000000.0,262000000.0,1045000000.0,33000000.0,1.988,1.869,1884000000.0,74000000.0,1810000000.0,1884000000.0,0.0,82000000.0,0.0,0.02,0.25,98000000.0,180000000.0,0.14,180000000.0,98000000.0,46000000.0,0.2,0.19,0.2,3130000000.0,,3130000000.0,9768269355.0,17.0,10.272,-178000000.0,-1.06,1.0,237000000.0,0.185,680000000.0,52000000.0,9138000000.0,,681000000.0,0.0,0.0,0.0,5850000000.0,937000000.0,4913000000.0,8350269355.0,-192000000.0,0.0,12000000.0,30000000.0,-42000000.0,6000000.0,-65000000.0,0.0,-113000000.0,-20000000.0,33000000.0,33000000.0,33000000.0,-2000000.0,0.0,0.026,159000000.0,78000000.0,519000000.0,1.25,2.668,31.51,31.365,3306000000.0,0.0,49.87,1.494,1.498,688000000.0,857000000.0,1282000000.0,1282000000.0,0.0,,,,,0.0,159000000.0,1.0,167440733.0,167900000.0,170800000.0,7.635,8453000000.0,0.0,13000000.0,1319000000.0,50.345,926000000.0
1,MWV,MRQ,2014-12-31,2014-12-31,2014-12-31,2021-08-25,-486000000.0,9364000000.0,,1974000000.0,7390000000.0,,19.462,-132000000.0,454000000.0,454000000.0,1106000000.0,69000000.0,1.918,1.83,1872000000.0,82000000.0,1790000000.0,1872000000.0,0.0,91000000.0,0.0,0.045,0.25,134000000.0,225000000.0,0.164,225000000.0,134000000.0,81000000.0,0.32,0.31,0.32,3254000000.0,,3254000000.0,8886558219.0,15.0,9.228,166000000.0,0.993,1.0,268000000.0,0.195,692000000.0,53000000.0,9061000000.0,,673000000.0,0.0,0.0,0.0,5956000000.0,1029000000.0,4927000000.0,7400558219.0,54000000.0,9000000.0,-43000000.0,-8000000.0,-42000000.0,-107000000.0,-124000000.0,0.0,298000000.0,-13000000.0,53000000.0,53000000.0,53000000.0,0.0,16000000.0,0.039,142000000.0,126000000.0,540000000.0,0.781,2.274,28.139,28.639,3422000000.0,0.0,44.39,1.314,1.33,608000000.0,866000000.0,1374000000.0,1374000000.0,0.0,,,,,0.0,142000000.0,1.0,166716788.0,167200000.0,170400000.0,8.218,8672000000.0,0.0,28000000.0,1330000000.0,51.866,945000000.0
2,MWV,MRQ,2014-09-30,2014-09-30,2014-09-30,2021-08-25,-241000000.0,9704000000.0,,2028000000.0,7676000000.0,,20.806,-74000000.0,400000000.0,400000000.0,1135000000.0,108000000.0,1.906,1.718,1886000000.0,87000000.0,1799000000.0,1886000000.0,0.0,93000000.0,0.0,0.049,0.25,201000000.0,294000000.0,0.2,294000000.0,201000000.0,147000000.0,0.63,0.61,0.63,3512000000.0,,3512000000.0,8433652998.0,8.0,5.894,67000000.0,0.397,1.0,333000000.0,0.227,704000000.0,54000000.0,9422000000.0,,723000000.0,0.0,0.0,0.0,6033000000.0,1064000000.0,4969000000.0,6897652998.0,61000000.0,22000000.0,-31000000.0,15000000.0,-42000000.0,-56000000.0,-13000000.0,0.0,141000000.0,-11000000.0,106000000.0,106000000.0,106000000.0,-1000000.0,2000000.0,0.072,144000000.0,189000000.0,549000000.0,0.397,1.964,7.776,8.059,3490000000.0,0.0,40.94,1.239,1.241,784000000.0,855000000.0,1468000000.0,1468000000.0,0.0,,,,,0.0,144000000.0,1.0,168481998.0,168800000.0,171600000.0,8.697,9000000000.0,0.0,41000000.0,1370000000.0,53.318,964000000.0
3,MWV,MRQ,2014-06-30,2014-06-30,2014-06-30,2021-08-25,-144000000.0,9818000000.0,,1972000000.0,7846000000.0,,20.992,-74000000.0,339000000.0,339000000.0,1149000000.0,73000000.0,1.764,1.735,1875000000.0,88000000.0,1787000000.0,1875000000.0,0.0,93000000.0,0.0,0.045,0.25,159000000.0,252000000.0,0.172,252000000.0,159000000.0,106000000.0,0.44,0.43,0.44,3533000000.0,,3533000000.0,9031702200.0,9.0,6.493,77000000.0,0.458,1.0,318000000.0,0.217,715000000.0,53000000.0,9521000000.0,,727000000.0,0.0,0.0,0.0,6128000000.0,1118000000.0,5010000000.0,7429702200.0,7000000.0,11000000.0,23000000.0,-69000000.0,-42000000.0,-85000000.0,-63000000.0,0.0,151000000.0,4000000.0,73000000.0,73000000.0,73000000.0,0.0,0.0,0.05,160000000.0,158000000.0,599000000.0,0.568,2.103,8.629,9.033,3639000000.0,0.0,44.26,1.357,1.36,793000000.0,750000000.0,1467000000.0,1467000000.0,0.0,,,,,0.0,160000000.0,1.0,167864939.0,168300000.0,171100000.0,8.717,9103000000.0,0.0,33000000.0,1357000000.0,54.088,854000000.0
4,MWV,MRQ,2014-03-31,2014-03-31,2014-03-31,2021-08-25,-160000000.0,9755000000.0,,1926000000.0,7829000000.0,,20.504,-66000000.0,332000000.0,332000000.0,1075000000.0,31000000.0,1.857,1.742,1934000000.0,85000000.0,1849000000.0,1934000000.0,0.0,93000000.0,0.0,0.053,1.25,99000000.0,192000000.0,0.145,192000000.0,99000000.0,46000000.0,0.18,0.18,0.18,3500000000.0,,3500000000.0,7408859328.0,8.0,5.521,-274000000.0,-1.605,1.0,247000000.0,0.187,718000000.0,53000000.0,9602000000.0,,731000000.0,0.0,0.0,0.0,6096000000.0,1037000000.0,5059000000.0,6570859328.0,-725000000.0,3000000.0,-292000000.0,47000000.0,-218000000.0,-460000000.0,-60000000.0,0.0,-208000000.0,3000000.0,31000000.0,31000000.0,31000000.0,0.0,0.0,0.023,161000000.0,86000000.0,560000000.0,6.944,1.877,7.649,7.745,3646000000.0,0.0,37.64,1.217,1.19,735000000.0,761000000.0,1322000000.0,1322000000.0,0.0,,,,,0.0,161000000.0,1.0,174571183.0,170700000.0,173500000.0,7.745,9037000000.0,0.0,15000000.0,1353000000.0,52.941,889000000.0
5,MWV,MRQ,2013-12-31,2013-12-31,2013-12-31,2021-08-25,-180000000.0,10285000000.0,,2476000000.0,7809000000.0,,22.295,-169000000.0,1057000000.0,1057000000.0,1066000000.0,678000000.0,2.105,1.568,1895000000.0,79000000.0,1816000000.0,1895000000.0,0.0,101000000.0,0.0,0.027,0.25,592000000.0,693000000.0,0.529,693000000.0,592000000.0,550000000.0,3.83,3.76,3.83,3944000000.0,,3944000000.0,8234099611.0,9.0,6.378,8000000.0,0.045,1.0,244000000.0,0.186,716000000.0,42000000.0,9231000000.0,,686000000.0,0.0,0.0,0.0,6186000000.0,1176000000.0,5010000000.0,6569099611.0,595000000.0,-1000000.0,-118000000.0,553000000.0,-44000000.0,522000000.0,-96000000.0,0.0,177000000.0,-8000000.0,677000000.0,677000000.0,677000000.0,-468000000.0,1000000.0,0.517,154000000.0,90000000.0,563000000.0,0.065,1.666,7.83,7.791,3647000000.0,0.0,36.93,1.219,1.214,625000000.0,950000000.0,1310000000.0,1310000000.0,0.0,,,,,0.0,154000000.0,1.0,177879762.0,176900000.0,179700000.0,7.405,9569000000.0,0.0,-127000000.0,1348000000.0,54.093,1300000000.0
6,MWV,MRQ,2013-09-30,2013-09-30,2013-09-30,2021-08-25,-188000000.0,8896000000.0,,1939000000.0,6957000000.0,,19.337,-108000000.0,462000000.0,462000000.0,1095000000.0,80000000.0,1.841,1.584,2127000000.0,89000000.0,2038000000.0,2127000000.0,0.0,96000000.0,0.0,0.026,0.25,158000000.0,254000000.0,0.184,254000000.0,158000000.0,119000000.0,0.45,0.44,0.45,3442000000.0,,3442000000.0,8520114502.0,27.0,12.259,40000000.0,0.225,1.0,283000000.0,0.205,717000000.0,39000000.0,8791000000.0,,665000000.0,0.0,0.0,0.0,5452000000.0,1053000000.0,4399000000.0,6814114502.0,31000000.0,27000000.0,10000000.0,8000000.0,-45000000.0,-29000000.0,-87000000.0,0.0,148000000.0,-1000000.0,80000000.0,80000000.0,80000000.0,-19000000.0,0.0,0.058,157000000.0,126000000.0,566000000.0,0.556,1.98,38.068,38.0,3718000000.0,0.0,38.38,1.302,1.305,691000000.0,337000000.0,1378000000.0,1378000000.0,0.0,,,,,0.0,157000000.0,1.0,177543369.0,178000000.0,180800000.0,7.742,8179000000.0,0.0,39000000.0,1092000000.0,45.949,886000000.0
7,MWV,MRQ,2013-06-30,2013-06-30,2013-06-30,2021-08-25,-225000000.0,8801000000.0,,1933000000.0,6868000000.0,,18.642,-114000000.0,431000000.0,431000000.0,1153000000.0,68000000.0,1.738,1.657,2137000000.0,88000000.0,2049000000.0,2137000000.0,0.0,96000000.0,0.0,0.029,0.25,107000000.0,203000000.0,0.146,203000000.0,107000000.0,68000000.0,0.4,0.39,0.4,3309000000.0,,3309000000.0,7778957256.0,28.0,11.84,85000000.0,0.479,1.0,237000000.0,0.171,714000000.0,39000000.0,8681000000.0,,664000000.0,0.0,0.0,0.0,5483000000.0,1112000000.0,4371000000.0,6035957256.0,14000000.0,-1000000.0,8000000.0,-9000000.0,-44000000.0,-57000000.0,-116000000.0,0.0,199000000.0,-12000000.0,71000000.0,71000000.0,71000000.0,-19000000.0,-3000000.0,0.051,159000000.0,78000000.0,574000000.0,0.625,1.824,40.24,40.129,3680000000.0,0.0,34.11,1.149,1.153,690000000.0,257000000.0,1390000000.0,1390000000.0,0.0,,,,,0.0,159000000.0,1.0,176955651.0,177500000.0,180300000.0,7.831,8087000000.0,0.0,-3000000.0,1051000000.0,45.561,821000000.0
8,MWV,MRQ,2013-03-31,2013-03-31,2013-03-31,2021-08-25,-194000000.0,8805000000.0,,1952000000.0,6853000000.0,,19.008,-115000000.0,417000000.0,417000000.0,1115000000.0,12000000.0,1.89,1.621,2160000000.0,75000000.0,2085000000.0,2160000000.0,0.0,97000000.0,0.0,0.028,0.25,44000000.0,141000000.0,0.108,141000000.0,44000000.0,5000000.0,0.06,0.06,0.06,3353000000.0,,3353000000.0,7876706945.0,24.0,11.157,-202000000.0,-1.145,1.0,196000000.0,0.15,718000000.0,39000000.0,8797000000.0,,689000000.0,0.0,0.0,0.0,5434000000.0,1033000000.0,4401000000.0,6376706945.0,-246000000.0,5000000.0,28000000.0,-28000000.0,-44000000.0,-43000000.0,-112000000.0,0.0,-87000000.0,-4000000.0,11000000.0,11000000.0,11000000.0,-13000000.0,1000000.0,0.008,168000000.0,28000000.0,578000000.0,4.167,1.902,38.184,37.812,3736000000.0,0.0,36.3,1.207,1.212,674000000.0,275000000.0,1311000000.0,1311000000.0,0.0,,,,,0.0,168000000.0,1.0,175666858.0,176400000.0,176400000.0,7.432,8087000000.0,0.0,-6000000.0,1016000000.0,45.845,919000000.0
9,MWV,MRQ,2012-12-31,2012-12-31,2012-12-31,2021-08-25,-184000000.0,8908000000.0,,2066000000.0,6842000000.0,,19.021,-170000000.0,663000000.0,663000000.0,1024000000.0,17000000.0,1.868,1.662,2163000000.0,63000000.0,2100000000.0,2163000000.0,0.0,93000000.0,0.0,0.031,0.25,4000000.0,97000000.0,0.084,97000000.0,4000000.0,-34000000.0,0.1,0.1,0.1,3340000000.0,,3340000000.0,6969893082.0,17.0,8.97,37000000.0,0.211,1.0,132000000.0,0.114,719000000.0,38000000.0,8583000000.0,,661000000.0,0.0,0.0,0.0,5550000000.0,1106000000.0,4444000000.0,5570893082.0,-82000000.0,-104000000.0,12000000.0,19000000.0,-43000000.0,-11000000.0,-272000000.0,0.0,207000000.0,-6000000.0,17000000.0,17000000.0,17000000.0,-59000000.0,0.0,0.015,182000000.0,-50000000.0,595000000.0,2.5,1.668,27.175,27.008,3593000000.0,0.0,31.87,1.054,1.048,605000000.0,288000000.0,1156000000.0,1156000000.0,0.0,,,,,0.0,182000000.0,1.0,174800536.0,175600000.0,179000000.0,6.583,8189000000.0,0.0,-51000000.0,1046000000.0,46.634,960000000.0
10,MWV,MRQ,2012-09-30,2012-09-30,2012-09-30,2021-08-25,-241000000.0,8690000000.0,,2217000000.0,6473000000.0,,18.99,-161000000.0,745000000.0,745000000.0,1095000000.0,51000000.0,2.049,1.621,2144000000.0,51000000.0,2093000000.0,2144000000.0,0.0,90000000.0,0.0,0.033,0.25,126000000.0,216000000.0,0.155,216000000.0,126000000.0,88000000.0,0.29,0.28,0.29,3308000000.0,,3308000000.0,6676480198.0,17.0,8.974,-44000000.0,-0.253,1.0,300000000.0,0.215,666000000.0,38000000.0,8341000000.0,,654000000.0,0.0,0.0,0.0,5362000000.0,1082000000.0,4280000000.0,5312480198.0,214000000.0,20000000.0,25000000.0,249000000.0,-44000000.0,232000000.0,-141000000.0,0.0,117000000.0,6000000.0,51000000.0,51000000.0,51000000.0,16000000.0,0.0,0.037,160000000.0,140000000.0,582000000.0,0.862,1.606,32.592,32.211,3592000000.0,0.0,30.6,1.007,1.011,693000000.0,334000000.0,1395000000.0,1395000000.0,0.0,,,,,0.0,160000000.0,1.0,173610464.0,174200000.0,177500000.0,8.008,8024000000.0,0.0,37000000.0,936000000.0,46.062,1135000000.0
11,MWV,MRQ,2012-06-30,2012-06-30,2012-06-30,2021-08-25,-285000000.0,8290000000.0,,1953000000.0,6337000000.0,,18.232,-174000000.0,531000000.0,531000000.0,1098000000.0,90000000.0,1.813,1.613,1895000000.0,29000000.0,1866000000.0,1895000000.0,0.0,91000000.0,0.0,0.035,0.25,161000000.0,252000000.0,0.177,252000000.0,161000000.0,126000000.0,0.51,0.5,0.51,3165000000.0,,3165000000.0,6621322178.0,15.0,8.134,-81000000.0,-0.467,1.0,325000000.0,0.228,662000000.0,35000000.0,7915000000.0,,643000000.0,0.0,0.0,0.0,5104000000.0,1077000000.0,4027000000.0,4971322178.0,48000000.0,-3000000.0,12000000.0,237000000.0,-43000000.0,208000000.0,-235000000.0,0.0,93000000.0,-18000000.0,88000000.0,88000000.0,88000000.0,-10000000.0,2000000.0,0.062,179000000.0,146000000.0,568000000.0,0.49,1.571,21.709,21.455,3497000000.0,0.0,28.75,0.94,0.943,666000000.0,269000000.0,1423000000.0,1423000000.0,0.0,,,,,0.0,179000000.0,1.0,172915554.0,173600000.0,176700000.0,8.197,7628000000.0,0.0,38000000.0,922000000.0,43.94,876000000.0
12,MWV,MRQ,2012-03-31,2012-03-31,2012-03-31,2021-08-25,-225000000.0,8698000000.0,,2061000000.0,6637000000.0,,18.796,-149000000.0,483000000.0,483000000.0,1040000000.0,50000000.0,1.499,1.686,2133000000.0,254000000.0,1879000000.0,2133000000.0,0.0,92000000.0,0.0,0.032,0.25,120000000.0,212000000.0,0.161,212000000.0,120000000.0,79000000.0,0.29,0.28,0.29,3231000000.0,,3231000000.0,6877593641.0,15.0,8.501,-128000000.0,-0.745,1.0,273000000.0,0.208,836000000.0,41000000.0,8137000000.0,,742000000.0,0.0,0.0,0.0,5447000000.0,1375000000.0,4072000000.0,5400593641.0,-173000000.0,2000000.0,12000000.0,-19000000.0,-43000000.0,-51000000.0,-151000000.0,0.0,21000000.0,8000000.0,49000000.0,49000000.0,49000000.0,1000000.0,1000000.0,0.037,161000000.0,112000000.0,644000000.0,0.862,1.671,23.481,23.4,3594000000.0,0.0,31.59,1.03,1.036,723000000.0,298000000.0,1313000000.0,1313000000.0,0.0,,,,,0.0,161000000.0,1.0,170958963.0,171900000.0,175300000.0,7.638,7862000000.0,0.0,30000000.0,898000000.0,45.736,686000000.0
13,MWV,MRQ,2011-12-31,2011-12-31,2011-12-31,2021-08-25,-265000000.0,8810000000.0,,2253000000.0,6557000000.0,,18.608,-222000000.0,656000000.0,656000000.0,1008000000.0,-24000000.0,1.516,1.763,2134000000.0,254000000.0,1880000000.0,2134000000.0,0.0,85000000.0,0.0,0.026,0.25,-21000000.0,64000000.0,0.056,64000000.0,-21000000.0,-58000000.0,-0.14,-0.14,-0.14,3182000000.0,,3182000000.0,6444681240.0,14.0,7.691,-49000000.0,-0.287,1.0,135000000.0,0.118,668000000.0,37000000.0,8134000000.0,,579000000.0,0.0,0.0,0.0,5609000000.0,1486000000.0,4123000000.0,5113681240.0,-101000000.0,-38000000.0,2000000.0,60000000.0,-43000000.0,18000000.0,-278000000.0,0.0,173000000.0,-14000000.0,-25000000.0,-25000000.0,-25000000.0,-22000000.0,1000000.0,-0.022,179000000.0,-44000000.0,601000000.0,-1.786,1.607,20.787,20.655,3442000000.0,0.0,29.95,0.987,0.985,591000000.0,292000000.0,1143000000.0,1143000000.0,0.0,,,,,0.0,179000000.0,1.0,170740609.0,171000000.0,174700000.0,6.684,8142000000.0,0.0,-33000000.0,952000000.0,47.614,767000000.0
14,MWV,MRQ,2011-09-30,2011-09-30,2011-09-30,2021-08-25,-95000000.0,8919000000.0,,2423000000.0,6496000000.0,,19.924,-172000000.0,757000000.0,757000000.0,1090000000.0,118000000.0,1.709,1.611,2088000000.0,239000000.0,1849000000.0,2088000000.0,0.0,91000000.0,0.0,0.032,0.25,195000000.0,286000000.0,0.203,286000000.0,195000000.0,155000000.0,0.68,0.67,0.68,3407000000.0,,3407000000.0,5535088242.0,10.0,6.136,78000000.0,0.456,1.0,321000000.0,0.227,809000000.0,40000000.0,8023000000.0,,748000000.0,0.0,0.0,0.0,5490000000.0,1418000000.0,4072000000.0,4192088242.0,89000000.0,17000000.0,1000000.0,83000000.0,-42000000.0,43000000.0,-161000000.0,0.0,250000000.0,-43000000.0,117000000.0,117000000.0,117000000.0,-32000000.0,1000000.0,0.083,161000000.0,160000000.0,588000000.0,0.368,1.23,13.183,13.276,3361000000.0,0.0,24.56,0.855,0.857,810000000.0,360000000.0,1411000000.0,1411000000.0,0.0,,,,,0.0,161000000.0,1.0,170687632.0,171000000.0,174400000.0,8.251,8110000000.0,0.0,38000000.0,993000000.0,47.427,1005000000.0
15,MWV,MRQ,2011-06-30,2011-06-30,2011-06-30,2021-08-25,116000000.0,8993000000.0,,2426000000.0,6567000000.0,,20.487,-145000000.0,668000000.0,668000000.0,1062000000.0,90000000.0,1.697,1.57,2011000000.0,226000000.0,1785000000.0,2011000000.0,0.0,86000000.0,0.0,0.023,0.25,161000000.0,247000000.0,0.18,247000000.0,161000000.0,120000000.0,0.52,0.51,0.52,3491000000.0,,3491000000.0,7010259813.0,18.0,9.397,7000000.0,0.041,1.0,313000000.0,0.228,826000000.0,41000000.0,8080000000.0,,799000000.0,0.0,0.0,0.0,5480000000.0,1430000000.0,4050000000.0,5652259813.0,-7000000.0,-2000000.0,25000000.0,-22000000.0,-43000000.0,-37000000.0,-137000000.0,0.0,152000000.0,15000000.0,89000000.0,89000000.0,89000000.0,-20000000.0,1000000.0,0.065,173000000.0,140000000.0,648000000.0,0.481,1.619,30.388,30.843,3382000000.0,0.0,33.31,1.132,1.136,839000000.0,244000000.0,1375000000.0,1375000000.0,0.0,,,,,0.0,173000000.0,1.0,169686575.0,170400000.0,174500000.0,8.069,8167000000.0,0.0,31000000.0,1003000000.0,47.928,996000000.0
16,MWV,MRQ,2011-03-31,2011-03-31,2011-03-31,2021-08-25,59000000.0,8707000000.0,,2258000000.0,6449000000.0,,20.083,-113000000.0,675000000.0,675000000.0,1049000000.0,66000000.0,2.175,1.559,2033000000.0,7000000.0,2026000000.0,2033000000.0,0.0,99000000.0,0.0,0.024,0.025,147000000.0,246000000.0,0.18,246000000.0,147000000.0,100000000.0,0.38,0.38,0.38,3394000000.0,,3394000000.0,6365587670.0,17.0,8.756,-128000000.0,-0.757,1.0,316000000.0,0.232,821000000.0,47000000.0,8206000000.0,,742000000.0,0.0,0.0,0.0,5292000000.0,1038000000.0,4254000000.0,5106587670.0,-115000000.0,2000000.0,10000000.0,-18000000.0,-42000000.0,-50000000.0,-67000000.0,0.0,-15000000.0,17000000.0,65000000.0,65000000.0,65000000.0,6000000.0,1000000.0,0.048,184000000.0,132000000.0,551000000.0,0.066,1.505,34.739,35.682,3308000000.0,0.0,30.33,1.011,1.015,713000000.0,241000000.0,1365000000.0,1365000000.0,0.0,,,,,0.0,184000000.0,1.0,168367546.0,169000000.0,172700000.0,8.077,7886000000.0,0.0,35000000.0,981000000.0,46.663,1220000000.0
17,MWV,MRQ,2010-12-31,2010-12-31,2010-12-31,2021-08-25,-10000000.0,8814000000.0,,2446000000.0,6368000000.0,,19.501,-93000000.0,790000000.0,790000000.0,671000000.0,48000000.0,1.995,1.676,2049000000.0,7000000.0,2042000000.0,2049000000.0,0.0,68000000.0,0.0,0.036,0.25,55000000.0,123000000.0,0.164,123000000.0,55000000.0,24000000.0,0.27,0.28,0.27,3286000000.0,,3286000000.0,5681549597.0,20.0,8.809,126000000.0,0.748,1.0,80000000.0,0.107,812000000.0,31000000.0,8035000000.0,,642000000.0,0.0,0.0,0.0,5508000000.0,1226000000.0,4282000000.0,4401549597.0,16000000.0,-44000000.0,1000000.0,-10000000.0,-42000000.0,-52000000.0,-153000000.0,0.0,219000000.0,2000000.0,47000000.0,47000000.0,47000000.0,-55000000.0,1000000.0,0.063,73000000.0,7000000.0,590000000.0,0.926,1.339,41.524,42.194,3255000000.0,0.0,26.16,0.89,0.901,827000000.0,219000000.0,751000000.0,751000000.0,0.0,,,,,0.0,73000000.0,1.0,168254954.0,168500000.0,170900000.0,4.457,8002000000.0,0.0,-23000000.0,972000000.0,47.49,1220000000.0
18,MWV,MRQ,2010-09-30,2010-09-30,2010-09-30,2021-08-25,-56000000.0,8648000000.0,,2433000000.0,6215000000.0,,18.954,-59000000.0,774000000.0,774000000.0,1155000000.0,-14000000.0,2.083,1.675,2054000000.0,16000000.0,2038000000.0,2054000000.0,0.0,97000000.0,0.0,0.038,0.23,33000000.0,130000000.0,0.086,130000000.0,33000000.0,-13000000.0,-0.09,-0.09,-0.09,3226000000.0,,3226000000.0,5656134865.0,15.0,7.317,206000000.0,1.21,1.0,349000000.0,0.232,802000000.0,46000000.0,7958000000.0,,687000000.0,0.0,0.0,0.0,5403000000.0,1168000000.0,4235000000.0,4164134865.0,115000000.0,8000000.0,-59000000.0,-94000000.0,-39000000.0,-194000000.0,6000000.0,0.0,265000000.0,38000000.0,-15000000.0,-15000000.0,-15000000.0,124000000.0,1000000.0,-0.01,193000000.0,156000000.0,593000000.0,-2.556,1.291,37.856,38.698,3242000000.0,0.0,24.38,0.763,0.76,831000000.0,215000000.0,1504000000.0,1504000000.0,0.0,,,,,0.0,193000000.0,1.0,170801266.0,170200000.0,172500000.0,8.837,7846000000.0,0.0,2000000.0,963000000.0,46.099,1265000000.0
19,MWV,MRQ,2010-06-30,2010-06-30,2010-06-30,2021-08-25,-211000000.0,8613000000.0,,2376000000.0,6237000000.0,,18.339,-40000000.0,659000000.0,659000000.0,1129000000.0,52000000.0,1.97,1.74,2151000000.0,15000000.0,2136000000.0,2151000000.0,0.0,99000000.0,0.0,0.041,0.23,129000000.0,228000000.0,0.16,228000000.0,129000000.0,81000000.0,0.29,0.29,0.29,3136000000.0,,3136000000.0,5226774518.0,9.0,5.416,30000000.0,0.175,1.0,300000000.0,0.21,798000000.0,48000000.0,8101000000.0,,690000000.0,0.0,0.0,0.0,5458000000.0,1206000000.0,4252000000.0,3792774518.0,-72000000.0,6000000.0,-3000000.0,-24000000.0,-40000000.0,-66000000.0,-49000000.0,0.0,70000000.0,-27000000.0,50000000.0,50000000.0,50000000.0,6000000.0,2000000.0,0.035,169000000.0,131000000.0,604000000.0,0.793,1.209,14.991,15.102,3291000000.0,0.0,22.2,0.694,0.694,866000000.0,231000000.0,1429000000.0,1429000000.0,0.0,,,,,0.0,169000000.0,1.0,170845699.0,171000000.0,173400000.0,8.357,7815000000.0,0.0,31000000.0,985000000.0,45.702,1170000000.0
20,MWV,MRQ,2010-03-31,2010-03-31,2010-03-31,2021-08-25,-45000000.0,8739000000.0,,2292000000.0,6447000000.0,,19.405,-37000000.0,731000000.0,731000000.0,1031000000.0,24000000.0,2.112,1.622,2165000000.0,16000000.0,2149000000.0,2165000000.0,0.0,96000000.0,0.0,0.036,0.23,68000000.0,164000000.0,0.13,164000000.0,68000000.0,23000000.0,0.14,0.14,0.14,3326000000.0,,3326000000.0,5692132281.0,8.0,5.33,-45000000.0,-0.263,1.0,231000000.0,0.183,809000000.0,45000000.0,8279000000.0,,641000000.0,0.0,0.0,0.0,5396000000.0,1085000000.0,4311000000.0,4376132281.0,-119000000.0,3000000.0,-24000000.0,-3000000.0,-39000000.0,-67000000.0,-24000000.0,0.0,-8000000.0,-20000000.0,24000000.0,24000000.0,24000000.0,5000000.0,0.0,0.019,164000000.0,67000000.0,581000000.0,1.643,1.316,13.342,13.447,3374000000.0,0.0,25.55,0.8,0.8,765000000.0,260000000.0,1262000000.0,1262000000.0,0.0,,,,,0.0,164000000.0,1.0,171277193.0,171400000.0,173900000.0,7.363,7930000000.0,0.0,-1000000.0,1030000000.0,46.266,1207000000.0
21,MWV,MRQ,2009-12-31,2009-12-31,2009-12-31,2021-08-25,-1000000.0,9021000000.0,,2530000000.0,6491000000.0,,19.883,-81000000.0,850000000.0,850000000.0,997000000.0,51000000.0,2.032,1.644,2166000000.0,13000000.0,2153000000.0,2166000000.0,0.0,93000000.0,0.0,0.032,0.23,158000000.0,251000000.0,0.198,251000000.0,158000000.0,113000000.0,0.29,0.29,0.29,3406000000.0,,3406000000.0,6460701869.0,11.0,6.606,249000000.0,1.454,1.0,269000000.0,0.212,802000000.0,45000000.0,8290000000.0,,523000000.0,0.0,0.0,0.0,5598000000.0,1245000000.0,4353000000.0,4899701869.0,85000000.0,9000000.0,3000000.0,-128000000.0,-39000000.0,-170000000.0,-72000000.0,0.0,330000000.0,-3000000.0,51000000.0,51000000.0,51000000.0,9000000.0,0.0,0.04,198000000.0,71000000.0,510000000.0,0.793,1.439,21.776,21.855,3301000000.0,0.0,28.63,0.906,0.907,839000000.0,275000000.0,1266000000.0,1266000000.0,0.0,,,,,0.0,198000000.0,1.0,171138731.0,171300000.0,174700000.0,7.391,8219000000.0,0.0,62000000.0,1026000000.0,47.98,1285000000.0
22,MWV,MRQ,2009-09-30,2009-09-30,2009-09-30,2021-08-25,-73000000.0,8826000000.0,,2506000000.0,6320000000.0,,19.335,-45000000.0,765000000.0,765000000.0,1200000000.0,128000000.0,1.949,1.659,2326000000.0,104000000.0,2222000000.0,2326000000.0,0.0,90000000.0,0.0,0.041,0.23,232000000.0,322000000.0,0.213,322000000.0,232000000.0,182000000.0,0.75,0.74,0.75,3314000000.0,,3314000000.0,5590557780.0,13.0,6.843,235000000.0,1.371,1.0,312000000.0,0.206,819000000.0,50000000.0,8282000000.0,,737000000.0,0.0,0.0,0.0,5497000000.0,1286000000.0,4211000000.0,3817557780.0,142000000.0,14000000.0,0.0,-84000000.0,-39000000.0,-127000000.0,-30000000.0,0.0,280000000.0,19000000.0,128000000.0,128000000.0,128000000.0,-6000000.0,0.0,0.085,177000000.0,135000000.0,539000000.0,0.307,1.152,24.162,24.25,3427000000.0,0.0,22.31,0.753,0.754,884000000.0,263000000.0,1512000000.0,1512000000.0,0.0,,,,,0.0,177000000.0,1.0,171114199.0,171400000.0,173600000.0,8.821,8007000000.0,0.0,54000000.0,989000000.0,46.715,1220000000.0
23,MWV,MRQ,2009-06-30,2009-06-30,2009-06-30,2021-08-25,-197000000.0,8622000000.0,,2348000000.0,6274000000.0,,17.846,-47000000.0,623000000.0,623000000.0,1202000000.0,125000000.0,1.764,1.816,2396000000.0,105000000.0,2291000000.0,2396000000.0,0.0,112000000.0,0.0,0.056,0.23,219000000.0,331000000.0,0.231,331000000.0,219000000.0,168000000.0,0.72,0.72,0.72,3057000000.0,,3057000000.0,4683696863.0,15.0,6.434,128000000.0,0.747,1.0,230000000.0,0.161,812000000.0,51000000.0,8252000000.0,,783000000.0,0.0,0.0,0.0,5550000000.0,1331000000.0,4219000000.0,2807696863.0,104000000.0,5000000.0,0.0,-3000000.0,-40000000.0,-40000000.0,-64000000.0,0.0,175000000.0,33000000.0,125000000.0,125000000.0,125000000.0,0.0,0.0,0.087,196000000.0,34000000.0,555000000.0,0.319,0.918,33.425,34.188,3447000000.0,0.0,16.41,0.523,0.524,787000000.0,135000000.0,1432000000.0,1432000000.0,0.0,,,,,0.0,196000000.0,1.0,171096701.0,171300000.0,172900000.0,8.36,7810000000.0,0.0,43000000.0,939000000.0,45.593,1017000000.0
24,MWV,MRQ,2009-03-31,2009-03-31,2009-03-31,2021-08-25,-408000000.0,8140000000.0,,1998000000.0,6142000000.0,,16.33,-45000000.0,519000000.0,519000000.0,1194000000.0,-79000000.0,1.686,1.908,2395000000.0,96000000.0,2299000000.0,2395000000.0,0.0,111000000.0,0.0,0.077,0.23,-39000000.0,72000000.0,0.053,72000000.0,-39000000.0,-91000000.0,-0.46,-0.46,-0.46,2794000000.0,,2794000000.0,3897054057.0,18.0,6.108,46000000.0,0.269,1.0,160000000.0,0.118,800000000.0,52000000.0,8031000000.0,,746000000.0,0.0,0.0,0.0,5332000000.0,1185000000.0,4147000000.0,2048054057.0,-30000000.0,4000000.0,0.0,-26000000.0,-39000000.0,-68000000.0,-43000000.0,0.0,91000000.0,-10000000.0,-79000000.0,-79000000.0,-79000000.0,0.0,0.0,-0.058,207000000.0,-47000000.0,547000000.0,-0.5,0.733,136.537,133.222,3441000000.0,0.0,11.99,0.363,0.363,616000000.0,89000000.0,1354000000.0,1354000000.0,0.0,,,,,0.0,207000000.0,1.0,170813516.0,171100000.0,171100000.0,7.914,7340000000.0,0.0,-12000000.0,890000000.0,42.899,813000000.0
25,MWV,MRQ,2008-12-31,2008-12-31,2008-12-31,2021-08-25,-350000000.0,8455000000.0,,2161000000.0,6294000000.0,,17.371,-67000000.0,549000000.0,549000000.0,643000000.0,-16000000.0,1.696,1.845,2398000000.0,89000000.0,2309000000.0,2398000000.0,0.0,65000000.0,0.0,0.082,0.23,27000000.0,92000000.0,0.119,92000000.0,27000000.0,-17000000.0,-0.09,-0.09,-0.09,2967000000.0,,2967000000.0,3797386705.0,13.0,5.281,115000000.0,0.673,1.0,128000000.0,0.166,805000000.0,44000000.0,8225000000.0,,695000000.0,0.0,0.0,0.0,5474000000.0,1274000000.0,4200000000.0,1911386705.0,27000000.0,-16000000.0,0.0,-8000000.0,-40000000.0,-43000000.0,-76000000.0,0.0,182000000.0,-36000000.0,-16000000.0,-16000000.0,-16000000.0,11000000.0,0.0,-0.021,100000000.0,28000000.0,567000000.0,-2.556,0.644,21.238,21.519,3518000000.0,0.0,11.19,0.329,0.332,799000000.0,207000000.0,771000000.0,771000000.0,0.0,,,,,0.0,100000000.0,1.0,170812038.0,170800000.0,171200000.0,4.514,7650000000.0,0.0,-1000000.0,919000000.0,44.789,887000000.0
26,MWV,MRQ,2008-09-30,2008-09-30,2008-09-30,2021-08-25,228000000.0,9477000000.0,,2398000000.0,7079000000.0,,21.018,-67000000.0,522000000.0,522000000.0,1490000000.0,54000000.0,1.818,1.637,2408000000.0,50000000.0,2358000000.0,2408000000.0,0.0,122000000.0,0.0,0.039,0.23,111000000.0,233000000.0,0.129,233000000.0,111000000.0,59000000.0,0.31,0.31,0.31,3594000000.0,,3594000000.0,6196595063.0,12.0,6.178,-28000000.0,-0.164,1.0,321000000.0,0.177,828000000.0,52000000.0,9216000000.0,,818000000.0,0.0,0.0,0.0,5883000000.0,1319000000.0,4564000000.0,3981595063.0,91000000.0,14000000.0,0.0,-244000000.0,-39000000.0,-283000000.0,381000000.0,0.0,39000000.0,-46000000.0,54000000.0,54000000.0,54000000.0,-8000000.0,0.0,0.03,212000000.0,109000000.0,633000000.0,0.742,1.108,15.676,16.301,3647000000.0,0.0,23.31,0.589,0.59,935000000.0,262000000.0,1811000000.0,1811000000.0,0.0,,,,,0.0,212000000.0,1.0,170810599.0,171000000.0,171400000.0,10.591,8649000000.0,0.0,5000000.0,1152000000.0,50.579,1079000000.0
27,MWV,MRQ,2008-06-30,2008-06-30,2008-06-30,2021-08-25,476000000.0,10152000000.0,,2442000000.0,7710000000.0,,21.805,-76000000.0,431000000.0,431000000.0,1406000000.0,56000000.0,1.436,1.685,2646000000.0,290000000.0,2356000000.0,2646000000.0,0.0,121000000.0,0.0,0.039,0.23,120000000.0,241000000.0,0.141,241000000.0,120000000.0,71000000.0,0.33,0.33,0.33,3781000000.0,,3781000000.0,6411591532.0,10.0,5.834,39000000.0,0.225,1.0,303000000.0,0.177,852000000.0,49000000.0,9815000000.0,,896000000.0,0.0,0.0,0.0,6371000000.0,1700000000.0,4671000000.0,4141591532.0,96000000.0,35000000.0,0.0,52000000.0,-40000000.0,12000000.0,-42000000.0,0.0,115000000.0,11000000.0,56000000.0,56000000.0,56000000.0,2000000.0,0.0,0.033,202000000.0,101000000.0,656000000.0,0.697,1.095,12.902,13.393,3784000000.0,0.0,23.84,0.625,0.624,898000000.0,209000000.0,1709000000.0,1709000000.0,0.0,,,,,0.0,202000000.0,1.0,173724477.0,173400000.0,173800000.0,9.856,9300000000.0,0.0,15000000.0,1212000000.0,53.633,742000000.0
28,MWV,MRQ,2008-03-31,2008-03-31,2008-03-31,2021-08-25,408000000.0,9897000000.0,,2186000000.0,7711000000.0,,21.426,-64000000.0,335000000.0,335000000.0,1293000000.0,-4000000.0,1.452,1.656,2605000000.0,218000000.0,2387000000.0,2605000000.0,0.0,118000000.0,0.0,0.034,0.23,35000000.0,153000000.0,0.101,153000000.0,35000000.0,-19000000.0,-0.02,-0.02,-0.02,3726000000.0,,3726000000.0,6930267935.0,12.0,6.441,-24000000.0,-0.138,1.0,225000000.0,0.148,848000000.0,54000000.0,9813000000.0,,825000000.0,0.0,0.0,0.0,6171000000.0,1506000000.0,4665000000.0,4732267935.0,90000000.0,1000000.0,0.0,154000000.0,-40000000.0,114000000.0,-71000000.0,0.0,40000000.0,7000000.0,-4000000.0,-4000000.0,-4000000.0,-4000000.0,0.0,-0.003,201000000.0,24000000.0,622000000.0,-11.5,1.27,15.934,16.802,3779000000.0,0.0,27.22,0.728,0.729,814000000.0,232000000.0,1518000000.0,1518000000.0,0.0,,,,,0.0,201000000.0,1.0,173852606.0,173900000.0,173900000.0,8.729,9049000000.0,0.0,-15000000.0,1187000000.0,52.036,680000000.0
29,MWV,MRQ,2007-12-31,2007-12-31,2007-12-31,2021-08-25,350000000.0,9837000000.0,,2167000000.0,7670000000.0,,20.611,-115000000.0,245000000.0,245000000.0,1433000000.0,148000000.0,1.489,1.653,2443000000.0,68000000.0,2375000000.0,2443000000.0,0.0,119000000.0,0.0,0.029,0.23,257000000.0,376000000.0,0.218,376000000.0,257000000.0,205000000.0,0.81,0.82,0.81,3708000000.0,,3708000000.0,8037518312.0,14.0,7.463,152000000.0,0.845,1.0,288000000.0,0.167,840000000.0,52000000.0,9740000000.0,,745000000.0,0.0,0.0,0.0,6129000000.0,1455000000.0,4674000000.0,5782518312.0,12000000.0,49000000.0,-394000000.0,300000000.0,-42000000.0,-139000000.0,-121000000.0,0.0,267000000.0,5000000.0,148000000.0,148000000.0,148000000.0,-2000000.0,0.0,0.086,222000000.0,66000000.0,622000000.0,0.284,1.559,20.29,20.064,3790000000.0,0.0,31.3,0.903,0.892,975000000.0,276000000.0,1721000000.0,1721000000.0,0.0,,,,,0.0,222000000.0,1.0,184744994.0,179900000.0,180900000.0,9.566,8997000000.0,0.0,57000000.0,1227000000.0,50.011,712000000.0
30,MWV,MRQ,2007-09-30,2007-09-30,2007-09-30,2021-08-25,138000000.0,9477000000.0,,2466000000.0,7011000000.0,,20.461,-75000000.0,233000000.0,233000000.0,1349000000.0,121000000.0,1.678,1.51,2488000000.0,123000000.0,2365000000.0,2488000000.0,0.0,118000000.0,0.0,0.031,0.23,211000000.0,329000000.0,0.196,329000000.0,211000000.0,159000000.0,0.66,0.66,0.66,3775000000.0,,3775000000.0,7842023004.0,19.0,9.035,108000000.0,0.585,1.0,329000000.0,0.196,849000000.0,52000000.0,9413000000.0,,867000000.0,0.0,0.0,0.0,5702000000.0,1470000000.0,4232000000.0,5454023004.0,-17000000.0,22000000.0,13000000.0,-165000000.0,-43000000.0,-195000000.0,-14000000.0,0.0,183000000.0,9000000.0,121000000.0,121000000.0,121000000.0,-6000000.0,0.0,0.072,221000000.0,108000000.0,614000000.0,0.348,1.445,30.641,30.443,4223000000.0,0.0,29.53,0.912,0.911,1016000000.0,170000000.0,1678000000.0,1678000000.0,0.0,,,,,0.0,221000000.0,1.0,184694311.0,184500000.0,185400000.0,9.095,8628000000.0,0.0,38000000.0,1122000000.0,46.764,996000000.0
31,MWV,MRQ,2007-06-30,2007-06-30,2007-06-30,2021-08-25,66000000.0,9313000000.0,,2358000000.0,6955000000.0,,19.411,-77000000.0,250000000.0,250000000.0,1280000000.0,32000000.0,1.545,1.615,2638000000.0,287000000.0,2351000000.0,2638000000.0,0.0,120000000.0,0.0,0.026,0.23,98000000.0,218000000.0,0.138,218000000.0,98000000.0,46000000.0,0.17,0.17,0.17,3562000000.0,,3562000000.0,8944479184.0,28.0,11.223,16000000.0,0.087,1.0,300000000.0,0.19,818000000.0,52000000.0,9357000000.0,,841000000.0,0.0,0.0,0.0,5751000000.0,1526000000.0,4225000000.0,6514479184.0,38000000.0,33000000.0,18000000.0,4000000.0,-42000000.0,-21000000.0,-42000000.0,0.0,93000000.0,8000000.0,32000000.0,32000000.0,32000000.0,-4000000.0,0.0,0.02,216000000.0,84000000.0,582000000.0,1.353,1.829,57.65,56.968,4227000000.0,0.0,35.32,1.076,1.071,912000000.0,49000000.0,1580000000.0,1580000000.0,0.0,,,,,0.0,216000000.0,1.0,184441653.0,183500000.0,184700000.0,8.61,8495000000.0,0.0,14000000.0,1107000000.0,46.294,832000000.0
32,MWV,MRQ,2007-03-31,2007-03-31,2007-03-31,2021-08-25,18000000.0,9171000000.0,,2209000000.0,6962000000.0,,19.365,-62000000.0,212000000.0,212000000.0,1200000000.0,-16000000.0,1.615,1.594,2642000000.0,272000000.0,2370000000.0,2642000000.0,0.0,125000000.0,0.0,0.03,0.23,29000000.0,154000000.0,0.108,154000000.0,29000000.0,-20000000.0,-0.09,-0.09,-0.09,3536000000.0,,3536000000.0,8054181557.0,31.0,10.826,36000000.0,0.197,1.0,228000000.0,0.16,813000000.0,49000000.0,9420000000.0,,793000000.0,0.0,0.0,0.0,5635000000.0,1368000000.0,4267000000.0,5627181557.0,56000000.0,13000000.0,39000000.0,19000000.0,-42000000.0,16000000.0,-59000000.0,0.0,98000000.0,1000000.0,-16000000.0,-16000000.0,-16000000.0,-7000000.0,0.0,-0.011,211000000.0,17000000.0,514000000.0,-2.556,1.591,76.043,75.22,4242000000.0,0.0,30.84,0.931,0.932,850000000.0,102000000.0,1428000000.0,1428000000.0,0.0,,,,,0.0,211000000.0,1.0,182463734.0,182600000.0,182600000.0,7.82,8358000000.0,0.0,-4000000.0,1120000000.0,45.772,841000000.0
33,MWV,MRQ,2006-12-31,2006-12-31,2006-12-31,2021-08-25,-7000000.0,9285000000.0,,2015000000.0,7270000000.0,,19.509,-99000000.0,156000000.0,156000000.0,1013000000.0,41000000.0,1.375,1.628,2583000000.0,211000000.0,2372000000.0,2583000000.0,0.0,99000000.0,0.0,0.031,0.23,68000000.0,167000000.0,0.129,167000000.0,68000000.0,30000000.0,0.23,0.23,0.23,3533000000.0,,3533000000.0,7998476621.0,28.0,10.469,117000000.0,0.646,1.0,282000000.0,0.218,851000000.0,38000000.0,9396000000.0,,715000000.0,0.0,0.0,0.0,5752000000.0,1465000000.0,4287000000.0,5446476621.0,21000000.0,112000000.0,25000000.0,-95000000.0,-42000000.0,-118000000.0,-83000000.0,0.0,216000000.0,6000000.0,41000000.0,41000000.0,41000000.0,-12000000.0,0.0,0.032,250000000.0,32000000.0,552000000.0,1.0,1.542,58.564,57.808,4523000000.0,0.0,30.06,0.9,0.898,1011000000.0,168000000.0,1295000000.0,1295000000.0,0.0,,,,,0.0,250000000.0,1.0,181186847.0,181100000.0,181200000.0,7.151,8434000000.0,0.0,-11000000.0,1177000000.0,46.571,550000000.0
34,MWV,MRQ,2006-09-30,2006-09-30,2006-09-30,2021-08-25,19000000.0,9449000000.0,,2045000000.0,7404000000.0,,19.524,-72000000.0,135000000.0,135000000.0,1416000000.0,56000000.0,1.39,1.677,2687000000.0,270000000.0,2417000000.0,2687000000.0,0.0,133000000.0,0.0,0.035,0.23,125000000.0,258000000.0,0.147,258000000.0,125000000.0,68000000.0,0.31,0.31,0.31,3530000000.0,,3530000000.0,6718952034.0,20.0,8.056,93000000.0,0.514,1.0,335000000.0,0.191,861000000.0,57000000.0,9669000000.0,,819000000.0,0.0,0.0,0.0,5919000000.0,1471000000.0,4448000000.0,4802952034.0,-697000000.0,-744000000.0,1000000.0,-68000000.0,-42000000.0,-109000000.0,-753000000.0,0.0,165000000.0,0.0,56000000.0,56000000.0,56000000.0,0.0,0.0,0.032,217000000.0,118000000.0,532000000.0,0.742,1.361,42.131,43.459,4519000000.0,0.0,26.51,0.753,0.751,991000000.0,170000000.0,1751000000.0,1751000000.0,0.0,,,,,0.0,217000000.0,1.0,181175105.0,180800000.0,181400000.0,9.685,8588000000.0,0.0,12000000.0,1263000000.0,47.5,574000000.0
35,MWV,MRQ,2006-06-30,2006-06-30,2006-06-30,2021-08-25,24000000.0,9229000000.0,,2544000000.0,6685000000.0,,19.23,-66000000.0,832000000.0,832000000.0,1318000000.0,-7000000.0,1.818,1.657,2748000000.0,348000000.0,2400000000.0,2748000000.0,0.0,123000000.0,0.0,0.033,0.23,42000000.0,165000000.0,0.105,165000000.0,42000000.0,-8000000.0,-0.04,-0.04,-0.04,3473000000.0,,3473000000.0,7156446826.0,22.0,8.696,16000000.0,0.089,1.0,252000000.0,0.161,565000000.0,50000000.0,9181000000.0,,787000000.0,0.0,0.0,0.0,5756000000.0,1399000000.0,4357000000.0,5059446826.0,510000000.0,56000000.0,16000000.0,348000000.0,-41000000.0,323000000.0,98000000.0,109000000.0,82000000.0,7000000.0,-7000000.0,-7000000.0,-7000000.0,0.0,0.0,-0.004,233000000.0,19000000.0,409000000.0,-5.75,1.457,44.774,46.55,4379000000.0,0.0,27.93,0.814,0.812,817000000.0,114000000.0,1570000000.0,1570000000.0,0.0,,,,,0.0,233000000.0,1.0,181147398.0,180600000.0,180600000.0,8.693,8664000000.0,0.0,-1000000.0,1163000000.0,47.973,1145000000.0
36,MWV,MRQ,2006-03-31,2006-03-31,2006-03-31,2021-08-25,-7000000.0,8782000000.0,,1918000000.0,6864000000.0,,19.43,-48000000.0,322000000.0,322000000.0,1217000000.0,3000000.0,2.062,1.503,2419000000.0,12000000.0,2407000000.0,2419000000.0,0.0,122000000.0,0.0,0.034,0.23,52000000.0,174000000.0,0.121,174000000.0,52000000.0,2000000.0,0.02,0.02,0.02,3509000000.0,,3509000000.0,7088886137.0,28.0,9.619,56000000.0,0.31,1.0,217000000.0,0.151,566000000.0,50000000.0,9383000000.0,,760000000.0,0.0,0.0,0.0,5273000000.0,930000000.0,4343000000.0,4955886137.0,25000000.0,27000000.0,-36000000.0,17000000.0,-42000000.0,-61000000.0,-23000000.0,0.0,104000000.0,5000000.0,3000000.0,3000000.0,3000000.0,0.0,0.0,0.002,194000000.0,23000000.0,377000000.0,11.5,1.412,133.943,118.739,4439000000.0,0.0,27.31,0.795,0.792,736000000.0,205000000.0,1434000000.0,1434000000.0,0.0,,,,,0.0,194000000.0,1.0,181467819.0,180600000.0,181100000.0,7.94,8216000000.0,0.0,-1000000.0,1159000000.0,45.493,988000000.0
37,MWV,MRQ,2005-12-31,2005-12-31,2005-12-31,2021-08-25,-56000000.0,8908000000.0,,2030000000.0,6878000000.0,,19.286,-104000000.0,297000000.0,297000000.0,1342000000.0,62000000.0,1.948,1.558,2430000000.0,13000000.0,2417000000.0,2430000000.0,0.0,122000000.0,0.0,0.033,0.23,115000000.0,237000000.0,0.146,237000000.0,115000000.0,65000000.0,0.32,0.32,0.32,3483000000.0,,3483000000.0,7222414729.0,29.0,9.721,56000000.0,0.31,1.0,285000000.0,0.175,559000000.0,50000000.0,9440000000.0,,714000000.0,0.0,0.0,0.0,5425000000.0,1042000000.0,4383000000.0,5086414729.0,-171000000.0,104000000.0,-7000000.0,-20000000.0,-42000000.0,-232000000.0,-95000000.0,0.0,160000000.0,-4000000.0,62000000.0,62000000.0,62000000.0,-2000000.0,0.0,0.038,189000000.0,96000000.0,416000000.0,0.719,1.46,181.658,200.214,4487000000.0,0.0,28.03,0.824,0.871,922000000.0,243000000.0,1627000000.0,1627000000.0,0.0,,,,,0.0,189000000.0,1.0,181463244.0,180600000.0,181300000.0,9.009,8349000000.0,0.0,3000000.0,1152000000.0,46.229,988000000.0
38,MWV,MRQ,2005-09-30,2005-09-30,2005-09-30,2021-08-25,-24000000.0,9084000000.0,,2171000000.0,6913000000.0,,19.128,-69000000.0,468000000.0,468000000.0,1295000000.0,55000000.0,1.662,1.605,2604000000.0,184000000.0,2420000000.0,2604000000.0,0.0,124000000.0,0.0,0.033,0.23,123000000.0,247000000.0,0.156,247000000.0,123000000.0,71000000.0,0.3,0.3,0.3,3487000000.0,,3487000000.0,7065854952.0,-25.0,33.97,-49000000.0,-0.269,1.0,288000000.0,0.182,562000000.0,52000000.0,9352000000.0,,792000000.0,0.0,0.0,0.0,5597000000.0,1306000000.0,4291000000.0,5081854952.0,-169000000.0,-89000000.0,-74000000.0,-5000000.0,-42000000.0,-121000000.0,-69000000.0,0.0,20000000.0,1000000.0,55000000.0,55000000.0,55000000.0,0.0,0.0,0.035,199000000.0,89000000.0,378000000.0,0.767,1.457,-9.534,-10.582,4528000000.0,0.0,27.62,0.824,0.817,785000000.0,223000000.0,1583000000.0,1583000000.0,0.0,,,,,0.0,199000000.0,1.0,183991852.0,182300000.0,183300000.0,8.683,8522000000.0,0.0,16000000.0,1149000000.0,46.747,865000000.0
39,MWV,MRQ,2005-06-30,2005-06-30,2005-06-30,2021-08-25,-28000000.0,9353000000.0,,2374000000.0,6979000000.0,,17.514,-81000000.0,637000000.0,637000000.0,1302000000.0,-83000000.0,1.527,1.672,2621000000.0,186000000.0,2435000000.0,2621000000.0,0.0,118000000.0,0.0,0.033,0.23,-39000000.0,79000000.0,0.05,79000000.0,-39000000.0,-93000000.0,-0.41,-0.41,-0.41,3501000000.0,,3501000000.0,9152129423.0,-42.0,32.921,-2000000.0,-0.01,1.0,285000000.0,0.18,560000000.0,54000000.0,9222000000.0,,796000000.0,0.0,0.0,0.0,5852000000.0,1555000000.0,4297000000.0,5751129423.0,430000000.0,2220000000.0,-619000000.0,-1113000000.0,-47000000.0,-1779000000.0,2131000000.0,0.0,79000000.0,-1000000.0,-83000000.0,-83000000.0,-83000000.0,70000000.0,0.0,-0.052,179000000.0,106000000.0,427000000.0,-0.561,1.643,-11.907,-11.732,4583000000.0,0.0,28.04,0.935,0.911,784000000.0,168000000.0,1587000000.0,1587000000.0,0.0,,,,,0.0,179000000.0,1.0,205104473.0,199900000.0,199900000.0,7.939,8793000000.0,0.0,-10000000.0,1144000000.0,43.987,819000000.0
40,MWV,MRQ,2005-03-31,2005-03-31,2005-03-31,2021-08-25,-25000000.0,11387000000.0,,2422000000.0,8965000000.0,,21.044,-51000000.0,207000000.0,207000000.0,1148000000.0,-6000000.0,1.566,1.651,3608000000.0,218000000.0,3390000000.0,3608000000.0,0.0,127000000.0,0.0,0.029,0.23,53000000.0,180000000.0,0.131,180000000.0,53000000.0,1000000.0,-0.03,-0.03,-0.03,4295000000.0,,4295000000.0,9877726816.0,-202.0,22.048,-83000000.0,-0.407,1.0,225000000.0,0.164,556000000.0,52000000.0,12685000000.0,,793000000.0,0.0,0.0,0.0,7092000000.0,1547000000.0,5545000000.0,6491726816.0,-63000000.0,55000000.0,25000000.0,-27000000.0,-47000000.0,-49000000.0,18000000.0,5000000.0,-32000000.0,0.0,-6000000.0,-6000000.0,-6000000.0,23000000.0,0.0,-0.004,189000000.0,36000000.0,357000000.0,-7.667,1.511,-18.39,-18.183,4630000000.0,0.0,31.82,1.061,1.061,659000000.0,341000000.0,1373000000.0,1373000000.0,0.0,,,,,0.0,189000000.0,1.0,204014042.0,204100000.0,205900000.0,6.727,10831000000.0,0.0,7000000.0,1481000000.0,53.067,875000000.0
41,MWV,MRQ,2004-12-31,2004-12-31,2004-12-31,2021-08-25,-31000000.0,11646000000.0,,2527000000.0,9119000000.0,,21.256,-128000000.0,275000000.0,275000000.0,1323000000.0,-499000000.0,1.536,1.698,3516000000.0,234000000.0,3282000000.0,3516000000.0,0.0,125000000.0,0.0,0.027,0.23,-423000000.0,-298000000.0,-0.184,-298000000.0,-423000000.0,-479000000.0,-2.47,-2.46,-2.47,4317000000.0,,4317000000.0,10481814295.0,-256.0,23.397,232000000.0,1.142,1.0,298000000.0,0.184,557000000.0,56000000.0,12685000000.0,,735000000.0,0.0,0.0,0.0,7329000000.0,1645000000.0,5684000000.0,6867814295.0,-15000000.0,28000000.0,41000000.0,-440000000.0,-47000000.0,-485000000.0,100000000.0,234000000.0,360000000.0,10000000.0,-499000000.0,-499000000.0,-499000000.0,541000000.0,0.0,-0.308,219000000.0,79000000.0,432000000.0,-0.093,1.591,-19.679,-19.59,4688000000.0,0.0,33.89,1.133,1.129,845000000.0,394000000.0,1621000000.0,1621000000.0,0.0,,,,,0.0,219000000.0,1.0,202650171.0,203100000.0,205700000.0,7.981,11089000000.0,0.0,20000000.0,1470000000.0,54.599,882000000.0
42,MWV,MRQ,2004-09-30,2004-09-30,2004-09-30,2021-08-25,-103000000.0,12653000000.0,,2857000000.0,9796000000.0,,23.51,-68000000.0,524000000.0,524000000.0,1271000000.0,105000000.0,1.668,1.668,4152000000.0,317000000.0,3835000000.0,4152000000.0,0.0,125000000.0,0.0,0.029,0.23,192000000.0,317000000.0,0.202,317000000.0,192000000.0,140000000.0,0.52,0.52,0.52,4742000000.0,,4742000000.0,10322752813.0,23.0,13.691,266000000.0,1.319,1.0,298000000.0,0.19,797000000.0,52000000.0,13771000000.0,,1089000000.0,0.0,0.0,0.0,7911000000.0,1713000000.0,6198000000.0,6437752813.0,-28000000.0,37000000.0,20000000.0,-59000000.0,-46000000.0,-85000000.0,-281000000.0,-239000000.0,334000000.0,4000000.0,105000000.0,105000000.0,105000000.0,-23000000.0,0.0,0.067,198000000.0,100000000.0,464000000.0,0.442,1.358,28.999,29.0,7035000000.0,0.0,31.9,1.464,1.463,1044000000.0,940000000.0,1569000000.0,1569000000.0,0.0,,,,,0.0,198000000.0,1.0,201810433.0,201700000.0,203600000.0,7.779,11856000000.0,0.0,35000000.0,1704000000.0,58.78,1144000000.0
43,MWV,MRQ,2004-06-30,2004-06-30,2004-06-30,2021-08-25,-116000000.0,12459000000.0,,2627000000.0,9832000000.0,,22.86,-73000000.0,313000000.0,313000000.0,1231000000.0,47000000.0,1.589,1.706,4197000000.0,280000000.0,3917000000.0,4197000000.0,0.0,120000000.0,0.0,0.031,0.23,129000000.0,249000000.0,0.16,249000000.0,129000000.0,78000000.0,0.23,0.23,0.23,4604000000.0,,4604000000.0,9895073915.0,26.0,13.336,129000000.0,0.641,1.0,325000000.0,0.209,766000000.0,51000000.0,13924000000.0,,1105000000.0,0.0,0.0,0.0,7855000000.0,1653000000.0,6202000000.0,5923073915.0,42000000.0,7000000.0,2000000.0,-27000000.0,-47000000.0,-72000000.0,-83000000.0,0.0,202000000.0,-5000000.0,47000000.0,47000000.0,47000000.0,27000000.0,0.0,0.03,190000000.0,135000000.0,434000000.0,1.0,1.287,41.132,41.394,7093000000.0,0.0,29.39,1.227,1.226,1038000000.0,835000000.0,1556000000.0,1556000000.0,0.0,,,,,0.0,190000000.0,1.0,201533648.0,201400000.0,202800000.0,7.726,11693000000.0,0.0,31000000.0,1636000000.0,58.059,974000000.0
44,MWV,MRQ,2004-03-31,2004-03-31,2004-03-31,2021-08-25,-97000000.0,12406000000.0,,2471000000.0,9935000000.0,,23.196,-48000000.0,271000000.0,271000000.0,1100000000.0,-2000000.0,1.638,1.658,4243000000.0,281000000.0,3962000000.0,4243000000.0,0.0,119000000.0,0.0,0.033,0.23,61000000.0,180000000.0,0.137,180000000.0,61000000.0,11000000.0,-0.01,-0.01,-0.01,4667000000.0,,4667000000.0,9702398816.0,30.0,12.937,-22000000.0,-0.109,1.0,214000000.0,0.163,755000000.0,50000000.0,14114000000.0,,1143000000.0,0.0,0.0,0.0,7739000000.0,1509000000.0,6230000000.0,5689398816.0,56000000.0,108000000.0,11000000.0,5000000.0,-46000000.0,-30000000.0,57000000.0,10000000.0,26000000.0,3000000.0,-2000000.0,-2000000.0,-2000000.0,28000000.0,0.0,-0.002,193000000.0,21000000.0,382000000.0,-23.0,1.219,62.521,62.867,7215000000.0,0.0,28.29,1.097,1.098,884000000.0,881000000.0,1314000000.0,1314000000.0,0.0,,,,,0.0,193000000.0,1.0,201109891.0,201200000.0,202700000.0,6.531,11651000000.0,0.0,13000000.0,1631000000.0,57.908,962000000.0
45,MWV,MRQ,2003-12-31,2003-12-31,2003-12-31,2021-08-25,-88000000.0,12470000000.0,,2426000000.0,10044000000.0,,23.518,-51000000.0,225000000.0,225000000.0,-261000000.0,72000000.0,1.6,1.646,4238000000.0,269000000.0,3969000000.0,4238000000.0,0.0,-58000000.0,0.0,0.031,0.23,66000000.0,8000000.0,-0.19,8000000.0,66000000.0,78000000.0,0.36,0.36,0.36,4713000000.0,,4713000000.0,10338874140.0,45.0,14.541,256000000.0,1.277,1.0,219000000.0,-5.214,750000000.0,-12000000.0,14217000000.0,,1098000000.0,0.0,0.0,0.0,7757000000.0,1516000000.0,6241000000.0,5966874140.0,39000000.0,47000000.0,7000000.0,-309000000.0,-46000000.0,-345000000.0,65000000.0,-10000000.0,307000000.0,12000000.0,72000000.0,72000000.0,72000000.0,62000000.0,0.0,-1.714,131000000.0,88000000.0,380000000.0,0.639,1.266,331.493,330.556,7378000000.0,0.0,29.75,1.072,1.071,943000000.0,929000000.0,-42000000.0,-42000000.0,0.0,,,,,0.0,131000000.0,1.0,200567198.0,200400000.0,206000000.0,-0.21,11720000000.0,0.0,6000000.0,1640000000.0,58.483,910000000.0
46,MWV,MRQ,2003-09-30,2003-09-30,2003-09-30,2021-08-25,-142000000.0,12712000000.0,,2468000000.0,10244000000.0,,23.403,-87000000.0,177000000.0,177000000.0,1684000000.0,27000000.0,1.328,1.71,4549000000.0,632000000.0,3917000000.0,4549000000.0,0.0,180000000.0,0.0,0.036,0.23,125000000.0,305000000.0,0.153,305000000.0,125000000.0,53000000.0,0.13,0.13,0.13,4690000000.0,,4690000000.0,9592918225.0,32.0,9.433,90000000.0,0.449,1.0,315000000.0,0.158,745000000.0,72000000.0,14480000000.0,,1134000000.0,0.0,0.0,0.0,8022000000.0,1859000000.0,6163000000.0,5109918225.0,35000000.0,58000000.0,4000000.0,-64000000.0,-46000000.0,-106000000.0,-33000000.0,0.0,177000000.0,-3000000.0,27000000.0,27000000.0,27000000.0,0.0,0.0,0.014,210000000.0,105000000.0,1227000000.0,1.769,1.09,-189.256,-231.818,7435000000.0,0.0,25.5,0.681,0.681,996000000.0,910000000.0,1999000000.0,1999000000.0,0.0,,,,,0.0,210000000.0,1.0,200388950.0,200400000.0,201800000.0,9.975,11967000000.0,0.0,26000000.0,1750000000.0,59.716,609000000.0
47,MWV,MRQ,2003-06-30,2003-06-30,2003-06-30,2021-08-25,-105000000.0,12894000000.0,,2480000000.0,10414000000.0,,23.433,-95000000.0,141000000.0,141000000.0,1657000000.0,-6000000.0,1.225,1.746,4624000000.0,675000000.0,3949000000.0,4624000000.0,0.0,181000000.0,0.0,0.037,0.23,76000000.0,257000000.0,0.134,257000000.0,76000000.0,3000000.0,-0.03,-0.03,-0.03,4696000000.0,,4696000000.0,9406546525.0,36.0,9.668,-22000000.0,-0.11,1.0,258000000.0,0.135,745000000.0,73000000.0,14607000000.0,,1196000000.0,0.0,0.0,0.0,8198000000.0,2025000000.0,6173000000.0,4949546525.0,45000000.0,69000000.0,1000000.0,47000000.0,-46000000.0,2000000.0,-36000000.0,0.0,73000000.0,6000000.0,-6000000.0,-6000000.0,-6000000.0,0.0,0.0,-0.003,229000000.0,29000000.0,1350000000.0,-7.667,1.054,-88.385,-98.8,7703000000.0,0.0,24.7,0.658,0.658,980000000.0,883000000.0,1915000000.0,1915000000.0,0.0,,,,,0.0,229000000.0,1.0,200386499.0,200400000.0,200400000.0,9.556,12149000000.0,0.0,9000000.0,1740000000.0,60.624,455000000.0
48,MWV,MRQ,2003-03-31,2003-03-31,2003-03-31,2021-08-25,-156000000.0,12716000000.0,,2236000000.0,10480000000.0,,23.696,-76000000.0,96000000.0,96000000.0,1513000000.0,-75000000.0,1.444,1.68,4553000000.0,324000000.0,4229000000.0,4553000000.0,0.0,176000000.0,0.0,0.04,0.23,-35000000.0,141000000.0,0.083,141000000.0,-35000000.0,-112000000.0,-0.38,-0.38,-0.38,4744000000.0,,4744000000.0,8783455179.0,35.0,9.178,-163000000.0,-0.814,1.0,181000000.0,0.107,740000000.0,77000000.0,14885000000.0,,1124000000.0,0.0,0.0,0.0,7972000000.0,1548000000.0,6424000000.0,4559455179.0,-276000000.0,-6000000.0,7000000.0,-59000000.0,-46000000.0,-98000000.0,-91000000.0,0.0,-87000000.0,0.0,-75000000.0,-75000000.0,-75000000.0,0.0,0.0,-0.044,210000000.0,-29000000.0,1224000000.0,-0.605,0.961,-78.611,-87.615,7781000000.0,0.0,22.78,0.606,0.606,836000000.0,983000000.0,1694000000.0,1694000000.0,0.0,,,,,0.0,210000000.0,1.0,200151676.0,200200000.0,200200000.0,8.462,11976000000.0,0.0,-37000000.0,1727000000.0,59.82,688000000.0
49,MWV,MRQ,2002-12-31,2002-12-31,2002-12-31,2021-08-25,-195000000.0,12904000000.0,,2431000000.0,10473000000.0,,23.777,-148000000.0,372000000.0,372000000.0,1570000000.0,27000000.0,1.485,1.715,4596000000.0,363000000.0,4233000000.0,4596000000.0,0.0,182000000.0,0.0,0.037,0.23,132000000.0,314000000.0,0.166,314000000.0,132000000.0,52000000.0,0.17,0.17,0.17,4753000000.0,,4753000000.0,9304839349.0,-94.0,16.182,59000000.0,0.295,1.0,323000000.0,0.171,723000000.0,80000000.0,14768000000.0,,1002000000.0,0.0,0.0,0.0,8151000000.0,1637000000.0,6514000000.0,4942839349.0,-79000000.0,109000000.0,0.0,-196000000.0,-46000000.0,-242000000.0,-44000000.0,0.0,207000000.0,0.0,27000000.0,27000000.0,27000000.0,5000000.0,0.0,0.014,238000000.0,85000000.0,1274000000.0,1.353,1.04,-12.419,-11.937,7834000000.0,0.0,24.71,0.683,0.655,894000000.0,1095000000.0,1893000000.0,1893000000.0,0.0,,,,,0.0,238000000.0,1.0,200033968.0,199900000.0,199900000.0,9.47,12181000000.0,0.0,25000000.0,1687000000.0,60.935,794000000.0
50,MWV,MRQ,2002-09-30,2002-09-30,2002-09-30,2021-08-25,0.0,13076000000.0,,2577000000.0,10499000000.0,,24.14,-91000000.0,451000000.0,451000000.0,1715000000.0,-2000000.0,1.537,1.708,4813000000.0,445000000.0,4368000000.0,4813000000.0,0.0,175000000.0,0.0,0.036,0.23,86000000.0,261000000.0,0.129,261000000.0,86000000.0,5000000.0,-0.01,-0.01,-0.01,4828000000.0,,4828000000.0,8649661774.0,,,143000000.0,0.715,1.0,308000000.0,0.152,726000000.0,81000000.0,15035000000.0,,1023000000.0,0.0,0.0,0.0,8248000000.0,1677000000.0,6571000000.0,3840661774.0,355000000.0,382000000.0,5000000.0,-260000000.0,-46000000.0,-176000000.0,300000000.0,0.0,234000000.0,-3000000.0,-2000000.0,-2000000.0,-2000000.0,19000000.0,0.0,-0.001,215000000.0,93000000.0,1232000000.0,-23.0,0.795,,,7874000000.0,0.0,19.21,,,963000000.0,1114000000.0,2023000000.0,2023000000.0,0.0,,,,,0.0,215000000.0,1.0,199930337.0,200000000.0,200200000.0,10.115,12350000000.0,0.0,7000000.0,1728000000.0,61.75,900000000.0
51,MWV,MRQ,2002-06-30,2002-06-30,2002-06-30,2021-08-25,0.0,13413000000.0,,2524000000.0,10889000000.0,,24.479,-99000000.0,221000000.0,221000000.0,1644000000.0,-8000000.0,1.441,1.742,5030000000.0,527000000.0,4503000000.0,5030000000.0,0.0,172000000.0,0.0,0.014,0.23,69000000.0,241000000.0,0.126,241000000.0,69000000.0,-12000000.0,-0.04,-0.04,-0.04,4891000000.0,,4891000000.0,11536051826.0,,,81000000.0,0.405,1.0,275000000.0,0.143,715000000.0,81000000.0,15756000000.0,,1174000000.0,0.0,0.0,0.0,8522000000.0,1751000000.0,6771000000.0,6706051826.0,10000000.0,1000000.0,4000000.0,100000000.0,-46000000.0,-67000000.0,-99000000.0,0.0,180000000.0,-4000000.0,-8000000.0,-8000000.0,-8000000.0,3000000.0,0.0,-0.004,219000000.0,56000000.0,1224000000.0,-5.75,1.371,,,8324000000.0,0.0,33.56,,,986000000.0,1162000000.0,1919000000.0,1919000000.0,0.0,,,,,0.0,219000000.0,1.0,199822760.0,199800000.0,199800000.0,9.605,12698000000.0,0.0,-4000000.0,1789000000.0,63.554,773000000.0
52,MWV,MRQ,2002-03-31,2002-03-31,2002-03-31,2021-08-25,0.0,13640000000.0,,2284000000.0,11356000000.0,,31.463,-86000000.0,86000000.0,86000000.0,1267000000.0,-415000000.0,1.771,1.577,4916000000.0,206000000.0,4710000000.0,4916000000.0,0.0,145000000.0,0.0,0.007,0.23,-386000000.0,-241000000.0,-0.171,-241000000.0,-386000000.0,-454000000.0,-2.46,-2.46,-2.46,5292000000.0,,5292000000.0,9351894051.0,,,-213000000.0,-1.266,1.0,140000000.0,0.1,912000000.0,68000000.0,16268000000.0,,1225000000.0,0.0,0.0,0.0,8348000000.0,1290000000.0,7058000000.0,6590494051.0,-16000000.0,149000000.0,28000000.0,101000000.0,-68000000.0,61000000.0,49000000.0,0.0,-127000000.0,1000000.0,-415000000.0,-415000000.0,-415000000.0,7000000.0,0.0,-0.295,184000000.0,-44000000.0,1084000000.0,-0.093,1.245,,,8635000000.0,0.0,33.15,,,821000000.0,1568000000.0,1407000000.0,1407000000.0,0.0,,,,,0.0,184000000.0,1.0,198808267.0,168200000.0,168200000.0,8.365,12728000000.0,0.0,-39000000.0,1876000000.0,75.672,994000000.0
53,MWV,MRQ,2001-12-31,2001-12-31,2001-12-31,2021-08-25,0.0,6828000000.0,,1034000000.0,5794000000.0,,22.63,,102000000.0,102000000.0,,,1.424,1.949,2864000000.0,167000000.0,2697000000.0,2864000000.0,0.0,,0.0,,0.0,,,,,,,,,,2315000000.0,,2315000000.0,5664919909.0,,,,,1.0,,,561000000.0,,8303000000.0,,435000000.0,0.0,0.0,0.0,4513000000.0,726000000.0,3787000000.0,2910355909.0,,,,,,,,,,,,,,,,,,,544000000.0,,1.257,,,4203000000.0,,28.45,,,396000000.0,1687000000.0,,,,,,,,,,1.0,102297220.0,102297220.0,,,6267000000.0,0.0,,1022000000.0,61.263,308000000.0
54,MWV,MRQ,2001-09-30,2001-10-31,2001-10-31,2021-08-25,186800000.0,6787000000.0,,1015700000.0,5771300000.0,,22.858,-96439000.0,81200000.0,81200000.0,1251577000.0,8181000.0,1.449,1.899,2833400000.0,172900000.0,2660500000.0,2833400000.0,0.0,90674000.0,0.0,0.0,0.0,52152000.0,142826000.0,0.125,142826000.0,52152000.0,781000.0,0.08,0.08,0.08,2340900000.0,,2340900000.0,5265960751.0,16.0,7.825,12561000.0,0.123,1.0,-111553000.0,-0.098,565200000.0,51371000.0,8273000000.0,,426400000.0,0.0,0.0,0.0,4446100000.0,701000000.0,3745100000.0,2511396751.0,12911000.0,29393000.0,2182000.0,-12349000.0,-22178000.0,-32345000.0,-297803000.0,0.0,109000000.0,-1721000.0,8181000.0,8181000.0,8181000.0,0.0,0.0,0.007,-144124000.0,32571000.0,511600000.0,0.0,1.073,28.539,28.218,4227300000.0,0.0,24.55,0.638,0.633,414700000.0,1731800000.0,1140024000.0,1140024000.0,0.0,,,,,0.0,115053000.0,1.0,102297220.0,102412000.0,102539000.0,11.132,6221800000.0,0.0,-7400000.0,1024300000.0,60.753,314700000.0
55,MWV,MRQ,2001-06-30,2001-06-30,2001-06-30,2021-08-25,,,,,,,,0.0,,,5000000.0,8000000.0,,,,,,,,86000000.0,,0.0,0.0,6000000.0,92000000.0,11.5,92000000.0,6000000.0,6000000.0,0.08,0.08,0.08,,,,5094091330.0,,,,,1.0,3000000.0,0.375,,0.0,,,,,,,,,,2446827330.0,0.0,-33000000.0,1000000.0,14000000.0,0.0,-47000000.0,50000000.0,0.0,,,8000000.0,8000000.0,8000000.0,0.0,0.0,1.0,-3000000.0,6000000.0,,0.0,,,,,0.0,24.29,,,,,8000000.0,8000000.0,0.0,,,,,,-3000000.0,1.0,100733937.0,102200000.0,102400000.0,0.078,,,-2000000.0,,,
56,MWV,MRQ,2001-03-31,2001-03-31,2001-03-31,2021-08-25,,,,,,,,0.0,,,815000000.0,16000000.0,,,,,,,,85000000.0,,0.0,0.0,78000000.0,163000000.0,0.166,163000000.0,78000000.0,26000000.0,0.16,0.16,0.16,,,,5038565471.0,,,,,1.0,167000000.0,0.17,,52000000.0,,,,,,,,,,2441228471.0,0.0,-13000000.0,-1000000.0,304000000.0,0.0,48000000.0,-96000000.0,0.0,,-3000000.0,16000000.0,16000000.0,16000000.0,0.0,0.0,0.016,96000000.0,71000000.0,,0.0,,,,,0.0,24.23,,,,,982000000.0,982000000.0,0.0,,,,,,96000000.0,1.0,100752310.0,100800000.0,100800000.0,9.742,,,10000000.0,,,
57,MWV,MRQ,2000-12-31,2001-01-31,2001-01-31,2021-08-25,-135663000.0,6528800000.0,,993223000.0,5535577000.0,,23.292,-69300000.0,100497000.0,100497000.0,660097000.0,33286000.0,1.932,1.783,2697834000.0,29959000.0,2667875000.0,2697834000.0,0.0,84626000.0,0.0,0.0,0.0,105443000.0,190069000.0,0.205,190069000.0,105443000.0,52786000.0,0.33,0.33,0.33,2345969000.0,,2345969000.0,5198276178.0,9.0,5.846,,,1.0,266025000.0,0.287,663713000.0,52657000.0,7948449000.0,,387201000.0,0.0,0.0,0.0,4182831000.0,513975000.0,3668856000.0,2706812178.0,,0.0,,,,,-69111000.0,0.0,,,33286000.0,33286000.0,33286000.0,0.0,0.0,0.036,172155000.0,93870000.0,472368000.0,0.0,1.154,11.817,11.846,4195342000.0,0.0,26.89,0.68,0.68,409797000.0,1772874000.0,926122000.0,926122000.0,0.0,,,,,,87529000.0,1.0,100662409.0,100719000.0,100896000.0,9.195,5865087000.0,0.0,19500000.0,936391000.0,58.232,479248000.0
58,MWV,MRQ,2000-09-30,2000-10-31,2000-10-31,2021-08-25,135700000.0,6569900000.0,,1063700000.0,5506200000.0,,23.154,106592000.0,225300000.0,225300000.0,1219586000.0,80858000.0,1.876,1.817,2716800000.0,30100000.0,2686700000.0,2716800000.0,0.0,81872000.0,0.0,0.0,0.0,174425000.0,256297000.0,0.209,256297000.0,174425000.0,121158000.0,0.8,0.8,0.8,2332600000.0,,2332600000.0,5361943465.0,9.0,5.984,659969000.0,6.551,1.0,5141000.0,0.004,606200000.0,53267000.0,7888300000.0,,333300000.0,0.0,0.0,0.0,4237300000.0,566900000.0,3670400000.0,2868852465.0,-75656000.0,-113442000.0,69000.0,1534031000.0,-21660000.0,-11560000.0,-1479301000.0,0.0,553377000.0,828000.0,80858000.0,80858000.0,80858000.0,0.0,0.0,0.066,-146161000.0,151302000.0,523200000.0,0.0,1.23,11.662,11.68,4196600000.0,0.0,28.5,0.744,0.743,421700000.0,1761800000.0,1224727000.0,1224727000.0,0.0,,,,,0.0,99067000.0,1.0,100661490.0,100741000.0,100741000.0,12.157,5963700000.0,0.0,40300000.0,921300000.0,59.198,496800000.0
59,MWV,MRQ,2000-06-30,2000-07-31,2000-07-31,2021-08-25,-116832000.0,6554086000.0,,1115137000.0,5438949000.0,,22.769,-59900000.0,300448000.0,300448000.0,633737000.0,53552000.0,1.737,1.859,2793539000.0,125786000.0,2667753000.0,2793539000.0,0.0,81319000.0,0.0,0.0,0.0,134584000.0,215903000.0,0.233,215903000.0,134584000.0,86552000.0,0.53,0.53,0.53,2292164000.0,,2292164000.0,4894814563.0,11.0,6.494,-294446000.0,-2.925,1.0,294285000.0,0.317,0.0,48032000.0,8405154000.0,,342263000.0,0.0,0.0,0.0,4261922000.0,642023000.0,3619899000.0,2761968563.0,175803000.0,-382498000.0,49000.0,475354000.0,-22139000.0,453264000.0,-443632000.0,0.0,-234546000.0,717000.0,53552000.0,53552000.0,53552000.0,0.0,0.0,0.058,172329000.0,121956000.0,499366000.0,0.0,1.205,14.626,14.596,4195442000.0,0.0,27.44,0.777,0.777,391550000.0,1703163000.0,928022000.0,928022000.0,0.0,,,,,0.0,66749000.0,1.0,100654831.0,100669000.0,100945000.0,9.219,6554086000.0,0.0,33000000.0,894479000.0,65.105,473114000.0
60,MWV,MRQ,2000-03-31,2000-04-30,2000-04-30,2021-08-25,-119786000.0,5791418000.0,,843602000.0,4947816000.0,,22.439,-18468000.0,124645000.0,124645000.0,617434000.0,61365000.0,1.889,1.565,2257491000.0,18650000.0,2238841000.0,2257491000.0,0.0,78907000.0,0.0,0.0,0.0,147966000.0,226873000.0,0.251,226873000.0,147966000.0,102565000.0,0.61,0.61,0.61,2257548000.0,,2257548000.0,5342457036.0,13.0,7.701,113492000.0,1.128,1.0,287224000.0,0.317,0.0,45401000.0,7477589000.0,,296701000.0,0.0,0.0,0.0,3533870000.0,446675000.0,3087195000.0,3104501036.0,-402990000.0,-1100000.0,1982000.0,-493816000.0,-22125000.0,-513959000.0,-20366000.0,0.0,131960000.0,-625000.0,61365000.0,61365000.0,61365000.0,0.0,0.0,0.068,134148000.0,153076000.0,423493000.0,0.0,1.375,18.232,18.159,4121163000.0,0.0,30.87,0.933,0.933,352552000.0,1671776000.0,904658000.0,904658000.0,0.0,,,,,0.0,66402000.0,1.0,100566927.0,100607000.0,100978000.0,8.992,5791418000.0,0.0,41200000.0,852886000.0,57.565,396927000.0
61,MWV,MRQ,1999-12-31,2000-01-31,2000-01-31,2021-08-25,-118178000.0,6216574000.0,,1261299000.0,4955275000.0,,22.087,-28224000.0,527635000.0,527635000.0,554243000.0,50225000.0,1.601,1.803,2765591000.0,374457000.0,2391134000.0,2765591000.0,0.0,71902000.0,0.0,0.0,0.0,125025000.0,196927000.0,0.246,196927000.0,125025000.0,79725000.0,0.5,0.5,0.5,2217779000.0,,2217779000.0,4195620612.0,13.0,6.891,103985000.0,1.036,1.0,245350000.0,0.307,0.0,45300000.0,7666865000.0,,298181000.0,0.0,0.0,0.0,3998795000.0,787665000.0,3211130000.0,2752035612.0,418843000.0,-763960000.0,4900000.0,1095431000.0,-22076000.0,1078255000.0,-792701000.0,0.0,132209000.0,1080000.0,50225000.0,50225000.0,50225000.0,0.0,0.0,0.063,132684000.0,112666000.0,398838000.0,0.0,1.241,20.205,20.176,4161717000.0,0.0,27.44,0.887,0.888,364794000.0,1633051000.0,799593000.0,799593000.0,0.0,,,,,0.0,60782000.0,1.0,100292843.0,100412000.0,100965000.0,7.963,6216574000.0,0.0,29500000.0,834366000.0,61.911,473634000.0
62,MWV,MRQ,1999-09-30,1999-10-31,1999-10-31,2021-08-25,129981000.0,4896692000.0,,738008000.0,4158684000.0,,21.679,390363000.0,108792000.0,108792000.0,677527000.0,23697000.0,1.736,1.255,1477054000.0,50200000.0,1426854000.0,1477054000.0,0.0,72552000.0,0.0,0.0,0.0,41516000.0,114068000.0,0.124,114068000.0,41516000.0,10497000.0,0.24,0.24,0.24,2171288000.0,,2171288000.0,4496187963.0,17.0,8.145,535478000.0,5.346,1.0,245275000.0,0.266,0.0,31019000.0,5839840000.0,,248963000.0,0.0,0.0,0.0,2725404000.0,425114000.0,2300290000.0,2978037963.0,-5367000.0,68159000.0,21084000.0,1823751000.0,154321000.0,217956000.0,414482000.0,0.0,145115000.0,35080000.0,23697000.0,23697000.0,23697000.0,0.0,0.0,0.026,233159000.0,12116000.0,361959000.0,0.0,1.372,26.781,26.748,3581383000.0,0.0,29.69,1.008,1.007,318369000.0,1607504000.0,922802000.0,922802000.0,0.0,,,,,0.0,62672000.0,1.0,100304411.0,100155000.0,100608000.0,9.214,4896692000.0,0.0,-13200000.0,811068000.0,48.891,312894000.0
63,MWV,MRQ,1999-06-30,1999-07-31,1999-07-31,2021-08-25,-117016000.0,4974449000.0,,730351000.0,4244098000.0,,21.774,-47628000.0,114117000.0,114117000.0,493177000.0,34986000.0,1.556,1.279,1632267000.0,120611000.0,1511656000.0,1632267000.0,0.0,69831000.0,0.0,0.0,0.0,86023000.0,155854000.0,0.223,155854000.0,86023000.0,54986000.0,0.35,0.35,0.35,2182917000.0,,2182917000.0,4512510609.0,15.0,7.653,71397000.0,0.712,1.0,207025000.0,0.296,0.0,31037000.0,6023126000.0,,265785000.0,0.0,0.0,0.0,2791532000.0,469473000.0,2322059000.0,2949081609.0,22712000.0,0.0,2647000.0,-25635000.0,-22050000.0,-45038000.0,-47916000.0,0.0,119025000.0,-3359000.0,34986000.0,34986000.0,34986000.0,0.0,0.0,0.05,121002000.0,86023000.0,332368000.0,0.0,1.351,24.429,24.533,3692985000.0,0.0,29.44,1.068,1.069,286654000.0,1605980000.0,700202000.0,700202000.0,0.0,,,,,0.0,56990000.0,1.0,100172609.0,100252000.0,100759000.0,6.984,4974449000.0,0.0,20000000.0,826897000.0,49.619,260878000.0
64,MWV,MRQ,1999-03-31,1999-04-30,1999-04-30,2021-08-25,-104138000.0,4972680000.0,,718733000.0,4253947000.0,,21.774,-58400000.0,91405000.0,91405000.0,485836000.0,27295000.0,1.482,1.281,1654834000.0,139713000.0,1515121000.0,1654834000.0,0.0,68786000.0,0.0,0.0,0.0,73238000.0,142024000.0,0.209,142024000.0,73238000.0,42395000.0,0.27,0.27,0.27,2179848000.0,,2179848000.0,4554264412.0,15.0,7.863,36219000.0,0.362,1.0,193645000.0,0.285,0.0,30843000.0,6051192000.0,,283746000.0,0.0,0.0,0.0,2792832000.0,484917000.0,2307915000.0,2992270412.0,-3381000.0,-22659000.0,23000.0,-1563000.0,-22015000.0,-23555000.0,-81139000.0,0.0,94619000.0,6694000.0,27295000.0,27295000.0,27295000.0,0.0,0.0,0.04,120407000.0,73238000.0,327509000.0,0.0,1.373,25.486,25.75,3724542000.0,0.0,29.87,1.073,1.072,277971000.0,1594556000.0,679481000.0,679481000.0,0.0,,,,,0.0,56232000.0,1.0,100176445.0,100111000.0,100145000.0,6.787,4972680000.0,0.0,15100000.0,810489000.0,49.672,233816000.0
65,MWV,MRQ,1998-12-31,1999-01-31,1999-01-31,2021-08-25,-128059000.0,4919338000.0,,724492000.0,4194846000.0,,21.445,-55435000.0,94786000.0,94786000.0,464360000.0,25222000.0,1.536,1.288,1656780000.0,134523000.0,1522257000.0,1656780000.0,0.0,69331000.0,0.0,0.0,0.0,70723000.0,140054000.0,0.215,140054000.0,70723000.0,40122000.0,0.25,0.25,0.25,2150106000.0,,2150106000.0,3733564656.0,12.0,6.351,-1494000.0,-0.015,1.0,186355000.0,0.286,0.0,30601000.0,6009562000.0,,300548000.0,0.0,0.0,0.0,2769232000.0,471770000.0,2297462000.0,2213199656.0,-10264000.0,0.0,-3854000.0,37147000.0,-22056000.0,11237000.0,-55527000.0,0.0,53941000.0,-19915000.0,25222000.0,25222000.0,25222000.0,0.0,0.0,0.039,115632000.0,70723000.0,313908000.0,0.0,1.029,17.745,17.935,3708274000.0,0.0,22.06,0.781,0.78,260257000.0,1590969000.0,650715000.0,650715000.0,0.0,,,,,0.0,55006000.0,1.0,100326367.0,100261000.0,100468000.0,6.49,4919338000.0,0.0,14900000.0,798544000.0,49.065,252722000.0
66,MWV,MRQ,1998-09-30,1998-10-31,1998-10-31,2021-08-25,32167000.0,5008668000.0,,739192000.0,4269476000.0,,22.281,759729000.0,105050000.0,105050000.0,523355000.0,33217000.0,1.582,1.23,1625415000.0,99072000.0,1526343000.0,1625415000.0,0.0,71031000.0,0.0,0.0,0.0,80699000.0,151730000.0,0.207,151730000.0,80699000.0,51417000.0,0.33,0.33,0.33,2246448000.0,,2246448000.0,3974760564.0,13.0,6.674,875545000.0,8.684,1.0,208436000.0,0.285,0.0,29282000.0,6061908000.0,,285783000.0,0.0,0.0,0.0,2762220000.0,467125000.0,2295095000.0,2466886564.0,132948000.0,6905000.0,77433000.0,940840000.0,156342000.0,70695000.0,752931000.0,0.0,115816000.0,6918000.0,33217000.0,33217000.0,33217000.0,0.0,0.0,0.045,146484000.0,61952000.0,346552000.0,0.0,1.098,18.687,18.746,3802431000.0,0.0,24.37,0.855,0.856,286423000.0,1588932000.0,731791000.0,731791000.0,0.0,,,,,0.0,63255000.0,1.0,101226367.0,100822000.0,100888000.0,7.258,5008668000.0,0.0,18200000.0,790253000.0,49.678,272067000.0
67,MWV,MRQ,1998-06-30,1998-07-31,1998-07-31,2021-08-25,-29526000.0,4987954000.0,,738336000.0,4249618000.0,,22.285,-119799000.0,112710000.0,112710000.0,528512000.0,31674000.0,1.657,1.21,1620584000.0,93734000.0,1526850000.0,1620584000.0,0.0,70772000.0,0.0,0.0,0.0,74641000.0,145413000.0,0.2,145413000.0,74641000.0,48774000.0,0.31,0.31,0.31,2257357000.0,,2257357000.0,4014515372.0,12.0,6.475,-1996000.0,-0.02,1.0,199314000.0,0.274,0.0,25867000.0,6050297000.0,,284030000.0,0.0,0.0,0.0,2730597000.0,445531000.0,2285066000.0,2538921372.0,6198000.0,0.0,-4856000.0,36599000.0,-22299000.0,9444000.0,-120105000.0,0.0,117803000.0,-944000.0,31674000.0,31674000.0,31674000.0,0.0,0.0,0.044,124673000.0,74641000.0,329924000.0,0.0,1.125,16.869,16.932,3796770000.0,0.0,25.06,0.864,0.864,277524000.0,1577974000.0,727826000.0,727826000.0,0.0,,,,,0.0,57317000.0,1.0,101313702.0,101297000.0,101699000.0,7.185,4987954000.0,0.0,17100000.0,780089000.0,49.241,292805000.0
68,MWV,MRQ,1998-03-31,1998-04-30,1998-04-30,2021-08-25,-25781000.0,4939732000.0,,747844000.0,4191888000.0,,22.24,-105271000.0,106512000.0,106512000.0,517854000.0,34606000.0,1.787,1.191,1582106000.0,58868000.0,1523238000.0,1582106000.0,0.0,69678000.0,0.0,0.0,0.0,80959000.0,150637000.0,0.208,150637000.0,80959000.0,53406000.0,0.34,0.34,0.34,2254891000.0,,2254891000.0,4504422007.0,13.0,7.26,-17317000.0,-0.171,1.0,206333000.0,0.285,0.0,27553000.0,5996885000.0,,289162000.0,0.0,0.0,0.0,2684841000.0,418441000.0,2266400000.0,3075045007.0,-7221000.0,0.0,-4432000.0,37877000.0,-22323000.0,11122000.0,-105269000.0,0.0,87954000.0,-1028000.0,34606000.0,34606000.0,34606000.0,0.0,0.0,0.048,125374000.0,80959000.0,344690000.0,0.0,1.364,19.665,19.682,3754303000.0,0.0,30.31,1.043,1.043,289439000.0,1570389000.0,724187000.0,724187000.0,0.0,,,,,0.0,60218000.0,1.0,101453151.0,101387000.0,102098000.0,7.143,4939732000.0,0.0,18800000.0,758045000.0,48.722,329403000.0
69,MWV,MRQ,1997-12-31,1998-01-31,1998-01-31,2021-08-25,-22000000.0,4901963000.0,,757119000.0,4144844000.0,,22.139,-111675000.0,113733000.0,113733000.0,501290000.0,32516000.0,1.853,1.177,1543110000.0,26376000.0,1516734000.0,1543110000.0,0.0,69500000.0,0.0,0.0,0.0,78276000.0,147776000.0,0.21,147776000.0,78276000.0,50816000.0,0.32,0.32,0.32,2251331000.0,,2251331000.0,,,,-26542000.0,-0.261,1.0,200823000.0,0.286,0.0,27460000.0,5922733000.0,,288245000.0,0.0,0.0,0.0,2650632000.0,408607000.0,2242025000.0,3291140218.0,-61621000.0,0.0,-14895000.0,3024000.0,-22420000.0,-34291000.0,-111528000.0,0.0,85133000.0,-935000.0,32516000.0,32516000.0,32516000.0,0.0,0.0,0.046,122547000.0,78276000.0,355556000.0,0.0,1.462,20.607,20.662,3721889000.0,0.0,32.44,1.116,1.119,290170000.0,1558849000.0,702113000.0,702113000.0,0.0,,,,,0.0,57307000.0,1.0,101453151.0,101691000.0,102419000.0,6.904,4901963000.0,0.0,18300000.0,751966000.0,48.204,348512000.0
70,MWV,MRQ,1997-09-30,1997-10-31,1997-10-31,2021-08-25,0.0,4898787000.0,,805208000.0,4093579000.0,,22.338,1107295000.0,175354000.0,175354000.0,553580000.0,51712000.0,1.985,1.15,1538742000.0,26121000.0,1512621000.0,1538742000.0,0.0,74211000.0,0.0,0.0,0.0,101960000.0,176171000.0,0.225,176171000.0,101960000.0,75112000.0,0.51,0.5,0.51,2278568000.0,,2278568000.0,,,,1234787000.0,12.106,1.0,229533000.0,0.293,0.0,26848000.0,5856598000.0,,270519000.0,0.0,0.0,0.0,2620219000.0,405577000.0,2214642000.0,,-54870000.0,0.0,23680000.0,564278000.0,157070000.0,-49312000.0,1053381000.0,0.0,127492000.0,797000.0,51712000.0,51712000.0,51712000.0,0.0,0.0,0.066,127573000.0,101960000.0,356691000.0,0.0,,,20.506,3684358000.0,0.0,32.81,,1.122,300827000.0,1549356000.0,783113000.0,783113000.0,0.0,,,,,0.0,66136000.0,1.0,,102002000.0,102977000.0,7.677,4898787000.0,0.0,23400000.0,724786000.0,48.026,399631000.0
71,MWV,MRQ,1997-06-30,1997-07-31,1997-07-31,2021-08-25,,,,,,,,-152593000.0,,,535780000.0,37538000.0,,,,,,,,67344000.0,,0.0,0.0,78540000.0,145884000.0,0.198,145884000.0,78540000.0,55138000.0,0.37,0.37,0.37,,,,,,,-34167000.0,-0.335,1.0,202447000.0,0.274,,23402000.0,,,,,,,,,,,95089000.0,0.0,3407000.0,147010000.0,-22441000.0,127976000.0,-151244000.0,0.0,118426000.0,-69000.0,37538000.0,37538000.0,37538000.0,0.0,0.0,0.051,123907000.0,78540000.0,,0.0,,,,,0.0,33.44,,,,,738227000.0,738227000.0,0.0,,,,,0.0,60079000.0,1.0,,102037000.0,102821000.0,7.235,,,17600000.0,,,
72,MWV,MRQ,1997-03-31,1997-04-30,1997-04-30,2021-08-25,,,,,,,,-148170000.0,,,527658000.0,37940000.0,,,,,,,,64442000.0,,0.0,0.0,81054000.0,145496000.0,0.201,145496000.0,81054000.0,59240000.0,0.37,0.37,0.37,,,,,,,-51547000.0,-0.506,1.0,196935000.0,0.272,,21814000.0,,,,,,,,,,,33572000.0,0.0,320000.0,89005000.0,-22430000.0,66895000.0,-129730000.0,0.0,96623000.0,-216000.0,37940000.0,37940000.0,37940000.0,0.0,0.0,0.052,115881000.0,81054000.0,,0.0,,,,,0.0,28.0,,,,,724593000.0,724593000.0,0.0,,,,,0.0,56059000.0,1.0,,101952000.0,102466000.0,7.107,,,21300000.0,,,
73,MWV,MRQ,1996-12-31,1997-01-31,1997-01-31,2021-08-25,,,,,,,,-163068000.0,,,544176000.0,35510000.0,,,,,,,,63154000.0,,0.0,0.0,78318000.0,141472000.0,0.192,141472000.0,78318000.0,57110000.0,0.35,0.35,0.35,,,,,,,-114926000.0,-1.128,1.0,192179000.0,0.261,,21208000.0,,,,,,,,,,,-13805000.0,0.0,868000.0,138911000.0,-22421000.0,117358000.0,-179439000.0,0.0,48142000.0,134000.0,35510000.0,35510000.0,35510000.0,0.0,0.0,0.048,113861000.0,78318000.0,,0.0,,,,,0.0,29.25,,,,,736355000.0,736355000.0,0.0,,,,,0.0,58540000.0,1.0,,101912000.0,102542000.0,7.225,,,21600000.0,,,
0,MWV,MRT,2015-03-31,2015-03-31,2015-03-31,2021-08-25,-631000000.0,9133000000.0,9504750000.0,1863000000.0,7270000000.0,0.588,18.642,-345000000.0,262000000.0,262000000.0,4435000000.0,283000000.0,1.988,1.869,1884000000.0,74000000.0,1810000000.0,1884000000.0,0.0,359000000.0,0.0,0.02,1.0,592000000.0,951000000.0,0.17,951000000.0,592000000.0,380000000.0,1.59,1.54,1.59,3130000000.0,3357250000.0,3130000000.0,9768269355.0,17.0,10.272,132000000.0,0.786,1.0,1156000000.0,0.207,680000000.0,212000000.0,9138000000.0,9285500000.0,681000000.0,0.0,0.0,0.0,5850000000.0,937000000.0,4913000000.0,8350269355.0,-70000000.0,42000000.0,-39000000.0,-32000000.0,-168000000.0,-242000000.0,-265000000.0,0.0,477000000.0,-40000000.0,265000000.0,265000000.0,265000000.0,-3000000.0,18000000.0,0.047,605000000.0,551000000.0,519000000.0,0.629,2.668,31.51,31.365,3306000000.0,0.0,49.87,1.494,1.498,688000000.0,857000000.0,5591000000.0,5591000000.0,0.0,0.028,0.079,0.064,0.106,0.0,605000000.0,1.0,167440733.0,167900000.0,170800000.0,33.3,8453000000.0,0.0,115000000.0,1319000000.0,50.345,926000000.0
1,MWV,MRT,2014-12-31,2014-12-31,2014-12-31,2021-08-25,-486000000.0,9364000000.0,9660250000.0,1974000000.0,7390000000.0,0.583,19.289,-346000000.0,454000000.0,454000000.0,4465000000.0,281000000.0,1.918,1.83,1872000000.0,82000000.0,1790000000.0,1872000000.0,0.0,370000000.0,0.0,0.045,2.0,593000000.0,963000000.0,0.171,963000000.0,593000000.0,380000000.0,1.55,1.53,1.55,3254000000.0,3449750000.0,3254000000.0,8886558219.0,15.0,9.228,36000000.0,0.213,1.0,1166000000.0,0.207,692000000.0,213000000.0,9061000000.0,9401500000.0,673000000.0,0.0,0.0,0.0,5956000000.0,1029000000.0,4927000000.0,7400558219.0,-603000000.0,45000000.0,-343000000.0,-15000000.0,-344000000.0,-708000000.0,-260000000.0,0.0,382000000.0,-17000000.0,263000000.0,263000000.0,263000000.0,-1000000.0,18000000.0,0.047,607000000.0,559000000.0,540000000.0,1.29,2.274,28.139,28.639,3422000000.0,0.0,44.39,1.314,1.33,608000000.0,866000000.0,5631000000.0,5631000000.0,0.0,0.027,0.076,0.063,0.105,0.0,607000000.0,1.0,166716788.0,168700000.0,171600000.0,33.379,8672000000.0,0.0,117000000.0,1330000000.0,51.405,945000000.0
2,MWV,MRT,2014-09-30,2014-09-30,2014-09-30,2021-08-25,-241000000.0,9704000000.0,9890500000.0,2028000000.0,7676000000.0,0.563,20.806,-383000000.0,400000000.0,400000000.0,4425000000.0,890000000.0,1.906,1.718,1886000000.0,87000000.0,1799000000.0,1886000000.0,0.0,380000000.0,0.0,0.049,2.0,1051000000.0,1431000000.0,0.257,1431000000.0,1051000000.0,849000000.0,5.08,4.98,5.08,3512000000.0,3622250000.0,3512000000.0,8433652998.0,8.0,5.894,-122000000.0,-0.723,1.0,1142000000.0,0.205,704000000.0,202000000.0,9422000000.0,9444000000.0,723000000.0,0.0,0.0,0.0,6033000000.0,1064000000.0,4969000000.0,6897652998.0,-62000000.0,35000000.0,-418000000.0,546000000.0,-346000000.0,-79000000.0,-232000000.0,0.0,261000000.0,-12000000.0,887000000.0,887000000.0,887000000.0,-469000000.0,3000000.0,0.159,619000000.0,523000000.0,549000000.0,0.394,1.964,7.776,8.059,3490000000.0,0.0,40.94,1.239,1.241,784000000.0,855000000.0,5567000000.0,5567000000.0,0.0,0.09,0.245,0.111,0.189,0.0,619000000.0,1.0,168481998.0,168800000.0,171600000.0,32.98,9000000000.0,0.0,-38000000.0,1370000000.0,53.318,964000000.0
3,MWV,MRT,2014-06-30,2014-06-30,2014-06-30,2021-08-25,-144000000.0,9818000000.0,9688500000.0,1972000000.0,7846000000.0,0.565,20.992,-417000000.0,339000000.0,339000000.0,4385000000.0,862000000.0,1.764,1.735,1875000000.0,88000000.0,1787000000.0,1875000000.0,0.0,383000000.0,0.0,0.045,2.0,1008000000.0,1391000000.0,0.254,1391000000.0,1008000000.0,821000000.0,4.9,4.81,4.9,3533000000.0,3604750000.0,3533000000.0,9031702200.0,9.0,6.493,-149000000.0,-0.885,1.0,1092000000.0,0.199,715000000.0,187000000.0,9521000000.0,9286250000.0,727000000.0,0.0,0.0,0.0,6128000000.0,1118000000.0,5010000000.0,7429702200.0,-92000000.0,40000000.0,-377000000.0,539000000.0,-349000000.0,-52000000.0,-306000000.0,0.0,268000000.0,-2000000.0,861000000.0,861000000.0,861000000.0,-487000000.0,1000000.0,0.157,632000000.0,460000000.0,599000000.0,0.408,2.103,8.629,9.033,3639000000.0,0.0,44.26,1.357,1.36,793000000.0,750000000.0,5477000000.0,5477000000.0,0.0,0.089,0.239,0.109,0.184,0.0,632000000.0,1.0,167864939.0,168300000.0,171100000.0,32.543,9103000000.0,0.0,-40000000.0,1357000000.0,54.088,854000000.0
4,MWV,MRT,2014-03-31,2014-03-31,2014-03-31,2021-08-25,-160000000.0,9755000000.0,9434250000.0,1926000000.0,7829000000.0,0.572,20.504,-457000000.0,332000000.0,332000000.0,4389000000.0,857000000.0,1.857,1.742,1934000000.0,85000000.0,1849000000.0,1934000000.0,0.0,386000000.0,0.0,0.053,2.0,956000000.0,1342000000.0,0.249,1342000000.0,956000000.0,783000000.0,4.86,4.77,4.86,3500000000.0,3548750000.0,3500000000.0,7408859328.0,8.0,5.521,-141000000.0,-0.826,1.0,1011000000.0,0.187,718000000.0,173000000.0,9602000000.0,9076250000.0,731000000.0,0.0,0.0,0.0,6096000000.0,1037000000.0,5059000000.0,6570859328.0,-85000000.0,28000000.0,-392000000.0,599000000.0,-351000000.0,-24000000.0,-359000000.0,0.0,316000000.0,-18000000.0,859000000.0,859000000.0,859000000.0,-506000000.0,-2000000.0,0.159,631000000.0,380000000.0,560000000.0,0.412,1.877,7.649,7.745,3646000000.0,0.0,37.64,1.217,1.19,735000000.0,761000000.0,5400000000.0,5400000000.0,0.0,0.091,0.242,0.105,0.177,0.0,631000000.0,1.0,174571183.0,170700000.0,173500000.0,31.634,9037000000.0,0.0,-76000000.0,1353000000.0,52.941,889000000.0
5,MWV,MRT,2013-12-31,2013-12-31,2013-12-31,2021-08-25,-180000000.0,10285000000.0,9196750000.0,2476000000.0,7809000000.0,0.586,22.257,-506000000.0,1057000000.0,1057000000.0,4429000000.0,838000000.0,2.105,1.568,1895000000.0,79000000.0,1816000000.0,1895000000.0,0.0,390000000.0,0.0,0.027,1.0,901000000.0,1291000000.0,0.24,1291000000.0,901000000.0,742000000.0,4.74,4.66,4.74,3944000000.0,3512000000.0,3944000000.0,8234099611.0,9.0,6.378,-69000000.0,-0.389,1.0,960000000.0,0.178,716000000.0,159000000.0,9231000000.0,8875000000.0,686000000.0,0.0,0.0,0.0,6186000000.0,1176000000.0,5010000000.0,6569099611.0,394000000.0,30000000.0,-72000000.0,524000000.0,-177000000.0,393000000.0,-411000000.0,0.0,437000000.0,-25000000.0,839000000.0,839000000.0,839000000.0,-519000000.0,-1000000.0,0.156,638000000.0,322000000.0,563000000.0,0.211,1.666,7.83,7.791,3647000000.0,0.0,36.93,1.219,1.214,625000000.0,950000000.0,5389000000.0,5389000000.0,0.0,0.091,0.239,0.102,0.167,0.0,638000000.0,1.0,177879762.0,177200000.0,180000000.0,30.412,9569000000.0,0.0,-97000000.0,1348000000.0,54.001,1300000000.0
6,MWV,MRT,2013-09-30,2013-09-30,2013-09-30,2021-08-25,-188000000.0,8896000000.0,8852500000.0,1939000000.0,6957000000.0,0.591,19.337,-507000000.0,462000000.0,462000000.0,4387000000.0,177000000.0,1.841,1.584,2127000000.0,89000000.0,2038000000.0,2127000000.0,0.0,382000000.0,0.0,0.026,1.0,313000000.0,695000000.0,0.133,695000000.0,313000000.0,158000000.0,1.01,0.99,1.01,3442000000.0,3361000000.0,3442000000.0,8520114502.0,27.0,12.259,-40000000.0,-0.225,1.0,848000000.0,0.162,717000000.0,155000000.0,8791000000.0,8713000000.0,665000000.0,0.0,0.0,0.0,5452000000.0,1053000000.0,4399000000.0,6814114502.0,-283000000.0,-73000000.0,58000000.0,-10000000.0,-176000000.0,-140000000.0,-587000000.0,0.0,467000000.0,-23000000.0,179000000.0,179000000.0,179000000.0,-110000000.0,-2000000.0,0.034,666000000.0,182000000.0,566000000.0,0.99,1.98,38.068,38.0,3718000000.0,0.0,38.38,1.302,1.305,691000000.0,337000000.0,5235000000.0,5235000000.0,0.0,0.02,0.053,0.036,0.06,0.0,666000000.0,1.0,177543369.0,178000000.0,180800000.0,29.41,8179000000.0,0.0,-21000000.0,1092000000.0,45.949,886000000.0
7,MWV,MRT,2013-06-30,2013-06-30,2013-06-30,2021-08-25,-225000000.0,8801000000.0,8801000000.0,1933000000.0,6868000000.0,0.597,18.642,-560000000.0,431000000.0,431000000.0,4387000000.0,148000000.0,1.738,1.657,2137000000.0,88000000.0,2049000000.0,2137000000.0,0.0,376000000.0,0.0,0.029,1.0,281000000.0,657000000.0,0.125,657000000.0,281000000.0,127000000.0,0.85,0.83,0.85,3309000000.0,3327500000.0,3309000000.0,7778957256.0,28.0,11.84,-124000000.0,-0.699,1.0,865000000.0,0.165,714000000.0,154000000.0,8681000000.0,8600500000.0,664000000.0,0.0,0.0,0.0,5483000000.0,1112000000.0,4371000000.0,6035957256.0,-100000000.0,-80000000.0,73000000.0,231000000.0,-175000000.0,121000000.0,-641000000.0,0.0,436000000.0,-16000000.0,150000000.0,150000000.0,150000000.0,-75000000.0,-2000000.0,0.029,669000000.0,196000000.0,574000000.0,1.176,1.824,40.24,40.129,3680000000.0,0.0,34.11,1.149,1.153,690000000.0,257000000.0,5252000000.0,5252000000.0,0.0,0.017,0.045,0.033,0.054,0.0,669000000.0,1.0,176955651.0,177500000.0,180300000.0,29.589,8087000000.0,0.0,-23000000.0,1051000000.0,45.561,821000000.0
8,MWV,MRT,2013-03-31,2013-03-31,2013-03-31,2021-08-25,-194000000.0,8805000000.0,8673250000.0,1952000000.0,6853000000.0,0.609,19.008,-620000000.0,417000000.0,417000000.0,4332000000.0,170000000.0,1.89,1.621,2160000000.0,75000000.0,2085000000.0,2160000000.0,0.0,371000000.0,0.0,0.028,1.0,335000000.0,706000000.0,0.134,706000000.0,335000000.0,185000000.0,0.96,0.94,0.96,3353000000.0,3291500000.0,3353000000.0,7876706945.0,24.0,11.157,-290000000.0,-1.644,1.0,953000000.0,0.18,718000000.0,150000000.0,8797000000.0,8409000000.0,689000000.0,0.0,0.0,0.0,5434000000.0,1033000000.0,4401000000.0,6376706945.0,-66000000.0,-82000000.0,77000000.0,477000000.0,-174000000.0,386000000.0,-760000000.0,0.0,330000000.0,-22000000.0,167000000.0,167000000.0,167000000.0,-66000000.0,3000000.0,0.032,689000000.0,264000000.0,578000000.0,1.042,1.902,38.184,37.812,3736000000.0,0.0,36.3,1.207,1.212,674000000.0,275000000.0,5285000000.0,5285000000.0,0.0,0.019,0.051,0.04,0.063,0.0,689000000.0,1.0,175666858.0,176400000.0,176400000.0,29.96,8087000000.0,0.0,18000000.0,1016000000.0,45.845,919000000.0
9,MWV,MRT,2012-12-31,2012-12-31,2012-12-31,2021-08-25,-184000000.0,8908000000.0,8646500000.0,2066000000.0,6842000000.0,0.611,19.217,-654000000.0,663000000.0,663000000.0,4257000000.0,208000000.0,1.868,1.662,2163000000.0,63000000.0,2100000000.0,2163000000.0,0.0,366000000.0,0.0,0.031,1.0,411000000.0,777000000.0,0.147,777000000.0,411000000.0,259000000.0,1.18,1.16,1.18,3340000000.0,3261000000.0,3340000000.0,6969893082.0,17.0,8.97,-216000000.0,-1.243,1.0,1030000000.0,0.195,719000000.0,152000000.0,8583000000.0,8244000000.0,661000000.0,0.0,0.0,0.0,5550000000.0,1106000000.0,4444000000.0,5570893082.0,7000000.0,-85000000.0,61000000.0,486000000.0,-173000000.0,378000000.0,-799000000.0,0.0,438000000.0,-10000000.0,205000000.0,205000000.0,205000000.0,-52000000.0,3000000.0,0.039,682000000.0,348000000.0,595000000.0,0.847,1.668,27.175,27.008,3593000000.0,0.0,31.87,1.054,1.048,605000000.0,288000000.0,5287000000.0,5287000000.0,0.0,0.024,0.063,0.05,0.078,0.0,682000000.0,1.0,174800536.0,173800000.0,177200000.0,30.42,8189000000.0,0.0,54000000.0,1046000000.0,47.117,960000000.0
10,MWV,MRT,2012-09-30,2012-09-30,2012-09-30,2021-08-25,-241000000.0,8690000000.0,8622000000.0,2217000000.0,6473000000.0,0.612,18.99,-706000000.0,745000000.0,745000000.0,4241000000.0,167000000.0,2.049,1.621,2144000000.0,51000000.0,2093000000.0,2144000000.0,0.0,358000000.0,0.0,0.033,1.0,386000000.0,744000000.0,0.141,744000000.0,386000000.0,235000000.0,0.95,0.92,0.95,3308000000.0,3221500000.0,3308000000.0,6676480198.0,17.0,8.974,-302000000.0,-1.734,1.0,1033000000.0,0.196,666000000.0,151000000.0,8341000000.0,8131750000.0,654000000.0,0.0,0.0,0.0,5362000000.0,1082000000.0,4280000000.0,5312480198.0,-12000000.0,-19000000.0,51000000.0,527000000.0,-173000000.0,407000000.0,-805000000.0,0.0,404000000.0,-18000000.0,163000000.0,163000000.0,163000000.0,-15000000.0,4000000.0,0.031,679000000.0,354000000.0,582000000.0,1.053,1.606,32.592,32.211,3592000000.0,0.0,30.6,1.007,1.011,693000000.0,334000000.0,5274000000.0,5274000000.0,0.0,0.019,0.051,0.047,0.073,0.0,679000000.0,1.0,173610464.0,174200000.0,177500000.0,30.276,8024000000.0,0.0,72000000.0,936000000.0,46.062,1135000000.0
11,MWV,MRT,2012-06-30,2012-06-30,2012-06-30,2021-08-25,-285000000.0,8290000000.0,8679250000.0,1953000000.0,6337000000.0,0.609,18.232,-717000000.0,531000000.0,531000000.0,4236000000.0,234000000.0,1.813,1.613,1895000000.0,29000000.0,1866000000.0,1895000000.0,0.0,359000000.0,0.0,0.035,1.0,455000000.0,814000000.0,0.154,814000000.0,455000000.0,302000000.0,1.34,1.31,1.34,3165000000.0,3246250000.0,3165000000.0,6621322178.0,15.0,8.134,-180000000.0,-1.037,1.0,1054000000.0,0.199,662000000.0,153000000.0,7915000000.0,8052250000.0,643000000.0,0.0,0.0,0.0,5104000000.0,1077000000.0,4027000000.0,4971322178.0,-137000000.0,-22000000.0,27000000.0,361000000.0,-171000000.0,218000000.0,-825000000.0,0.0,537000000.0,-67000000.0,229000000.0,229000000.0,229000000.0,-63000000.0,5000000.0,0.043,680000000.0,374000000.0,568000000.0,0.746,1.571,21.709,21.455,3497000000.0,0.0,28.75,0.94,0.943,666000000.0,269000000.0,5290000000.0,5290000000.0,0.0,0.026,0.071,0.057,0.086,0.0,680000000.0,1.0,172915554.0,173600000.0,176700000.0,30.472,7628000000.0,0.0,73000000.0,922000000.0,43.94,876000000.0
12,MWV,MRT,2012-03-31,2012-03-31,2012-03-31,2021-08-25,-225000000.0,8698000000.0,8855000000.0,2061000000.0,6637000000.0,0.592,18.796,-688000000.0,483000000.0,483000000.0,4200000000.0,234000000.0,1.499,1.686,2133000000.0,254000000.0,1879000000.0,2133000000.0,0.0,354000000.0,0.0,0.032,1.0,455000000.0,809000000.0,0.154,809000000.0,455000000.0,296000000.0,1.35,1.32,1.35,3231000000.0,3327750000.0,3231000000.0,6877593641.0,15.0,8.501,-92000000.0,-0.535,1.0,1042000000.0,0.199,836000000.0,159000000.0,8137000000.0,8093500000.0,742000000.0,0.0,0.0,0.0,5447000000.0,1375000000.0,4072000000.0,5400593641.0,-192000000.0,-21000000.0,40000000.0,102000000.0,-171000000.0,-27000000.0,-727000000.0,0.0,596000000.0,-34000000.0,230000000.0,230000000.0,230000000.0,-73000000.0,4000000.0,0.044,674000000.0,368000000.0,644000000.0,0.741,1.671,23.481,23.4,3594000000.0,0.0,31.59,1.03,1.036,723000000.0,298000000.0,5242000000.0,5242000000.0,0.0,0.026,0.069,0.056,0.087,0.0,674000000.0,1.0,170958963.0,171900000.0,175300000.0,30.494,7862000000.0,0.0,66000000.0,898000000.0,45.736,686000000.0
13,MWV,MRT,2011-12-31,2011-12-31,2011-12-31,2021-08-25,-265000000.0,8810000000.0,8857250000.0,2253000000.0,6557000000.0,0.585,18.674,-652000000.0,656000000.0,656000000.0,4126000000.0,250000000.0,1.516,1.763,2134000000.0,254000000.0,1880000000.0,2134000000.0,0.0,361000000.0,0.0,0.026,0.775,477000000.0,838000000.0,0.162,838000000.0,477000000.0,316000000.0,1.45,1.42,1.45,3182000000.0,3368500000.0,3182000000.0,6444681240.0,14.0,7.691,-92000000.0,-0.54,1.0,1053000000.0,0.203,668000000.0,161000000.0,8134000000.0,8110750000.0,579000000.0,0.0,0.0,0.0,5609000000.0,1486000000.0,4123000000.0,5113681240.0,-134000000.0,-21000000.0,38000000.0,103000000.0,-170000000.0,-26000000.0,-643000000.0,0.0,560000000.0,-25000000.0,246000000.0,246000000.0,246000000.0,-69000000.0,4000000.0,0.047,669000000.0,384000000.0,601000000.0,0.534,1.607,20.787,20.655,3442000000.0,0.0,29.95,0.987,0.985,591000000.0,292000000.0,5179000000.0,5179000000.0,0.0,0.028,0.073,0.059,0.092,0.0,669000000.0,1.0,170740609.0,170400000.0,174100000.0,30.393,8142000000.0,0.0,70000000.0,952000000.0,47.782,767000000.0
14,MWV,MRT,2011-09-30,2011-09-30,2011-09-30,2021-08-25,-95000000.0,8919000000.0,8858250000.0,2423000000.0,6496000000.0,0.553,19.924,-523000000.0,757000000.0,757000000.0,3872000000.0,322000000.0,1.709,1.611,2088000000.0,239000000.0,1849000000.0,2088000000.0,0.0,344000000.0,0.0,0.032,0.775,558000000.0,902000000.0,0.184,902000000.0,558000000.0,399000000.0,1.85,1.84,1.85,3407000000.0,3394500000.0,3407000000.0,5535088242.0,10.0,6.136,83000000.0,0.485,1.0,1030000000.0,0.21,809000000.0,159000000.0,8023000000.0,8086000000.0,748000000.0,0.0,0.0,0.0,5490000000.0,1418000000.0,4072000000.0,4192088242.0,-17000000.0,-27000000.0,37000000.0,33000000.0,-169000000.0,-96000000.0,-518000000.0,0.0,606000000.0,-9000000.0,318000000.0,318000000.0,318000000.0,-101000000.0,4000000.0,0.065,591000000.0,439000000.0,588000000.0,0.419,1.23,13.183,13.276,3361000000.0,0.0,24.56,0.855,0.857,810000000.0,360000000.0,4902000000.0,4902000000.0,0.0,0.036,0.094,0.069,0.114,0.0,591000000.0,1.0,170687632.0,171000000.0,174400000.0,28.667,8110000000.0,0.0,81000000.0,993000000.0,47.427,1005000000.0
15,MWV,MRT,2011-06-30,2011-06-30,2011-06-30,2021-08-25,116000000.0,8993000000.0,8790500000.0,2426000000.0,6567000000.0,0.568,20.487,-410000000.0,668000000.0,668000000.0,3937000000.0,190000000.0,1.697,1.57,2011000000.0,226000000.0,1785000000.0,2011000000.0,0.0,350000000.0,0.0,0.023,0.755,396000000.0,746000000.0,0.149,746000000.0,396000000.0,231000000.0,1.08,1.08,1.08,3491000000.0,3349250000.0,3491000000.0,7010259813.0,18.0,9.397,211000000.0,1.238,1.0,1058000000.0,0.212,826000000.0,165000000.0,8080000000.0,8069750000.0,799000000.0,0.0,0.0,0.0,5480000000.0,1430000000.0,4050000000.0,5652259813.0,9000000.0,-36000000.0,-23000000.0,-144000000.0,-166000000.0,-333000000.0,-351000000.0,0.0,621000000.0,72000000.0,186000000.0,186000000.0,186000000.0,55000000.0,4000000.0,0.037,623000000.0,435000000.0,648000000.0,0.699,1.619,30.388,30.843,3382000000.0,0.0,33.31,1.132,1.136,839000000.0,244000000.0,4995000000.0,4995000000.0,0.0,0.021,0.056,0.049,0.079,0.0,623000000.0,1.0,169686575.0,170400000.0,174500000.0,29.313,8167000000.0,0.0,45000000.0,1003000000.0,47.928,996000000.0
16,MWV,MRT,2011-03-31,2011-03-31,2011-03-31,2021-08-25,59000000.0,8707000000.0,8695500000.0,2258000000.0,6449000000.0,0.581,20.083,-305000000.0,675000000.0,675000000.0,4004000000.0,152000000.0,2.175,1.559,2033000000.0,7000000.0,2026000000.0,2033000000.0,0.0,363000000.0,0.0,0.024,0.735,364000000.0,727000000.0,0.144,727000000.0,364000000.0,192000000.0,0.85,0.86,0.85,3394000000.0,3260500000.0,3394000000.0,6365587670.0,17.0,8.756,234000000.0,1.385,1.0,1045000000.0,0.207,821000000.0,172000000.0,8206000000.0,8075000000.0,742000000.0,0.0,0.0,0.0,5292000000.0,1038000000.0,4254000000.0,5106587670.0,-56000000.0,-28000000.0,-51000000.0,-146000000.0,-163000000.0,-362000000.0,-263000000.0,0.0,539000000.0,30000000.0,147000000.0,147000000.0,147000000.0,81000000.0,5000000.0,0.029,619000000.0,426000000.0,551000000.0,0.865,1.505,34.739,35.682,3308000000.0,0.0,30.33,1.011,1.015,713000000.0,241000000.0,5049000000.0,5049000000.0,0.0,0.017,0.045,0.045,0.072,0.0,619000000.0,1.0,168367546.0,169000000.0,172700000.0,29.876,7886000000.0,0.0,45000000.0,981000000.0,46.663,1220000000.0
17,MWV,MRT,2010-12-31,2010-12-31,2010-12-31,2021-08-25,-10000000.0,8814000000.0,8703500000.0,2446000000.0,6368000000.0,0.568,19.295,-229000000.0,790000000.0,790000000.0,3986000000.0,110000000.0,1.995,1.676,2049000000.0,7000000.0,2042000000.0,2049000000.0,0.0,360000000.0,0.0,0.036,0.94,285000000.0,645000000.0,0.13,645000000.0,285000000.0,115000000.0,0.62,0.62,0.62,3286000000.0,3243500000.0,3286000000.0,5681549597.0,20.0,8.809,317000000.0,1.861,1.0,960000000.0,0.194,812000000.0,170000000.0,8035000000.0,8093250000.0,642000000.0,0.0,0.0,0.0,5508000000.0,1226000000.0,4282000000.0,4401549597.0,-60000000.0,-27000000.0,-85000000.0,-131000000.0,-160000000.0,-379000000.0,-220000000.0,0.0,546000000.0,-7000000.0,106000000.0,106000000.0,106000000.0,80000000.0,4000000.0,0.021,599000000.0,361000000.0,590000000.0,1.516,1.339,41.524,42.194,3255000000.0,0.0,26.16,0.89,0.901,827000000.0,219000000.0,4946000000.0,4946000000.0,0.0,0.012,0.033,0.035,0.058,0.0,599000000.0,1.0,168254954.0,170300000.0,172700000.0,29.043,8002000000.0,0.0,9000000.0,972000000.0,46.988,1220000000.0
18,MWV,MRT,2010-09-30,2010-09-30,2010-09-30,2021-08-25,-56000000.0,8648000000.0,8755250000.0,2433000000.0,6215000000.0,0.624,18.954,-217000000.0,774000000.0,774000000.0,4312000000.0,113000000.0,2.083,1.675,2054000000.0,16000000.0,2038000000.0,2054000000.0,0.0,385000000.0,0.0,0.038,0.92,388000000.0,773000000.0,0.142,773000000.0,388000000.0,204000000.0,0.63,0.63,0.63,3226000000.0,3273500000.0,3226000000.0,5656134865.0,15.0,7.317,440000000.0,2.585,1.0,1149000000.0,0.21,802000000.0,184000000.0,7958000000.0,8157000000.0,687000000.0,0.0,0.0,0.0,5403000000.0,1168000000.0,4235000000.0,4164134865.0,9000000.0,26000000.0,-83000000.0,-249000000.0,-157000000.0,-497000000.0,-139000000.0,0.0,657000000.0,-12000000.0,110000000.0,110000000.0,110000000.0,144000000.0,3000000.0,0.02,724000000.0,425000000.0,593000000.0,1.46,1.291,37.856,38.698,3242000000.0,0.0,24.38,0.763,0.76,831000000.0,215000000.0,5461000000.0,5461000000.0,0.0,0.013,0.034,0.048,0.071,0.0,724000000.0,1.0,170801266.0,170200000.0,172500000.0,32.086,7846000000.0,0.0,94000000.0,963000000.0,46.099,1265000000.0
19,MWV,MRT,2010-06-30,2010-06-30,2010-06-30,2021-08-25,-211000000.0,8613000000.0,8799750000.0,2376000000.0,6237000000.0,0.621,18.339,-203000000.0,659000000.0,659000000.0,4357000000.0,255000000.0,1.97,1.74,2151000000.0,15000000.0,2136000000.0,2151000000.0,0.0,378000000.0,0.0,0.041,0.92,587000000.0,965000000.0,0.176,965000000.0,587000000.0,399000000.0,1.47,1.46,1.47,3136000000.0,3295500000.0,3136000000.0,5226774518.0,9.0,5.416,469000000.0,2.743,1.0,1112000000.0,0.203,798000000.0,188000000.0,8101000000.0,8238000000.0,690000000.0,0.0,0.0,0.0,5458000000.0,1206000000.0,4252000000.0,3792774518.0,36000000.0,32000000.0,-24000000.0,-239000000.0,-157000000.0,-430000000.0,-175000000.0,0.0,672000000.0,-31000000.0,253000000.0,253000000.0,253000000.0,14000000.0,2000000.0,0.046,708000000.0,404000000.0,604000000.0,0.626,1.209,14.991,15.102,3291000000.0,0.0,22.2,0.694,0.694,866000000.0,231000000.0,5469000000.0,5469000000.0,0.0,0.029,0.077,0.071,0.107,0.0,708000000.0,1.0,170845699.0,171000000.0,173400000.0,31.982,7815000000.0,0.0,146000000.0,985000000.0,45.702,1170000000.0
20,MWV,MRT,2010-03-31,2010-03-31,2010-03-31,2021-08-25,-45000000.0,8739000000.0,8802000000.0,2292000000.0,6447000000.0,0.622,19.405,-210000000.0,731000000.0,731000000.0,4430000000.0,328000000.0,2.112,1.622,2165000000.0,16000000.0,2149000000.0,2165000000.0,0.0,391000000.0,0.0,0.036,0.92,677000000.0,1068000000.0,0.195,1068000000.0,677000000.0,486000000.0,1.9,1.89,1.9,3326000000.0,3275750000.0,3326000000.0,5692132281.0,8.0,5.33,567000000.0,3.308,1.0,1042000000.0,0.19,809000000.0,191000000.0,8279000000.0,8275750000.0,641000000.0,0.0,0.0,0.0,5396000000.0,1085000000.0,4311000000.0,4376132281.0,212000000.0,31000000.0,-21000000.0,-218000000.0,-157000000.0,-404000000.0,-190000000.0,0.0,777000000.0,29000000.0,328000000.0,328000000.0,328000000.0,8000000.0,0.0,0.06,735000000.0,307000000.0,581000000.0,0.484,1.316,13.342,13.447,3374000000.0,0.0,25.55,0.8,0.8,765000000.0,260000000.0,5472000000.0,5472000000.0,0.0,0.037,0.1,0.082,0.124,0.0,735000000.0,1.0,171277193.0,171400000.0,173900000.0,31.925,7930000000.0,0.0,158000000.0,1030000000.0,46.266,1207000000.0
21,MWV,MRT,2009-12-31,2009-12-31,2009-12-31,2021-08-25,-1000000.0,9021000000.0,8652250000.0,2530000000.0,6491000000.0,0.625,19.883,-218000000.0,850000000.0,850000000.0,4446000000.0,225000000.0,2.032,1.644,2166000000.0,13000000.0,2153000000.0,2166000000.0,0.0,406000000.0,0.0,0.032,0.92,572000000.0,978000000.0,0.181,978000000.0,572000000.0,377000000.0,1.31,1.3,1.31,3406000000.0,3142750000.0,3406000000.0,6460701869.0,11.0,6.606,658000000.0,3.841,1.0,960000000.0,0.178,802000000.0,195000000.0,8290000000.0,8213750000.0,523000000.0,0.0,0.0,0.0,5598000000.0,1245000000.0,4353000000.0,4899701869.0,301000000.0,32000000.0,3000000.0,-241000000.0,-157000000.0,-405000000.0,-209000000.0,0.0,876000000.0,39000000.0,225000000.0,225000000.0,225000000.0,15000000.0,0.0,0.042,755000000.0,205000000.0,510000000.0,0.702,1.439,21.776,21.855,3301000000.0,0.0,28.63,0.906,0.907,839000000.0,275000000.0,5406000000.0,5406000000.0,0.0,0.026,0.072,0.07,0.106,0.0,755000000.0,1.0,171138731.0,171300000.0,173200000.0,31.559,8219000000.0,0.0,152000000.0,1026000000.0,47.98,1285000000.0
22,MWV,MRT,2009-09-30,2009-09-30,2009-09-30,2021-08-25,-73000000.0,8826000000.0,8510750000.0,2506000000.0,6320000000.0,0.596,19.335,-204000000.0,765000000.0,765000000.0,4239000000.0,158000000.0,1.949,1.659,2326000000.0,104000000.0,2222000000.0,2326000000.0,0.0,378000000.0,0.0,0.041,0.92,439000000.0,817000000.0,0.161,817000000.0,439000000.0,242000000.0,0.92,0.91,0.92,3314000000.0,3033000000.0,3314000000.0,5590557780.0,13.0,6.843,524000000.0,3.057,1.0,830000000.0,0.164,819000000.0,197000000.0,8282000000.0,8197500000.0,737000000.0,0.0,0.0,0.0,5497000000.0,1286000000.0,4211000000.0,3817557780.0,243000000.0,7000000.0,0.0,-121000000.0,-158000000.0,-278000000.0,-213000000.0,0.0,728000000.0,6000000.0,158000000.0,158000000.0,158000000.0,5000000.0,0.0,0.031,680000000.0,150000000.0,539000000.0,1.0,1.152,24.162,24.25,3427000000.0,0.0,22.31,0.753,0.754,884000000.0,263000000.0,5069000000.0,5069000000.0,0.0,0.019,0.052,0.054,0.087,0.0,680000000.0,1.0,171114199.0,171400000.0,173600000.0,29.574,8007000000.0,0.0,84000000.0,989000000.0,46.715,1220000000.0
23,MWV,MRT,2009-06-30,2009-06-30,2009-06-30,2021-08-25,-197000000.0,8622000000.0,8673500000.0,2348000000.0,6274000000.0,0.619,17.846,-226000000.0,623000000.0,623000000.0,4529000000.0,84000000.0,1.764,1.816,2396000000.0,105000000.0,2291000000.0,2396000000.0,0.0,410000000.0,0.0,0.056,0.92,318000000.0,728000000.0,0.136,728000000.0,318000000.0,119000000.0,0.48,0.48,0.48,3057000000.0,3103000000.0,3057000000.0,4683696863.0,15.0,6.434,261000000.0,1.524,1.0,839000000.0,0.156,812000000.0,199000000.0,8252000000.0,8431000000.0,783000000.0,0.0,0.0,0.0,5550000000.0,1331000000.0,4219000000.0,2807696863.0,192000000.0,7000000.0,0.0,-281000000.0,-158000000.0,-434000000.0,198000000.0,0.0,487000000.0,-59000000.0,84000000.0,84000000.0,84000000.0,3000000.0,0.0,0.016,715000000.0,124000000.0,555000000.0,1.917,0.918,33.425,34.188,3447000000.0,0.0,16.41,0.523,0.524,787000000.0,135000000.0,5368000000.0,5368000000.0,0.0,0.01,0.027,0.038,0.059,0.0,715000000.0,1.0,171096701.0,171300000.0,172900000.0,31.337,7810000000.0,0.0,35000000.0,939000000.0,45.593,1017000000.0
24,MWV,MRT,2009-03-31,2009-03-31,2009-03-31,2021-08-25,-408000000.0,8140000000.0,9056000000.0,1998000000.0,6142000000.0,0.623,16.33,-255000000.0,519000000.0,519000000.0,4733000000.0,15000000.0,1.686,1.908,2395000000.0,96000000.0,2299000000.0,2395000000.0,0.0,419000000.0,0.0,0.077,0.92,219000000.0,638000000.0,0.113,638000000.0,219000000.0,22000000.0,0.09,0.09,0.09,2794000000.0,3284000000.0,2794000000.0,3897054057.0,18.0,6.108,172000000.0,1.005,1.0,912000000.0,0.162,800000000.0,197000000.0,8031000000.0,8821750000.0,746000000.0,0.0,0.0,0.0,5332000000.0,1185000000.0,4147000000.0,2048054057.0,184000000.0,37000000.0,0.0,-226000000.0,-158000000.0,-382000000.0,220000000.0,0.0,427000000.0,-81000000.0,15000000.0,15000000.0,15000000.0,5000000.0,0.0,0.003,721000000.0,191000000.0,547000000.0,10.222,0.733,136.537,133.222,3441000000.0,0.0,11.99,0.363,0.363,616000000.0,89000000.0,5645000000.0,5645000000.0,0.0,0.002,0.005,0.025,0.039,0.0,721000000.0,1.0,170813516.0,171100000.0,171100000.0,32.992,7340000000.0,0.0,7000000.0,890000000.0,42.899,813000000.0
25,MWV,MRT,2008-12-31,2008-12-31,2008-12-31,2021-08-25,-350000000.0,8455000000.0,9495250000.0,2161000000.0,6294000000.0,0.612,17.22,-274000000.0,549000000.0,549000000.0,4832000000.0,90000000.0,1.696,1.845,2398000000.0,89000000.0,2309000000.0,2398000000.0,0.0,426000000.0,0.0,0.082,0.92,293000000.0,719000000.0,0.124,719000000.0,293000000.0,94000000.0,0.52,0.52,0.52,2967000000.0,3517000000.0,2967000000.0,3797386705.0,13.0,5.281,102000000.0,0.592,1.0,977000000.0,0.168,805000000.0,199000000.0,8225000000.0,9267250000.0,695000000.0,0.0,0.0,0.0,5474000000.0,1274000000.0,4200000000.0,1911386705.0,304000000.0,34000000.0,0.0,-46000000.0,-159000000.0,-200000000.0,192000000.0,0.0,376000000.0,-64000000.0,90000000.0,90000000.0,90000000.0,1000000.0,0.0,0.015,715000000.0,262000000.0,567000000.0,1.769,0.644,21.238,21.519,3518000000.0,0.0,11.19,0.329,0.332,799000000.0,207000000.0,5809000000.0,5809000000.0,0.0,0.009,0.026,0.032,0.05,0.0,715000000.0,1.0,170812038.0,172300000.0,172700000.0,33.714,7650000000.0,0.0,4000000.0,919000000.0,44.399,887000000.0
26,MWV,MRT,2008-09-30,2008-09-30,2008-09-30,2021-08-25,228000000.0,9477000000.0,9840750000.0,2398000000.0,7079000000.0,0.687,21.018,-322000000.0,522000000.0,522000000.0,5622000000.0,254000000.0,1.818,1.637,2408000000.0,50000000.0,2358000000.0,2408000000.0,0.0,480000000.0,0.0,0.039,0.92,523000000.0,1003000000.0,0.148,1003000000.0,523000000.0,316000000.0,1.43,1.44,1.43,3594000000.0,3702250000.0,3594000000.0,6196595063.0,12.0,6.178,139000000.0,0.813,1.0,1137000000.0,0.168,828000000.0,207000000.0,9216000000.0,9646000000.0,818000000.0,0.0,0.0,0.0,5883000000.0,1319000000.0,4564000000.0,3981595063.0,289000000.0,99000000.0,-394000000.0,262000000.0,-161000000.0,-296000000.0,147000000.0,0.0,461000000.0,-23000000.0,254000000.0,254000000.0,254000000.0,-12000000.0,0.0,0.038,837000000.0,300000000.0,633000000.0,0.643,1.108,15.676,16.301,3647000000.0,0.0,23.31,0.589,0.59,935000000.0,262000000.0,6759000000.0,6759000000.0,0.0,0.026,0.069,0.054,0.077,0.0,837000000.0,1.0,170810599.0,171000000.0,171400000.0,39.526,8649000000.0,0.0,62000000.0,1152000000.0,50.579,1079000000.0
27,MWV,MRT,2008-06-30,2008-06-30,2008-06-30,2021-08-25,476000000.0,10152000000.0,9840750000.0,2442000000.0,7710000000.0,0.673,21.805,-330000000.0,431000000.0,431000000.0,5481000000.0,321000000.0,1.436,1.685,2646000000.0,290000000.0,2356000000.0,2646000000.0,0.0,476000000.0,0.0,0.039,0.92,623000000.0,1099000000.0,0.166,1099000000.0,623000000.0,416000000.0,1.78,1.79,1.78,3781000000.0,3747500000.0,3781000000.0,6411591532.0,10.0,5.834,275000000.0,1.586,1.0,1145000000.0,0.173,852000000.0,207000000.0,9815000000.0,9695250000.0,896000000.0,0.0,0.0,0.0,6371000000.0,1700000000.0,4671000000.0,4141591532.0,181000000.0,107000000.0,-381000000.0,341000000.0,-165000000.0,-208000000.0,-248000000.0,0.0,605000000.0,32000000.0,321000000.0,321000000.0,321000000.0,-10000000.0,0.0,0.048,846000000.0,299000000.0,656000000.0,0.517,1.095,12.902,13.393,3784000000.0,0.0,23.84,0.625,0.624,898000000.0,209000000.0,6626000000.0,6626000000.0,0.0,0.033,0.086,0.064,0.094,0.0,846000000.0,1.0,173724477.0,173400000.0,173800000.0,38.212,9300000000.0,0.0,95000000.0,1212000000.0,53.633,742000000.0
28,MWV,MRT,2008-03-31,2008-03-31,2008-03-31,2021-08-25,408000000.0,9897000000.0,9631000000.0,2186000000.0,7711000000.0,0.675,21.426,-331000000.0,335000000.0,335000000.0,5355000000.0,297000000.0,1.452,1.656,2605000000.0,218000000.0,2387000000.0,2605000000.0,0.0,475000000.0,0.0,0.034,0.92,601000000.0,1076000000.0,0.166,1076000000.0,601000000.0,391000000.0,1.62,1.63,1.62,3726000000.0,3692750000.0,3726000000.0,6930267935.0,12.0,6.441,252000000.0,1.449,1.0,1142000000.0,0.176,848000000.0,210000000.0,9813000000.0,9580750000.0,825000000.0,0.0,0.0,0.0,6171000000.0,1506000000.0,4665000000.0,4732267935.0,123000000.0,105000000.0,-363000000.0,293000000.0,-167000000.0,-241000000.0,-248000000.0,0.0,583000000.0,29000000.0,297000000.0,297000000.0,297000000.0,-16000000.0,0.0,0.046,860000000.0,282000000.0,622000000.0,0.568,1.27,15.934,16.802,3779000000.0,0.0,27.22,0.728,0.729,814000000.0,232000000.0,6497000000.0,6497000000.0,0.0,0.031,0.08,0.063,0.093,0.0,860000000.0,1.0,173852606.0,173900000.0,173900000.0,37.361,9049000000.0,0.0,94000000.0,1187000000.0,52.036,680000000.0
29,MWV,MRT,2007-12-31,2007-12-31,2007-12-31,2021-08-25,350000000.0,9837000000.0,9449500000.0,2167000000.0,7670000000.0,0.678,20.307,-329000000.0,245000000.0,245000000.0,5262000000.0,285000000.0,1.489,1.653,2443000000.0,68000000.0,2375000000.0,2443000000.0,0.0,482000000.0,0.0,0.029,0.92,595000000.0,1077000000.0,0.168,1077000000.0,595000000.0,390000000.0,1.56,1.56,1.56,3708000000.0,3645250000.0,3708000000.0,8037518312.0,14.0,7.463,312000000.0,1.709,1.0,1145000000.0,0.179,840000000.0,205000000.0,9740000000.0,9482500000.0,745000000.0,0.0,0.0,0.0,6129000000.0,1455000000.0,4674000000.0,5782518312.0,89000000.0,117000000.0,-324000000.0,158000000.0,-169000000.0,-339000000.0,-236000000.0,0.0,641000000.0,23000000.0,285000000.0,285000000.0,285000000.0,-19000000.0,0.0,0.044,870000000.0,275000000.0,622000000.0,0.59,1.559,20.29,20.064,3790000000.0,0.0,31.3,0.903,0.892,975000000.0,276000000.0,6407000000.0,6407000000.0,0.0,0.03,0.078,0.063,0.093,0.0,870000000.0,1.0,184744994.0,182600000.0,183600000.0,35.088,8997000000.0,0.0,105000000.0,1227000000.0,49.272,712000000.0
30,MWV,MRT,2007-09-30,2007-09-30,2007-09-30,2021-08-25,138000000.0,9477000000.0,9311500000.0,2466000000.0,7011000000.0,0.642,20.461,-313000000.0,233000000.0,233000000.0,4842000000.0,178000000.0,1.678,1.51,2488000000.0,123000000.0,2365000000.0,2488000000.0,0.0,462000000.0,0.0,0.031,0.92,406000000.0,868000000.0,0.145,868000000.0,406000000.0,215000000.0,0.97,0.97,0.97,3775000000.0,3601500000.0,3775000000.0,7842023004.0,19.0,9.035,277000000.0,1.501,1.0,1139000000.0,0.19,849000000.0,191000000.0,9413000000.0,9396500000.0,867000000.0,0.0,0.0,0.0,5702000000.0,1470000000.0,4232000000.0,5454023004.0,98000000.0,180000000.0,95000000.0,-237000000.0,-169000000.0,-318000000.0,-198000000.0,0.0,590000000.0,24000000.0,178000000.0,178000000.0,178000000.0,-29000000.0,0.0,0.03,898000000.0,241000000.0,614000000.0,0.948,1.445,30.641,30.443,4223000000.0,0.0,29.53,0.912,0.911,1016000000.0,170000000.0,5981000000.0,5981000000.0,0.0,0.019,0.049,0.043,0.068,0.0,898000000.0,1.0,184694311.0,184500000.0,185400000.0,32.417,8628000000.0,0.0,37000000.0,1122000000.0,46.764,996000000.0
31,MWV,MRT,2007-06-30,2007-06-30,2007-06-30,2021-08-25,66000000.0,9313000000.0,9304500000.0,2358000000.0,6955000000.0,0.651,19.411,-310000000.0,250000000.0,250000000.0,4909000000.0,113000000.0,1.545,1.615,2638000000.0,287000000.0,2351000000.0,2638000000.0,0.0,477000000.0,0.0,0.026,0.92,320000000.0,797000000.0,0.132,797000000.0,320000000.0,124000000.0,0.62,0.62,0.62,3562000000.0,3540250000.0,3562000000.0,8944479184.0,28.0,11.223,262000000.0,1.428,1.0,1145000000.0,0.189,818000000.0,196000000.0,9357000000.0,9460500000.0,841000000.0,0.0,0.0,0.0,5751000000.0,1526000000.0,4225000000.0,6514479184.0,-582000000.0,-586000000.0,83000000.0,-140000000.0,-168000000.0,-232000000.0,-937000000.0,0.0,572000000.0,15000000.0,113000000.0,113000000.0,113000000.0,-23000000.0,0.0,0.019,894000000.0,251000000.0,582000000.0,1.484,1.829,57.65,56.968,4227000000.0,0.0,35.32,1.076,1.071,912000000.0,49000000.0,6054000000.0,6054000000.0,0.0,0.012,0.032,0.034,0.053,0.0,894000000.0,1.0,184441653.0,183500000.0,184700000.0,32.992,8495000000.0,0.0,11000000.0,1107000000.0,46.294,832000000.0
32,MWV,MRT,2007-03-31,2007-03-31,2007-03-31,2021-08-25,18000000.0,9171000000.0,9283500000.0,2209000000.0,6962000000.0,0.651,19.365,-299000000.0,212000000.0,212000000.0,4947000000.0,74000000.0,1.615,1.594,2642000000.0,272000000.0,2370000000.0,2642000000.0,0.0,480000000.0,0.0,0.03,0.92,264000000.0,744000000.0,0.123,744000000.0,264000000.0,70000000.0,0.41,0.41,0.41,3536000000.0,3518000000.0,3536000000.0,8054181557.0,31.0,10.826,262000000.0,1.435,1.0,1097000000.0,0.182,813000000.0,194000000.0,9420000000.0,9416500000.0,793000000.0,0.0,0.0,0.0,5635000000.0,1368000000.0,4267000000.0,5627181557.0,-110000000.0,-563000000.0,81000000.0,204000000.0,-167000000.0,112000000.0,-797000000.0,109000000.0,561000000.0,14000000.0,74000000.0,74000000.0,74000000.0,-19000000.0,0.0,0.012,911000000.0,186000000.0,514000000.0,2.244,1.591,76.043,75.22,4242000000.0,0.0,30.84,0.931,0.932,850000000.0,102000000.0,6044000000.0,6044000000.0,0.0,0.008,0.021,0.028,0.044,0.0,911000000.0,1.0,182463734.0,182600000.0,182600000.0,33.1,8358000000.0,0.0,-4000000.0,1120000000.0,45.772,841000000.0
33,MWV,MRT,2006-12-31,2006-12-31,2006-12-31,2021-08-25,-7000000.0,9285000000.0,9186250000.0,2015000000.0,7270000000.0,0.659,19.541,-285000000.0,156000000.0,156000000.0,4964000000.0,93000000.0,1.375,1.628,2583000000.0,211000000.0,2372000000.0,2583000000.0,0.0,477000000.0,0.0,0.031,0.92,287000000.0,764000000.0,0.126,764000000.0,287000000.0,92000000.0,0.52,0.52,0.52,3533000000.0,3511250000.0,3533000000.0,7998476621.0,28.0,10.469,282000000.0,1.56,1.0,1086000000.0,0.18,851000000.0,195000000.0,9396000000.0,9407250000.0,715000000.0,0.0,0.0,0.0,5752000000.0,1465000000.0,4287000000.0,5446476621.0,-141000000.0,-549000000.0,6000000.0,202000000.0,-167000000.0,35000000.0,-761000000.0,109000000.0,567000000.0,18000000.0,93000000.0,93000000.0,93000000.0,-12000000.0,0.0,0.015,894000000.0,192000000.0,552000000.0,1.769,1.542,58.564,57.808,4523000000.0,0.0,30.06,0.9,0.898,1011000000.0,168000000.0,6050000000.0,6050000000.0,0.0,0.01,0.026,0.031,0.047,0.0,894000000.0,1.0,181186847.0,180800000.0,181200000.0,33.462,8434000000.0,0.0,-1000000.0,1177000000.0,46.648,550000000.0
34,MWV,MRT,2006-09-30,2006-09-30,2006-09-30,2021-08-25,19000000.0,9449000000.0,9092000000.0,2045000000.0,7404000000.0,0.702,19.524,-290000000.0,135000000.0,135000000.0,5293000000.0,114000000.0,1.39,1.677,2687000000.0,270000000.0,2417000000.0,2687000000.0,0.0,500000000.0,0.0,0.035,0.92,334000000.0,834000000.0,0.131,834000000.0,334000000.0,127000000.0,0.61,0.61,0.61,3530000000.0,3498750000.0,3530000000.0,6718952034.0,20.0,8.056,221000000.0,1.222,1.0,1089000000.0,0.171,861000000.0,207000000.0,9669000000.0,9418250000.0,819000000.0,0.0,0.0,0.0,5919000000.0,1471000000.0,4448000000.0,4802952034.0,-333000000.0,-557000000.0,-26000000.0,277000000.0,-167000000.0,-79000000.0,-773000000.0,109000000.0,511000000.0,8000000.0,114000000.0,114000000.0,114000000.0,-2000000.0,0.0,0.018,833000000.0,256000000.0,532000000.0,1.508,1.361,42.131,43.459,4519000000.0,0.0,26.51,0.753,0.751,991000000.0,170000000.0,6382000000.0,6382000000.0,0.0,0.013,0.033,0.035,0.052,0.0,833000000.0,1.0,181175105.0,180800000.0,181400000.0,35.299,8588000000.0,0.0,13000000.0,1263000000.0,47.5,574000000.0
35,MWV,MRT,2006-06-30,2006-06-30,2006-06-30,2021-08-25,24000000.0,9229000000.0,9000750000.0,2544000000.0,6685000000.0,0.69,19.23,-287000000.0,832000000.0,832000000.0,5172000000.0,113000000.0,1.818,1.657,2748000000.0,348000000.0,2400000000.0,2748000000.0,0.0,491000000.0,0.0,0.033,0.92,332000000.0,823000000.0,0.132,823000000.0,332000000.0,130000000.0,0.6,0.6,0.6,3473000000.0,3488000000.0,3473000000.0,7156446826.0,22.0,8.696,79000000.0,0.437,1.0,1042000000.0,0.168,565000000.0,202000000.0,9181000000.0,9339000000.0,787000000.0,0.0,0.0,0.0,5756000000.0,1399000000.0,4357000000.0,5059446826.0,195000000.0,98000000.0,-101000000.0,340000000.0,-167000000.0,-91000000.0,-89000000.0,109000000.0,366000000.0,9000000.0,113000000.0,113000000.0,113000000.0,-2000000.0,0.0,0.018,815000000.0,227000000.0,409000000.0,1.533,1.457,44.774,46.55,4379000000.0,0.0,27.93,0.814,0.812,817000000.0,114000000.0,6214000000.0,6214000000.0,0.0,0.013,0.032,0.036,0.053,0.0,815000000.0,1.0,181147398.0,180600000.0,180600000.0,34.408,8664000000.0,0.0,17000000.0,1163000000.0,47.973,1145000000.0
36,MWV,MRT,2006-03-31,2006-03-31,2006-03-31,2021-08-25,-7000000.0,8782000000.0,9031750000.0,1918000000.0,6864000000.0,0.69,19.43,-302000000.0,322000000.0,322000000.0,5156000000.0,37000000.0,2.062,1.503,2419000000.0,12000000.0,2407000000.0,2419000000.0,0.0,486000000.0,0.0,0.034,0.92,251000000.0,737000000.0,0.118,737000000.0,251000000.0,45000000.0,0.23,0.23,0.23,3509000000.0,3495000000.0,3509000000.0,7088886137.0,28.0,9.619,61000000.0,0.338,1.0,1075000000.0,0.173,566000000.0,206000000.0,9383000000.0,9349250000.0,760000000.0,0.0,0.0,0.0,5273000000.0,930000000.0,4343000000.0,4955886137.0,115000000.0,2262000000.0,-736000000.0,-1121000000.0,-173000000.0,-2193000000.0,1944000000.0,0.0,363000000.0,1000000.0,37000000.0,37000000.0,37000000.0,68000000.0,0.0,0.006,761000000.0,314000000.0,377000000.0,4.0,1.412,133.943,118.739,4439000000.0,0.0,27.31,0.795,0.792,736000000.0,205000000.0,6231000000.0,6231000000.0,0.0,0.004,0.011,0.027,0.04,0.0,761000000.0,1.0,181467819.0,180600000.0,181100000.0,34.502,8216000000.0,0.0,8000000.0,1159000000.0,45.493,988000000.0
37,MWV,MRT,2005-12-31,2005-12-31,2005-12-31,2021-08-25,-56000000.0,8908000000.0,9683000000.0,2030000000.0,6878000000.0,0.637,18.169,-305000000.0,297000000.0,297000000.0,5087000000.0,28000000.0,1.948,1.558,2430000000.0,13000000.0,2417000000.0,2430000000.0,0.0,491000000.0,0.0,0.033,0.92,252000000.0,743000000.0,0.12,743000000.0,252000000.0,44000000.0,0.14,0.14,0.14,3483000000.0,3691500000.0,3483000000.0,7222414729.0,29.0,9.721,-78000000.0,-0.407,1.0,1083000000.0,0.176,559000000.0,208000000.0,9440000000.0,10174750000.0,714000000.0,0.0,0.0,0.0,5425000000.0,1042000000.0,4383000000.0,5086414729.0,27000000.0,2290000000.0,-675000000.0,-1165000000.0,-178000000.0,-2181000000.0,1985000000.0,5000000.0,227000000.0,-4000000.0,28000000.0,28000000.0,28000000.0,91000000.0,0.0,0.005,756000000.0,327000000.0,416000000.0,6.571,1.46,181.658,200.214,4487000000.0,0.0,28.03,0.824,0.871,922000000.0,243000000.0,6170000000.0,6170000000.0,0.0,0.003,0.008,0.025,0.041,0.0,756000000.0,1.0,181463244.0,191700000.0,192700000.0,32.186,8349000000.0,0.0,16000000.0,1152000000.0,43.552,988000000.0
38,MWV,MRT,2005-09-30,2005-09-30,2005-09-30,2021-08-25,-24000000.0,9084000000.0,10367500000.0,2171000000.0,6913000000.0,0.595,19.128,-329000000.0,468000000.0,468000000.0,5068000000.0,-533000000.0,1.662,1.605,2604000000.0,184000000.0,2420000000.0,2604000000.0,0.0,494000000.0,0.0,0.033,0.92,-286000000.0,208000000.0,0.034,208000000.0,-286000000.0,-500000000.0,-2.61,-2.6,-2.61,3487000000.0,3900000000.0,3487000000.0,7065854952.0,-25.0,33.97,98000000.0,0.538,1.0,1096000000.0,0.178,562000000.0,214000000.0,9352000000.0,10986000000.0,792000000.0,0.0,0.0,0.0,5597000000.0,1306000000.0,4291000000.0,5081854952.0,183000000.0,2214000000.0,-627000000.0,-1585000000.0,-183000000.0,-2434000000.0,2180000000.0,239000000.0,427000000.0,10000000.0,-533000000.0,-533000000.0,-533000000.0,634000000.0,0.0,-0.086,786000000.0,310000000.0,378000000.0,-0.352,1.457,-9.534,-10.582,4528000000.0,0.0,27.62,0.824,0.817,785000000.0,223000000.0,6164000000.0,6164000000.0,0.0,-0.051,-0.137,-0.026,-0.046,0.0,786000000.0,1.0,183991852.0,182300000.0,183300000.0,33.812,8522000000.0,0.0,33000000.0,1149000000.0,46.747,865000000.0
39,MWV,MRT,2005-06-30,2005-06-30,2005-06-30,2021-08-25,-28000000.0,9353000000.0,11259750000.0,2374000000.0,6979000000.0,0.546,17.514,-328000000.0,637000000.0,637000000.0,5044000000.0,-483000000.0,1.527,1.672,2621000000.0,186000000.0,2435000000.0,2621000000.0,0.0,495000000.0,0.0,0.033,0.92,-217000000.0,278000000.0,0.045,278000000.0,-217000000.0,-431000000.0,-2.39,-2.38,-2.39,3501000000.0,4213750000.0,3501000000.0,9152129423.0,-42.0,32.921,413000000.0,2.066,1.0,1106000000.0,0.18,560000000.0,214000000.0,9222000000.0,12090750000.0,796000000.0,0.0,0.0,0.0,5852000000.0,1555000000.0,4297000000.0,5751129423.0,324000000.0,2340000000.0,-533000000.0,-1639000000.0,-187000000.0,-2398000000.0,1968000000.0,0.0,741000000.0,13000000.0,-483000000.0,-483000000.0,-483000000.0,611000000.0,0.0,-0.079,785000000.0,321000000.0,427000000.0,-0.385,1.643,-11.907,-11.732,4583000000.0,0.0,28.04,0.935,0.911,784000000.0,168000000.0,6150000000.0,6150000000.0,0.0,-0.043,-0.115,-0.018,-0.035,0.0,785000000.0,1.0,205104473.0,199900000.0,199900000.0,30.765,8793000000.0,0.0,52000000.0,1144000000.0,43.987,819000000.0
40,MWV,MRT,2005-03-31,2005-03-31,2005-03-31,2021-08-25,-25000000.0,11387000000.0,12036250000.0,2422000000.0,8965000000.0,0.508,21.044,-320000000.0,207000000.0,207000000.0,4973000000.0,-353000000.0,1.566,1.651,3608000000.0,218000000.0,3390000000.0,3608000000.0,0.0,497000000.0,0.0,0.029,0.92,-49000000.0,448000000.0,0.073,448000000.0,-49000000.0,-260000000.0,-1.75,-1.74,-1.75,4295000000.0,4489500000.0,4295000000.0,9877726816.0,-202.0,22.048,544000000.0,2.665,1.0,1146000000.0,0.187,556000000.0,211000000.0,12685000000.0,13266250000.0,793000000.0,0.0,0.0,0.0,7092000000.0,1547000000.0,5545000000.0,6491726816.0,-64000000.0,127000000.0,88000000.0,-553000000.0,-187000000.0,-691000000.0,-246000000.0,0.0,864000000.0,9000000.0,-353000000.0,-353000000.0,-353000000.0,568000000.0,0.0,-0.058,796000000.0,350000000.0,357000000.0,-0.526,1.511,-18.39,-18.183,4630000000.0,0.0,31.82,1.061,1.061,659000000.0,341000000.0,6119000000.0,6119000000.0,0.0,-0.029,-0.079,-0.004,-0.008,0.0,796000000.0,1.0,204014042.0,204100000.0,205900000.0,29.98,10831000000.0,0.0,93000000.0,1481000000.0,53.067,875000000.0
41,MWV,MRT,2004-12-31,2004-12-31,2004-12-31,2021-08-25,-31000000.0,11646000000.0,12291000000.0,2527000000.0,9119000000.0,0.493,21.382,-317000000.0,275000000.0,275000000.0,4925000000.0,-349000000.0,1.536,1.698,3516000000.0,234000000.0,3282000000.0,3516000000.0,0.0,489000000.0,0.0,0.027,0.92,-41000000.0,448000000.0,0.074,448000000.0,-41000000.0,-250000000.0,-1.73,-1.72,-1.73,4317000000.0,4582500000.0,4317000000.0,10481814295.0,-256.0,23.397,605000000.0,2.997,1.0,1135000000.0,0.187,557000000.0,209000000.0,12685000000.0,13623500000.0,735000000.0,0.0,0.0,0.0,7329000000.0,1645000000.0,5684000000.0,6867814295.0,55000000.0,180000000.0,74000000.0,-521000000.0,-186000000.0,-672000000.0,-207000000.0,5000000.0,922000000.0,12000000.0,-349000000.0,-349000000.0,-349000000.0,573000000.0,0.0,-0.058,800000000.0,335000000.0,432000000.0,-0.532,1.591,-19.679,-19.59,4688000000.0,0.0,33.89,1.133,1.129,845000000.0,394000000.0,6060000000.0,6060000000.0,0.0,-0.028,-0.076,-0.003,-0.007,0.0,800000000.0,1.0,202650171.0,201900000.0,203600000.0,30.015,11089000000.0,0.0,99000000.0,1470000000.0,54.923,882000000.0
42,MWV,MRT,2004-09-30,2004-09-30,2004-09-30,2021-08-25,-103000000.0,12653000000.0,12497000000.0,2857000000.0,9796000000.0,0.352,23.51,-240000000.0,524000000.0,524000000.0,3341000000.0,222000000.0,1.668,1.668,4152000000.0,317000000.0,3835000000.0,4152000000.0,0.0,306000000.0,0.0,0.029,0.92,448000000.0,754000000.0,0.171,754000000.0,448000000.0,307000000.0,1.1,1.1,1.1,4742000000.0,4681500000.0,4742000000.0,10322752813.0,23.0,13.691,629000000.0,3.118,1.0,1056000000.0,0.24,797000000.0,141000000.0,13771000000.0,14006500000.0,1089000000.0,0.0,0.0,0.0,7911000000.0,1713000000.0,6198000000.0,6437752813.0,109000000.0,199000000.0,40000000.0,-390000000.0,-185000000.0,-532000000.0,-242000000.0,-239000000.0,869000000.0,14000000.0,222000000.0,222000000.0,222000000.0,94000000.0,0.0,0.05,712000000.0,344000000.0,464000000.0,0.836,1.358,28.999,29.0,7035000000.0,0.0,31.9,1.464,1.463,1044000000.0,940000000.0,4397000000.0,4397000000.0,0.0,0.018,0.047,0.032,0.102,0.0,712000000.0,1.0,201810433.0,201700000.0,203600000.0,21.8,11856000000.0,0.0,85000000.0,1704000000.0,58.78,1144000000.0
43,MWV,MRT,2004-06-30,2004-06-30,2004-06-30,2021-08-25,-116000000.0,12459000000.0,12511750000.0,2627000000.0,9832000000.0,0.386,22.86,-259000000.0,313000000.0,313000000.0,3754000000.0,144000000.0,1.589,1.706,4197000000.0,280000000.0,3917000000.0,4197000000.0,0.0,361000000.0,0.0,0.031,0.92,381000000.0,742000000.0,0.154,742000000.0,381000000.0,220000000.0,0.71,0.71,0.71,4604000000.0,4668500000.0,4604000000.0,9895073915.0,26.0,13.336,453000000.0,2.249,1.0,1073000000.0,0.222,766000000.0,161000000.0,13924000000.0,14183750000.0,1105000000.0,0.0,0.0,0.0,7855000000.0,1653000000.0,6202000000.0,5923073915.0,172000000.0,220000000.0,24000000.0,-395000000.0,-185000000.0,-553000000.0,6000000.0,0.0,712000000.0,7000000.0,144000000.0,144000000.0,144000000.0,117000000.0,0.0,0.03,724000000.0,349000000.0,434000000.0,1.296,1.287,41.132,41.394,7093000000.0,0.0,29.39,1.227,1.226,1038000000.0,835000000.0,4827000000.0,4827000000.0,0.0,0.012,0.031,0.027,0.079,0.0,724000000.0,1.0,201533648.0,201400000.0,202800000.0,23.967,11693000000.0,0.0,76000000.0,1636000000.0,58.059,974000000.0
44,MWV,MRT,2004-03-31,2004-03-31,2004-03-31,2021-08-25,-97000000.0,12406000000.0,12620500000.0,2471000000.0,9935000000.0,0.411,23.196,-281000000.0,271000000.0,271000000.0,4180000000.0,91000000.0,1.638,1.658,4243000000.0,281000000.0,3962000000.0,4243000000.0,0.0,422000000.0,0.0,0.033,0.92,328000000.0,750000000.0,0.145,750000000.0,328000000.0,145000000.0,0.45,0.45,0.45,4667000000.0,4691500000.0,4667000000.0,9702398816.0,30.0,12.937,302000000.0,1.501,1.0,1006000000.0,0.194,755000000.0,183000000.0,14114000000.0,14354500000.0,1143000000.0,0.0,0.0,0.0,7739000000.0,1509000000.0,6230000000.0,5689398816.0,175000000.0,282000000.0,23000000.0,-321000000.0,-184000000.0,-479000000.0,53000000.0,0.0,583000000.0,18000000.0,91000000.0,91000000.0,91000000.0,90000000.0,0.0,0.018,763000000.0,243000000.0,382000000.0,2.044,1.219,62.521,62.867,7215000000.0,0.0,28.29,1.097,1.098,884000000.0,881000000.0,5186000000.0,5186000000.0,0.0,0.007,0.019,0.023,0.063,0.0,763000000.0,1.0,201109891.0,201200000.0,202700000.0,25.775,11651000000.0,0.0,54000000.0,1631000000.0,57.908,962000000.0
45,MWV,MRT,2003-12-31,2003-12-31,2003-12-31,2021-08-25,-88000000.0,12470000000.0,12698000000.0,2426000000.0,10044000000.0,0.438,23.518,-309000000.0,225000000.0,225000000.0,4593000000.0,18000000.0,1.6,1.646,4238000000.0,269000000.0,3969000000.0,4238000000.0,0.0,479000000.0,0.0,0.031,0.92,232000000.0,711000000.0,0.128,711000000.0,232000000.0,22000000.0,0.09,0.09,0.09,4713000000.0,4710750000.0,4713000000.0,10338874140.0,45.0,14.541,161000000.0,0.803,1.0,973000000.0,0.175,750000000.0,210000000.0,14217000000.0,14547250000.0,1098000000.0,0.0,0.0,0.0,7757000000.0,1516000000.0,6241000000.0,5966874140.0,-157000000.0,168000000.0,19000000.0,-385000000.0,-184000000.0,-547000000.0,-95000000.0,-10000000.0,470000000.0,15000000.0,18000000.0,18000000.0,18000000.0,62000000.0,0.0,0.003,780000000.0,193000000.0,380000000.0,10.222,1.266,331.493,330.556,7378000000.0,0.0,29.75,1.072,1.071,943000000.0,929000000.0,5566000000.0,5566000000.0,0.0,0.001,0.004,0.016,0.042,0.0,780000000.0,1.0,200567198.0,200400000.0,201800000.0,27.774,11720000000.0,0.0,4000000.0,1640000000.0,58.483,910000000.0
46,MWV,MRT,2003-09-30,2003-09-30,2003-09-30,2021-08-25,-142000000.0,12712000000.0,12806500000.0,2468000000.0,10244000000.0,0.586,23.403,-406000000.0,177000000.0,177000000.0,6424000000.0,-27000000.0,1.328,1.71,4549000000.0,632000000.0,3917000000.0,4549000000.0,0.0,719000000.0,0.0,0.036,0.92,298000000.0,1017000000.0,0.136,1017000000.0,298000000.0,-4000000.0,-0.11,-0.11,-0.11,4690000000.0,4720750000.0,4690000000.0,9592918225.0,32.0,9.433,-36000000.0,-0.18,1.0,1077000000.0,0.144,745000000.0,302000000.0,14480000000.0,14685000000.0,1134000000.0,0.0,0.0,0.0,8022000000.0,1859000000.0,6163000000.0,5109918225.0,-275000000.0,230000000.0,12000000.0,-272000000.0,-184000000.0,-444000000.0,-204000000.0,0.0,370000000.0,3000000.0,-27000000.0,-27000000.0,-27000000.0,5000000.0,0.0,-0.004,887000000.0,190000000.0,1227000000.0,-8.364,1.09,-189.256,-231.818,7435000000.0,0.0,25.5,0.681,0.681,996000000.0,910000000.0,7501000000.0,7501000000.0,0.0,-0.002,-0.006,0.02,0.04,0.0,887000000.0,1.0,200388950.0,200400000.0,201800000.0,37.43,11967000000.0,0.0,23000000.0,1750000000.0,59.716,609000000.0
47,MWV,MRT,2003-06-30,2003-06-30,2003-06-30,2021-08-25,-105000000.0,12894000000.0,12897500000.0,2480000000.0,10414000000.0,0.583,23.433,-410000000.0,141000000.0,141000000.0,6455000000.0,-56000000.0,1.225,1.746,4624000000.0,675000000.0,3949000000.0,4624000000.0,0.0,714000000.0,0.0,0.037,0.92,259000000.0,973000000.0,0.129,973000000.0,259000000.0,-52000000.0,-0.25,-0.25,-0.25,4696000000.0,4755250000.0,4696000000.0,9406546525.0,36.0,9.668,17000000.0,0.085,1.0,1070000000.0,0.142,745000000.0,311000000.0,14607000000.0,14823750000.0,1196000000.0,0.0,0.0,0.0,8198000000.0,2025000000.0,6173000000.0,4949546525.0,45000000.0,554000000.0,13000000.0,-468000000.0,-184000000.0,-514000000.0,129000000.0,0.0,427000000.0,3000000.0,-56000000.0,-56000000.0,-56000000.0,24000000.0,0.0,-0.007,892000000.0,178000000.0,1350000000.0,-3.68,1.054,-88.385,-98.8,7703000000.0,0.0,24.7,0.658,0.658,980000000.0,883000000.0,7525000000.0,7525000000.0,0.0,-0.004,-0.012,0.017,0.034,0.0,892000000.0,1.0,200386499.0,200400000.0,200400000.0,37.55,12149000000.0,0.0,4000000.0,1740000000.0,60.624,455000000.0
48,MWV,MRT,2003-03-31,2003-03-31,2003-03-31,2021-08-25,-156000000.0,12716000000.0,13027250000.0,2236000000.0,10480000000.0,0.578,23.696,-414000000.0,96000000.0,96000000.0,6442000000.0,-58000000.0,1.444,1.68,4553000000.0,324000000.0,4229000000.0,4553000000.0,0.0,705000000.0,0.0,0.04,0.92,252000000.0,957000000.0,0.127,957000000.0,252000000.0,-67000000.0,-0.26,-0.26,-0.26,4744000000.0,4804000000.0,4744000000.0,8783455179.0,35.0,9.178,120000000.0,0.599,1.0,1087000000.0,0.144,740000000.0,319000000.0,14885000000.0,15111000000.0,1124000000.0,0.0,0.0,0.0,7972000000.0,1548000000.0,6424000000.0,4559455179.0,10000000.0,486000000.0,16000000.0,-415000000.0,-184000000.0,-583000000.0,66000000.0,0.0,534000000.0,-7000000.0,-58000000.0,-58000000.0,-58000000.0,27000000.0,0.0,-0.008,882000000.0,205000000.0,1224000000.0,-3.538,0.961,-78.611,-87.615,7781000000.0,0.0,22.78,0.606,0.606,836000000.0,983000000.0,7529000000.0,7529000000.0,0.0,-0.004,-0.012,0.017,0.033,0.0,882000000.0,1.0,200151676.0,200200000.0,200200000.0,37.607,11976000000.0,0.0,-9000000.0,1727000000.0,59.82,688000000.0
49,MWV,MRT,2002-12-31,2002-12-31,2002-12-31,2021-08-25,-195000000.0,12904000000.0,13258250000.0,2431000000.0,10473000000.0,0.546,24.742,-424000000.0,372000000.0,372000000.0,6196000000.0,-398000000.0,1.485,1.715,4596000000.0,363000000.0,4233000000.0,4596000000.0,0.0,674000000.0,0.0,0.037,0.92,-99000000.0,575000000.0,0.079,575000000.0,-99000000.0,-409000000.0,-2.07,-2.07,-2.07,4753000000.0,4941000000.0,4753000000.0,9304839349.0,-94.0,16.182,70000000.0,0.364,1.0,1046000000.0,0.144,723000000.0,310000000.0,14768000000.0,15456750000.0,1002000000.0,0.0,0.0,0.0,8151000000.0,1637000000.0,6514000000.0,4942839349.0,270000000.0,641000000.0,37000000.0,-255000000.0,-206000000.0,-424000000.0,206000000.0,0.0,494000000.0,-6000000.0,-398000000.0,-398000000.0,-398000000.0,34000000.0,0.0,-0.055,856000000.0,190000000.0,1274000000.0,-0.444,1.04,-12.419,-11.937,7834000000.0,0.0,24.71,0.683,0.655,894000000.0,1095000000.0,7242000000.0,7242000000.0,0.0,-0.03,-0.081,-0.006,-0.014,0.0,856000000.0,1.0,200033968.0,192100000.0,192100000.0,37.699,12181000000.0,0.0,-11000000.0,1687000000.0,63.41,794000000.0
50,MWV,MRT,2002-09-30,2002-09-30,2002-09-30,2021-08-25,0.0,13076000000.0,11739250000.0,2577000000.0,10499000000.0,,24.14,,451000000.0,451000000.0,,,1.537,1.708,4813000000.0,445000000.0,4368000000.0,4813000000.0,0.0,,0.0,0.036,0.69,,,,,,,,,,4828000000.0,4331500000.0,4828000000.0,8649661774.0,,,,,1.0,,,726000000.0,,15035000000.0,13840500000.0,1023000000.0,0.0,0.0,0.0,8248000000.0,1677000000.0,6571000000.0,3840661774.0,,,,,,,,,,,,,,,,,,,1232000000.0,,0.795,,,7874000000.0,,19.21,,,963000000.0,1114000000.0,,,,,,,,,,1.0,199930337.0,200000000.0,,,12350000000.0,0.0,,1728000000.0,61.75,900000000.0
51,MWV,MRT,2002-06-30,2002-06-30,2002-06-30,2021-08-25,0.0,13413000000.0,,2524000000.0,10889000000.0,,24.479,,221000000.0,221000000.0,,,1.441,1.742,5030000000.0,527000000.0,4503000000.0,5030000000.0,0.0,,0.0,0.014,0.46,,,,,,,,,,4891000000.0,,4891000000.0,11536051826.0,,,,,1.0,,,715000000.0,,15756000000.0,,1174000000.0,0.0,0.0,0.0,8522000000.0,1751000000.0,6771000000.0,6706051826.0,,,,,,,,,,,,,,,,,,,1224000000.0,,1.371,,,8324000000.0,,33.56,,,986000000.0,1162000000.0,,,,,,,,,,1.0,199822760.0,199800000.0,,,12698000000.0,0.0,,1789000000.0,63.554,773000000.0
52,MWV,MRT,2002-03-31,2002-03-31,2002-03-31,2021-08-25,0.0,13640000000.0,,2284000000.0,11356000000.0,,31.463,,86000000.0,86000000.0,,,1.771,1.577,4916000000.0,206000000.0,4710000000.0,4916000000.0,0.0,,0.0,0.007,0.23,,,,,,,,,,5292000000.0,,5292000000.0,9351894051.0,,,,,1.0,,,912000000.0,,16268000000.0,,1225000000.0,0.0,0.0,0.0,8348000000.0,1290000000.0,7058000000.0,6590494051.0,,,,,,,,,,,,,,,,,,,1084000000.0,,1.245,,,8635000000.0,,33.15,,,821000000.0,1568000000.0,,,,,,,,,,1.0,198808267.0,168200000.0,,,12728000000.0,0.0,,1876000000.0,75.672,994000000.0
53,MWV,MRT,2001-12-31,2001-12-31,2001-12-31,2021-08-25,0.0,6828000000.0,,1034000000.0,5794000000.0,,,,102000000.0,102000000.0,,,1.424,1.949,2864000000.0,167000000.0,2697000000.0,2864000000.0,0.0,,0.0,,,,,,,,,,,,2315000000.0,,2315000000.0,5664919909.0,,,,,1.0,,,561000000.0,,8303000000.0,,435000000.0,0.0,0.0,0.0,4513000000.0,726000000.0,3787000000.0,2910355909.0,,,,,,,,,,,,,,,,,,,544000000.0,,1.257,,,4203000000.0,,28.45,,,396000000.0,1687000000.0,,,,,,,,,,1.0,102297220.0,,,,6267000000.0,0.0,,1022000000.0,,308000000.0
54,MWV,MRT,2001-09-30,2001-10-31,2001-10-31,2021-08-25,186800000.0,6787000000.0,6678450000.0,1015700000.0,5771300000.0,0.589,23.063,-296000000.0,81200000.0,81200000.0,3274000000.0,88000000.0,1.449,1.899,2833400000.0,172900000.0,2660500000.0,2833400000.0,0.0,347000000.0,0.0,0.0,0.0,326000000.0,673000000.0,0.171,673000000.0,326000000.0,118000000.0,0.87,0.87,0.87,2340900000.0,2336750000.0,2340900000.0,5265960751.0,16.0,7.825,-43000000.0,-0.424,1.0,661000000.0,0.168,565200000.0,208000000.0,8273000000.0,8080650000.0,426400000.0,0.0,0.0,0.0,4446100000.0,701000000.0,3745100000.0,2511396751.0,-144000000.0,-33000000.0,4000000.0,22000000.0,-89000000.0,-63000000.0,-324000000.0,0.0,253000000.0,-10000000.0,88000000.0,88000000.0,88000000.0,0.0,0.0,0.022,383000000.0,278000000.0,511600000.0,0.0,1.073,28.539,28.218,4227300000.0,0.0,24.55,0.638,0.633,414700000.0,1731800000.0,3935000000.0,3935000000.0,0.0,0.013,0.038,0.04,0.083,0.0,383000000.0,1.0,102297220.0,101500000.0,101600000.0,38.768,6221800000.0,0.0,30000000.0,1024300000.0,61.299,314700000.0
55,MWV,MRT,2001-06-30,2001-06-30,2001-06-30,2021-08-25,,,,,,,,,,,,,,,,,,,,,,0.0,0.0,,,,,,,,,,,,,5094091330.0,,,,,1.0,,,,,,,,,,,,,,2446827330.0,,,,,,,,,,,,,,,,,,,,,,,,,,24.29,,,,,,,,,,,,,,1.0,100733937.0,102200000.0,,,,,,,,
56,MWV,MRT,2001-03-31,2001-03-31,2001-03-31,2021-08-25,,,,,,,,,,,,,,,,,,,,,,0.0,0.0,,,,,,,,,,,,,5038565471.0,,,,,1.0,,,,,,,,,,,,,,2441228471.0,,,,,,,,,,,,,,,,,,,,,,,,,,24.23,,,,,,,,,,,,,,1.0,100752310.0,100800000.0,,,,,,,,
57,MWV,MRT,2000-12-31,2001-01-31,2001-01-31,2021-08-25,-135663000.0,6528800000.0,6361051000.0,993223000.0,5535577000.0,0.626,23.292,-41076000.0,100497000.0,100497000.0,3130854000.0,229061000.0,1.932,1.783,2697834000.0,29959000.0,2667875000.0,2697834000.0,0.0,326724000.0,0.0,0.0,0.0,562418000.0,889142000.0,0.223,889142000.0,562418000.0,363061000.0,2.27,2.27,2.27,2345969000.0,2307070250.0,2345969000.0,5198276178.0,9.0,5.846,,,1.0,852675000.0,0.214,663713000.0,199357000.0,7948449000.0,7929873000.0,387201000.0,0.0,0.0,0.0,4182831000.0,513975000.0,3668856000.0,2706812178.0,,-497040000.0,,,,,-2012410000.0,0.0,,,229061000.0,229061000.0,229061000.0,0.0,0.0,0.058,332471000.0,520204000.0,472368000.0,0.0,1.154,11.817,11.846,4195342000.0,0.0,26.89,0.68,0.68,409797000.0,1772874000.0,3983529000.0,3983529000.0,0.0,0.036,0.099,0.071,0.141,,319747000.0,1.0,100662409.0,100719000.0,100896000.0,39.551,5865087000.0,0.0,134000000.0,936391000.0,58.232,479248000.0
58,MWV,MRT,2000-09-30,2000-10-31,2000-10-31,2021-08-25,135700000.0,6569900000.0,6282994500.0,1063700000.0,5506200000.0,0.614,23.187,0.0,225300000.0,225300000.0,3025000000.0,246000000.0,1.876,1.817,2716800000.0,30100000.0,2686700000.0,2716800000.0,0.0,314000000.0,0.0,0.0,0.0,582000000.0,896000000.0,0.232,896000000.0,582000000.0,390000000.0,2.44,2.44,2.44,2332600000.0,2275022750.0,2332600000.0,5361943465.0,9.0,5.984,583000000.0,5.795,1.0,832000000.0,0.216,606200000.0,192000000.0,7888300000.0,7859477000.0,333300000.0,0.0,0.0,0.0,4237300000.0,566900000.0,3670400000.0,2868852465.0,116000000.0,-1261000000.0,7000000.0,2611000000.0,-88000000.0,1006000000.0,-2736000000.0,0.0,583000000.0,2000000.0,246000000.0,246000000.0,246000000.0,0.0,0.0,0.064,293000000.0,539000000.0,523200000.0,0.0,1.23,11.662,11.68,4196600000.0,0.0,28.5,0.744,0.743,421700000.0,1761800000.0,3857000000.0,3857000000.0,0.0,0.039,0.108,0.074,0.151,0.0,293000000.0,1.0,100661490.0,100600000.0,100900000.0,38.34,5963700000.0,0.0,144000000.0,921300000.0,59.281,496800000.0
59,MWV,MRT,2000-06-30,2000-07-31,2000-07-31,2021-08-25,-116832000.0,6554086000.0,5864692500.0,1115137000.0,5438949000.0,0.606,22.769,283771000.0,300448000.0,300448000.0,2482941000.0,188839000.0,1.737,1.859,2793539000.0,125786000.0,2667753000.0,2793539000.0,0.0,304680000.0,0.0,0.0,0.0,449091000.0,753771000.0,0.212,753771000.0,449091000.0,279339000.0,1.88,1.88,1.88,2292164000.0,2234694750.0,2292164000.0,4894814563.0,11.0,6.494,458509000.0,4.555,1.0,1072134000.0,0.302,0.0,169752000.0,8405154000.0,7347362000.0,342263000.0,0.0,0.0,0.0,4261922000.0,642023000.0,3619899000.0,2761968563.0,186289000.0,-1079399000.0,28015000.0,2900720000.0,87981000.0,1235516000.0,-842217000.0,0.0,174738000.0,36252000.0,188839000.0,188839000.0,188839000.0,0.0,0.0,0.053,672320000.0,399814000.0,499366000.0,0.0,1.205,14.626,14.596,4195442000.0,0.0,27.44,0.777,0.777,391550000.0,1703163000.0,3555075000.0,3555075000.0,0.0,0.032,0.085,0.061,0.126,0.0,256605000.0,1.0,100654831.0,100669000.0,100945000.0,35.314,6554086000.0,0.0,90500000.0,894479000.0,65.105,473114000.0
60,MWV,MRT,2000-03-31,2000-04-30,2000-04-30,2021-08-25,-119786000.0,5791418000.0,5469783250.0,843602000.0,4947816000.0,0.608,22.439,296043000.0,124645000.0,124645000.0,2342381000.0,170273000.0,1.889,1.565,2257491000.0,18650000.0,2238841000.0,2257491000.0,0.0,293192000.0,0.0,0.0,0.0,400530000.0,693722000.0,0.208,693722000.0,400530000.0,247773000.0,1.7,1.7,1.7,2257548000.0,2207383000.0,2257548000.0,5342457036.0,13.0,7.701,824352000.0,8.194,1.0,984874000.0,0.296,0.0,152757000.0,7477589000.0,6751855000.0,296701000.0,0.0,0.0,0.0,3533870000.0,446675000.0,3087195000.0,3104501036.0,33198000.0,-696901000.0,30613000.0,2399731000.0,88070000.0,737214000.0,-446501000.0,0.0,528309000.0,32176000.0,170273000.0,170273000.0,170273000.0,0.0,0.0,0.051,620993000.0,363881000.0,423493000.0,0.0,1.375,18.232,18.159,4121163000.0,0.0,30.87,0.933,0.933,352552000.0,1671776000.0,3327255000.0,3327255000.0,0.0,0.031,0.077,0.059,0.12,0.0,246846000.0,1.0,100566927.0,100607000.0,100978000.0,33.072,5791418000.0,0.0,77500000.0,852886000.0,57.565,396927000.0
61,MWV,MRT,1999-12-31,2000-01-31,2000-01-31,2021-08-25,-118178000.0,6216574000.0,5265098750.0,1261299000.0,4955275000.0,0.589,22.087,256111000.0,527635000.0,527635000.0,2210783000.0,136203000.0,1.601,1.803,2765591000.0,374457000.0,2391134000.0,2765591000.0,0.0,283071000.0,0.0,0.0,0.0,325802000.0,608873000.0,0.196,608873000.0,325802000.0,187603000.0,1.36,1.36,1.36,2217779000.0,2187958000.0,2217779000.0,4195620612.0,13.0,6.891,747079000.0,7.44,1.0,891295000.0,0.287,0.0,138199000.0,7666865000.0,6395255750.0,298181000.0,0.0,0.0,0.0,3998795000.0,787665000.0,3211130000.0,2752035612.0,432807000.0,-718460000.0,28654000.0,2891984000.0,88180000.0,1227618000.0,-507274000.0,0.0,490968000.0,39495000.0,136203000.0,136203000.0,136203000.0,0.0,0.0,0.044,607252000.0,284043000.0,398838000.0,0.0,1.241,20.205,20.176,4161717000.0,0.0,27.44,0.887,0.888,364794000.0,1633051000.0,3102078000.0,3102078000.0,0.0,0.026,0.062,0.051,0.105,0.0,236676000.0,1.0,100292843.0,100412000.0,100965000.0,30.893,6216574000.0,0.0,51400000.0,834366000.0,61.911,473634000.0
62,MWV,MRT,1999-09-30,1999-10-31,1999-10-31,2021-08-25,129981000.0,4896692000.0,4940789750.0,738008000.0,4158684000.0,0.598,21.67,228900000.0,108792000.0,108792000.0,2120900000.0,111200000.0,1.736,1.255,1477054000.0,50200000.0,1426854000.0,1477054000.0,0.0,280500000.0,0.0,0.0,0.0,271500000.0,552000000.0,0.187,552000000.0,271500000.0,148000000.0,1.11,1.11,1.11,2171288000.0,2171039750.0,2171288000.0,4496187963.0,17.0,8.145,641600000.0,6.403,1.0,832300000.0,0.282,0.0,123500000.0,5839840000.0,5980930000.0,248963000.0,0.0,0.0,0.0,2725404000.0,425114000.0,2300290000.0,2978037963.0,3700000.0,45500000.0,19900000.0,1833700000.0,88200000.0,160600000.0,229900000.0,0.0,412700000.0,18500000.0,111200000.0,111200000.0,111200000.0,0.0,0.0,0.038,590200000.0,242100000.0,361959000.0,0.0,1.372,26.781,26.748,3581383000.0,0.0,29.69,1.008,1.007,318369000.0,1607504000.0,2953200000.0,2953200000.0,0.0,0.023,0.051,0.045,0.092,0.0,230900000.0,1.0,100304411.0,100200000.0,100500000.0,29.473,4896692000.0,0.0,36800000.0,811068000.0,48.869,312894000.0
63,MWV,MRT,1999-06-30,1999-07-31,1999-07-31,2021-08-25,-117016000.0,4974449000.0,4968783750.0,730351000.0,4244098000.0,0.556,21.774,598266000.0,114117000.0,114117000.0,1966728000.0,120720000.0,1.556,1.279,1632267000.0,120611000.0,1511656000.0,1632267000.0,0.0,278979000.0,0.0,0.0,0.0,310683000.0,589662000.0,0.213,589662000.0,310683000.0,188920000.0,1.2,1.2,1.2,2182917000.0,2189829750.0,2182917000.0,4512510609.0,15.0,7.653,981667000.0,9.792,1.0,795461000.0,0.288,0.0,121763000.0,6023126000.0,6036447000.0,265785000.0,0.0,0.0,0.0,2791532000.0,469473000.0,2322059000.0,2949081609.0,142015000.0,-15754000.0,76249000.0,950789000.0,90221000.0,13339000.0,568349000.0,0.0,383401000.0,-9662000.0,120720000.0,120720000.0,120720000.0,0.0,0.0,0.044,503525000.0,291936000.0,332368000.0,0.0,1.351,24.429,24.533,3692985000.0,0.0,29.44,1.068,1.069,286654000.0,1605980000.0,2762189000.0,2762189000.0,0.0,0.024,0.055,0.051,0.112,0.0,231483000.0,1.0,100172609.0,100252000.0,100759000.0,27.552,4974449000.0,0.0,68200000.0,826897000.0,49.619,260878000.0
64,MWV,MRT,1999-03-31,1999-04-30,1999-04-30,2021-08-25,-104138000.0,4972680000.0,4972160000.0,718733000.0,4253947000.0,0.561,21.774,526095000.0,91405000.0,91405000.0,2002063000.0,117408000.0,1.482,1.281,1654834000.0,139713000.0,1515121000.0,1654834000.0,0.0,279920000.0,0.0,0.0,0.0,299301000.0,579221000.0,0.208,579221000.0,299301000.0,182708000.0,1.16,1.16,1.16,2179848000.0,2208439750.0,2179848000.0,4554264412.0,15.0,7.863,908274000.0,9.073,1.0,787750000.0,0.282,0.0,116593000.0,6051192000.0,6043239750.0,283746000.0,0.0,0.0,0.0,2792832000.0,484917000.0,2307915000.0,2992270412.0,125501000.0,-15754000.0,68746000.0,1013023000.0,89972000.0,67821000.0,496160000.0,0.0,382179000.0,-7247000.0,117408000.0,117408000.0,117408000.0,0.0,0.0,0.042,507196000.0,280554000.0,327509000.0,0.0,1.373,25.486,25.75,3724542000.0,0.0,29.87,1.073,1.072,277971000.0,1594556000.0,2789813000.0,2789813000.0,0.0,0.024,0.053,0.05,0.107,0.0,231810000.0,1.0,100176445.0,100111000.0,100145000.0,27.867,4972680000.0,0.0,65300000.0,810489000.0,49.672,233816000.0
65,MWV,MRT,1998-12-31,1999-01-31,1999-01-31,2021-08-25,-128059000.0,4919338000.0,4963923000.0,724492000.0,4194846000.0,0.571,21.445,479224000.0,94786000.0,94786000.0,2034081000.0,124719000.0,1.536,1.288,1656780000.0,134523000.0,1522257000.0,1656780000.0,0.0,280812000.0,0.0,0.0,0.0,307022000.0,587834000.0,0.207,587834000.0,307022000.0,193719000.0,1.23,1.23,1.23,2150106000.0,2227200500.0,2150106000.0,3733564656.0,12.0,6.351,854738000.0,8.525,1.0,800438000.0,0.282,0.0,113303000.0,6009562000.0,6029663000.0,300548000.0,0.0,0.0,0.0,2769232000.0,471770000.0,2297462000.0,2213199656.0,121661000.0,6905000.0,64291000.0,1052463000.0,89664000.0,102498000.0,472030000.0,0.0,375514000.0,-14969000.0,124719000.0,124719000.0,124719000.0,0.0,0.0,0.044,512163000.0,288275000.0,313908000.0,0.0,1.029,17.745,17.935,3708274000.0,0.0,22.06,0.781,0.78,260257000.0,1590969000.0,2834519000.0,2834519000.0,0.0,0.025,0.056,0.051,0.108,0.0,235796000.0,1.0,100326367.0,100261000.0,100468000.0,28.271,4919338000.0,0.0,69000000.0,798544000.0,49.065,252722000.0
66,MWV,MRT,1998-09-30,1998-10-31,1998-10-31,2021-08-25,32167000.0,5008668000.0,4959579250.0,739192000.0,4269476000.0,0.582,22.174,422984000.0,105050000.0,105050000.0,2071011000.0,132013000.0,1.582,1.23,1625415000.0,99072000.0,1526343000.0,1625415000.0,0.0,280981000.0,0.0,0.0,0.0,314575000.0,595556000.0,0.206,595556000.0,314575000.0,204413000.0,1.3,1.3,1.3,2246448000.0,2252506750.0,2246448000.0,3974760564.0,13.0,6.674,829690000.0,8.19,1.0,814906000.0,0.282,0.0,110162000.0,6061908000.0,6007955750.0,285783000.0,0.0,0.0,0.0,2762220000.0,467125000.0,2295095000.0,2466886564.0,70304000.0,6905000.0,53250000.0,1018340000.0,89300000.0,56970000.0,416029000.0,0.0,406706000.0,4011000.0,132013000.0,132013000.0,132013000.0,0.0,0.0,0.046,519078000.0,295828000.0,346552000.0,0.0,1.098,18.687,18.746,3802431000.0,0.0,24.37,0.855,0.856,286423000.0,1588932000.0,2885917000.0,2885917000.0,0.0,0.027,0.059,0.052,0.109,0.0,238097000.0,1.0,101226367.0,101311000.0,101788000.0,28.486,5008668000.0,0.0,72400000.0,790253000.0,49.439,272067000.0
67,MWV,MRT,1998-06-30,1998-07-31,1998-07-31,2021-08-25,-29526000.0,4987954000.0,4932109000.0,738336000.0,4249618000.0,0.596,22.285,770550000.0,112710000.0,112710000.0,2101236000.0,150508000.0,1.657,1.21,1620584000.0,93734000.0,1526850000.0,1620584000.0,0.0,284161000.0,0.0,0.0,0.0,335836000.0,619997000.0,0.211,619997000.0,335836000.0,228108000.0,1.48,1.47,1.48,2257357000.0,2260536750.0,2257357000.0,4014515372.0,12.0,6.475,1188932000.0,11.737,1.0,836003000.0,0.285,0.0,107728000.0,6050297000.0,5956628250.0,284030000.0,0.0,0.0,0.0,2730597000.0,445531000.0,2285066000.0,2538921372.0,-117514000.0,0.0,-503000.0,641778000.0,90028000.0,-63037000.0,716479000.0,0.0,418382000.0,-2110000.0,150508000.0,150508000.0,150508000.0,0.0,0.0,0.051,500167000.0,335836000.0,329924000.0,0.0,1.125,16.869,16.932,3796770000.0,0.0,25.06,0.864,0.864,277524000.0,1577974000.0,2937239000.0,2937239000.0,0.0,0.031,0.067,0.056,0.114,0.0,240978000.0,1.0,101313702.0,101297000.0,101699000.0,28.996,4987954000.0,0.0,77600000.0,780089000.0,49.241,292805000.0
68,MWV,MRT,1998-03-31,1998-04-30,1998-04-30,2021-08-25,-25781000.0,4939732000.0,,747844000.0,4191888000.0,,22.24,737756000.0,106512000.0,106512000.0,2108504000.0,156372000.0,1.787,1.191,1582106000.0,58868000.0,1523238000.0,1582106000.0,0.0,280733000.0,0.0,0.0,0.0,339735000.0,620468000.0,0.21,620468000.0,339735000.0,234472000.0,1.54,1.53,1.54,2254891000.0,,2254891000.0,4504422007.0,13.0,7.26,1156761000.0,11.409,1.0,839136000.0,0.285,0.0,105263000.0,5996885000.0,,289162000.0,0.0,0.0,0.0,2684841000.0,418441000.0,2266400000.0,3075045007.0,-28623000.0,0.0,7760000.0,752189000.0,89886000.0,55495000.0,685340000.0,0.0,419005000.0,-1235000.0,156372000.0,156372000.0,156372000.0,0.0,0.0,0.053,499401000.0,339735000.0,344690000.0,0.0,1.364,19.665,19.682,3754303000.0,0.0,30.31,1.043,1.043,289439000.0,1570389000.0,2947640000.0,2947640000.0,0.0,,,,0.115,0.0,243740000.0,1.0,101453151.0,101387000.0,102098000.0,29.073,4939732000.0,0.0,78100000.0,758045000.0,48.722,329403000.0
69,MWV,MRT,1997-12-31,1998-01-31,1998-01-31,2021-08-25,-22000000.0,4901963000.0,,757119000.0,4144844000.0,,22.139,694857000.0,113733000.0,113733000.0,2118308000.0,159706000.0,1.853,1.177,1543110000.0,26376000.0,1516734000.0,1543110000.0,0.0,275497000.0,0.0,0.0,0.0,339830000.0,615327000.0,0.209,615327000.0,339830000.0,240306000.0,1.57,1.56,1.57,2251331000.0,,2251331000.0,,,,1122531000.0,11.039,1.0,829738000.0,0.281,0.0,99524000.0,5922733000.0,,288245000.0,0.0,0.0,0.0,2650632000.0,408607000.0,2242025000.0,3291140218.0,12170000.0,0.0,12512000.0,803317000.0,89779000.0,111268000.0,660879000.0,0.0,427674000.0,-423000.0,159706000.0,159706000.0,159706000.0,0.0,0.0,0.054,489908000.0,339830000.0,355556000.0,0.0,1.462,20.607,20.662,3721889000.0,0.0,32.44,1.116,1.119,290170000.0,1558849000.0,2948046000.0,2948046000.0,0.0,,,,0.115,0.0,239581000.0,1.0,101453151.0,101691000.0,102419000.0,28.99,4901963000.0,0.0,80600000.0,751966000.0,48.204,348512000.0
70,MWV,MRT,1997-09-30,1997-10-31,1997-10-31,2021-08-25,0.0,4898787000.0,,805208000.0,4093579000.0,,22.344,643464000.0,175354000.0,175354000.0,2161194000.0,162700000.0,1.985,1.15,1538742000.0,26121000.0,1512621000.0,1538742000.0,0.0,269151000.0,0.0,0.0,0.0,339872000.0,609023000.0,0.204,609023000.0,339872000.0,246600000.0,1.6,1.58,1.6,2278568000.0,,2278568000.0,,,,1034147000.0,10.141,1.0,821094000.0,0.275,0.0,93272000.0,5856598000.0,,270519000.0,0.0,0.0,0.0,2620219000.0,405577000.0,2214642000.0,,59986000.0,0.0,28275000.0,939204000.0,89778000.0,262917000.0,592968000.0,0.0,390683000.0,646000.0,162700000.0,162700000.0,162700000.0,0.0,0.0,0.055,481222000.0,339872000.0,356691000.0,0.0,,,20.506,3684358000.0,0.0,32.81,,1.122,300827000.0,1549356000.0,2982288000.0,2982288000.0,0.0,,,,0.114,0.0,240814000.0,1.0,,101978000.0,102704000.0,29.244,4898787000.0,0.0,83900000.0,724786000.0,48.038,399631000.0
71,MWV,MRT,1997-06-30,1997-07-31,1997-07-31,2021-08-25,,,,,,,,,,,,,,,,,,,,,,0.0,0.0,,,,,,,,,,,,,,,,,,1.0,,,,,,,,,,,,,,,,,,,,,,,,,,,,,,,,,,,,,,,,33.44,,,,,,,,,,,,,,1.0,,102037000.0,,,,,,,,
72,MWV,MRT,1997-03-31,1997-04-30,1997-04-30,2021-08-25,,,,,,,,,,,,,,,,,,,,,,0.0,0.0,,,,,,,,,,,,,,,,,,1.0,,,,,,,,,,,,,,,,,,,,,,,,,,,,,,,,,,,,,,,,28.0,,,,,,,,,,,,,,1.0,,101952000.0,,,,,,,,
73,MWV,MRT,1996-12-31,1997-01-31,1997-01-31,2021-08-25,,,,,,,,,,,,,,,,,,,,,,0.0,0.0,,,,,,,,,,,,,,,,,,1.0,,,,,,,,,,,,,,,,,,,,,,,,,,,,,,,,,,,,,,,,29.25,,,,,,,,,,,,,,1.0,,101912000.0,,,,,,,,
74,MWV,MRT,1996-09-30,1996-10-31,1996-10-31,2021-08-25,,,,,,,,589391000.0,,,2173719000.0,212156000.0,,,,,,,,240411000.0,,0.0,0.0,426019000.0,666430000.0,0.219,666430000.0,426019000.0,335956000.0,2.09,2.07,2.09,,,,,,,1111209000.0,10.922,1.0,871731000.0,0.286,,90063000.0,,,,,,,,,,,36455000.0,0.0,5585000.0,108482000.0,89539000.0,99722000.0,458182000.0,0.0,521818000.0,369000.0,212156000.0,212156000.0,212156000.0,0.0,0.0,0.07,445712000.0,426019000.0,,0.0,,,13.636,,0.0,28.5,,0.952,,,3045450000.0,3045450000.0,0.0,,,,0.14,0.0,234366000.0,1.0,,101737000.0,102412000.0,29.935,,,123800000.0,,,
