None,ticker,dimension,calendardate,datekey,reportperiod,lastupdated,accoci,assets,assetsavg,assetsc,assetsnc,assetturnover,bvps,capex,cashneq,cashnequsd,cor,consolinc,currentratio,de,debt,debtc,debtnc,debtusd,deferredrev,depamor,deposits,divyield,dps,ebit,ebitda,ebitdamargin,ebitdausd,ebitusd,ebt,eps,epsdil,epsusd,equity,equityavg,equityusd,ev,evebit,evebitda,fcf,fcfps,fxusd,gp,grossmargin,intangibles,intexp,invcap,invcapavg,inventory,investments,investmentsc,investmentsnc,liabilities,liabilitiesc,liabilitiesnc,marketcap,ncf,ncfbus,ncfcommon,ncfdebt,ncfdiv,ncff,ncfi,ncfinv,ncfo,ncfx,netinc,netinccmn,netinccmnusd,netincdis,netincnci,netmargin,opex,opinc,payables,payoutratio,pb,pe,pe1,ppnenet,prefdivis,price,ps,ps1,receivables,retearn,revenue,revenueusd,rnd,roa,roe,roic,ros,sbcomp,sgna,sharefactor,sharesbas,shareswa,shareswadil,sps,tangibles,taxassets,taxexp,taxliabilities,tbvps,workingcapital
0,PSA,MRY,2020-12-31,2020-12-31,2020-12-31,2021-08-03,-43401000.0,11816546000.0,11846417500.0,,,0.246,49.05,-359411000.0,257560000.0,257560000.0,867462000.0,1361227000.0,,0.379,2544992000.0,,,2544992000.0,0.0,553257000.0,0.0,0.035,8.0,1413496000.0,1966753000.0,0.675,1966753000.0,1413496000.0,1357213000.0,6.29,6.29,6.29,8558867000.0,8749690750.0,8558867000.0,42577292252.0,30.0,21.649,1683491000.0,9.648,1.0,2047606000.0,0.702,204654000.0,56283000.0,13899324000.0,13490659500.0,0.0,773046000.0,,,3239647000.0,,,40371677252.0,-150954000.0,24658000.0,12664000.0,543131000.0,-1606429000.0,-1075716000.0,-1117714000.0,9305000.0,2042902000.0,-426000.0,1357213000.0,1098335000.0,1098335000.0,0.0,4014000.0,0.377,636456000.0,1411150000.0,0.0,1.272,4.717,36.757,36.714,10408571000.0,258878000.0,230.93,13.849,13.823,0.0,-914791000.0,2915068000.0,2915068000.0,0.0,0.093,0.126,0.105,0.485,33363000.0,83199000.0,1.0,174822142.0,174494000.0,174642000.0,16.706,11611892000.0,0.0,0.0,0.0,66.546,
1,PSA,MRY,2019-12-31,2019-12-31,2019-12-31,2021-08-03,-64890000.0,11365444000.0,11191903000.0,,,0.255,52.0,-471985000.0,409743000.0,409743000.0,813152000.0,1525651000.0,,0.252,1902493000.0,,,1902493000.0,0.0,512918000.0,0.0,0.038,8.0,1566175000.0,2079093000.0,0.728,2079093000.0,1566175000.0,1520534000.0,7.3,7.29,7.3,9062911000.0,8918950250.0,9062911000.0,38551036428.0,25.0,18.542,1595649000.0,9.155,1.0,2041956000.0,0.715,205936000.0,45641000.0,12652258000.0,12377336750.0,0.0,767816000.0,,,2285777000.0,,,37199958428.0,49535000.0,11630000.0,33564000.0,494980000.0,-1608749000.0,-1120735000.0,-897351000.0,762000.0,2067634000.0,-13000.0,1520534000.0,1272767000.0,1272767000.0,0.0,5117000.0,0.446,575064000.0,1466892000.0,0.0,1.096,4.105,29.228,29.173,9807605000.0,247767000.0,212.96,13.029,13.0,0.0,-665575000.0,2855108000.0,2855108000.0,0.0,0.114,0.143,0.127,0.549,25833000.0,62146000.0,1.0,174680496.0,174287000.0,174530000.0,16.382,11159508000.0,0.0,0.0,0.0,64.029,
2,PSA,MRY,2018-12-31,2018-12-31,2018-12-31,2021-08-03,-64060000.0,10928270000.0,10763673000.0,,,0.256,52.42,-481012000.0,361218000.0,361218000.0,757083000.0,1717223000.0,,0.196,1412283000.0,,,1412283000.0,0.0,483646000.0,0.0,0.04,8.0,1743573000.0,2227219000.0,0.807,2227219000.0,1743573000.0,1711031000.0,8.56,8.54,8.56,9119478000.0,8950344500.0,9119478000.0,36278536421.0,21.0,16.289,1582634000.0,9.097,1.0,2002440000.0,0.726,209856000.0,32542000.0,11769479000.0,11604044250.0,0.0,783988000.0,,,1783542000.0,,,35293116421.0,-72034000.0,91927000.0,12525000.0,-1784000.0,-1612680000.0,-1619588000.0,-515921000.0,54184000.0,2063646000.0,-171000.0,1711031000.0,1488900000.0,1488900000.0,0.0,6192000.0,0.54,588358000.0,1414082000.0,0.0,0.935,3.87,23.704,23.646,9442111000.0,222131000.0,202.41,12.79,12.761,0.0,-577360000.0,2759523000.0,2759523000.0,0.0,0.138,0.166,0.15,0.632,69936000.0,104712000.0,1.0,174364490.0,173969000.0,174297000.0,15.862,10718414000.0,0.0,0.0,0.0,61.611,
3,PSA,MRY,2017-12-31,2017-12-31,2017-12-31,2021-08-03,-75064000.0,10732892000.0,10487056000.0,,,0.254,51.494,-457888000.0,433376000.0,433376000.0,707978000.0,1448465000.0,,0.198,1431322000.0,,,1431322000.0,0.0,454526000.0,0.0,0.038,8.0,1454907000.0,1909433000.0,0.716,1909433000.0,1454907000.0,1442217000.0,6.75,6.73,6.75,8940009000.0,9094700000.0,8940009000.0,37106235771.0,26.0,19.433,1515001000.0,8.726,1.0,1960550000.0,0.735,214957000.0,12690000.0,11515881000.0,10794421250.0,0.0,724173000.0,,,1768523000.0,,,36374614771.0,243480000.0,0.0,42500000.0,990376000.0,-1630347000.0,-992219000.0,-737064000.0,6103000.0,1972889000.0,-126000.0,1442217000.0,1171609000.0,1171609000.0,0.0,6248000.0,0.439,545197000.0,1415353000.0,0.0,1.185,4.069,31.047,30.963,9230099000.0,270608000.0,209.0,13.631,13.597,0.0,-675711000.0,2668528000.0,2668528000.0,0.0,0.112,0.129,0.135,0.545,37548000.0,82882000.0,1.0,174041219.0,173613000.0,174151000.0,15.371,10517935000.0,0.0,0.0,0.0,60.583,
4,PSA,MRY,2016-12-31,2016-12-31,2016-12-31,2021-08-03,-95106000.0,10130338000.0,10014397750.0,,,0.256,54.376,-351351000.0,183688000.0,183688000.0,669083000.0,1460439000.0,,0.073,390749000.0,,,390749000.0,0.0,433314000.0,0.0,0.033,7.3,1457786000.0,1891100000.0,0.739,1891100000.0,1457786000.0,1453576000.0,6.84,6.81,6.84,9411910000.0,9064521250.0,9411910000.0,39137578674.0,27.0,20.696,1593985000.0,9.209,1.0,1891466000.0,0.739,212719000.0,4210000.0,10124680000.0,9998708000.0,0.0,689207000.0,,,688684000.0,,,38763899674.0,97018000.0,67420000.0,25541000.0,77161000.0,-1505758000.0,-1148826000.0,-699111000.0,998000.0,1945336000.0,-381000.0,1453576000.0,1183879000.0,1183879000.0,0.0,6863000.0,0.462,516970000.0,1374496000.0,0.0,1.067,4.119,32.743,32.675,8922576000.0,269697000.0,223.5,15.139,15.108,0.0,-487581000.0,2560549000.0,2560549000.0,0.0,0.118,0.131,0.146,0.569,37483000.0,83656000.0,1.0,173440267.0,173091000.0,173878000.0,14.793,9917619000.0,0.0,0.0,0.0,57.297,
5,PSA,MRY,2015-12-31,2015-12-31,2015-12-31,2021-08-03,-68548000.0,9778232000.0,9709955500.0,,,0.245,53.102,-294072000.0,104285000.0,104285000.0,635502000.0,1317689000.0,,0.063,319016000.0,,,319016000.0,0.0,426008000.0,0.0,0.026,6.5,1311854000.0,1737862000.0,0.73,1737862000.0,1311854000.0,1311244000.0,6.1,6.07,6.1,9170641000.0,9220005750.0,9170641000.0,42910694661.0,33.0,24.692,1454207000.0,8.42,1.0,1746194000.0,0.733,211458000.0,610000.0,9781505000.0,9539205250.0,0.0,809308000.0,,,580594000.0,,,42890637661.0,-99457000.0,0.0,29663000.0,247018000.0,-1371031000.0,-1391283000.0,-456135000.0,15013000.0,1748279000.0,-318000.0,1311244000.0,1053050000.0,1053050000.0,0.0,6445000.0,0.442,514185000.0,1232009000.0,0.0,1.066,4.677,40.73,40.607,8557713000.0,258194000.0,247.7,18.008,17.961,0.0,-434610000.0,2381696000.0,2381696000.0,0.0,0.108,0.114,0.138,0.551,32570000.0,88177000.0,1.0,173155582.0,172699000.0,173510000.0,13.791,9566774000.0,0.0,0.0,0.0,55.396,
6,PSA,MRY,2014-12-31,2014-12-31,2014-12-31,2021-08-03,-48156000.0,9818676000.0,9768045750.0,,,0.223,55.041,-222531000.0,187712000.0,187712000.0,613324000.0,1149955000.0,,0.033,64364000.0,,,64364000.0,0.0,437114000.0,0.0,0.03,5.6,1150985000.0,1588099000.0,0.729,1588099000.0,1150985000.0,1144204000.0,5.27,5.25,5.27,9480796000.0,9251466250.0,9480796000.0,31901719360.0,28.0,20.088,1381011000.0,8.017,1.0,1563972000.0,0.718,228632000.0,6781000.0,9466696000.0,9593567750.0,0.0,813740000.0,,,311505000.0,,,31928339360.0,168347000.0,421164000.0,37872000.0,-794506000.0,-1200545000.0,-1236864000.0,-198331000.0,17246000.0,1603542000.0,196000.0,1144204000.0,908176000.0,908176000.0,0.0,5751000.0,0.417,508573000.0,1055399000.0,0.0,1.063,3.368,35.157,35.076,8485288000.0,236028000.0,184.85,14.664,14.624,0.0,-374823000.0,2177296000.0,2177296000.0,0.0,0.093,0.098,0.12,0.529,29541000.0,71459000.0,1.0,172725666.0,172251000.0,173138000.0,12.64,9590044000.0,0.0,0.0,0.0,55.675,
7,PSA,MRY,2013-12-31,2013-12-31,2013-12-31,2021-08-03,-500000.0,9876266000.0,9305588750.0,,,0.211,51.222,-159651000.0,19169000.0,19169000.0,559759000.0,1057531000.0,,0.12,839053000.0,,,839053000.0,0.0,387402000.0,0.0,0.034,5.15,1058897000.0,1446299000.0,0.736,1446299000.0,1058897000.0,1052453000.0,4.92,4.89,4.92,8791730000.0,8758085750.0,8791730000.0,25942660380.0,24.0,17.937,1270688000.0,7.403,1.0,1405183000.0,0.715,246854000.0,6444000.0,10449296000.0,9163557000.0,0.0,1284321000.0,,,1057411000.0,,,25899507380.0,1786000.0,-105040000.0,21111000.0,365205000.0,-1091461000.0,-16160000.0,-1412393000.0,0.0,1430339000.0,144000.0,1052453000.0,844731000.0,844731000.0,0.0,5078000.0,0.43,454081000.0,951102000.0,0.0,1.047,2.946,30.66,30.593,8239778000.0,207722000.0,150.52,13.181,13.148,0.0,-318482000.0,1964942000.0,1964942000.0,0.0,0.091,0.096,0.116,0.539,0.0,66679000.0,1.0,172066884.0,171640000.0,172688000.0,11.448,9629412000.0,0.0,0.0,0.0,56.102,
8,PSA,MRY,2012-12-31,2012-12-31,2012-12-31,2021-08-03,-1005000.0,8793403000.0,9166695500.0,,,0.201,47.453,-78425000.0,17239000.0,17239000.0,555904000.0,943035000.0,,0.083,468828000.0,,,468828000.0,0.0,358103000.0,0.0,0.03,4.4,959071000.0,1317174000.0,0.715,1317174000.0,959071000.0,939258000.0,3.93,3.9,3.93,8093756000.0,8213429250.0,8093756000.0,24694363358.0,26.0,18.748,1207234000.0,7.078,1.0,1286600000.0,0.698,209374000.0,19813000.0,9035618000.0,8942624000.0,0.0,1146318000.0,,,670539000.0,,,24882172358.0,-122111000.0,0.0,124447000.0,71987000.0,-959154000.0,-1117305000.0,-290465000.0,20021000.0,1285659000.0,342000.0,939258000.0,669694000.0,669694000.0,-12874000.0,3777000.0,0.363,414618000.0,871982000.0,0.0,1.12,3.074,37.155,36.885,7331932000.0,269564000.0,144.96,13.505,13.419,0.0,-279474000.0,1842504000.0,1842504000.0,0.0,0.073,0.082,0.107,0.521,0.0,56837000.0,1.0,171648540.0,170562000.0,171664000.0,10.803,8584029000.0,0.0,0.0,0.0,50.328,
9,PSA,MRY,2011-12-31,2011-12-31,2011-12-31,2021-08-03,-23014000.0,8932562000.0,9181490500.0,,,0.189,48.853,-88941000.0,139008000.0,139008000.0,560509000.0,836459000.0,,0.074,398314000.0,,,398314000.0,0.0,358525000.0,0.0,0.027,3.65,848064000.0,1206589000.0,0.695,1206589000.0,848064000.0,823842000.0,3.31,3.29,3.31,8288209000.0,8486182500.0,8288209000.0,23258712754.0,27.0,19.276,1114511000.0,6.569,1.0,1175379000.0,0.677,209833000.0,24222000.0,8982035000.0,9256211250.0,0.0,1117320000.0,,,609280000.0,,,23000594754.0,-316449000.0,-32064000.0,26416000.0,-174355000.0,-846246000.0,-1438546000.0,-81355000.0,115714000.0,1203452000.0,-795000.0,823842000.0,561747000.0,561747000.0,-3316000.0,12617000.0,0.324,412565000.0,762814000.0,0.0,1.103,2.775,40.945,40.622,7379197000.0,262095000.0,134.46,13.25,13.141,0.0,-259578000.0,1735888000.0,1735888000.0,0.0,0.061,0.066,0.092,0.489,0.0,52410000.0,1.0,171059012.0,169657000.0,170750000.0,10.232,8722729000.0,0.0,0.0,0.0,51.414,
10,PSA,MRY,2010-12-31,2010-12-31,2010-12-31,2021-08-03,-15773000.0,9495333000.0,9615181750.0,,,0.168,51.378,-94259000.0,456252000.0,456252000.0,528404000.0,696114000.0,,0.089,568417000.0,,,568417000.0,0.0,354386000.0,0.0,0.03,3.05,702263000.0,1056649000.0,0.655,1056649000.0,702263000.0,672038000.0,2.36,2.35,2.36,8676598000.0,8655771750.0,8676598000.0,17350443908.0,25.0,16.42,998962000.0,5.915,1.0,1085373000.0,0.673,216725000.0,30225000.0,9390773000.0,9422540750.0,0.0,1199077000.0,,,774186000.0,,,17274404908.0,-306093000.0,24539000.0,-164058000.0,-77092000.0,-754770000.0,-1132709000.0,-266605000.0,-89618000.0,1093221000.0,-1444000.0,672038000.0,399178000.0,399178000.0,-7760000.0,24076000.0,0.247,392726000.0,692647000.0,0.0,1.292,1.991,43.275,42.975,7532816000.0,241983000.0,101.42,10.704,10.613,0.0,-236410000.0,1613777000.0,1613777000.0,0.0,0.042,0.046,0.075,0.435,0.0,38487000.0,1.0,170325428.0,168877000.0,169772000.0,9.556,9278608000.0,0.0,0.0,0.0,54.943,
11,PSA,MRY,2009-12-31,2009-12-31,2009-12-31,2021-08-03,-15002000.0,9805645000.0,9736338250.0,,,0.167,53.032,-76517000.0,763789000.0,763789000.0,520912000.0,790456000.0,,0.082,518889000.0,,,518889000.0,0.0,342127000.0,0.0,0.027,2.2,864537000.0,1206664000.0,0.744,1206664000.0,864537000.0,834621000.0,3.48,3.47,3.48,8928407000.0,8847049500.0,8928407000.0,13659705017.0,16.0,11.32,1036340000.0,6.156,1.0,1102008000.0,0.679,212904000.0,29916000.0,9347841000.0,9414542750.0,0.0,1174019000.0,,,731142000.0,,,13808971017.0,83047000.0,0.0,2192000.0,-117126000.0,-624665000.0,-938401000.0,-91409000.0,-6229000.0,1112857000.0,41000.0,834621000.0,585966000.0,585966000.0,6902000.0,-44165000.0,0.361,375180000.0,726828000.0,0.0,0.632,1.547,23.566,23.405,7562033000.0,248655000.0,81.45,8.509,8.449,0.0,-153759000.0,1622920000.0,1622920000.0,0.0,0.06,0.066,0.092,0.533,0.0,35735000.0,1.0,169539239.0,168358000.0,168768000.0,9.64,9592741000.0,0.0,0.0,0.0,56.978,
12,PSA,MRY,2008-12-31,2008-12-31,2008-12-31,2021-08-03,-31931000.0,9936045000.0,10157949750.0,,,0.169,51.762,-150922000.0,680701000.0,680701000.0,554280000.0,973872000.0,,0.098,643811000.0,,,643811000.0,0.0,414201000.0,0.0,0.035,2.8,979120000.0,1393321000.0,0.81,1393321000.0,979120000.0,935176000.0,4.19,4.18,4.19,8708995000.0,8902438750.0,8708995000.0,13305406560.0,14.0,9.549,926049000.0,5.504,1.0,1166208000.0,0.678,226639000.0,43944000.0,9672516000.0,9831966500.0,0.0,1096959000.0,,,856164000.0,,,13467255560.0,432913000.0,519769000.0,-108720000.0,-35473000.0,-733676000.0,-984076000.0,340018000.0,2227000.0,1076971000.0,2344000.0,935176000.0,705803000.0,705803000.0,7649000.0,38696000.0,0.41,472317000.0,693891000.0,0.0,0.668,1.546,19.081,18.974,7821889000.0,229373000.0,79.5,7.828,7.774,0.0,-290323000.0,1720488000.0,1720488000.0,0.0,0.069,0.079,0.1,0.569,0.0,62809000.0,1.0,169399441.0,168250000.0,168675000.0,10.226,9709406000.0,0.0,0.0,0.0,57.708,
13,PSA,MRY,2007-12-31,2007-12-31,2007-12-31,2021-08-03,50065000.0,10643102000.0,10592245000.0,,,0.169,51.748,-264209000.0,245444000.0,245444000.0,631154000.0,487078000.0,,0.157,1069928000.0,,,1069928000.0,0.0,622894000.0,0.0,0.027,2.0,521206000.0,1144100000.0,0.64,1144100000.0,521206000.0,457535000.0,1.18,1.17,1.18,8763129000.0,8674728250.0,8763129000.0,13373279324.0,26.0,11.689,783443000.0,4.626,1.0,1156048000.0,0.647,348379000.0,63671000.0,11119207000.0,11123544750.0,0.0,306743000.0,,,1373285000.0,,,12520807324.0,-295728000.0,4909000.0,8457000.0,-799861000.0,-598183000.0,-1081504000.0,-261876000.0,8708000.0,1047652000.0,5488000.0,457535000.0,198978000.0,198978000.0,2346000.0,29543000.0,0.111,676682000.0,479366000.0,0.0,1.695,1.429,62.926,62.212,9582554000.0,258557000.0,73.41,7.006,6.956,0.0,-485354000.0,1787202000.0,1787202000.0,0.0,0.019,0.023,0.047,0.292,0.0,59749000.0,1.0,170559969.0,169342000.0,169850000.0,10.554,10294723000.0,0.0,0.0,0.0,60.792,
14,PSA,MRY,2006-12-31,2006-12-31,2006-12-31,2021-08-03,19329000.0,11198473000.0,8406017250.0,,,0.164,57.495,-289148000.0,555584000.0,555584000.0,496257000.0,314026000.0,,0.303,1848542000.0,,,1848542000.0,0.0,438218000.0,0.0,0.021,2.0,347088000.0,785306000.0,0.569,785306000.0,347088000.0,314026000.0,0.33,0.33,0.33,8208045000.0,6739637750.0,8208045000.0,17931625662.0,52.0,22.834,463992000.0,3.25,1.0,882809000.0,0.64,589236000.0,33062000.0,11902195000.0,8406963500.0,0.0,301905000.0,,,2484398000.0,,,16591997662.0,51415000.0,-137261000.0,85369000.0,-322666000.0,-533861000.0,-228095000.0,-473630000.0,-47755000.0,753140000.0,2274000.0,314026000.0,46891000.0,46891000.0,534000.0,0.0,0.034,522216000.0,360593000.0,0.0,6.061,2.021,353.842,295.455,9597541000.0,267135000.0,97.5,12.031,10.093,0.0,-344706000.0,1379066000.0,1379066000.0,0.0,0.006,0.007,0.041,0.252,0.0,84661000.0,1.0,170174335.0,142760000.0,143715000.0,9.66,10609237000.0,0.0,0.0,0.0,74.315,
15,PSA,MRY,2005-12-31,2005-12-31,2005-12-31,2021-08-03,0.0,5552486000.0,5364780500.0,,,0.198,37.586,-351932000.0,493501000.0,493501000.0,378258000.0,456393000.0,,0.1,149647000.0,,,149647000.0,0.0,196153000.0,0.0,0.028,1.9,464609000.0,660762000.0,0.623,660762000.0,464609000.0,456393000.0,1.98,1.97,1.98,4817009000.0,4692049000.0,4817009000.0,8432120432.0,18.0,12.761,321939000.0,2.512,1.0,681580000.0,0.643,176285000.0,8216000.0,5032347000.0,4910825750.0,0.0,328555000.0,,,481507000.0,,,8748667432.0,117756000.0,0.0,2521000.0,-79056000.0,-438660000.0,-102969000.0,-453146000.0,-91724000.0,673871000.0,0.0,456393000.0,254395000.0,254395000.0,-6883000.0,0.0,0.24,219185000.0,462395000.0,0.0,0.96,1.816,34.39,34.202,4484828000.0,201998000.0,67.72,8.255,8.189,0.0,-124871000.0,1059838000.0,1059838000.0,0.0,0.047,0.054,0.095,0.438,3883000.0,21115000.0,1.0,129188828.0,128159000.0,128819000.0,8.27,5376201000.0,0.0,0.0,0.0,41.949,
16,PSA,MRY,2004-12-31,2004-12-31,2004-12-31,2021-08-03,0.0,5204790000.0,5071238750.0,,,0.189,34.654,-234616000.0,366255000.0,366255000.0,361944000.0,366213000.0,,0.078,145614000.0,,,145614000.0,0.0,182890000.0,0.0,0.032,1.8,366973000.0,549863000.0,0.574,549863000.0,366973000.0,366213000.0,1.39,1.38,1.39,4429967000.0,4425657750.0,4429967000.0,6764652962.0,18.0,12.302,382048000.0,2.989,1.0,596213000.0,0.622,182889000.0,760000.0,4801260000.0,4556589750.0,0.0,341304000.0,,,345920000.0,,,7204672962.0,161422000.0,96995000.0,29634000.0,-41204000.0,-410260000.0,-297604000.0,-157638000.0,-17785000.0,616664000.0,0.0,366213000.0,178063000.0,178063000.0,255000.0,0.0,0.186,202953000.0,393260000.0,0.0,1.295,1.626,40.461,40.108,4246710000.0,188150000.0,55.75,7.519,7.438,0.0,-142604000.0,958157000.0,958157000.0,0.0,0.035,0.04,0.081,0.383,2490000.0,18813000.0,1.0,129231802.0,127836000.0,128681000.0,7.495,5021901000.0,0.0,0.0,0.0,39.284,
17,PSA,MRY,2003-12-31,2003-12-31,2003-12-31,2021-08-03,0.0,4968069000.0,4803898250.0,,,0.186,33.71,-97720000.0,204833000.0,204833000.0,341182000.0,336653000.0,,0.076,76030000.0,,,76030000.0,0.0,184063000.0,0.0,0.041,1.8,337774000.0,521837000.0,0.584,521837000.0,337774000.0,336653000.0,1.29,1.28,1.29,4219799000.0,4112108500.0,4219799000.0,5542271824.0,16.0,10.621,473667000.0,3.784,1.0,552774000.0,0.618,189493000.0,1121000.0,4649773000.0,4620145500.0,0.0,437206000.0,,,322133000.0,,,5505272824.0,101709000.0,-100340000.0,62617000.0,-39837000.0,-393561000.0,-264545000.0,-205133000.0,2212000.0,571387000.0,0.0,336653000.0,161836000.0,161836000.0,-3920000.0,0.0,0.181,201190000.0,351584000.0,0.0,1.395,1.305,34.018,33.636,4054295000.0,174817000.0,43.39,6.158,6.076,0.0,-98557000.0,893956000.0,893956000.0,0.0,0.034,0.039,0.073,0.378,530000.0,17127000.0,1.0,126878839.0,125181000.0,126517000.0,7.141,4778576000.0,0.0,0.0,0.0,38.173,
18,PSA,MRY,2002-12-31,2002-12-31,2002-12-31,2021-08-03,0.0,4843662000.0,4915163000.0,,,0.168,33.811,-143011000.0,103124000.0,103124000.0,281497000.0,318738000.0,,0.059,115867000.0,,,115867000.0,0.0,202912000.0,0.0,0.056,1.8,322547000.0,525459000.0,0.638,525459000.0,322547000.0,318738000.0,1.15,1.14,1.15,4158969000.0,4188233500.0,4158969000.0,3867613569.0,12.0,7.36,448272000.0,3.644,1.0,542216000.0,0.658,196097000.0,3809000.0,4660308000.0,4652614500.0,0.0,354003000.0,,,245194000.0,,,4022286569.0,53777000.0,-173636000.0,22952000.0,-52685000.0,-391726000.0,-211720000.0,-325786000.0,5647000.0,591283000.0,0.0,318738000.0,141423000.0,141423000.0,11476000.0,0.0,0.172,191453000.0,350763000.0,0.0,1.565,0.967,28.442,28.096,4106303000.0,177315000.0,32.31,4.883,4.825,0.0,-41649000.0,823713000.0,823713000.0,0.0,0.029,0.034,0.069,0.392,0.0,15619000.0,1.0,124490454.0,123005000.0,124571000.0,6.697,4647565000.0,0.0,0.0,0.0,37.784,
19,PSA,MRY,2001-12-31,2001-12-31,2001-12-31,2021-08-03,0.0,4625879000.0,4600294750.0,,,0.168,31.965,-203335000.0,49347000.0,49347000.0,257244000.0,324208000.0,,0.067,168552000.0,,,168552000.0,0.0,190010000.0,0.0,0.027,0.89,327435000.0,517445000.0,0.668,517445000.0,327435000.0,324208000.0,1.41,1.39,1.41,3909583000.0,3835659500.0,3909583000.0,3894704909.0,12.0,7.527,335199000.0,2.741,1.0,517290000.0,0.668,202701000.0,3227000.0,4542383000.0,4469021500.0,0.0,538644000.0,,,261695000.0,,,4034039909.0,-40120000.0,-84192000.0,-186184000.0,12549000.0,-342030000.0,-272596000.0,-306058000.0,-9642000.0,538534000.0,0.0,324208000.0,171939000.0,171939000.0,521000.0,0.0,0.222,185952000.0,331338000.0,0.0,0.631,1.032,23.462,23.688,3762304000.0,152269000.0,33.4,5.208,5.274,0.0,31339000.0,774534000.0,774534000.0,0.0,0.037,0.045,0.073,0.423,0.0,21038000.0,1.0,120779638.0,122310000.0,123577000.0,6.333,4423178000.0,0.0,0.0,0.0,36.164,
20,PSA,MRY,2000-12-31,2000-12-31,2000-12-31,2021-08-03,0.0,4513941000.0,4492299750.0,,,0.159,28.306,-270560000.0,89467000.0,89467000.0,245265000.0,297088000.0,,0.069,156003000.0,,,156003000.0,0.0,170020000.0,0.0,0.061,1.48,300381000.0,470401000.0,0.658,470401000.0,300381000.0,297088000.0,1.41,1.41,1.41,3724117000.0,3729975000.0,3724117000.0,3246981038.0,11.0,6.903,255215000.0,1.94,1.0,469621000.0,0.657,185017000.0,3293000.0,4395460000.0,4287831750.0,0.0,475166000.0,,,256906000.0,,,3190857038.0,34342000.0,-156532000.0,-4873000.0,-11335000.0,-343388000.0,-25969000.0,-465464000.0,-23621000.0,525775000.0,0.0,297088000.0,185908000.0,185908000.0,1278000.0,0.0,0.26,169501000.0,300120000.0,0.0,1.05,0.857,17.164,17.241,3704986000.0,111180000.0,24.31,4.463,4.474,0.0,49161000.0,714886000.0,714886000.0,0.0,0.041,0.05,0.07,0.42,0.0,21306000.0,1.0,131256974.0,131566000.0,131657000.0,5.434,4328924000.0,0.0,0.0,0.0,32.903,
21,PSA,MRY,1999-12-31,1999-12-31,1999-12-31,2021-08-03,0.0,4214385000.0,4169739500.0,,,0.162,29.207,-152054000.0,55125000.0,55125000.0,216816000.0,287885000.0,,0.092,167338000.0,,,167338000.0,0.0,157440000.0,0.0,0.039,0.88,295856000.0,453296000.0,0.67,453296000.0,295856000.0,287885000.0,1.53,1.52,1.53,3689100000.0,3725004000.0,3689100000.0,3180062091.0,11.0,7.015,311238000.0,2.464,1.0,459918000.0,0.68,194326000.0,7971000.0,4132272000.0,4067244500.0,0.0,476327000.0,,,338685000.0,,,3093878091.0,3900000.0,-288466000.0,-98565000.0,-14088000.0,-208090000.0,-7183000.0,-452209000.0,-11689000.0,463292000.0,0.0,287885000.0,193092000.0,193092000.0,0.0,0.0,0.285,150210000.0,309708000.0,82086000.0,0.575,0.839,16.023,14.83,3429785000.0,94793000.0,22.69,4.572,4.235,0.0,57386000.0,676734000.0,676734000.0,0.0,0.046,0.052,0.073,0.437,0.0,12491000.0,1.0,136354257.0,126308000.0,126669000.0,5.358,4020059000.0,0.0,0.0,0.0,31.827,
22,PSA,MRY,1998-12-31,1998-12-31,1998-12-31,2021-08-03,0.0,3403904000.0,3465764000.0,,,0.168,27.38,-146635000.0,51225000.0,51225000.0,205835000.0,227019000.0,,0.047,81426000.0,,,81426000.0,0.0,125683000.0,0.0,0.033,0.88,231526000.0,357209000.0,0.615,357209000.0,231526000.0,227019000.0,1.3,1.3,1.3,3119340000.0,3105156250.0,3119340000.0,3351057860.0,14.0,9.381,226357000.0,1.987,1.0,375250000.0,0.646,203635000.0,4507000.0,3230470000.0,3215951750.0,0.0,455928000.0,,,145239000.0,,,3320390860.0,9770000.0,-146765000.0,165604000.0,-22131000.0,-179101000.0,-7991000.0,-355231000.0,24052000.0,372992000.0,0.0,227019000.0,148644000.0,148644000.0,0.0,0.0,0.256,123434000.0,251816000.0,0.0,0.677,1.064,22.338,20.815,2634253000.0,78375000.0,27.06,5.714,5.305,0.0,59677000.0,581085000.0,581085000.0,0.0,0.043,0.048,0.072,0.398,0.0,11635000.0,1.0,122704762.0,113929000.0,114357000.0,5.1,3200269000.0,0.0,0.0,0.0,28.09,
23,PSA,MRY,1997-12-31,1997-12-31,1997-12-31,2021-08-03,0.0,3311645000.0,2941898500.0,,,0.159,28.939,-146207000.0,41455000.0,41455000.0,165714000.0,178649000.0,,0.061,103558000.0,,,103558000.0,0.0,104224000.0,0.0,0.03,0.88,185441000.0,289665000.0,0.618,289665000.0,185441000.0,178649000.0,0.92,0.91,0.92,2848960000.0,2577198500.0,2848960000.0,,,,148350000.0,1.507,1.0,303337000.0,0.647,212944000.0,6792000.0,3160804000.0,2796145000.0,0.0,247680000.0,,,174206000.0,,,3282447653.0,14599000.0,-76148000.0,182523000.0,-4885000.0,-174574000.0,128355000.0,-408313000.0,-21150000.0,294557000.0,0.0,178649000.0,90256000.0,90256000.0,0.0,0.0,0.192,106212000.0,197125000.0,0.0,0.957,1.152,36.368,31.935,2741916000.0,88393000.0,29.38,6.998,6.166,0.0,11759000.0,469051000.0,469051000.0,0.0,0.031,0.035,0.066,0.395,0.0,13462000.0,1.0,111723882.0,98446000.0,98961000.0,4.765,3098701000.0,0.0,0.0,0.0,31.476,
24,PSA,MRY,1996-12-31,1996-12-31,1996-12-31,2021-08-03,0.0,2572152000.0,,,,,29.895,-264867000.0,26856000.0,26856000.0,97066000.0,153549000.0,,0.065,108443000.0,,,108443000.0,0.0,82417000.0,0.0,0.028,0.88,162031000.0,244448000.0,0.721,244448000.0,162031000.0,153549000.0,1.1,1.1,1.1,2305437000.0,,2305437000.0,,,,-19538000.0,-0.253,1.0,241885000.0,0.714,222253000.0,8482000.0,2431486000.0,,0.0,375206000.0,,,149910000.0,,,,-53580000.0,-99312000.0,130538000.0,-51310000.0,-136308000.0,185821000.0,-484730000.0,-1925000.0,245329000.0,0.0,153549000.0,84950000.0,84950000.0,0.0,0.0,0.251,70491000.0,171394000.0,0.0,0.8,,,28.182,1923658000.0,68599000.0,31.0,,7.053,0.0,7684000.0,338951000.0,338951000.0,0.0,,,,0.478,0.0,5524000.0,1.0,,77117000.0,77358000.0,4.395,2349899000.0,0.0,0.0,0.0,30.472,
25,PSA,MRY,1995-12-31,1995-12-31,1995-12-31,2021-08-03,,,,,,,,-127666000.0,,,72599000.0,70386000.0,,,,,,,,46056000.0,,0.046,0.88,78894000.0,124950000.0,0.588,124950000.0,78894000.0,70386000.0,0.96,0.95,0.96,,,,,,,-4087000.0,-0.1,1.0,139951000.0,0.658,,8508000.0,,,,,,,,,,,60285000.0,-53340000.0,80526000.0,-76819000.0,-69072000.0,185378000.0,-248672000.0,-10292000.0,123579000.0,0.0,70386000.0,39262000.0,39262000.0,0.0,0.0,0.185,53920000.0,86031000.0,,0.917,,,19.792,,31124000.0,19.0,,3.669,,,212550000.0,212550000.0,0.0,,,,0.371,0.0,3982000.0,1.0,,41039000.0,41171000.0,5.179,,,0.0,,,
0,PSA,MRQ,2021-06-30,2021-06-30,2021-06-30,2021-08-03,-46082000.0,14490365000.0,,,,,50.014,-13645000.0,480810000.0,480810000.0,218586000.0,411730000.0,,0.655,4995620000.0,,,4995620000.0,0.0,172728000.0,0.0,0.027,2.0,432420000.0,605148000.0,0.73,605148000.0,432420000.0,410426000.0,1.98,1.97,1.98,8743584000.0,,8743584000.0,55450665917.0,35.0,25.382,607648000.0,3.476,1.0,610729000.0,0.736,265486000.0,21994000.0,18739689000.0,,0.0,767914000.0,,,5727262000.0,,,52614176917.0,321191000.0,8765000.0,42895000.0,1985768000.0,-396237000.0,2015882000.0,-2315979000.0,4151000.0,621293000.0,-5000.0,410426000.0,346249000.0,346249000.0,0.0,1304000.0,0.418,200468000.0,410261000.0,0.0,1.01,6.017,41.391,41.36,12791988000.0,64177000.0,300.69,17.048,17.033,0.0,-863742000.0,829315000.0,829315000.0,0.0,,,,,18265000.0,27740000.0,1.0,174978140.0,174824000.0,175547000.0,4.744,14224879000.0,0.0,0.0,0.0,81.367,
1,PSA,MRQ,2021-03-31,2021-03-31,2021-03-31,2021-08-03,-49341000.0,11981735000.0,,,,,49.241,-212179000.0,159622000.0,159622000.0,228423000.0,434262000.0,,0.391,2996111000.0,,,2996111000.0,0.0,146859000.0,0.0,0.032,2.0,448286000.0,595145000.0,0.776,595145000.0,448286000.0,433036000.0,2.21,2.21,2.21,8597947000.0,,8597947000.0,45448760303.0,31.0,22.211,296983000.0,1.701,1.0,538839000.0,0.702,205061000.0,15250000.0,14613163000.0,,0.0,771075000.0,,,3364420000.0,,,43161328303.0,-97356000.0,0.0,4703000.0,495708000.0,-396176000.0,-202971000.0,-403725000.0,11562000.0,509162000.0,178000.0,433036000.0,385810000.0,385810000.0,0.0,1226000.0,0.503,166433000.0,372406000.0,0.0,0.905,5.02,36.858,36.83,10559664000.0,47226000.0,246.76,14.533,14.508,0.0,-877931000.0,767262000.0,767262000.0,0.0,,,,,14407000.0,19574000.0,1.0,174912175.0,174611000.0,174840000.0,4.394,11776674000.0,0.0,0.0,0.0,67.445,
2,PSA,MRQ,2020-12-31,2020-12-31,2020-12-31,2021-08-03,-43401000.0,11816546000.0,,,,,49.039,-93966000.0,257560000.0,257560000.0,205524000.0,352432000.0,,0.379,2544992000.0,,,2544992000.0,0.0,141406000.0,0.0,0.035,2.0,365502000.0,506908000.0,0.668,506908000.0,365502000.0,351267000.0,1.67,1.67,1.67,8558867000.0,,8558867000.0,42577292252.0,30.0,21.649,418596000.0,2.398,1.0,553520000.0,0.729,204654000.0,14235000.0,13899324000.0,,0.0,773046000.0,,,3239647000.0,,,40371677252.0,-36108000.0,13855000.0,7159000.0,-515000.0,-398108000.0,41127000.0,-589563000.0,397000.0,512562000.0,-234000.0,351267000.0,292166000.0,292166000.0,0.0,1165000.0,0.385,161959000.0,391561000.0,0.0,1.198,4.717,36.757,36.714,10408571000.0,59101000.0,230.93,13.849,13.823,0.0,-914791000.0,759044000.0,759044000.0,0.0,,,,,11828000.0,20553000.0,1.0,174822142.0,174533000.0,174750000.0,4.349,11611892000.0,0.0,0.0,0.0,66.531,
3,PSA,MRQ,2020-09-30,2020-09-30,2020-09-30,2021-08-03,-62344000.0,11385148000.0,,,,,48.332,-76880000.0,293955000.0,293955000.0,217461000.0,325847000.0,,0.348,2499570000.0,,,2499570000.0,0.0,138333000.0,0.0,0.036,2.0,339149000.0,477482000.0,0.653,477482000.0,339149000.0,324867000.0,1.41,1.41,1.41,8434127000.0,,8434127000.0,40121473834.0,28.0,20.127,451386000.0,2.587,1.0,513196000.0,0.702,204700000.0,14282000.0,13386063000.0,,0.0,769923000.0,,,2933094000.0,,,38932077834.0,-974237000.0,0.0,1819000.0,-505000.0,-403728000.0,-1399022000.0,-103317000.0,2649000.0,528266000.0,-164000.0,324867000.0,246916000.0,246916000.0,0.0,980000.0,0.338,159621000.0,353575000.0,0.0,1.418,4.616,34.349,34.317,9947322000.0,77951000.0,222.72,13.479,13.456,0.0,-867950000.0,730657000.0,730657000.0,0.0,,,,,8734000.0,21288000.0,1.0,174802792.0,174503000.0,174626000.0,4.187,11180448000.0,0.0,0.0,0.0,64.07,
4,PSA,MRQ,2020-06-30,2020-06-30,2020-06-30,2021-08-03,-73136000.0,12358055000.0,,,,,51.536,-83445000.0,1268475000.0,1268475000.0,232289000.0,315812000.0,,0.372,2457871000.0,,,2457871000.0,0.0,137618000.0,0.0,0.042,2.0,329068000.0,466686000.0,0.655,466686000.0,329068000.0,314923000.0,1.41,1.41,1.41,8992691000.0,,8992691000.0,35261220838.0,23.0,17.153,455679000.0,2.611,1.0,480654000.0,0.674,206922000.0,14145000.0,13340529000.0,,0.0,753358000.0,,,3347857000.0,,,33540979838.0,550817000.0,10803000.0,1923000.0,-503000.0,-402786000.0,146682000.0,-134930000.0,4860000.0,539124000.0,-59000.0,314923000.0,246119000.0,246119000.0,0.0,889000.0,0.345,154722000.0,325932000.0,0.0,1.418,3.73,27.406,27.335,9969870000.0,68804000.0,191.89,11.618,11.598,0.0,-789089000.0,712943000.0,712943000.0,0.0,,,,,7124000.0,17104000.0,1.0,174792745.0,174493000.0,174575000.0,4.086,12151133000.0,0.0,0.0,0.0,69.637,
5,PSA,MRQ,2020-03-31,2020-03-31,2020-03-31,2021-08-03,-78005000.0,11825921000.0,,,,,51.667,-105120000.0,718427000.0,718427000.0,224668000.0,367136000.0,,0.31,2438668000.0,,,2438668000.0,0.0,135900000.0,0.0,0.04,2.0,379777000.0,515677000.0,0.717,515677000.0,379777000.0,366156000.0,1.8,1.79,1.8,9013078000.0,,9013078000.0,36201561902.0,23.0,17.254,357830000.0,2.051,1.0,494376000.0,0.688,209440000.0,13621000.0,13336722000.0,,0.0,763226000.0,,,2795713000.0,,,34708811902.0,308574000.0,0.0,1763000.0,544654000.0,-401807000.0,135497000.0,-289904000.0,1399000.0,462950000.0,31000.0,366156000.0,313134000.0,313134000.0,0.0,980000.0,0.435,153768000.0,340608000.0,0.0,1.111,3.851,27.028,26.948,9959530000.0,53022000.0,198.61,12.03,12.009,0.0,-701226000.0,719044000.0,719044000.0,0.0,,,,,5677000.0,17868000.0,1.0,174758632.0,174446000.0,174616000.0,4.122,11616481000.0,0.0,0.0,0.0,66.591,
6,PSA,MRQ,2019-12-31,2019-12-31,2019-12-31,2021-08-03,-64890000.0,11365444000.0,,,,,51.971,-117188000.0,409743000.0,409743000.0,188953000.0,387097000.0,,0.252,1902493000.0,,,1902493000.0,0.0,134885000.0,0.0,0.038,2.0,398662000.0,533547000.0,0.735,533547000.0,398662000.0,386015000.0,1.87,1.87,1.87,9062911000.0,,9062911000.0,38551036428.0,25.0,18.542,382801000.0,2.195,1.0,536831000.0,0.74,205936000.0,12647000.0,12652258000.0,,0.0,767816000.0,,,2285777000.0,,,37199958428.0,-131138000.0,11630000.0,555000.0,-488000.0,-401368000.0,-404350000.0,-226673000.0,0.0,499989000.0,-104000.0,386015000.0,327251000.0,327251000.0,0.0,1082000.0,0.451,145356000.0,391475000.0,0.0,1.07,4.105,29.228,29.173,9807605000.0,58764000.0,212.96,13.029,13.0,0.0,-665575000.0,725784000.0,725784000.0,0.0,,,,,6345000.0,10471000.0,1.0,174680496.0,174383000.0,174590000.0,4.162,11159508000.0,0.0,0.0,0.0,63.994,
7,PSA,MRQ,2019-09-30,2019-09-30,2019-09-30,2021-08-03,-78513000.0,11413861000.0,,,,,50.329,-137410000.0,541357000.0,541357000.0,212262000.0,399420000.0,,0.299,1892435000.0,,,1892435000.0,0.0,129233000.0,0.0,0.033,2.0,410539000.0,539772000.0,0.74,539772000.0,410539000.0,397942000.0,1.94,1.93,1.94,8774135000.0,,8774135000.0,44371369878.0,25.0,19.624,415050000.0,2.381,1.0,517074000.0,0.709,211476000.0,12597000.0,12553463000.0,,0.0,771167000.0,,,2624897000.0,,,42823590878.0,180861000.0,0.0,15619000.0,-484000.0,-399773000.0,-114100000.0,-257544000.0,324000.0,552460000.0,45000.0,397942000.0,337362000.0,337362000.0,0.0,1478000.0,0.463,146141000.0,370933000.0,0.0,1.031,4.881,29.021,28.923,9718516000.0,60580000.0,245.27,15.148,15.125,0.0,-650222000.0,729336000.0,729336000.0,0.0,,,,,7114000.0,16908000.0,1.0,174597753.0,174334000.0,174611000.0,4.184,11202385000.0,0.0,0.0,0.0,64.258,
8,PSA,MRQ,2019-06-30,2019-06-30,2019-06-30,2021-08-03,-67549000.0,11113291000.0,,,,,50.323,-107393000.0,360331000.0,360331000.0,207736000.0,371456000.0,,0.264,1908110000.0,,,1908110000.0,0.0,126859000.0,0.0,0.034,2.0,382310000.0,509169000.0,0.716,509169000.0,382310000.0,370056000.0,1.76,1.76,1.76,8768934000.0,,8768934000.0,42754063163.0,25.0,19.156,437960000.0,2.513,1.0,503214000.0,0.708,210178000.0,12254000.0,12450892000.0,,0.0,778523000.0,,,2318781000.0,,,41565886163.0,142428000.0,0.0,15797000.0,496419000.0,-403118000.0,-179280000.0,-223641000.0,438000.0,545353000.0,-4000.0,370056000.0,306411000.0,306411000.0,0.0,1400000.0,0.431,142123000.0,361091000.0,0.0,1.136,4.74,28.452,28.387,9598487000.0,63645000.0,238.17,14.823,14.801,0.0,-648391000.0,710950000.0,710950000.0,0.0,,,,,5710000.0,15264000.0,1.0,174521922.0,174253000.0,174542000.0,4.08,10903113000.0,0.0,0.0,0.0,62.571,
9,PSA,MRQ,2019-03-31,2019-03-31,2019-03-31,2021-08-03,-65971000.0,10875016000.0,,,,,52.072,-109994000.0,217973000.0,217973000.0,204201000.0,367678000.0,,0.196,1406150000.0,,,1406150000.0,0.0,121941000.0,0.0,0.037,2.0,374664000.0,496605000.0,0.721,496605000.0,374664000.0,366521000.0,1.73,1.73,1.73,9069821000.0,,9069821000.0,39053404517.0,22.0,17.321,359838000.0,2.066,1.0,484837000.0,0.704,210459000.0,8143000.0,11852734000.0,,0.0,784314000.0,,,1780395000.0,,,38002339517.0,-142616000.0,0.0,1593000.0,-467000.0,-404490000.0,-423005000.0,-189493000.0,0.0,469832000.0,50000.0,366521000.0,301743000.0,301743000.0,0.0,1157000.0,0.438,141444000.0,343393000.0,0.0,1.156,4.19,25.287,25.235,9495670000.0,64778000.0,217.78,13.677,13.651,0.0,-615329000.0,689038000.0,689038000.0,0.0,,,,,6664000.0,19503000.0,1.0,174498758.0,174177000.0,174376000.0,3.956,10664557000.0,0.0,0.0,0.0,61.228,
10,PSA,MRQ,2018-12-31,2018-12-31,2018-12-31,2021-08-03,-64060000.0,10928270000.0,,,,,52.388,-138744000.0,361218000.0,361218000.0,177735000.0,587906000.0,,0.196,1412283000.0,,,1412283000.0,0.0,121374000.0,0.0,0.04,2.0,594158000.0,715532000.0,1.026,715532000.0,594158000.0,586205000.0,3.05,3.04,3.05,9119478000.0,,9119478000.0,36278536421.0,21.0,16.289,353420000.0,2.03,1.0,519968000.0,0.745,209856000.0,7953000.0,11769479000.0,,0.0,783988000.0,,,1783542000.0,,,35293116421.0,-71093000.0,0.0,4582000.0,-455000.0,-403281000.0,-402034000.0,-161195000.0,50794000.0,492164000.0,-28000.0,586205000.0,530102000.0,530102000.0,0.0,1701000.0,0.76,135808000.0,384160000.0,0.0,0.656,3.87,23.704,23.646,9442111000.0,56103000.0,202.41,12.79,12.761,0.0,-577360000.0,697703000.0,697703000.0,0.0,,,,,18100000.0,14434000.0,1.0,174364490.0,174077000.0,174468000.0,4.008,10718414000.0,0.0,0.0,0.0,61.573,
11,PSA,MRQ,2018-09-30,2018-09-30,2018-09-30,2021-08-03,-84339000.0,10747940000.0,,,,,51.129,-118224000.0,432525000.0,432525000.0,195544000.0,379589000.0,,0.205,1417945000.0,,,1417945000.0,0.0,124516000.0,0.0,0.04,2.0,386121000.0,510637000.0,0.723,510637000.0,386121000.0,378027000.0,1.85,1.85,1.85,8895091000.0,,8895091000.0,36214511691.0,23.0,17.846,473986000.0,2.724,1.0,510824000.0,0.723,209317000.0,8094000.0,11524043000.0,,0.0,619405000.0,,,1827918000.0,,,35132096691.0,93682000.0,91927000.0,6244000.0,-447000.0,-403246000.0,-399673000.0,-98699000.0,1443000.0,592210000.0,-156000.0,378027000.0,322679000.0,322679000.0,0.0,1562000.0,0.457,151945000.0,358879000.0,0.0,1.081,3.95,27.174,27.137,9348350000.0,55348000.0,201.63,12.849,12.83,0.0,-760284000.0,706368000.0,706368000.0,0.0,,,,,18605000.0,27429000.0,1.0,174240424.0,173975000.0,174348000.0,4.06,10538623000.0,0.0,0.0,0.0,60.576,
12,PSA,MRQ,2018-06-30,2018-06-30,2018-06-30,2021-08-03,-84601000.0,10692962000.0,,,,,51.145,-125221000.0,338419000.0,338419000.0,190977000.0,405292000.0,,0.199,1420834000.0,,,1420834000.0,0.0,119777000.0,0.0,0.035,2.0,412190000.0,531967000.0,0.776,531967000.0,412190000.0,403802000.0,2.0,2.0,2.0,8895806000.0,,8895806000.0,40605558827.0,27.0,20.394,395532000.0,2.274,1.0,494551000.0,0.721,207390000.0,8388000.0,11567987000.0,,0.0,762247000.0,,,1772170000.0,,,39525677827.0,-24571000.0,0.0,732000.0,-442000.0,-403061000.0,-404235000.0,-141127000.0,0.0,520753000.0,38000.0,403802000.0,348300000.0,348300000.0,0.0,1490000.0,0.508,151106000.0,343445000.0,0.0,1.0,4.443,31.623,31.552,9254989000.0,55502000.0,226.86,14.563,14.538,0.0,-735065000.0,685528000.0,685528000.0,0.0,,,,,17253000.0,31329000.0,1.0,174229383.0,173932000.0,174224000.0,3.941,10485572000.0,0.0,0.0,0.0,60.285,
13,PSA,MRQ,2018-03-31,2018-03-31,2018-03-31,2021-08-03,-70851000.0,10685520000.0,,,,,51.129,-98823000.0,363030000.0,363030000.0,192827000.0,344436000.0,,0.199,1442911000.0,,,1442911000.0,0.0,117979000.0,0.0,0.04,2.0,351104000.0,469083000.0,0.7,469083000.0,351104000.0,342997000.0,1.66,1.65,1.66,8891003000.0,,8891003000.0,35909044150.0,25.0,18.663,359696000.0,2.069,1.0,477097000.0,0.712,210733000.0,8107000.0,11554668000.0,,0.0,746254000.0,,,1769730000.0,,,34911098150.0,-70052000.0,0.0,967000.0,-440000.0,-403092000.0,-413646000.0,-114900000.0,1947000.0,458519000.0,-25000.0,342997000.0,287819000.0,287819000.0,0.0,1439000.0,0.43,149499000.0,327598000.0,0.0,1.205,3.927,29.628,29.556,9235022000.0,55178000.0,200.39,12.964,12.94,0.0,-735806000.0,669924000.0,669924000.0,0.0,,,,,15978000.0,31520000.0,1.0,174215770.0,173892000.0,174148000.0,3.853,10474787000.0,0.0,0.0,0.0,60.237,
14,PSA,MRQ,2017-12-31,2017-12-31,2017-12-31,2021-08-03,-75064000.0,10732892000.0,,,,,51.447,-132609000.0,433376000.0,433376000.0,151879000.0,390963000.0,,0.198,1431322000.0,,,1431322000.0,0.0,120100000.0,0.0,0.038,2.0,397536000.0,517636000.0,0.77,517636000.0,397536000.0,389399000.0,1.92,1.92,1.92,8940009000.0,,8940009000.0,37106235771.0,26.0,19.433,337761000.0,1.944,1.0,520429000.0,0.774,214957000.0,8137000.0,11515881000.0,,0.0,724173000.0,,,1768523000.0,,,36374614771.0,-262903000.0,0.0,7746000.0,-486000.0,-402750000.0,-397607000.0,-335705000.0,507000.0,470370000.0,39000.0,389399000.0,334080000.0,334080000.0,0.0,1564000.0,0.497,140651000.0,379778000.0,0.0,1.042,4.069,31.047,30.963,9230099000.0,55319000.0,209.0,13.631,13.597,0.0,-675711000.0,672308000.0,672308000.0,0.0,,,,,12043000.0,20551000.0,1.0,174041219.0,173772000.0,174220000.0,3.869,10517935000.0,0.0,0.0,0.0,60.527,
15,PSA,MRQ,2017-09-30,2017-09-30,2017-09-30,2021-08-03,-74873000.0,10765694000.0,,,,,51.442,-108640000.0,694233000.0,694233000.0,190619000.0,358274000.0,,0.202,1425854000.0,,,1425854000.0,0.0,113320000.0,0.0,0.037,2.0,359063000.0,472383000.0,0.688,472383000.0,359063000.0,356674000.0,1.61,1.61,1.61,8936190000.0,,8936190000.0,37297361328.0,25.0,19.444,428552000.0,2.467,1.0,495742000.0,0.722,205868000.0,2389000.0,11291447000.0,,0.0,726168000.0,,,1806274000.0,,,37234849328.0,331833000.0,0.0,2852000.0,991703000.0,-409610000.0,-49389000.0,-155909000.0,0.0,537192000.0,-61000.0,356674000.0,279717000.0,279717000.0,0.0,1600000.0,0.408,143420000.0,352322000.0,0.0,1.242,4.167,31.281,31.194,9006048000.0,76957000.0,213.99,14.063,14.04,0.0,-662360000.0,686361000.0,686361000.0,0.0,,,,,12343000.0,22311000.0,1.0,174002754.0,173715000.0,174240000.0,3.951,10559826000.0,0.0,0.0,0.0,60.788,
16,PSA,MRQ,2017-06-30,2017-06-30,2017-06-30,2021-08-03,-82143000.0,10365727000.0,,,,,52.644,-121302000.0,358266000.0,358266000.0,182578000.0,355207000.0,,0.132,420778000.0,,,420778000.0,0.0,110177000.0,0.0,0.037,2.0,354818000.0,464995000.0,0.7,464995000.0,354818000.0,353702000.0,1.59,1.59,1.59,9139087000.0,,9139087000.0,36527087276.0,25.0,18.987,384942000.0,2.217,1.0,481734000.0,0.725,207203000.0,1116000.0,10221036000.0,,0.0,715268000.0,,,1203701000.0,,,36252084276.0,237359000.0,0.0,13868000.0,-421000.0,-409653000.0,-141435000.0,-127329000.0,5596000.0,506244000.0,-121000.0,353702000.0,276681000.0,276681000.0,0.0,1505000.0,0.416,125169000.0,356565000.0,0.0,1.258,3.967,29.725,29.663,8959642000.0,77021000.0,208.53,13.813,13.794,0.0,-609424000.0,664312000.0,664312000.0,0.0,,,,,4265000.0,14992000.0,1.0,173845894.0,173602000.0,174075000.0,3.827,10158524000.0,0.0,0.0,0.0,58.516,
17,PSA,MRQ,2017-03-31,2017-03-31,2017-03-31,2021-08-03,-92225000.0,10083911000.0,,,,,54.011,-95337000.0,120859000.0,120859000.0,182902000.0,344021000.0,,0.074,395862000.0,,,395862000.0,0.0,110929000.0,0.0,0.035,2.0,343490000.0,454419000.0,0.704,454419000.0,343490000.0,342442000.0,1.62,1.62,1.62,9363514000.0,,9363514000.0,38218234607.0,26.0,19.866,363746000.0,2.098,1.0,462645000.0,0.717,209593000.0,1048000.0,10149321000.0,,0.0,698696000.0,,,690404000.0,,,38011173607.0,-62809000.0,0.0,18034000.0,-420000.0,-408334000.0,-403788000.0,-118121000.0,0.0,459083000.0,17000.0,342442000.0,281131000.0,281131000.0,0.0,1579000.0,0.435,135957000.0,326688000.0,0.0,1.235,4.059,31.063,31.007,8929697000.0,61311000.0,218.91,14.652,14.629,0.0,-553473000.0,645547000.0,645547000.0,0.0,,,,,8897000.0,25028000.0,1.0,173638361.0,173364000.0,174069000.0,3.724,9874318000.0,0.0,0.0,0.0,56.957,
18,PSA,MRQ,2016-12-31,2016-12-31,2016-12-31,2021-08-03,-95106000.0,10130338000.0,,,,,54.343,-98907000.0,183688000.0,183688000.0,145166000.0,415681000.0,,0.073,390749000.0,,,390749000.0,0.0,111741000.0,0.0,0.033,2.0,414639000.0,526380000.0,0.808,526380000.0,414639000.0,413739000.0,2.04,2.03,2.04,9411910000.0,,9411910000.0,39137578674.0,27.0,20.696,366389000.0,2.115,1.0,506261000.0,0.777,212719000.0,900000.0,10124680000.0,,0.0,689207000.0,,,688684000.0,,,38763899674.0,143891000.0,0.0,11350000.0,-16464000.0,-406995000.0,-77472000.0,-243552000.0,0.0,465296000.0,-182000.0,413739000.0,352812000.0,352812000.0,0.0,1942000.0,0.542,131889000.0,374372000.0,0.0,0.98,4.119,32.743,32.675,8922576000.0,60927000.0,223.5,15.139,15.108,0.0,-487581000.0,651427000.0,651427000.0,0.0,,,,,10638000.0,20148000.0,1.0,173440267.0,173193000.0,173815000.0,3.761,9917619000.0,0.0,0.0,0.0,57.263,
19,PSA,MRQ,2016-09-30,2016-09-30,2016-09-30,2021-08-03,-83667000.0,9865769000.0,,,,,52.335,-79210000.0,57213000.0,57213000.0,178627000.0,369050000.0,,0.086,430892000.0,,,430892000.0,0.0,109432000.0,0.0,0.031,1.8,368526000.0,477958000.0,0.721,477958000.0,368526000.0,367305000.0,1.78,1.78,1.78,9059656000.0,,9059656000.0,38869496718.0,28.0,21.181,436116000.0,2.519,1.0,484521000.0,0.731,212548000.0,1221000.0,10026900000.0,,0.0,697040000.0,,,776626000.0,,,38692785718.0,-202981000.0,0.0,3466000.0,-9403000.0,-369718000.0,-550543000.0,-167764000.0,-395000.0,515326000.0,70000.0,367305000.0,308957000.0,308957000.0,0.0,1745000.0,0.466,131572000.0,352949000.0,0.0,1.011,4.271,34.119,34.015,8780732000.0,58348000.0,223.14,15.364,15.338,0.0,-494325000.0,663148000.0,663148000.0,0.0,,,,,11376000.0,22140000.0,1.0,173401388.0,173108000.0,173848000.0,3.831,9653221000.0,0.0,0.0,0.0,55.764,
20,PSA,MRQ,2016-06-30,2016-06-30,2016-06-30,2021-08-03,-78991000.0,9997137000.0,,,,,50.482,-93742000.0,260124000.0,260124000.0,172004000.0,358359000.0,,0.141,436835000.0,,,436835000.0,0.0,107013000.0,0.0,0.027,1.8,358037000.0,465050000.0,0.733,465050000.0,358037000.0,356659000.0,1.62,1.61,1.62,8737753000.0,,8737753000.0,44345671537.0,32.0,24.598,429992000.0,2.484,1.0,462184000.0,0.729,213396000.0,1378000.0,9960452000.0,,0.0,696069000.0,,,1230104000.0,,,44314712537.0,-45928000.0,67420000.0,1058000.0,108980000.0,-371710000.0,-444545000.0,-125117000.0,704000.0,523734000.0,347000.0,356659000.0,280775000.0,280775000.0,0.0,1700000.0,0.443,125334000.0,336850000.0,0.0,1.111,5.072,40.337,40.187,8734340000.0,75884000.0,255.59,17.911,17.88,0.0,-491912000.0,634188000.0,634188000.0,0.0,,,,,8404000.0,18321000.0,1.0,173382028.0,173087000.0,174000000.0,3.664,9783741000.0,0.0,0.0,0.0,56.525,
21,PSA,MRQ,2016-03-31,2016-03-31,2016-03-31,2021-08-03,-67773000.0,10064347000.0,,,,,52.312,-79492000.0,305705000.0,305705000.0,173286000.0,317349000.0,,0.109,336664000.0,,,336664000.0,0.0,105128000.0,0.0,0.025,1.7,316584000.0,421712000.0,0.689,421712000.0,316584000.0,315873000.0,1.4,1.39,1.4,9048766000.0,,9048766000.0,48007621603.0,36.0,27.113,361488000.0,2.09,1.0,438500000.0,0.717,212506000.0,711000.0,9882800000.0,,0.0,812415000.0,,,986834000.0,,,47792890603.0,202036000.0,0.0,9667000.0,-5952000.0,-357335000.0,-76266000.0,-162678000.0,689000.0,440980000.0,-616000.0,315873000.0,241335000.0,241335000.0,0.0,1476000.0,0.394,128175000.0,310325000.0,0.0,1.214,5.282,44.18,43.992,8642900000.0,74538000.0,275.83,19.679,19.646,0.0,-476861000.0,611786000.0,611786000.0,0.0,,,,,7065000.0,23047000.0,1.0,173269371.0,172977000.0,173850000.0,3.537,9851841000.0,0.0,0.0,0.0,56.955,
22,PSA,MRQ,2015-12-31,2015-12-31,2015-12-31,2021-08-03,-68548000.0,9778232000.0,,,,,53.048,-81606000.0,104285000.0,104285000.0,137709000.0,365259000.0,,0.063,319016000.0,,,319016000.0,0.0,106307000.0,0.0,0.026,1.7,364100000.0,470407000.0,0.772,470407000.0,364100000.0,363490000.0,1.76,1.75,1.76,9170641000.0,,9170641000.0,42910694661.0,33.0,24.692,354859000.0,2.053,1.0,471621000.0,0.774,211458000.0,610000.0,9781505000.0,,0.0,809308000.0,,,580594000.0,,,42890637661.0,51659000.0,0.0,3749000.0,263759000.0,-353705000.0,-214439000.0,-170049000.0,0.0,436465000.0,610000.0,363490000.0,303003000.0,303003000.0,0.0,1769000.0,0.497,125763000.0,345858000.0,0.0,0.966,4.677,40.73,40.607,8557713000.0,60487000.0,247.7,18.008,17.961,0.0,-434610000.0,609330000.0,609330000.0,0.0,,,,,32570000.0,19456000.0,1.0,173155582.0,172873000.0,173756000.0,3.525,9566774000.0,0.0,0.0,0.0,55.34,
23,PSA,MRQ,2015-09-30,2015-09-30,2015-09-30,2021-08-03,-67437000.0,9654815000.0,,,,,52.973,-82316000.0,35668000.0,35668000.0,164686000.0,341136000.0,,0.052,55725000.0,,,55725000.0,0.0,106082000.0,0.0,0.029,1.7,339568000.0,445650000.0,0.72,445650000.0,339568000.0,339568000.0,1.58,1.58,1.58,9152118000.0,,9152118000.0,36643506646.0,28.0,21.246,389873000.0,2.257,1.0,454186000.0,0.734,212976000.0,0.0,9461896000.0,,0.0,806204000.0,,,476207000.0,,,36605079646.0,15442000.0,0.0,29017000.0,-11459000.0,-355693000.0,-358635000.0,-98112000.0,1084000.0,472189000.0,-30000.0,339568000.0,273508000.0,273508000.0,0.0,1568000.0,0.442,129655000.0,324531000.0,0.0,1.076,4.0,35.401,35.39,8500381000.0,66060000.0,211.63,15.683,15.665,0.0,-444395000.0,618872000.0,618872000.0,0.0,,,,,0.0,23573000.0,1.0,172967347.0,172771000.0,173529000.0,3.582,9441839000.0,0.0,0.0,0.0,54.649,
24,PSA,MRQ,2015-06-30,2015-06-30,2015-06-30,2021-08-03,-61523000.0,9634758000.0,,,,,53.753,-59057000.0,20256000.0,20256000.0,161097000.0,328040000.0,,0.035,58683000.0,,,58683000.0,0.0,106473000.0,0.0,0.032,1.7,326405000.0,432878000.0,0.735,432878000.0,326405000.0,326405000.0,1.53,1.52,1.53,9279369000.0,,9279369000.0,31782673580.0,25.0,18.864,398076000.0,2.306,1.0,427518000.0,0.726,216312000.0,0.0,9456873000.0,,0.0,808455000.0,,,329097000.0,,,31876813580.0,-132089000.0,0.0,6489000.0,255000.0,-355770000.0,-495395000.0,-93827000.0,4692000.0,457133000.0,-452000.0,326405000.0,263926000.0,263926000.0,0.0,1635000.0,0.448,127461000.0,300057000.0,0.0,1.111,3.435,32.124,32.12,8496972000.0,62479000.0,184.37,13.967,13.946,0.0,-428270000.0,588615000.0,588615000.0,0.0,,,,,0.0,20988000.0,1.0,172895881.0,172629000.0,173387000.0,3.41,9418446000.0,0.0,0.0,0.0,54.559,
25,PSA,MRQ,2015-03-31,2015-03-31,2015-03-31,2021-08-03,-78572000.0,9772017000.0,,,,,53.779,-71093000.0,152797000.0,152797000.0,172012000.0,283254000.0,,0.05,58657000.0,,,58657000.0,0.0,107146000.0,0.0,0.028,1.4,281781000.0,388927000.0,0.689,388927000.0,281781000.0,281781000.0,1.23,1.23,1.23,9277895000.0,,9277895000.0,33944112593.0,28.0,20.731,311399000.0,1.805,1.0,392867000.0,0.695,221330000.0,0.0,9456547000.0,,0.0,792280000.0,,,468096000.0,,,34067460593.0,-34469000.0,0.0,-9592000.0,-5537000.0,-305863000.0,-322814000.0,-94147000.0,9237000.0,382492000.0,-446000.0,281781000.0,212613000.0,212613000.0,0.0,1473000.0,0.376,131306000.0,261561000.0,0.0,1.138,3.672,35.984,35.974,8481398000.0,69168000.0,197.14,15.265,15.24,0.0,-398905000.0,564879000.0,564879000.0,0.0,,,,,0.0,24160000.0,1.0,172808464.0,172520000.0,173366000.0,3.274,9550687000.0,0.0,0.0,0.0,55.36,
26,PSA,MRQ,2014-12-31,2014-12-31,2014-12-31,2021-08-03,-48156000.0,9818676000.0,,,,,54.982,-83377000.0,187712000.0,187712000.0,132377000.0,348426000.0,,0.033,64364000.0,,,64364000.0,0.0,110573000.0,0.0,0.03,1.4,346715000.0,457288000.0,0.814,457288000.0,346715000.0,346715000.0,1.64,1.64,1.64,9480796000.0,,9480796000.0,31901719360.0,28.0,20.088,367016000.0,2.128,1.0,429304000.0,0.764,228632000.0,0.0,9466696000.0,,0.0,813740000.0,,,311505000.0,,,31928339360.0,88384000.0,0.0,1962000.0,-22412000.0,-303875000.0,-153896000.0,-208113000.0,17246000.0,450393000.0,1076000.0,346715000.0,283957000.0,283957000.0,0.0,1711000.0,0.506,129792000.0,299512000.0,0.0,0.854,3.368,35.157,35.076,8485288000.0,62758000.0,184.85,14.664,14.624,0.0,-374823000.0,561681000.0,561681000.0,0.0,,,,,29541000.0,19219000.0,1.0,172725666.0,172434000.0,173258000.0,3.257,9590044000.0,0.0,0.0,0.0,55.616,
27,PSA,MRQ,2014-09-30,2014-09-30,2014-09-30,2021-08-03,-27895000.0,9624468000.0,,,,,53.756,-59043000.0,98252000.0,98252000.0,158568000.0,294977000.0,,0.036,71632000.0,,,71632000.0,0.0,111077000.0,0.0,0.034,1.4,294697000.0,405774000.0,0.716,405774000.0,294697000.0,293459000.0,1.34,1.34,1.34,9266430000.0,,9266430000.0,28639667704.0,26.0,18.62,368060000.0,2.135,1.0,408522000.0,0.72,229984000.0,1238000.0,9367864000.0,,0.0,837624000.0,,,332093000.0,,,28630663704.0,-289210000.0,204947000.0,5419000.0,-325226000.0,-302747000.0,-624374000.0,-91939000.0,0.0,427103000.0,-521000.0,293459000.0,231815000.0,231815000.0,0.0,1518000.0,0.409,128951000.0,279571000.0,0.0,1.045,3.09,32.986,32.905,8352595000.0,61644000.0,165.84,13.496,13.475,0.0,-417663000.0,567090000.0,567090000.0,0.0,,,,,0.0,17874000.0,1.0,172640278.0,172378000.0,173304000.0,3.29,9394484000.0,0.0,0.0,0.0,54.499,
28,PSA,MRQ,2014-06-30,2014-06-30,2014-06-30,2021-08-03,-4568000.0,9946457000.0,,,,,53.896,-41458000.0,387983000.0,387983000.0,150554000.0,278279000.0,,0.068,396987000.0,,,396987000.0,0.0,106443000.0,0.0,0.032,1.4,278897000.0,385340000.0,0.716,385340000.0,278897000.0,276834000.0,1.27,1.26,1.27,9285238000.0,,9285238000.0,29923763916.0,27.0,19.77,353879000.0,2.054,1.0,387483000.0,0.72,225097000.0,2063000.0,9730364000.0,,0.0,1062687000.0,,,634972000.0,,,29564725916.0,287304000.0,0.0,5082000.0,-68058000.0,-299697000.0,-36685000.0,-71348000.0,0.0,395337000.0,-433000.0,276834000.0,218352000.0,218352000.0,0.0,1445000.0,0.406,121820000.0,265663000.0,0.0,1.102,3.184,34.08,33.931,8167043000.0,58482000.0,171.35,14.308,14.286,0.0,-408375000.0,538037000.0,538037000.0,0.0,,,,,0.0,15377000.0,1.0,172539982.0,172282000.0,173181000.0,3.123,9721360000.0,0.0,0.0,0.0,56.427,
29,PSA,MRQ,2014-03-31,2014-03-31,2014-03-31,2021-08-03,-15000.0,9682582000.0,,,,,52.198,-38653000.0,101112000.0,101112000.0,174519000.0,228273000.0,,0.076,460150000.0,,,460150000.0,0.0,109021000.0,0.0,0.031,1.4,230676000.0,339697000.0,0.654,339697000.0,230676000.0,227196000.0,1.01,1.01,1.01,8973401000.0,,8973401000.0,29820500911.0,28.0,20.145,292056000.0,1.699,1.0,345105000.0,0.664,232273000.0,3480000.0,9809347000.0,,0.0,1067779000.0,,,682758000.0,,,29000616911.0,81869000.0,216217000.0,25409000.0,-378810000.0,-294226000.0,-421909000.0,173069000.0,0.0,330709000.0,74000.0,227196000.0,174052000.0,174052000.0,0.0,1077000.0,0.335,128010000.0,217095000.0,0.0,1.386,3.232,33.846,33.766,8184928000.0,53144000.0,168.49,14.402,14.384,0.0,-385512000.0,519624000.0,519624000.0,0.0,,,,,0.0,18989000.0,1.0,172120701.0,171910000.0,172809000.0,3.023,9450309000.0,0.0,0.0,0.0,54.972,
30,PSA,MRQ,2013-12-31,2013-12-31,2013-12-31,2021-08-03,-500000.0,9876266000.0,,,,,51.183,-25190000.0,19169000.0,19169000.0,118996000.0,297977000.0,,0.12,839053000.0,,,839053000.0,0.0,108927000.0,0.0,0.034,1.4,298391000.0,407318000.0,0.82,407318000.0,298391000.0,296569000.0,1.42,1.41,1.42,8791730000.0,,8791730000.0,25942660380.0,24.0,17.937,365486000.0,2.128,1.0,377711000.0,0.76,246854000.0,1822000.0,10449296000.0,,0.0,1284321000.0,,,1057411000.0,,,25899507380.0,-37822000.0,-75288000.0,629000.0,733141000.0,-293161000.0,437233000.0,-865731000.0,-257000.0,390676000.0,26000.0,296569000.0,243749000.0,243749000.0,0.0,1408000.0,0.491,125618000.0,252093000.0,0.0,0.986,2.946,30.66,30.593,8239778000.0,52820000.0,150.52,13.181,13.148,0.0,-318482000.0,496707000.0,496707000.0,0.0,,,,,0.0,16691000.0,1.0,172066884.0,171769000.0,172799000.0,2.892,9629412000.0,0.0,0.0,0.0,56.06,
31,PSA,MRQ,2013-09-30,2013-09-30,2013-09-30,2021-08-03,-4481000.0,9149940000.0,,,,,51.123,-43610000.0,56965000.0,56965000.0,147803000.0,285628000.0,,0.039,100118000.0,,,100118000.0,0.0,96537000.0,0.0,0.03,1.25,284676000.0,381213000.0,0.745,381213000.0,284676000.0,284198000.0,1.35,1.34,1.35,8778944000.0,,8778944000.0,27316513410.0,26.0,19.409,323484000.0,1.884,1.0,364154000.0,0.711,217023000.0,478000.0,8976070000.0,,0.0,1186930000.0,,,343151000.0,,,27615735410.0,-355361000.0,-29752000.0,3545000.0,-11346000.0,-267303000.0,-280557000.0,-441898000.0,257000.0,367094000.0,1416000.0,284198000.0,231361000.0,231361000.0,0.0,1430000.0,0.452,114187000.0,249967000.0,0.0,0.926,3.146,34.071,33.943,7574692000.0,52837000.0,160.55,14.25,14.226,0.0,-321890000.0,511957000.0,511957000.0,0.0,,,,,0.0,17650000.0,1.0,172007072.0,171721000.0,172793000.0,2.981,8932917000.0,0.0,0.0,0.0,52.02,
32,PSA,MRQ,2013-06-30,2013-06-30,2013-06-30,2021-08-03,-22522000.0,9094598000.0,,,,,50.902,-55254000.0,410910000.0,410910000.0,142571000.0,261679000.0,,0.038,111688000.0,,,111688000.0,0.0,90937000.0,0.0,0.031,1.25,261110000.0,352047000.0,0.725,352047000.0,261110000.0,260463000.0,1.21,1.2,1.21,8736106000.0,,8736106000.0,26095282784.0,26.0,18.841,307976000.0,1.794,1.0,342807000.0,0.706,205228000.0,647000.0,8590148000.0,,0.0,1122463000.0,,,330391000.0,,,26351115784.0,13107000.0,0.0,13074000.0,-30404000.0,-267264000.0,-286775000.0,-63348000.0,0.0,363230000.0,-449000.0,260463000.0,207685000.0,207685000.0,0.0,1216000.0,0.428,105022000.0,237785000.0,0.0,1.033,3.016,33.713,33.551,7267122000.0,52778000.0,153.33,13.846,13.827,0.0,-338785000.0,485378000.0,485378000.0,0.0,,,,,0.0,14085000.0,1.0,171858839.0,171625000.0,172647000.0,2.828,8889370000.0,0.0,0.0,0.0,51.795,
33,PSA,MRQ,2013-03-31,2013-03-31,2013-03-31,2021-08-03,-20889000.0,9101551000.0,,,,,50.894,-35597000.0,398252000.0,398252000.0,150389000.0,212247000.0,,0.04,142419000.0,,,142419000.0,0.0,91001000.0,0.0,0.03,1.25,214720000.0,305721000.0,0.649,305721000.0,214720000.0,211223000.0,0.94,0.94,0.94,8725563000.0,,8725563000.0,26609210907.0,28.0,20.086,273742000.0,1.597,1.0,320511000.0,0.681,207004000.0,3497000.0,8638714000.0,,0.0,1115829000.0,,,347548000.0,,,26157621907.0,381862000.0,0.0,3863000.0,-326186000.0,-263733000.0,113939000.0,-41416000.0,0.0,309339000.0,-849000.0,211223000.0,161936000.0,161936000.0,0.0,1024000.0,0.344,109254000.0,211257000.0,0.0,1.33,2.998,37.035,36.792,7292339000.0,49287000.0,152.32,13.961,13.938,0.0,-331984000.0,470900000.0,470900000.0,0.0,,,,,0.0,18253000.0,1.0,171728085.0,171446000.0,172514000.0,2.747,8894547000.0,0.0,0.0,0.0,51.88,
34,PSA,MRQ,2012-12-31,2012-12-31,2012-12-31,2021-08-03,-1005000.0,8793403000.0,,,,,47.368,-14518000.0,17239000.0,17239000.0,119835000.0,272563000.0,,0.083,468828000.0,,,468828000.0,0.0,92586000.0,0.0,0.03,1.1,275857000.0,368443000.0,0.784,368443000.0,275857000.0,271371000.0,1.23,1.22,1.23,8093756000.0,,8093756000.0,24694363358.0,26.0,18.748,315386000.0,1.846,1.0,349859000.0,0.745,209374000.0,4486000.0,9035618000.0,,0.0,1146318000.0,,,670539000.0,,,24882172358.0,-518141000.0,0.0,103440000.0,121274000.0,-238155000.0,-745319000.0,-102726000.0,4048000.0,329904000.0,-372000.0,271371000.0,209543000.0,209543000.0,-471000.0,1192000.0,0.446,105306000.0,244553000.0,0.0,0.894,3.074,37.155,36.885,7331932000.0,61828000.0,144.96,13.505,13.419,0.0,-279474000.0,469694000.0,469694000.0,0.0,,,,,0.0,12720000.0,1.0,171648540.0,170868000.0,171982000.0,2.749,8584029000.0,0.0,0.0,0.0,50.238,
35,PSA,MRQ,2012-09-30,2012-09-30,2012-09-30,2021-08-03,-15371000.0,9288120000.0,,,,,48.662,-21987000.0,535752000.0,535752000.0,141475000.0,264819000.0,,0.115,347943000.0,,,347943000.0,0.0,89991000.0,0.0,0.031,1.1,268818000.0,358809000.0,0.752,358809000.0,268818000.0,263892000.0,1.19,1.18,1.19,8300626000.0,,8300626000.0,23806949179.0,26.0,18.832,327991000.0,1.923,1.0,335707000.0,0.704,210148000.0,4926000.0,8890163000.0,,0.0,1116195000.0,,,957974000.0,,,23876696179.0,97001000.0,0.0,5439000.0,-20499000.0,-237562000.0,-189884000.0,-63093000.0,15973000.0,349978000.0,276000.0,263892000.0,202465000.0,202465000.0,-11935000.0,927000.0,0.424,105195000.0,230512000.0,0.0,0.924,2.876,38.241,37.921,7330706000.0,61427000.0,139.17,13.061,12.985,0.0,-312690000.0,477182000.0,477182000.0,0.0,,,,,0.0,15298000.0,1.0,171564965.0,170576000.0,171700000.0,2.797,9077972000.0,0.0,0.0,0.0,53.22,
36,PSA,MRQ,2012-06-30,2012-06-30,2012-06-30,2021-08-03,-27433000.0,9178947000.0,,,,,47.729,-26645000.0,438475000.0,438475000.0,142883000.0,198931000.0,,0.124,368728000.0,,,368728000.0,0.0,88588000.0,0.0,0.028,1.1,203210000.0,291798000.0,0.64,291798000.0,203210000.0,198143000.0,0.78,0.77,0.78,8137608000.0,,8137608000.0,24517762091.0,29.0,20.546,299642000.0,1.757,1.0,312910000.0,0.687,212419000.0,5067000.0,8896781000.0,,0.0,1094604000.0,,,1011178000.0,,,24764862091.0,-182283000.0,0.0,5846000.0,-3904000.0,-240194000.0,-438219000.0,-70351000.0,0.0,326287000.0,679000.0,198143000.0,132343000.0,132343000.0,-234000.0,788000.0,0.29,100888000.0,212022000.0,0.0,1.41,3.043,45.873,45.555,7343775000.0,65800000.0,144.41,13.785,13.705,0.0,-339020000.0,455793000.0,455793000.0,0.0,,,,,0.0,12414000.0,1.0,171489939.0,170496000.0,171560000.0,2.673,8966528000.0,0.0,0.0,0.0,52.591,
37,PSA,MRQ,2012-03-31,2012-03-31,2012-03-31,2021-08-03,-11950000.0,9406312000.0,,,,,48.863,-15275000.0,620079000.0,620079000.0,151711000.0,206722000.0,,0.128,372979000.0,,,372979000.0,0.0,86938000.0,0.0,0.029,1.1,211186000.0,298124000.0,0.678,298124000.0,211186000.0,205852000.0,0.74,0.73,0.74,8321727000.0,,8321727000.0,23926003571.0,28.0,19.887,264215000.0,1.551,1.0,288124000.0,0.655,211278000.0,5334000.0,8947934000.0,,0.0,1138361000.0,,,1062379000.0,,,23666697571.0,481312000.0,0.0,9722000.0,-24884000.0,-243243000.0,256117000.0,-54295000.0,0.0,279490000.0,-241000.0,205852000.0,125343000.0,125343000.0,-234000.0,870000.0,0.285,103229000.0,184895000.0,0.0,1.486,2.844,43.906,43.587,7349109000.0,80509000.0,138.17,13.332,13.256,0.0,-296969000.0,439835000.0,439835000.0,0.0,,,,,0.0,16405000.0,1.0,171286803.0,170309000.0,171415000.0,2.583,9195034000.0,0.0,0.0,0.0,53.99,
38,PSA,MRQ,2011-12-31,2011-12-31,2011-12-31,2021-08-03,-23014000.0,8932562000.0,,,,,48.728,-15172000.0,139008000.0,139008000.0,138759000.0,220437000.0,,0.074,398314000.0,,,398314000.0,0.0,89830000.0,0.0,0.027,0.95,225594000.0,315424000.0,0.693,315424000.0,225594000.0,220151000.0,0.96,0.96,0.96,8288209000.0,,8288209000.0,23258712754.0,27.0,19.276,279487000.0,1.643,1.0,316559000.0,0.695,209833000.0,5443000.0,8982035000.0,,0.0,1117320000.0,,,609280000.0,,,23000594754.0,-21071000.0,43107000.0,10688000.0,-19944000.0,-213998000.0,-336634000.0,20904000.0,8682000.0,294659000.0,-654000.0,220151000.0,164223000.0,164223000.0,-1530000.0,286000.0,0.361,101181000.0,215378000.0,0.0,0.99,2.775,40.945,40.622,7379197000.0,55928000.0,134.46,13.25,13.141,0.0,-259578000.0,455318000.0,455318000.0,0.0,,,,,0.0,11466000.0,1.0,171059012.0,170092000.0,171386000.0,2.677,8722729000.0,0.0,0.0,0.0,51.282,
39,PSA,MRQ,2011-09-30,2011-09-30,2011-09-30,2021-08-03,-15218000.0,9085543000.0,,,,,49.407,-18946000.0,160733000.0,160733000.0,138580000.0,194513000.0,,0.079,418851000.0,,,418851000.0,0.0,90956000.0,0.0,0.031,0.95,197001000.0,287957000.0,0.646,287957000.0,197001000.0,191139000.0,0.69,0.69,0.69,8385762000.0,,8385762000.0,19308419963.0,24.0,16.443,307383000.0,1.811,1.0,306983000.0,0.689,211425000.0,5862000.0,9132236000.0,,0.0,1182936000.0,,,663313000.0,,,19003387963.0,16879000.0,136374000.0,2755000.0,-27598000.0,-218635000.0,-401449000.0,91999000.0,4353000.0,326329000.0,-633000.0,191139000.0,117950000.0,117950000.0,-1641000.0,3374000.0,0.265,107123000.0,199860000.0,0.0,1.377,2.266,36.621,36.508,7437313000.0,73189000.0,111.35,11.269,11.207,0.0,-265226000.0,445563000.0,445563000.0,0.0,,,,,0.0,14116000.0,1.0,170663565.0,169728000.0,170830000.0,2.625,8874118000.0,0.0,0.0,0.0,52.284,
40,PSA,MRQ,2011-06-30,2011-06-30,2011-06-30,2021-08-03,1666000.0,9272336000.0,,,,,50.464,-38862000.0,144487000.0,144487000.0,139229000.0,210941000.0,,0.079,449519000.0,,,449519000.0,0.0,89186000.0,0.0,0.029,0.95,212377000.0,301563000.0,0.694,301563000.0,212377000.0,206444000.0,0.78,0.77,0.78,8553194000.0,,8553194000.0,19770725707.0,23.0,16.124,278783000.0,1.645,1.0,295190000.0,0.68,208592000.0,5933000.0,9368776000.0,,0.0,1363660000.0,,,677388000.0,,,19453948707.0,-1025000.0,133902000.0,1600000.0,-21278000.0,-220108000.0,-408939000.0,90269000.0,-51000.0,317645000.0,407000.0,206444000.0,131515000.0,131515000.0,-179000.0,4497000.0,0.303,101691000.0,193499000.0,0.0,1.218,2.274,33.359,33.142,7464019000.0,74929000.0,114.01,11.698,11.619,0.0,-237689000.0,434419000.0,434419000.0,0.0,,,,,0.0,12593000.0,1.0,170633705.0,169492000.0,170401000.0,2.563,9063744000.0,0.0,0.0,0.0,53.476,
41,PSA,MRQ,2011-03-31,2011-03-31,2011-03-31,2021-08-03,-678000.0,9435521000.0,,,,,51.487,-15961000.0,145105000.0,145105000.0,144241000.0,210568000.0,,0.077,461882000.0,,,461882000.0,0.0,88553000.0,0.0,0.029,0.8,213092000.0,301645000.0,0.719,301645000.0,213092000.0,206108000.0,0.87,0.87,0.87,8717565000.0,,8717565000.0,19015181056.0,24.0,16.649,248858000.0,1.47,1.0,275450000.0,0.656,210500000.0,6984000.0,9541798000.0,,0.0,1488803000.0,,,672651000.0,,,18903016056.0,-311232000.0,-345447000.0,11373000.0,-105535000.0,-193505000.0,-291524000.0,-284527000.0,102730000.0,264819000.0,85000.0,206108000.0,148059000.0,148059000.0,318000.0,4460000.0,0.353,102746000.0,172704000.0,0.0,0.92,2.168,36.884,36.725,7493647000.0,58049000.0,110.91,11.552,11.476,0.0,-223960000.0,419691000.0,419691000.0,0.0,,,,,0.0,14235000.0,1.0,170435633.0,169315000.0,170382000.0,2.479,9225021000.0,0.0,0.0,0.0,54.484,
42,PSA,MRQ,2010-12-31,2010-12-31,2010-12-31,2021-08-03,-15773000.0,9495333000.0,,,,,51.277,-13772000.0,456252000.0,456252000.0,116016000.0,189210000.0,,0.089,568417000.0,,,568417000.0,0.0,91647000.0,0.0,0.03,0.8,191455000.0,283102000.0,0.732,283102000.0,191455000.0,183685000.0,0.71,0.71,0.71,8676598000.0,,8676598000.0,17350443908.0,25.0,16.42,257735000.0,1.523,1.0,270630000.0,0.7,216725000.0,7770000.0,9390773000.0,,0.0,1199077000.0,,,774186000.0,,,17274404908.0,-58045000.0,5620000.0,4706000.0,-19517000.0,-194027000.0,-302989000.0,-26563000.0,-232000.0,271507000.0,818000.0,183685000.0,121397000.0,121397000.0,129000.0,5525000.0,0.314,99574000.0,171056000.0,0.0,1.127,1.991,43.275,42.975,7532816000.0,31411000.0,101.42,10.704,10.613,0.0,-236410000.0,386646000.0,386646000.0,0.0,,,,,0.0,9419000.0,1.0,170325428.0,169210000.0,170168000.0,2.285,9278608000.0,0.0,0.0,0.0,54.835,
43,PSA,MRQ,2010-09-30,2010-09-30,2010-09-30,2021-08-03,-11880000.0,9651410000.0,,,,,51.31,-35114000.0,513479000.0,513479000.0,134514000.0,245811000.0,,0.096,589518000.0,,,589518000.0,0.0,92648000.0,0.0,0.029,0.8,247192000.0,339840000.0,0.805,339840000.0,247192000.0,239354000.0,1.08,1.07,1.08,8672076000.0,,8672076000.0,16626402434.0,24.0,15.866,260988000.0,1.544,1.0,287781000.0,0.681,220438000.0,7838000.0,9507011000.0,,0.0,1224567000.0,,,833147000.0,,,16507463434.0,40185000.0,17387000.0,10387000.0,-2394000.0,-193178000.0,-200778000.0,-55139000.0,-4891000.0,296102000.0,-1042000.0,239354000.0,182206000.0,182206000.0,-2863000.0,6457000.0,0.431,101493000.0,186288000.0,0.0,0.741,1.904,41.762,41.294,7592060000.0,57148000.0,97.04,10.141,10.076,0.0,-226343000.0,422295000.0,422295000.0,0.0,,,,,0.0,8910000.0,1.0,170109887.0,169014000.0,169977000.0,2.499,9430972000.0,0.0,0.0,0.0,55.8,
44,PSA,MRQ,2010-06-30,2010-06-30,2010-06-30,2021-08-03,-35251000.0,9569513000.0,,,,,50.937,-35707000.0,474336000.0,474336000.0,137233000.0,131176000.0,,0.096,593275000.0,,,593275000.0,0.0,85205000.0,0.0,0.029,0.8,132316000.0,217521000.0,0.534,217521000.0,132316000.0,125038000.0,0.36,0.36,0.36,8598390000.0,,8598390000.0,14726173689.0,21.0,14.169,256783000.0,1.521,1.0,270412000.0,0.663,224696000.0,7278000.0,9463756000.0,,0.0,1158855000.0,,,825034000.0,,,14930023689.0,-245291000.0,1532000.0,-190973000.0,-53216000.0,-194430000.0,-459081000.0,-78700000.0,9821000.0,292490000.0,-355000.0,125038000.0,60837000.0,60837000.0,-4410000.0,6138000.0,0.149,96298000.0,174114000.0,0.0,2.222,1.736,38.623,38.222,7618396000.0,64201000.0,87.91,9.23,9.174,0.0,-272485000.0,407645000.0,407645000.0,0.0,,,,,0.0,10081000.0,1.0,169833053.0,168804000.0,169629000.0,2.415,9344817000.0,0.0,0.0,0.0,55.359,
45,PSA,MRQ,2010-03-31,2010-03-31,2010-03-31,2021-08-03,-24779000.0,9744471000.0,,,,,51.497,-9666000.0,719982000.0,719982000.0,140770000.0,129917000.0,,0.106,516132000.0,,,516132000.0,0.0,84886000.0,0.0,0.025,0.65,131300000.0,216186000.0,0.544,216186000.0,131300000.0,123961000.0,0.21,0.21,0.21,8676023000.0,,8676023000.0,15356404750.0,20.0,13.803,223456000.0,1.326,1.0,256677000.0,0.646,211998000.0,7339000.0,9328623000.0,,0.0,1223538000.0,,,922914000.0,,,15601304750.0,-42942000.0,0.0,11822000.0,-1965000.0,-173135000.0,-169861000.0,-106203000.0,-94316000.0,233122000.0,-865000.0,123961000.0,34738000.0,34738000.0,-533000.0,5956000.0,0.087,95405000.0,161272000.0,0.0,3.095,1.798,33.827,33.573,7487539000.0,89223000.0,91.99,9.652,9.588,0.0,-202998000.0,397447000.0,397447000.0,0.0,,,,,0.0,10077000.0,1.0,169597834.0,168477000.0,169310000.0,2.359,9532473000.0,0.0,0.0,0.0,56.58,
46,PSA,MRQ,2009-12-31,2009-12-31,2009-12-31,2021-08-03,-15002000.0,9805645000.0,,,,,53.019,-13039000.0,763789000.0,763789000.0,115133000.0,187689000.0,,0.082,518889000.0,,,518889000.0,0.0,86019000.0,0.0,0.027,0.55,188349000.0,274368000.0,0.685,274368000.0,188349000.0,181138000.0,0.7,0.69,0.7,8928407000.0,,8928407000.0,13659705017.0,16.0,11.32,262289000.0,1.558,1.0,285290000.0,0.712,212904000.0,7211000.0,9347841000.0,,0.0,1174019000.0,,,731142000.0,,,13808971017.0,93324000.0,17825000.0,293000.0,-1903000.0,-156158000.0,-165755000.0,-16249000.0,-16693000.0,275328000.0,-463000.0,181138000.0,117491000.0,117491000.0,-311000.0,-65449000.0,0.293,94804000.0,190486000.0,0.0,0.786,1.547,23.566,23.405,7562033000.0,135647000.0,81.45,8.509,8.449,0.0,-153759000.0,400423000.0,400423000.0,0.0,,,,,0.0,9203000.0,1.0,169539239.0,168400000.0,169029000.0,2.378,9592741000.0,0.0,0.0,0.0,56.964,
47,PSA,MRQ,2009-09-30,2009-09-30,2009-09-30,2021-08-03,-12275000.0,9809375000.0,,,,,52.883,-24970000.0,670928000.0,670928000.0,128468000.0,243951000.0,,0.085,521662000.0,,,521662000.0,0.0,86624000.0,0.0,0.037,0.55,244598000.0,331222000.0,0.804,331222000.0,244598000.0,237309000.0,1.03,1.03,1.03,8904106000.0,,8904106000.0,12693749256.0,15.0,10.604,270311000.0,1.605,1.0,283619000.0,0.688,214000000.0,7289000.0,9446109000.0,,0.0,1185583000.0,,,758123000.0,,,12754169256.0,86084000.0,-17825000.0,1130000.0,-1855000.0,-156179000.0,-163107000.0,-46090000.0,203000.0,295281000.0,-16000.0,237309000.0,173493000.0,173493000.0,-1119000.0,6642000.0,0.421,94324000.0,189295000.0,0.0,0.534,1.432,21.617,21.497,7633972000.0,63816000.0,75.24,7.794,7.741,0.0,-177603000.0,412087000.0,412087000.0,0.0,,,,,0.0,8654000.0,1.0,169513148.0,168373000.0,169043000.0,2.447,9595375000.0,0.0,0.0,0.0,56.989,
48,PSA,MRQ,2009-06-30,2009-06-30,2009-06-30,2021-08-03,-18090000.0,9703836000.0,,,,,52.35,-27681000.0,584860000.0,584860000.0,134538000.0,205387000.0,,0.084,524440000.0,,,524440000.0,0.0,84284000.0,0.0,0.043,0.55,206460000.0,290744000.0,0.715,290744000.0,206460000.0,199172000.0,0.8,0.8,0.8,8812993000.0,,8812993000.0,11132037974.0,15.0,10.081,254702000.0,1.513,1.0,271937000.0,0.669,215145000.0,7288000.0,9428271000.0,,0.0,1113231000.0,,,744137000.0,,,11098202974.0,91234000.0,0.0,214000.0,-1856000.0,-156166000.0,-163470000.0,-27679000.0,0.0,282383000.0,226000.0,199172000.0,135487000.0,135487000.0,8027000.0,6215000.0,0.333,91838000.0,180099000.0,0.0,0.688,1.259,22.743,22.579,7695141000.0,63685000.0,65.48,6.704,6.658,0.0,-258732000.0,406475000.0,406475000.0,0.0,,,,,0.0,8199000.0,1.0,169489966.0,168348000.0,168528000.0,2.414,9488691000.0,0.0,0.0,0.0,56.364,
49,PSA,MRQ,2009-03-31,2009-03-31,2009-03-31,2021-08-03,-42134000.0,9626497000.0,,,,,51.943,-10827000.0,493400000.0,493400000.0,142918000.0,153429000.0,,0.084,527235000.0,,,527235000.0,0.0,85200000.0,0.0,0.051,0.55,225130000.0,310330000.0,0.768,310330000.0,225130000.0,217002000.0,0.95,0.95,0.95,8742692000.0,,8742692000.0,9326018155.0,14.0,8.862,249038000.0,1.48,1.0,261322000.0,0.646,224382000.0,8128000.0,9435950000.0,,0.0,1062721000.0,,,737808000.0,,,9362908155.0,-187595000.0,0.0,555000.0,-111512000.0,-156162000.0,-446069000.0,-1391000.0,10261000.0,259865000.0,294000.0,217002000.0,159495000.0,159495000.0,508000.0,-63573000.0,0.395,94171000.0,167151000.0,0.0,0.579,1.071,22.268,22.1,7747582000.0,57507000.0,55.25,5.615,5.577,0.0,-301582000.0,404240000.0,404240000.0,0.0,,,,,0.0,9679000.0,1.0,169464401.0,168312000.0,168473000.0,2.402,9402115000.0,0.0,0.0,0.0,55.861,
50,PSA,MRQ,2008-12-31,2008-12-31,2008-12-31,2021-08-03,-31931000.0,9936045000.0,,,,,51.76,11287000.0,680701000.0,680701000.0,120798000.0,162034000.0,,0.098,643811000.0,,,643811000.0,0.0,104290000.0,0.0,0.035,1.15,160447000.0,264737000.0,0.64,264737000.0,160447000.0,151690000.0,0.72,0.72,0.72,8708995000.0,,8708995000.0,13305406560.0,14.0,9.549,278997000.0,1.658,1.0,292873000.0,0.708,226639000.0,8757000.0,9672516000.0,,0.0,1096959000.0,,,856164000.0,,,13467255560.0,-108913000.0,11961000.0,-6685000.0,-5429000.0,-258107000.0,-347492000.0,-29131000.0,1094000.0,267710000.0,320000.0,151690000.0,121538000.0,121538000.0,2712000.0,10344000.0,0.294,106671000.0,186202000.0,0.0,1.597,1.546,19.081,18.974,7821889000.0,30152000.0,79.5,7.828,7.774,0.0,-290323000.0,413671000.0,413671000.0,0.0,,,,,0.0,5841000.0,1.0,169399441.0,168256000.0,168681000.0,2.459,9709406000.0,0.0,0.0,0.0,57.706,
51,PSA,MRQ,2008-09-30,2008-09-30,2008-09-30,2021-08-03,3929000.0,10195243000.0,,,,,53.109,-69565000.0,807908000.0,807908000.0,125335000.0,147942000.0,,0.101,646059000.0,,,646059000.0,0.0,92034000.0,0.0,0.022,0.55,146430000.0,238464000.0,0.553,238464000.0,146430000.0,137331000.0,0.43,0.42,0.43,8929395000.0,,8929395000.0,16652303439.0,17.0,11.546,228506000.0,1.359,1.0,305834000.0,0.709,229978000.0,9099000.0,9803416000.0,,0.0,600161000.0,,,901396000.0,,,16755568439.0,14810000.0,-33752000.0,4778000.0,-38498000.0,-158589000.0,-201844000.0,-81417000.0,640000.0,298071000.0,-518000.0,137331000.0,71459000.0,71459000.0,2475000.0,10611000.0,0.166,100488000.0,205346000.0,0.0,1.279,1.876,24.422,24.267,7901310000.0,65872000.0,99.01,9.605,9.543,566084000.0,-177437000.0,431169000.0,431169000.0,0.0,,,,,0.0,8879000.0,1.0,169231072.0,168133000.0,168560000.0,2.564,9965265000.0,0.0,0.0,0.0,59.27,
52,PSA,MRQ,2008-06-30,2008-06-30,2008-06-30,2021-08-03,36517000.0,10252746000.0,,,,,53.419,-61659000.0,793604000.0,793604000.0,140188000.0,143955000.0,,0.102,690339000.0,,,690339000.0,0.0,95386000.0,0.0,0.026,0.55,143414000.0,238800000.0,0.571,238800000.0,143414000.0,133813000.0,0.4,0.4,0.4,8975834000.0,,8975834000.0,13602813776.0,13.0,8.951,209865000.0,1.249,1.0,278306000.0,0.665,236332000.0,9601000.0,9913149000.0,,0.0,616257000.0,,,913536000.0,,,13665431776.0,48072000.0,7574000.0,2587000.0,-1832000.0,-158508000.0,-167230000.0,-56222000.0,493000.0,271524000.0,-2000.0,133813000.0,67978000.0,67978000.0,1286000.0,10142000.0,0.162,128002000.0,150304000.0,0.0,1.375,1.522,19.475,19.421,7909451000.0,65835000.0,80.79,7.671,7.62,618724000.0,-156179000.0,418494000.0,418494000.0,0.0,,,,,0.0,33173000.0,1.0,169147565.0,168028000.0,168479000.0,2.491,10016414000.0,0.0,0.0,0.0,59.612,
53,PSA,MRQ,2008-03-31,2008-03-31,2008-03-31,2021-08-03,37462000.0,10247765000.0,,,,,53.359,-30985000.0,745534000.0,745534000.0,168119000.0,519941000.0,,0.099,682916000.0,,,682916000.0,0.0,122491000.0,0.0,0.023,0.55,528829000.0,651320000.0,1.424,651320000.0,528829000.0,512342000.0,2.64,2.63,2.64,8995531000.0,,8995531000.0,15924077265.0,16.0,10.324,208681000.0,1.238,1.0,289368000.0,0.633,246362000.0,16487000.0,9938785000.0,,0.0,625172000.0,,,889523000.0,,,15118565265.0,478944000.0,533986000.0,-109400000.0,10286000.0,-158472000.0,-267510000.0,506788000.0,0.0,239666000.0,2544000.0,512342000.0,444828000.0,444828000.0,1148000.0,7599000.0,0.972,137357000.0,152011000.0,0.0,0.208,1.681,23.325,23.018,7921511000.0,67514000.0,88.62,8.348,8.249,618822000.0,-131484000.0,457487000.0,457487000.0,0.0,,,,,0.0,14916000.0,1.0,170599924.0,168586000.0,168982000.0,2.714,10001403000.0,0.0,0.0,0.0,59.325,
54,PSA,MRQ,2007-12-31,2007-12-31,2007-12-31,2021-08-03,50065000.0,10643102000.0,,,,,51.725,-62843000.0,245444000.0,245444000.0,128144000.0,197430000.0,,0.157,1069928000.0,,,1069928000.0,0.0,130864000.0,0.0,0.027,0.5,182786000.0,313650000.0,0.717,313650000.0,182786000.0,167887000.0,0.61,0.6,0.61,8763129000.0,,8763129000.0,13373279324.0,26.0,11.689,232120000.0,1.37,1.0,309091000.0,0.707,348379000.0,14899000.0,11119207000.0,,0.0,306743000.0,,,1373285000.0,,,12520807324.0,75941000.0,65000.0,405000.0,10195000.0,-150669000.0,-165519000.0,-53503000.0,2689000.0,294963000.0,917000.0,167887000.0,101822000.0,101822000.0,-847000.0,29543000.0,0.233,141789000.0,167302000.0,0.0,0.82,1.429,62.926,62.212,9582554000.0,66065000.0,73.41,7.006,6.956,0.0,-485354000.0,437235000.0,437235000.0,0.0,,,,,0.0,10352000.0,1.0,170559969.0,169417000.0,168902000.0,2.581,10294723000.0,0.0,0.0,0.0,60.766,
55,PSA,MRQ,2007-09-30,2007-09-30,2007-09-30,2021-08-03,63685000.0,10629623000.0,,,,,51.707,-98628000.0,189430000.0,189430000.0,165520000.0,152766000.0,,0.156,1041902000.0,,,1041902000.0,0.0,147948000.0,0.0,0.025,0.5,168023000.0,315971000.0,0.675,315971000.0,168023000.0,152766000.0,0.51,0.51,0.51,8757858000.0,,8757858000.0,14432267237.0,41.0,13.53,185296000.0,1.094,1.0,302700000.0,0.646,396802000.0,15257000.0,11085293000.0,,0.0,317982000.0,,,1364993000.0,,,13410848237.0,114980000.0,0.0,927000.0,-64961000.0,-150693000.0,-53005000.0,-115939000.0,253000.0,283924000.0,6863000.0,152766000.0,87077000.0,87077000.0,1233000.0,0.0,0.186,158948000.0,143752000.0,0.0,0.98,1.531,800.409,-1573.0,9576995000.0,65689000.0,78.65,7.528,7.478,0.0,-502572000.0,468220000.0,468220000.0,0.0,,,,,0.0,11416000.0,1.0,170513010.0,169374000.0,170085000.0,2.764,10232821000.0,0.0,0.0,0.0,60.416,
56,PSA,MRQ,2007-06-30,2007-06-30,2007-06-30,2021-08-03,35673000.0,10477108000.0,,,,,50.539,-53080000.0,66949000.0,66949000.0,169489000.0,77104000.0,,0.165,1088368000.0,,,1088368000.0,0.0,167716000.0,0.0,0.026,0.5,93811000.0,261527000.0,0.584,261527000.0,93811000.0,77104000.0,0.09,0.08,0.09,8558631000.0,,8558631000.0,14207395672.0,52.0,14.882,220242000.0,1.301,1.0,278700000.0,0.622,434649000.0,16707000.0,11063878000.0,,0.0,321208000.0,,,1415353000.0,,,13096735672.0,-20990000.0,4844000.0,1772000.0,-95643000.0,-147696000.0,-246970000.0,-47342000.0,989000.0,273322000.0,-2856000.0,77104000.0,14433000.0,14433000.0,734000.0,0.0,0.032,184966000.0,93734000.0,0.0,5.556,1.53,-171.412,-128.033,9498034000.0,62671000.0,76.82,7.775,7.723,0.0,-504645000.0,448189000.0,448189000.0,0.0,,,,,0.0,21465000.0,1.0,170486015.0,169346000.0,170213000.0,2.647,10042459000.0,0.0,0.0,0.0,59.301,
57,PSA,MRQ,2007-03-31,2007-03-31,2007-03-31,2021-08-03,29740000.0,10619147000.0,,,,,50.933,-49658000.0,90700000.0,90700000.0,168001000.0,59778000.0,,0.174,1201360000.0,,,1201360000.0,0.0,176366000.0,0.0,0.021,0.5,76586000.0,252952000.0,0.583,252952000.0,76586000.0,59778000.0,-0.03,-0.03,-0.03,8619295000.0,,8619295000.0,17423610598.0,57.0,19.971,145785000.0,0.861,1.0,265557000.0,0.613,504006000.0,16808000.0,11225801000.0,,0.0,301711000.0,,,1497743000.0,,,16130652598.0,-465659000.0,0.0,5353000.0,-649452000.0,-149125000.0,-616010000.0,-45092000.0,4777000.0,195443000.0,564000.0,59778000.0,-4354000.0,-4354000.0,1226000.0,0.0,-0.01,190979000.0,74578000.0,0.0,-16.667,1.871,-818.482,-676.214,9571257000.0,64132000.0,94.67,10.515,10.443,0.0,-434053000.0,433558000.0,433558000.0,0.0,,,,,0.0,16516000.0,1.0,170388218.0,169229000.0,169229000.0,2.562,10115141000.0,0.0,0.0,0.0,59.772,
58,PSA,MRQ,2006-12-31,2006-12-31,2006-12-31,2021-08-03,19329000.0,11198473000.0,,,,,48.468,-86206000.0,555584000.0,555584000.0,159738000.0,-10233000.0,,0.303,1848542000.0,,,1848542000.0,0.0,226161000.0,0.0,0.021,0.5,10077000.0,236238000.0,0.548,236238000.0,10077000.0,-10233000.0,-0.62,-0.61,-0.62,8208045000.0,,8208045000.0,17931625662.0,52.0,22.834,84782000.0,0.501,1.0,271694000.0,0.63,589236000.0,20310000.0,11902195000.0,,0.0,301905000.0,,,2484398000.0,,,16591997662.0,424155000.0,20999000.0,6470000.0,356298000.0,-145256000.0,309517000.0,-56350000.0,4965000.0,170988000.0,2274000.0,-10233000.0,-80401000.0,-80401000.0,2092000.0,0.0,-0.186,260195000.0,11499000.0,0.0,-0.806,2.021,353.842,295.455,9597541000.0,70168000.0,97.5,12.031,10.093,0.0,-344706000.0,431432000.0,431432000.0,0.0,,,,,0.0,34665000.0,1.0,170174335.0,169349000.0,170307000.0,2.548,10609237000.0,0.0,0.0,0.0,62.647,
59,PSA,MRQ,2006-09-30,2006-09-30,2006-09-30,2021-08-03,-11269000.0,10854856000.0,,,,,57.801,-48039000.0,124119000.0,124119000.0,127620000.0,81181000.0,,0.232,1463747000.0,,,1463747000.0,0.0,113449000.0,0.0,0.023,0.5,90504000.0,203953000.0,0.549,203953000.0,90504000.0,81181000.0,-0.04,-0.04,-0.04,8403487000.0,,8403487000.0,10281587719.0,22.0,14.15,166872000.0,1.148,1.0,243640000.0,0.656,607115000.0,9323000.0,11587369000.0,,0.0,301868000.0,,,1951665000.0,,,11124380719.0,-859511000.0,-161284000.0,75560000.0,-665951000.0,-150307000.0,-804636000.0,-269786000.0,-60463000.0,214911000.0,0.0,81181000.0,-6083000.0,-6083000.0,-1925000.0,0.0,-0.016,149673000.0,93967000.0,0.0,-12.5,1.324,57.656,56.947,9651017000.0,87264000.0,85.99,9.116,10.244,0.0,-189217000.0,371260000.0,371260000.0,0.0,,,,,0.0,36242000.0,1.0,129368307.0,145387000.0,145387000.0,2.554,10247741000.0,0.0,0.0,0.0,70.486,
60,PSA,MRQ,2006-06-30,2006-06-30,2006-06-30,2021-08-03,0.0,6100136000.0,,,,,42.357,-80817000.0,983630000.0,983630000.0,106545000.0,128862000.0,,0.058,140837000.0,,,140837000.0,0.0,48580000.0,0.0,0.026,0.5,130734000.0,179314000.0,0.602,179314000.0,130734000.0,128862000.0,0.55,0.55,0.55,5429303000.0,,5429303000.0,9574236205.0,19.0,13.647,123591000.0,0.964,1.0,191316000.0,0.642,174634000.0,1872000.0,5082709000.0,,0.0,303884000.0,,,312610000.0,,,9814625205.0,597943000.0,159000.0,1798000.0,-909000.0,-122029000.0,472167000.0,-78632000.0,5384000.0,204408000.0,0.0,128862000.0,71130000.0,71130000.0,-111000.0,0.0,0.239,55555000.0,135761000.0,0.0,0.909,1.808,35.268,34.977,4572461000.0,57732000.0,75.9,8.743,8.667,0.0,-120091000.0,297861000.0,297861000.0,0.0,,,,,0.0,6975000.0,1.0,129309950.0,128180000.0,129062000.0,2.324,5925502000.0,0.0,0.0,0.0,46.228,
61,PSA,MRQ,2006-03-31,2006-03-31,2006-03-31,2021-08-03,0.0,5470604000.0,,,,,38.383,-74086000.0,382329000.0,382329000.0,102977000.0,114216000.0,,0.06,141940000.0,,,141940000.0,0.0,50028000.0,0.0,0.024,0.5,115773000.0,165801000.0,0.595,165801000.0,115773000.0,114216000.0,0.49,0.48,0.49,4917716000.0,,4917716000.0,10159683671.0,21.0,14.929,88747000.0,0.693,1.0,175541000.0,0.63,174634000.0,1557000.0,5055581000.0,,0.0,305558000.0,,,295099000.0,,,10503537671.0,-111172000.0,2865000.0,1541000.0,-12104000.0,-116269000.0,-205143000.0,-68862000.0,2359000.0,162833000.0,0.0,114216000.0,62245000.0,62245000.0,-154000.0,0.0,0.223,56807000.0,118734000.0,0.0,1.02,2.136,39.204,38.866,4538383000.0,51971000.0,81.23,9.659,9.571,0.0,-126924000.0,278518000.0,278518000.0,0.0,,,,,0.0,6779000.0,1.0,129306139.0,128122000.0,129009000.0,2.174,5295970000.0,0.0,0.0,0.0,41.335,
62,PSA,MRQ,2005-12-31,2005-12-31,2005-12-31,2021-08-03,0.0,5552486000.0,,,,,37.614,-178718000.0,493501000.0,493501000.0,90785000.0,123372000.0,,0.1,149647000.0,,,149647000.0,0.0,51867000.0,0.0,0.028,0.5,125660000.0,177527000.0,0.651,177527000.0,125660000.0,123372000.0,0.51,0.51,0.51,4817009000.0,,4817009000.0,8432120432.0,18.0,12.761,-13187000.0,-0.103,1.0,181945000.0,0.667,176285000.0,2288000.0,5032347000.0,,0.0,328555000.0,,,481507000.0,,,8748667432.0,-47763000.0,0.0,887000.0,-65371000.0,-116465000.0,-27047000.0,-186247000.0,1961000.0,165531000.0,0.0,123372000.0,65651000.0,65651000.0,-347000.0,0.0,0.241,57062000.0,124883000.0,0.0,0.98,1.816,34.39,34.202,4484828000.0,57721000.0,67.72,8.255,8.189,0.0,-124871000.0,272730000.0,272730000.0,0.0,,,,,3883000.0,4225000.0,1.0,129188828.0,128063000.0,128744000.0,2.13,5376201000.0,0.0,0.0,0.0,41.981,
63,PSA,MRQ,2005-09-30,2005-09-30,2005-09-30,2021-08-03,0.0,5471628000.0,,,,,37.787,-57382000.0,531774000.0,531774000.0,96684000.0,128344000.0,,0.078,215227000.0,,,215227000.0,0.0,48108000.0,0.0,0.028,0.5,130815000.0,178923000.0,0.654,178923000.0,130815000.0,128344000.0,0.62,0.62,0.62,4836993000.0,,4836993000.0,8413869681.0,19.0,13.175,115098000.0,0.899,1.0,176720000.0,0.646,177936000.0,2471000.0,4977145000.0,,0.0,333482000.0,,,377628000.0,,,8652543681.0,141343000.0,0.0,1181000.0,-742000.0,-113239000.0,74502000.0,-105639000.0,-48927000.0,172480000.0,0.0,128344000.0,79262000.0,79262000.0,-5340000.0,0.0,0.29,53855000.0,122865000.0,0.0,0.806,1.789,34.878,34.715,4357284000.0,49082000.0,67.0,8.178,8.106,0.0,-131778000.0,273404000.0,273404000.0,0.0,,,,,0.0,5621000.0,1.0,129142443.0,128006000.0,128742000.0,2.136,5293692000.0,0.0,0.0,0.0,41.355,
64,PSA,MRQ,2005-06-30,2005-06-30,2005-06-30,2021-08-03,0.0,5256643000.0,,,,,36.152,-76021000.0,390431000.0,390431000.0,94859000.0,108266000.0,,0.066,151757000.0,,,151757000.0,0.0,48240000.0,0.0,0.028,0.45,110060000.0,158300000.0,0.602,158300000.0,110060000.0,108266000.0,0.47,0.47,0.47,4626967000.0,,4626967000.0,7955302577.0,19.0,13.598,110864000.0,0.866,1.0,167903000.0,0.639,179587000.0,1794000.0,4838382000.0,,0.0,329148000.0,,,303920000.0,,,8157000577.0,35998000.0,0.0,-470000.0,-919000.0,-105096000.0,-36156000.0,-114731000.0,-38224000.0,186885000.0,0.0,108266000.0,60763000.0,60763000.0,-89000.0,0.0,0.231,54315000.0,113588000.0,0.0,0.957,1.763,37.518,37.426,4291998000.0,47503000.0,63.25,7.984,7.923,0.0,-146883000.0,262762000.0,262762000.0,0.0,,,,,0.0,6128000.0,1.0,128964436.0,127986000.0,128618000.0,2.053,5077056000.0,0.0,0.0,0.0,39.669,
65,PSA,MRQ,2005-03-31,2005-03-31,2005-03-31,2021-08-03,0.0,5178365000.0,,,,,34.897,-39811000.0,354433000.0,354433000.0,95930000.0,96411000.0,,0.078,152735000.0,,,152735000.0,0.0,47938000.0,0.0,0.032,0.45,98074000.0,146012000.0,0.582,146012000.0,98074000.0,96411000.0,0.38,0.38,0.38,4487227000.0,,4487227000.0,7156536831.0,18.0,12.511,109164000.0,0.849,1.0,155012000.0,0.618,181238000.0,1663000.0,4795429000.0,,0.0,331256000.0,,,349684000.0,,,7377177831.0,-11822000.0,0.0,923000.0,-12024000.0,-103860000.0,-114268000.0,-46529000.0,-6534000.0,148975000.0,0.0,96411000.0,48719000.0,48719000.0,-1107000.0,0.0,0.194,53953000.0,101059000.0,0.0,1.184,1.644,36.012,35.587,4243666000.0,47692000.0,56.94,7.463,7.407,0.0,-150053000.0,250942000.0,250942000.0,0.0,,,,,0.0,5141000.0,1.0,129560552.0,128586000.0,129175000.0,1.952,4997127000.0,0.0,0.0,0.0,38.862,
66,PSA,MRQ,2004-12-31,2004-12-31,2004-12-31,2021-08-03,0.0,5204790000.0,,,,,34.491,-150246000.0,366255000.0,366255000.0,114961000.0,107271000.0,,0.078,145614000.0,,,145614000.0,0.0,47443000.0,0.0,0.032,0.45,107931000.0,155374000.0,0.573,155374000.0,107931000.0,107271000.0,0.46,0.46,0.46,4429967000.0,,4429967000.0,6764652962.0,18.0,12.302,-11179000.0,-0.087,1.0,156007000.0,0.576,182889000.0,660000.0,4801260000.0,,0.0,341304000.0,,,345920000.0,,,7204672962.0,-109025000.0,-6000.0,4087000.0,-434000.0,-104367000.0,-94518000.0,-153574000.0,6347000.0,139067000.0,0.0,107271000.0,59335000.0,59335000.0,-1263000.0,0.0,0.219,41496000.0,114511000.0,0.0,0.978,1.626,40.461,40.108,4246710000.0,47936000.0,55.75,7.519,7.438,0.0,-142604000.0,270968000.0,270968000.0,0.0,,,,,2490000.0,2830000.0,1.0,129231802.0,128439000.0,129089000.0,2.11,5021901000.0,0.0,0.0,0.0,39.1,
67,PSA,MRQ,2004-09-30,2004-09-30,2004-09-30,2021-08-03,0.0,5077913000.0,,,,,34.956,-42954000.0,475280000.0,475280000.0,82310000.0,97515000.0,,0.044,35260000.0,,,35260000.0,0.0,27820000.0,0.0,0.036,0.45,97515000.0,125335000.0,0.529,125335000.0,97515000.0,97515000.0,0.38,0.38,0.38,4477327000.0,,4477327000.0,5990053100.0,17.0,11.782,106722000.0,0.833,1.0,154698000.0,0.653,184540000.0,0.0,4453353000.0,,0.0,335965000.0,,,196819000.0,,,6376204100.0,53832000.0,13135000.0,14603000.0,-37000.0,-103565000.0,-76261000.0,-19583000.0,2799000.0,149676000.0,0.0,97515000.0,48597000.0,48597000.0,1001000.0,0.0,0.205,49845000.0,104853000.0,0.0,1.184,1.424,40.531,40.285,4012391000.0,48918000.0,49.55,6.803,6.772,0.0,-145508000.0,237008000.0,237008000.0,0.0,,,,,0.0,5527000.0,1.0,128682222.0,128085000.0,128826000.0,1.85,4893373000.0,0.0,0.0,0.0,38.204,
68,PSA,MRQ,2004-06-30,2004-06-30,2004-06-30,2021-08-03,0.0,5041872000.0,,,,,34.813,-19592000.0,421448000.0,421448000.0,82122000.0,92360000.0,,0.043,35297000.0,,,35297000.0,0.0,52919000.0,0.0,0.039,0.45,92360000.0,145279000.0,0.633,145279000.0,92360000.0,92360000.0,0.38,0.37,0.38,4443298000.0,,4443298000.0,5643893580.0,17.0,10.749,161700000.0,1.267,1.0,147435000.0,0.642,186191000.0,0.0,4469530000.0,,0.0,335766000.0,,,192179000.0,,,5914215580.0,101813000.0,-7895000.0,-5431000.0,-14016000.0,-101563000.0,-25464000.0,-54015000.0,-26528000.0,181292000.0,0.0,92360000.0,48204000.0,48204000.0,468000.0,0.0,0.21,49255000.0,98180000.0,0.0,1.184,1.331,37.455,37.105,4016973000.0,44156000.0,46.01,6.393,6.348,0.0,-139458000.0,229557000.0,229557000.0,0.0,,,,,0.0,4572000.0,1.0,128541960.0,127632000.0,128548000.0,1.799,4855681000.0,0.0,0.0,0.0,38.044,
69,PSA,MRQ,2004-03-31,2004-03-31,2004-03-31,2021-08-03,0.0,4960380000.0,,,,,34.219,-21824000.0,319635000.0,319635000.0,82599000.0,69067000.0,,0.042,49313000.0,,,49313000.0,0.0,54708000.0,0.0,0.037,0.45,69167000.0,123875000.0,0.561,123875000.0,69167000.0,69067000.0,0.17,0.17,0.17,4352039000.0,,4352039000.0,6094740151.0,18.0,11.79,124805000.0,0.981,1.0,138198000.0,0.626,187842000.0,100000.0,4502216000.0,,0.0,336227000.0,,,183813000.0,,,6223543151.0,114802000.0,91761000.0,16375000.0,-26717000.0,-100765000.0,-101361000.0,69534000.0,-403000.0,146629000.0,0.0,69067000.0,21927000.0,21927000.0,151000.0,0.0,0.099,62380000.0,75818000.0,0.0,2.647,1.43,40.993,40.55,4033036000.0,47140000.0,48.66,6.821,6.783,0.0,-130255000.0,220797000.0,220797000.0,0.0,,,,,0.0,5884000.0,1.0,127898544.0,127182000.0,128387000.0,1.736,4772538000.0,0.0,0.0,0.0,37.525,
70,PSA,MRQ,2003-12-31,2003-12-31,2003-12-31,2021-08-03,0.0,4968069000.0,,,,,33.357,-19329000.0,204833000.0,204833000.0,111768000.0,85970000.0,,0.076,76030000.0,,,76030000.0,0.0,27940000.0,0.0,0.041,0.45,85970000.0,113910000.0,0.456,113910000.0,85970000.0,85970000.0,0.3,0.3,0.3,4219799000.0,,4219799000.0,5542271824.0,16.0,10.621,83467000.0,0.66,1.0,138073000.0,0.553,189493000.0,0.0,4649773000.0,,0.0,437206000.0,,,322133000.0,,,5505272824.0,159530000.0,-74463000.0,25758000.0,-6002000.0,-100740000.0,149916000.0,-93182000.0,-3510000.0,102796000.0,0.0,85970000.0,38590000.0,38590000.0,-5407000.0,0.0,0.154,52099000.0,85974000.0,0.0,1.5,1.305,34.018,33.636,4054295000.0,47380000.0,43.39,6.158,6.076,0.0,-98557000.0,249841000.0,249841000.0,0.0,,,,,530000.0,3806000.0,1.0,126878839.0,126504000.0,128107000.0,1.975,4778576000.0,0.0,0.0,0.0,37.774,
71,PSA,MRQ,2003-09-30,2003-09-30,2003-09-30,2021-08-03,0.0,4742245000.0,,,,,32.502,-32846000.0,45303000.0,45303000.0,78951000.0,89747000.0,,0.057,82302000.0,,,82302000.0,0.0,51937000.0,0.0,0.046,0.45,90043000.0,141980000.0,0.631,141980000.0,90043000.0,89747000.0,0.39,0.39,0.39,4079959000.0,,4079959000.0,5007755531.0,16.0,9.526,141866000.0,1.13,1.0,145891000.0,0.649,191144000.0,296000.0,4588100000.0,,0.0,336886000.0,,,234024000.0,,,4942178531.0,3940000.0,-8864000.0,21625000.0,-24908000.0,-97212000.0,-113631000.0,-57141000.0,-2026000.0,174712000.0,0.0,89747000.0,49179000.0,49179000.0,444000.0,0.0,0.219,50077000.0,95814000.0,0.0,1.154,1.211,33.424,32.966,4074017000.0,40568000.0,39.23,5.845,5.824,0.0,-83787000.0,224842000.0,224842000.0,0.0,,,,,0.0,4642000.0,1.0,125979570.0,125528000.0,126802000.0,1.791,4551101000.0,0.0,0.0,0.0,36.256,
72,PSA,MRQ,2003-06-30,2003-06-30,2003-06-30,2021-08-03,0.0,4740085000.0,,,,,32.629,-26741000.0,41363000.0,41363000.0,79713000.0,84297000.0,,0.06,106940000.0,,,106940000.0,0.0,52525000.0,0.0,0.053,0.45,84669000.0,137194000.0,0.632,137194000.0,84669000.0,84297000.0,0.34,0.33,0.34,4065505000.0,,4065505000.0,4302308870.0,14.0,8.306,120223000.0,0.965,1.0,137236000.0,0.633,192795000.0,372000.0,4612867000.0,,0.0,335246000.0,,,244326000.0,,,4243214870.0,-13654000.0,-6711000.0,11762000.0,-7171000.0,-97217000.0,-134871000.0,-25747000.0,7705000.0,146964000.0,0.0,84297000.0,42122000.0,42122000.0,1432000.0,0.0,0.194,50110000.0,87126000.0,0.0,1.324,1.044,32.184,31.654,4083658000.0,42175000.0,33.87,5.075,5.048,0.0,-76322000.0,216949000.0,216949000.0,0.0,,,,,0.0,4429000.0,1.0,125279447.0,124599000.0,125854000.0,1.741,4547290000.0,0.0,0.0,0.0,36.495,
73,PSA,MRQ,2003-03-31,2003-03-31,2003-03-31,2021-08-03,0.0,4765194000.0,,,,,32.908,-18804000.0,55017000.0,55017000.0,73829000.0,76639000.0,,0.06,114111000.0,,,114111000.0,0.0,51661000.0,0.0,0.059,0.45,77092000.0,128753000.0,0.623,128753000.0,77092000.0,76639000.0,0.26,0.26,0.26,4083171000.0,,4083171000.0,3790593117.0,12.0,7.356,128111000.0,1.033,1.0,132869000.0,0.643,194446000.0,453000.0,4629842000.0,,0.0,355838000.0,,,243622000.0,,,3777850117.0,-48107000.0,-10302000.0,3472000.0,-1756000.0,-98392000.0,-165959000.0,-29063000.0,43000.0,146915000.0,0.0,76639000.0,31945000.0,31945000.0,193000.0,0.0,0.155,49617000.0,83252000.0,0.0,1.731,0.925,29.717,29.417,4082938000.0,44694000.0,30.3,4.568,4.546,0.0,-63402000.0,206698000.0,206698000.0,0.0,,,,,0.0,4250000.0,1.0,124681522.0,124078000.0,125232000.0,1.666,4570748000.0,0.0,0.0,0.0,36.838,
74,PSA,MRQ,2002-12-31,2002-12-31,2002-12-31,2021-08-03,0.0,4843662000.0,,,,,33.567,-24985000.0,103124000.0,103124000.0,73368000.0,67214000.0,,0.059,115867000.0,,,115867000.0,0.0,50009000.0,0.0,0.056,0.45,67739000.0,117748000.0,0.598,117748000.0,67739000.0,67214000.0,0.2,0.2,0.2,4158969000.0,,4158969000.0,3867613569.0,12.0,7.36,106193000.0,0.857,1.0,123641000.0,0.628,196097000.0,525000.0,4660308000.0,,0.0,354003000.0,,,245194000.0,,,4022286569.0,-173131000.0,-8406000.0,1824000.0,-5715000.0,-98209000.0,-264540000.0,-39769000.0,8408000.0,131178000.0,0.0,67214000.0,24617000.0,24617000.0,4731000.0,0.0,0.125,45994000.0,77647000.0,0.0,2.25,0.967,28.442,28.096,4106303000.0,42597000.0,32.31,4.883,4.825,0.0,-41649000.0,197009000.0,197009000.0,0.0,,,,,0.0,3346000.0,1.0,124490454.0,123899000.0,124667000.0,1.59,4647565000.0,0.0,0.0,0.0,37.511,
75,PSA,MRQ,2002-09-30,2002-09-30,2002-09-30,2021-08-03,0.0,5037965000.0,,,,,33.954,-53774000.0,276255000.0,276255000.0,73238000.0,83351000.0,,0.097,121582000.0,,,121582000.0,0.0,49958000.0,0.0,0.056,0.45,84320000.0,134278000.0,0.623,134278000.0,84320000.0,83351000.0,0.27,0.27,0.27,4187977000.0,,4187977000.0,3881189507.0,11.0,7.171,110964000.0,0.9,1.0,142148000.0,0.66,197748000.0,969000.0,4685544000.0,,0.0,351965000.0,,,408128000.0,,,3930954507.0,104091000.0,2011000.0,6091000.0,-817000.0,-98867000.0,14961000.0,-75608000.0,-23845000.0,164738000.0,0.0,83351000.0,33160000.0,33160000.0,5103000.0,0.0,0.154,48700000.0,93448000.0,0.0,1.667,0.939,26.503,26.148,4124493000.0,50191000.0,31.9,4.82,4.824,0.0,-10654000.0,215386000.0,215386000.0,0.0,,,,,0.0,3968000.0,1.0,123227414.0,123341000.0,124784000.0,1.746,4840217000.0,0.0,0.0,0.0,39.243,
76,PSA,MRQ,2002-06-30,2002-06-30,2002-06-30,2021-08-03,0.0,4885778000.0,,,,,34.264,-32436000.0,172164000.0,172164000.0,69559000.0,80718000.0,,0.053,122399000.0,,,122399000.0,0.0,52577000.0,0.0,0.036,0.45,81931000.0,134508000.0,0.647,134508000.0,81931000.0,80718000.0,0.3,0.3,0.3,4208347000.0,,4208347000.0,4494163223.0,13.0,8.319,110782000.0,0.902,1.0,138391000.0,0.666,199399000.0,1213000.0,4636614000.0,,0.0,347684000.0,,,221774000.0,,,4558368223.0,-20117000.0,-8053000.0,8324000.0,-5677000.0,-98390000.0,-109743000.0,-53592000.0,-13103000.0,143218000.0,0.0,80718000.0,37406000.0,37406000.0,1240000.0,0.0,0.18,49768000.0,88623000.0,0.0,1.5,1.083,27.674,27.279,4093892000.0,43312000.0,37.1,5.666,5.664,0.0,4862000.0,207950000.0,207950000.0,0.0,,,,,0.0,4305000.0,1.0,122867068.0,122821000.0,124824000.0,1.693,4686379000.0,0.0,0.0,0.0,38.156,
77,PSA,MRQ,2002-03-31,2002-03-31,2002-03-31,2021-08-03,0.0,4893247000.0,,,,,34.422,-31816000.0,192281000.0,192281000.0,67781000.0,87455000.0,,0.054,128076000.0,,,128076000.0,0.0,50368000.0,0.0,0.03,0.45,88557000.0,138925000.0,0.675,138925000.0,88557000.0,87455000.0,0.38,0.37,0.38,4197641000.0,,4197641000.0,4330719402.0,13.0,8.082,120333000.0,0.987,1.0,138181000.0,0.671,201050000.0,1102000.0,4627992000.0,,0.0,346118000.0,,,227529000.0,,,4470054402.0,142934000.0,-159188000.0,6713000.0,-40476000.0,-96260000.0,147602000.0,-156817000.0,34187000.0,152149000.0,0.0,87455000.0,46240000.0,46240000.0,139000.0,0.0,0.225,47399000.0,90782000.0,0.0,1.184,1.065,25.538,25.349,4084103000.0,41215000.0,37.01,5.629,5.683,0.0,22534000.0,205962000.0,205962000.0,0.0,,,,,0.0,4000000.0,1.0,120779638.0,121946000.0,124065000.0,1.689,4692197000.0,0.0,0.0,0.0,38.478,
78,PSA,MRQ,2001-12-31,2001-12-31,2001-12-31,2021-08-03,0.0,4625879000.0,,,,,32.475,-53556000.0,49347000.0,49347000.0,57076000.0,84196000.0,,0.067,168552000.0,,,168552000.0,0.0,49096000.0,0.0,0.027,0.45,84400000.0,133496000.0,0.717,133496000.0,84400000.0,84196000.0,0.27,0.26,0.27,3909583000.0,,3909583000.0,3894704909.0,12.0,7.527,64950000.0,0.54,1.0,129198000.0,0.694,202701000.0,204000.0,4542383000.0,,0.0,538644000.0,,,261695000.0,,,4034039909.0,-239046000.0,-50951000.0,11888000.0,19494000.0,-92024000.0,-249115000.0,-108437000.0,4959000.0,118506000.0,0.0,84196000.0,31515000.0,31515000.0,90000.0,0.0,0.169,46216000.0,82982000.0,0.0,1.667,1.032,23.462,23.688,3762304000.0,52681000.0,33.4,5.208,5.274,0.0,31339000.0,186274000.0,186274000.0,0.0,,,,,0.0,4489000.0,1.0,120779638.0,120387000.0,122377000.0,1.547,4423178000.0,0.0,0.0,0.0,36.741,
79,PSA,MRQ,2001-09-30,2001-09-30,2001-09-30,2021-08-03,0.0,4773646000.0,,,,,33.345,-54029000.0,288393000.0,288393000.0,69017000.0,83604000.0,,0.066,149058000.0,,,149058000.0,0.0,48755000.0,0.0,0.02,0.0,84532000.0,133287000.0,0.653,133287000.0,84532000.0,83604000.0,0.41,0.41,0.41,4004487000.0,,4004487000.0,4122943654.0,13.0,8.188,93161000.0,0.776,1.0,135254000.0,0.662,178033000.0,928000.0,4456278000.0,,0.0,488594000.0,,,266057000.0,,,4023908654.0,237632000.0,-11332000.0,3028000.0,-738000.0,-130057000.0,156253000.0,-65811000.0,-450000.0,147190000.0,0.0,83604000.0,49554000.0,49554000.0,67000.0,0.0,0.243,48481000.0,86773000.0,0.0,0.0,1.005,21.574,22.267,3746859000.0,34050000.0,33.4,5.337,5.32,0.0,39167000.0,204271000.0,204271000.0,0.0,,,,,0.0,5965000.0,1.0,120476307.0,120092000.0,121754000.0,1.701,4595613000.0,0.0,0.0,0.0,38.267,
80,PSA,MRQ,2001-06-30,2001-06-30,2001-06-30,2021-08-03,0.0,4513562000.0,,,,,30.872,-46429000.0,50761000.0,50761000.0,66536000.0,81773000.0,,0.069,149796000.0,,,149796000.0,0.0,47262000.0,0.0,0.05,0.22,82897000.0,130159000.0,0.659,130159000.0,82897000.0,81773000.0,0.4,0.39,0.4,3727352000.0,,3727352000.0,3715188949.0,12.0,7.588,116109000.0,0.962,1.0,131078000.0,0.663,180361000.0,1124000.0,4432236000.0,,0.0,483862000.0,,,258548000.0,,,3575402949.0,10284000.0,-10415000.0,3957000.0,-30467000.0,-60504000.0,-93298000.0,-58956000.0,-2112000.0,162538000.0,0.0,81773000.0,47723000.0,47723000.0,0.0,0.0,0.241,46323000.0,84755000.0,0.0,0.55,0.959,19.335,20.308,3731685000.0,34050000.0,29.65,4.795,4.801,0.0,85620000.0,197614000.0,197614000.0,0.0,,,,,0.0,5000000.0,1.0,120586946.0,120734000.0,121639000.0,1.637,4333201000.0,0.0,0.0,0.0,35.89,
81,PSA,MRQ,2001-03-31,2001-03-31,2001-03-31,2021-08-03,0.0,4488092000.0,,,,,28.89,-49321000.0,40477000.0,40477000.0,66897000.0,74635000.0,,0.07,180263000.0,,,180263000.0,0.0,44897000.0,0.0,0.056,0.22,75606000.0,120503000.0,0.609,120503000.0,75606000.0,74635000.0,0.34,0.34,0.34,3701216000.0,,3701216000.0,3407834818.0,11.0,7.161,60979000.0,0.476,1.0,130942000.0,0.662,182689000.0,971000.0,4445189000.0,,0.0,479456000.0,,,258048000.0,,,3341298818.0,-48990000.0,-11494000.0,-205057000.0,24260000.0,-59445000.0,-86436000.0,-72854000.0,-12039000.0,110300000.0,0.0,74635000.0,43147000.0,43147000.0,0.0,0.0,0.218,45206000.0,85736000.0,0.0,0.647,0.903,18.18,18.617,3722334000.0,31488000.0,26.25,4.539,4.568,0.0,64351000.0,197839000.0,197839000.0,0.0,,,,,0.0,5584000.0,1.0,127287574.0,128114000.0,128699000.0,1.544,4305403000.0,0.0,0.0,0.0,33.606,
82,PSA,MRQ,2000-12-31,2000-12-31,2000-12-31,2021-08-03,0.0,4513941000.0,,,,,28.468,-87377000.0,89467000.0,89467000.0,60494000.0,74572000.0,,0.069,156003000.0,,,156003000.0,0.0,44989000.0,0.0,0.061,0.22,74572000.0,119561000.0,0.775,119561000.0,74572000.0,74572000.0,0.35,0.35,0.35,3724117000.0,,3724117000.0,3246981038.0,11.0,6.903,64286000.0,0.491,1.0,93681000.0,0.608,185017000.0,0.0,4395460000.0,,0.0,475166000.0,,,256906000.0,,,3190857038.0,-15132000.0,-84325000.0,55727000.0,-4720000.0,-57557000.0,-53197000.0,-113598000.0,6079000.0,151663000.0,0.0,74572000.0,46092000.0,46092000.0,1278000.0,0.0,0.299,45935000.0,47746000.0,0.0,0.629,0.857,17.164,17.241,3704986000.0,28480000.0,24.31,4.463,4.474,0.0,49161000.0,154175000.0,154175000.0,0.0,,,,,0.0,7249000.0,1.0,131256974.0,130819000.0,130703000.0,1.179,4328924000.0,0.0,0.0,0.0,33.091,
83,PSA,MRQ,2000-09-30,2000-09-30,2000-09-30,2021-08-03,0.0,4486678000.0,,,,,28.159,-95079000.0,104599000.0,104599000.0,64810000.0,75652000.0,,0.072,160723000.0,,,160723000.0,0.0,43123000.0,0.0,0.062,0.82,76278000.0,119401000.0,0.609,119401000.0,76278000.0,75652000.0,0.37,0.37,0.37,3691175000.0,,3691175000.0,3064871314.0,10.0,6.52,35407000.0,0.27,1.0,131156000.0,0.669,187342000.0,626000.0,4355460000.0,,0.0,497236000.0,,,267097000.0,,,3143436314.0,-135352000.0,-13325000.0,-730000.0,-663000.0,-134860000.0,-89099000.0,-176739000.0,-1559000.0,130486000.0,0.0,75652000.0,47959000.0,47959000.0,0.0,0.0,0.245,43167000.0,87989000.0,0.0,2.216,0.852,16.507,16.397,3629302000.0,27693000.0,23.94,4.258,4.251,0.0,32147000.0,195966000.0,195966000.0,0.0,,,,,0.0,5436000.0,1.0,131304775.0,131084000.0,131261000.0,1.495,4299336000.0,0.0,0.0,0.0,32.798,
84,PSA,MRQ,2000-06-30,2000-06-30,2000-06-30,2021-08-03,0.0,4476232000.0,,,,,28.479,-48298000.0,239951000.0,239951000.0,60801000.0,74303000.0,,0.066,161386000.0,,,161386000.0,0.0,40842000.0,0.0,0.038,0.22,75564000.0,116406000.0,0.619,116406000.0,75564000.0,74303000.0,0.35,0.35,0.35,3747475000.0,,3747475000.0,2994349399.0,10.0,6.357,77312000.0,0.588,1.0,127349000.0,0.677,189670000.0,1261000.0,4207997000.0,,0.0,490564000.0,,,248498000.0,,,3102289399.0,-34730000.0,-10297000.0,-31112000.0,-5355000.0,-56515000.0,-100217000.0,-60123000.0,-1528000.0,125610000.0,0.0,74303000.0,46592000.0,46592000.0,0.0,0.0,0.248,41320000.0,86029000.0,0.0,0.629,0.828,15.925,15.633,3483184000.0,27711000.0,23.45,4.301,4.278,0.0,91355000.0,188150000.0,188150000.0,0.0,,,,,0.0,5576000.0,1.0,132293791.0,131588000.0,131734000.0,1.43,4286562000.0,0.0,0.0,0.0,32.576,
85,PSA,MRQ,2000-03-31,2000-03-31,2000-03-31,2021-08-03,0.0,4492348000.0,,,,,28.296,-39806000.0,274681000.0,274681000.0,59160000.0,72561000.0,,0.067,166741000.0,,,166741000.0,0.0,41066000.0,0.0,0.042,0.22,73967000.0,115033000.0,0.651,115033000.0,73967000.0,72561000.0,0.34,0.34,0.34,3757133000.0,,3757133000.0,2892870397.0,9.0,6.142,78210000.0,0.589,1.0,117435000.0,0.665,191998000.0,1406000.0,4192410000.0,,0.0,508827000.0,,,250876000.0,,,2780657397.0,219556000.0,-48585000.0,-28758000.0,-597000.0,-94456000.0,216544000.0,-115004000.0,-26613000.0,118016000.0,0.0,72561000.0,45265000.0,45265000.0,0.0,0.0,0.256,39079000.0,78356000.0,0.0,0.647,0.74,14.041,13.636,3441342000.0,27296000.0,21.0,3.942,3.953,0.0,73567000.0,176595000.0,176595000.0,0.0,,,,,0.0,3045000.0,1.0,132412257.0,132781000.0,132902000.0,1.33,4300350000.0,0.0,0.0,0.0,32.387,
86,PSA,MRQ,1999-12-31,1999-12-31,1999-12-31,2021-08-03,0.0,4214385000.0,,,,,28.698,-59941000.0,55125000.0,55125000.0,58801000.0,75640000.0,,0.092,167338000.0,,,167338000.0,0.0,41470000.0,0.0,0.039,0.22,77741000.0,119211000.0,0.672,119211000.0,77741000.0,75640000.0,0.4,0.39,0.4,3689100000.0,,3689100000.0,3180062091.0,11.0,7.015,62987000.0,0.49,1.0,118718000.0,0.669,194326000.0,2101000.0,4132272000.0,,0.0,476327000.0,,,338685000.0,,,3093878091.0,-30643000.0,-230874000.0,-60201000.0,-4614000.0,-53228000.0,-59329000.0,-94242000.0,15539000.0,122928000.0,0.0,75640000.0,50613000.0,50613000.0,0.0,0.0,0.285,39274000.0,79444000.0,82086000.0,0.55,0.839,16.023,14.83,3429785000.0,25027000.0,22.69,4.572,4.235,0.0,57386000.0,177519000.0,177519000.0,0.0,,,,,0.0,3120000.0,1.0,136354257.0,128549000.0,129177000.0,1.381,4020059000.0,0.0,0.0,0.0,31.273,
87,PSA,MRQ,1999-09-30,1999-09-30,1999-09-30,2021-08-03,0.0,4206139000.0,,,,,29.434,-39893000.0,85768000.0,85768000.0,54990000.0,76752000.0,,0.072,171952000.0,,,171952000.0,0.0,41471000.0,0.0,0.035,0.22,78888000.0,120359000.0,0.673,120359000.0,78888000.0,76752000.0,0.41,0.4,0.41,3798141000.0,,3798141000.0,3538592143.0,13.0,8.269,82822000.0,0.642,1.0,123973000.0,0.693,196651000.0,2136000.0,4095672000.0,,0.0,465395000.0,,,271605000.0,,,3433976143.0,17833000.0,-4454000.0,-28869000.0,-599000.0,-52741000.0,-38823000.0,-66059000.0,-12574000.0,122715000.0,0.0,76752000.0,52340000.0,52340000.0,0.0,0.0,0.292,40593000.0,83380000.0,0.0,0.537,0.904,18.806,17.02,3384476000.0,24412000.0,25.19,5.303,5.02,0.0,117060000.0,178963000.0,178963000.0,0.0,,,,,0.0,3953000.0,1.0,136322991.0,129041000.0,129249000.0,1.387,4009488000.0,0.0,0.0,0.0,31.071,
88,PSA,MRQ,1999-06-30,1999-06-30,1999-06-30,2021-08-03,0.0,4147943000.0,,,,,28.928,-12721000.0,67935000.0,67935000.0,53923000.0,73651000.0,,0.072,172551000.0,,,172551000.0,0.0,40214000.0,0.0,0.031,0.22,76181000.0,116395000.0,0.676,116395000.0,76181000.0,73651000.0,0.39,0.39,0.39,3728942000.0,,3728942000.0,3873333104.0,15.0,9.606,105448000.0,0.818,1.0,118314000.0,0.687,198979000.0,2530000.0,4053580000.0,,0.0,445179000.0,,,267804000.0,,,3795063104.0,-34640000.0,69000.0,7770000.0,-8294000.0,-52812000.0,-57253000.0,-95556000.0,-14654000.0,118169000.0,0.0,73651000.0,49827000.0,49827000.0,0.0,0.0,0.289,37829000.0,80485000.0,0.0,0.564,1.018,21.875,19.444,3351983000.0,23824000.0,28.0,6.138,5.838,0.0,93049000.0,172237000.0,172237000.0,0.0,,,,,0.0,3060000.0,1.0,135537968.0,128904000.0,129250000.0,1.336,3948964000.0,0.0,0.0,0.0,30.635,
89,PSA,MRQ,1999-03-31,1999-03-31,1999-03-31,2021-08-03,0.0,4110491000.0,,,,,31.055,-39499000.0,102575000.0,102575000.0,49098000.0,61842000.0,,0.073,180845000.0,,,180845000.0,0.0,34285000.0,0.0,0.035,0.22,63046000.0,97331000.0,0.658,97331000.0,63046000.0,61842000.0,0.34,0.34,0.34,3683833000.0,,3683833000.0,3424720225.0,14.0,9.134,59981000.0,0.506,1.0,98917000.0,0.668,201307000.0,1204000.0,3987454000.0,,0.0,491336000.0,,,269717000.0,,,3394519225.0,51350000.0,-53207000.0,-17265000.0,-581000.0,-49309000.0,148222000.0,-196352000.0,0.0,99480000.0,0.0,61842000.0,40312000.0,40312000.0,0.0,0.0,0.272,32518000.0,66399000.0,0.0,0.647,0.921,21.119,18.116,3243845000.0,21530000.0,25.0,5.782,5.051,0.0,71657000.0,148015000.0,148015000.0,0.0,,,,,0.0,2362000.0,1.0,135780769.0,118624000.0,119014000.0,1.248,3909184000.0,0.0,0.0,0.0,32.954,
90,PSA,MRQ,1998-12-31,1998-12-31,1998-12-31,2021-08-03,0.0,3403904000.0,,,,,26.941,-44390000.0,51225000.0,51225000.0,52229000.0,59170000.0,,0.047,81426000.0,,,81426000.0,0.0,33098000.0,0.0,0.033,0.22,60751000.0,93849000.0,0.633,93849000.0,60751000.0,59170000.0,0.34,0.35,0.34,3119340000.0,,3119340000.0,3351057860.0,14.0,9.381,52027000.0,0.449,1.0,96060000.0,0.648,203635000.0,1581000.0,3230470000.0,,0.0,455928000.0,,,145239000.0,,,3320390860.0,-3725000.0,-37490000.0,-468000.0,-4191000.0,-44509000.0,-41007000.0,-59135000.0,24052000.0,96417000.0,0.0,59170000.0,40117000.0,40117000.0,0.0,0.0,0.271,31160000.0,64900000.0,0.0,0.647,1.064,22.338,20.815,2634253000.0,19053000.0,27.06,5.714,5.305,0.0,59677000.0,148289000.0,148289000.0,0.0,,,,,0.0,2044000.0,1.0,122704762.0,115783000.0,116142000.0,1.281,3200269000.0,0.0,0.0,0.0,27.64,
91,PSA,MRQ,1998-09-30,1998-09-30,1998-09-30,2021-08-03,0.0,3411833000.0,,,,,26.613,-32986000.0,54950000.0,54950000.0,50693000.0,62286000.0,,0.053,85617000.0,,,85617000.0,0.0,32535000.0,0.0,0.033,0.22,63117000.0,95652000.0,0.639,95652000.0,63117000.0,62286000.0,0.37,0.37,0.37,3098304000.0,,3098304000.0,3214346187.0,15.0,9.433,67407000.0,0.579,1.0,99050000.0,0.661,205960000.0,831000.0,3236540000.0,,0.0,455027000.0,,,162997000.0,,,3310798187.0,-127757000.0,-1879000.0,-58371000.0,-638000.0,-44517000.0,-118723000.0,-109427000.0,0.0,100393000.0,0.0,62286000.0,43233000.0,43233000.0,0.0,0.0,0.289,30361000.0,68689000.0,0.0,0.595,1.069,24.744,22.157,2624277000.0,19053000.0,26.81,5.846,5.512,0.0,45016000.0,149743000.0,149743000.0,0.0,,,,,0.0,3118000.0,1.0,123491167.0,116421000.0,116726000.0,1.286,3205873000.0,0.0,0.0,0.0,27.537,
92,PSA,MRQ,1998-06-30,1998-06-30,1998-06-30,2021-08-03,0.0,3433515000.0,,,,,27.471,-18542000.0,182707000.0,182707000.0,51274000.0,57199000.0,,0.047,86255000.0,,,86255000.0,0.0,29966000.0,0.0,0.031,0.22,58132000.0,88098000.0,0.625,88098000.0,58132000.0,57199000.0,0.33,0.32,0.33,3130910000.0,,3130910000.0,3257913760.0,16.0,10.179,72840000.0,0.639,1.0,89767000.0,0.636,208288000.0,933000.0,3128775000.0,,0.0,518709000.0,,,148531000.0,,,3393079760.0,-60485000.0,-102281000.0,33177000.0,-7242000.0,-45355000.0,-26236000.0,-125631000.0,0.0,91382000.0,0.0,57199000.0,37070000.0,37070000.0,0.0,0.0,0.263,27418000.0,62349000.0,0.0,0.667,1.084,28.562,25.225,2461198000.0,20129000.0,28.0,6.254,5.882,0.0,27247000.0,141041000.0,141041000.0,0.0,,,,,0.0,2226000.0,1.0,121181420.0,113970000.0,114430000.0,1.238,3225227000.0,0.0,0.0,0.0,28.299,
93,PSA,MRQ,1998-03-31,1998-03-31,1998-03-31,2021-08-03,0.0,3613804000.0,,,,,28.064,-50717000.0,243190000.0,243190000.0,56133000.0,48364000.0,,0.057,108024000.0,,,108024000.0,0.0,30084000.0,0.0,0.028,0.22,49526000.0,79610000.0,0.558,79610000.0,49526000.0,48364000.0,0.26,0.26,0.26,3072071000.0,,3072071000.0,3512136476.0,18.0,11.632,34083000.0,0.311,1.0,86433000.0,0.606,210616000.0,1162000.0,3268022000.0,,0.0,244451000.0,,,176490000.0,,,3450033476.0,201737000.0,-5115000.0,191266000.0,-10060000.0,-44720000.0,177975000.0,-61038000.0,0.0,84800000.0,0.0,48364000.0,28224000.0,28224000.0,0.0,0.0,0.198,30555000.0,55878000.0,0.0,0.846,1.123,36.197,33.565,2858535000.0,20140000.0,30.88,6.753,6.617,0.0,15403000.0,142566000.0,142566000.0,0.0,,,,,0.0,2336000.0,1.0,111723882.0,109466000.0,110036000.0,1.302,3403188000.0,0.0,0.0,0.0,31.089,
94,PSA,MRQ,1997-12-31,1997-12-31,1997-12-31,2021-08-03,0.0,3311645000.0,,,,,27.387,-53514000.0,41455000.0,41455000.0,45663000.0,45532000.0,,0.061,103558000.0,,,103558000.0,0.0,30906000.0,0.0,0.03,0.22,46503000.0,77409000.0,0.582,77409000.0,46503000.0,45532000.0,0.25,0.24,0.25,2848960000.0,,2848960000.0,,,,26831000.0,0.258,1.0,87296000.0,0.657,212944000.0,971000.0,3160804000.0,,0.0,247680000.0,,,174206000.0,,,3282447653.0,-41206000.0,18043000.0,54973000.0,3209000.0,-44449000.0,-16331000.0,-105220000.0,-21150000.0,80345000.0,0.0,45532000.0,25273000.0,25273000.0,0.0,0.0,0.19,36886000.0,50410000.0,0.0,0.88,1.152,36.368,31.935,2741916000.0,20259000.0,29.38,6.998,6.166,0.0,11759000.0,132959000.0,132959000.0,0.0,,,,,0.0,8277000.0,1.0,111723882.0,104026000.0,104382000.0,1.278,3098701000.0,0.0,0.0,0.0,29.788,
95,PSA,MRQ,1997-09-30,1997-09-30,1997-09-30,2021-08-03,,,,,,,,-60711000.0,,,48887000.0,46548000.0,,,,,,,,26131000.0,,0.03,0.22,48810000.0,74941000.0,0.595,74941000.0,48810000.0,46548000.0,0.27,0.27,0.27,,,,,,,14716000.0,0.143,1.0,77120000.0,0.612,,2262000.0,,,,,,,,,,,3744000.0,-57418000.0,268000.0,-3767000.0,-39886000.0,98443000.0,-170126000.0,0.0,75427000.0,0.0,46548000.0,28232000.0,28232000.0,0.0,0.0,0.224,25562000.0,51558000.0,,0.815,,,,,18316000.0,29.63,,,,,126007000.0,126007000.0,0.0,,,,,0.0,1911000.0,1.0,,102964000.0,103536000.0,1.224,,,0.0,,,
96,PSA,MRQ,1997-06-30,1997-06-30,1997-06-30,2021-08-03,,,,,,,,-11401000.0,,,38192000.0,44251000.0,,,,,,,,23771000.0,,0.03,0.22,46213000.0,69984000.0,0.64,69984000.0,46213000.0,44251000.0,0.14,0.14,0.14,,,,,,,59203000.0,0.607,1.0,71153000.0,0.651,,1962000.0,,,,,,,,,,,-46519000.0,-17031000.0,148000.0,-3793000.0,-38220000.0,-24191000.0,-92932000.0,0.0,70604000.0,0.0,44251000.0,13583000.0,13583000.0,0.0,0.0,0.124,22358000.0,48795000.0,,1.571,,,,,30668000.0,29.25,,,,,109345000.0,109345000.0,0.0,,,,,0.0,1655000.0,1.0,,97524000.0,98046000.0,1.121,,,0.0,,,
97,PSA,MRQ,1997-03-31,1997-03-31,1997-03-31,2021-08-03,,,,,,,,-20581000.0,,,,,,,,,,,,23416000.0,,0.03,0.22,,,,,,,,,,,,,,,,47600000.0,,1.0,,,,,,,,,,,,,,,98580000.0,-19742000.0,127134000.0,-534000.0,-52019000.0,70434000.0,-40035000.0,0.0,68181000.0,0.0,,,,,,,,,,,,,,,,29.0,,,,,,,,,,,,0.0,,1.0,,,,,,,,,,
98,PSA,MRQ,1996-12-31,1996-12-31,1996-12-31,2021-08-03,0.0,2572152000.0,,,,,29.895,,26856000.0,26856000.0,,,,0.065,108443000.0,,,108443000.0,0.0,,0.0,0.028,0.22,,,,,,,,,,2305437000.0,,2305437000.0,,,,,,1.0,,,222253000.0,,2431486000.0,,0.0,375206000.0,,,149910000.0,,,,,,,,,,,,,,,,,,,,,,0.0,,,,28.182,1923658000.0,,31.0,,7.053,0.0,7684000.0,,,,,,,,,,1.0,,77117000.0,,,2349899000.0,0.0,,0.0,30.472,
0,PSA,MRT,2021-06-30,2021-06-30,2021-06-30,2021-08-03,-46082000.0,14490365000.0,12418448500.0,,,0.249,50.014,-396670000.0,480810000.0,480810000.0,869994000.0,1524271000.0,,0.655,4995620000.0,,,4995620000.0,0.0,599326000.0,0.0,0.027,8.0,1585357000.0,2184683000.0,0.708,2184683000.0,1585357000.0,1519596000.0,7.27,7.26,7.27,8743584000.0,8583631250.0,8743584000.0,55450665917.0,35.0,25.382,1774613000.0,10.151,1.0,2216284000.0,0.718,265486000.0,65761000.0,18739689000.0,15159559750.0,0.0,767914000.0,,,5727262000.0,,,52614176917.0,-786510000.0,22620000.0,56576000.0,2480456000.0,-1594249000.0,455016000.0,-3412584000.0,18759000.0,2171283000.0,-225000.0,1519596000.0,1271141000.0,1271141000.0,0.0,4675000.0,0.412,688481000.0,1527803000.0,0.0,1.1,6.017,41.391,41.36,12791988000.0,248455000.0,300.69,17.048,17.033,0.0,-863742000.0,3086278000.0,3086278000.0,0.0,0.102,0.148,0.105,0.514,53234000.0,89155000.0,1.0,174978140.0,174824000.0,175547000.0,17.654,14224879000.0,0.0,0.0,0.0,81.367,
1,PSA,MRT,2021-03-31,2021-03-31,2021-03-31,2021-08-03,-49341000.0,11981735000.0,11885371000.0,,,0.25,49.241,-466470000.0,159622000.0,159622000.0,883697000.0,1428353000.0,,0.391,2996111000.0,,,2996111000.0,0.0,564216000.0,0.0,0.032,8.0,1482005000.0,2046221000.0,0.689,2046221000.0,1482005000.0,1424093000.0,6.7,6.7,6.7,8597947000.0,8645908000.0,8597947000.0,45448760303.0,31.0,22.211,1622644000.0,9.293,1.0,2086209000.0,0.702,205061000.0,57912000.0,14613163000.0,13809769750.0,0.0,771075000.0,,,3364420000.0,,,43161328303.0,-556884000.0,24658000.0,15604000.0,494185000.0,-1600798000.0,-1414184000.0,-1231535000.0,19468000.0,2089114000.0,-279000.0,1424093000.0,1171011000.0,1171011000.0,0.0,4260000.0,0.394,642735000.0,1443474000.0,0.0,1.194,5.02,36.858,36.83,10559664000.0,253082000.0,246.76,14.533,14.508,0.0,-877931000.0,2969906000.0,2969906000.0,0.0,0.099,0.135,0.107,0.499,42093000.0,78519000.0,1.0,174912175.0,174611000.0,174840000.0,17.009,11776674000.0,0.0,0.0,0.0,67.445,
2,PSA,MRT,2020-12-31,2020-12-31,2020-12-31,2021-08-03,-43401000.0,11816546000.0,11846417500.0,,,0.246,49.05,-359411000.0,257560000.0,257560000.0,867462000.0,1361227000.0,,0.379,2544992000.0,,,2544992000.0,0.0,553257000.0,0.0,0.035,8.0,1413496000.0,1966753000.0,0.675,1966753000.0,1413496000.0,1357213000.0,6.29,6.29,6.29,8558867000.0,8749690750.0,8558867000.0,42577292252.0,30.0,21.649,1683491000.0,9.648,1.0,2047606000.0,0.702,204654000.0,56283000.0,13899324000.0,13490659500.0,0.0,773046000.0,,,3239647000.0,,,40371677252.0,-150954000.0,24658000.0,12664000.0,543131000.0,-1606429000.0,-1075716000.0,-1117714000.0,9305000.0,2042902000.0,-426000.0,1357213000.0,1098335000.0,1098335000.0,0.0,4014000.0,0.377,636456000.0,1411150000.0,0.0,1.272,4.717,36.757,36.714,10408571000.0,258878000.0,230.93,13.849,13.823,0.0,-914791000.0,2915068000.0,2915068000.0,0.0,0.093,0.126,0.105,0.485,33363000.0,83199000.0,1.0,174822142.0,174494000.0,174642000.0,16.706,11611892000.0,0.0,0.0,0.0,66.546,
3,PSA,MRT,2020-09-30,2020-09-30,2020-09-30,2021-08-03,-62344000.0,11385148000.0,11733642000.0,,,0.246,48.332,-382633000.0,293955000.0,293955000.0,863371000.0,1395892000.0,,0.348,2499570000.0,,,2499570000.0,0.0,546736000.0,0.0,0.036,8.0,1446656000.0,1993392000.0,0.69,1993392000.0,1446656000.0,1391961000.0,6.49,6.48,6.49,8434127000.0,8875701750.0,8434127000.0,40121473834.0,28.0,20.127,1647696000.0,9.442,1.0,2025057000.0,0.701,204700000.0,54695000.0,13386063000.0,13178893000.0,0.0,769923000.0,,,2933094000.0,,,38932077834.0,-245984000.0,22433000.0,6060000.0,543158000.0,-1609689000.0,-1521193000.0,-754824000.0,8908000.0,2030329000.0,-296000.0,1391961000.0,1133420000.0,1133420000.0,0.0,3931000.0,0.392,613467000.0,1411590000.0,0.0,1.233,4.616,34.349,34.317,9947322000.0,258541000.0,222.72,13.479,13.456,0.0,-867950000.0,2888428000.0,2888428000.0,0.0,0.097,0.128,0.11,0.501,27880000.0,66731000.0,1.0,174802792.0,174503000.0,174626000.0,16.552,11180448000.0,0.0,0.0,0.0,64.07,
4,PSA,MRT,2020-06-30,2020-06-30,2020-06-30,2021-08-03,-73136000.0,12358055000.0,11740820250.0,,,0.246,51.536,-443163000.0,1268475000.0,1268475000.0,858172000.0,1469465000.0,,0.372,2457871000.0,,,2457871000.0,0.0,537636000.0,0.0,0.042,8.0,1518046000.0,2055682000.0,0.712,2055682000.0,1518046000.0,1465036000.0,7.02,7.0,7.02,8992691000.0,8960703750.0,8992691000.0,35261220838.0,23.0,17.153,1611360000.0,9.235,1.0,2028935000.0,0.703,206922000.0,53010000.0,13340529000.0,12970743000.0,0.0,753358000.0,,,3347857000.0,,,33540979838.0,909114000.0,22433000.0,19860000.0,543179000.0,-1605734000.0,-236271000.0,-909051000.0,6583000.0,2054523000.0,-87000.0,1465036000.0,1223866000.0,1223866000.0,0.0,4429000.0,0.424,599987000.0,1428948000.0,0.0,1.14,3.73,27.406,27.335,9969870000.0,241170000.0,191.89,11.618,11.598,0.0,-789089000.0,2887107000.0,2887107000.0,0.0,0.104,0.137,0.117,0.526,26260000.0,62351000.0,1.0,174792745.0,174493000.0,174575000.0,16.546,12151133000.0,0.0,0.0,0.0,69.637,
5,PSA,MRT,2020-03-31,2020-03-31,2020-03-31,2021-08-03,-78005000.0,11825921000.0,11429629250.0,,,0.252,51.667,-467111000.0,718427000.0,718427000.0,833619000.0,1525109000.0,,0.31,2438668000.0,,,2438668000.0,0.0,526877000.0,0.0,0.04,8.0,1571288000.0,2098165000.0,0.727,2098165000.0,1571288000.0,1520169000.0,7.37,7.35,7.37,9013078000.0,8904764500.0,9013078000.0,36201561902.0,23.0,17.254,1593641000.0,9.135,1.0,2051495000.0,0.711,209440000.0,51119000.0,13336722000.0,12748333750.0,0.0,763226000.0,,,2795713000.0,,,34708811902.0,500725000.0,11630000.0,33734000.0,1040101000.0,-1606066000.0,-562233000.0,-997762000.0,2161000.0,2060752000.0,-32000.0,1520169000.0,1284158000.0,1284158000.0,0.0,4940000.0,0.445,587388000.0,1464107000.0,0.0,1.085,3.851,27.028,26.948,9959530000.0,236011000.0,198.61,12.03,12.009,0.0,-701226000.0,2885114000.0,2885114000.0,0.0,0.112,0.144,0.123,0.545,24846000.0,60511000.0,1.0,174758632.0,174446000.0,174616000.0,16.539,11616481000.0,0.0,0.0,0.0,66.591,
6,PSA,MRT,2019-12-31,2019-12-31,2019-12-31,2021-08-03,-64890000.0,11365444000.0,11191903000.0,,,0.255,52.0,-471985000.0,409743000.0,409743000.0,813152000.0,1525651000.0,,0.252,1902493000.0,,,1902493000.0,0.0,512918000.0,0.0,0.038,8.0,1566175000.0,2079093000.0,0.728,2079093000.0,1566175000.0,1520534000.0,7.3,7.29,7.3,9062911000.0,8918950250.0,9062911000.0,38551036428.0,25.0,18.542,1595649000.0,9.155,1.0,2041956000.0,0.715,205936000.0,45641000.0,12652258000.0,12377336750.0,0.0,767816000.0,,,2285777000.0,,,37199958428.0,49535000.0,11630000.0,33564000.0,494980000.0,-1608749000.0,-1120735000.0,-897351000.0,762000.0,2067634000.0,-13000.0,1520534000.0,1272767000.0,1272767000.0,0.0,5117000.0,0.446,575064000.0,1466892000.0,0.0,1.096,4.105,29.228,29.173,9807605000.0,247767000.0,212.96,13.029,13.0,0.0,-665575000.0,2855108000.0,2855108000.0,0.0,0.114,0.143,0.127,0.549,25833000.0,62146000.0,1.0,174680496.0,174287000.0,174530000.0,16.382,11159508000.0,0.0,0.0,0.0,64.029,
7,PSA,MRT,2019-09-30,2019-09-30,2019-09-30,2021-08-03,-78513000.0,11413861000.0,11082609500.0,,,0.255,50.329,-493541000.0,541357000.0,541357000.0,801934000.0,1726460000.0,,0.299,1892435000.0,,,1892435000.0,0.0,499407000.0,0.0,0.033,8.0,1761671000.0,2261078000.0,0.8,2261078000.0,1761671000.0,1720724000.0,8.48,8.46,8.48,8774135000.0,8933092000.0,8774135000.0,44371369878.0,25.0,19.624,1566268000.0,8.984,1.0,2025093000.0,0.716,211476000.0,40947000.0,12553463000.0,12156642000.0,0.0,771167000.0,,,2624897000.0,,,42823590878.0,109580000.0,0.0,37591000.0,495013000.0,-1610662000.0,-1118419000.0,-831873000.0,51556000.0,2059809000.0,63000.0,1720724000.0,1475618000.0,1475618000.0,0.0,5736000.0,0.522,565516000.0,1459577000.0,0.0,0.943,4.881,29.021,28.923,9718516000.0,245106000.0,245.27,15.148,15.125,0.0,-650222000.0,2827027000.0,2827027000.0,0.0,0.133,0.165,0.145,0.623,37588000.0,66109000.0,1.0,174597753.0,174334000.0,174611000.0,16.216,11202385000.0,0.0,0.0,0.0,64.258,
8,PSA,MRT,2019-06-30,2019-06-30,2019-06-30,2021-08-03,-67549000.0,11113291000.0,10916129250.0,,,0.257,50.323,-474355000.0,360331000.0,360331000.0,785216000.0,1706629000.0,,0.264,1908110000.0,,,1908110000.0,0.0,494690000.0,0.0,0.034,8.0,1737253000.0,2231943000.0,0.796,2231943000.0,1737253000.0,1700809000.0,8.39,8.38,8.39,8768934000.0,8963331000.0,8768934000.0,42754063163.0,25.0,19.156,1625204000.0,9.327,1.0,2018843000.0,0.72,210178000.0,36444000.0,12450892000.0,11899287000.0,0.0,778523000.0,,,2318781000.0,,,41565886163.0,22401000.0,91927000.0,28216000.0,495050000.0,-1614135000.0,-1403992000.0,-673028000.0,52675000.0,2099559000.0,-138000.0,1700809000.0,1460935000.0,1460935000.0,0.0,5820000.0,0.521,571320000.0,1447523000.0,0.0,0.954,4.74,28.452,28.387,9598487000.0,239874000.0,238.17,14.823,14.801,0.0,-648391000.0,2804059000.0,2804059000.0,0.0,0.134,0.163,0.146,0.62,49079000.0,76630000.0,1.0,174521922.0,174253000.0,174542000.0,16.092,10903113000.0,0.0,0.0,0.0,62.571,
9,PSA,MRT,2019-03-31,2019-03-31,2019-03-31,2021-08-03,-65971000.0,10875016000.0,10811047000.0,,,0.257,52.072,-492183000.0,217973000.0,217973000.0,768457000.0,1740465000.0,,0.196,1406150000.0,,,1406150000.0,0.0,487608000.0,0.0,0.037,8.0,1767133000.0,2254741000.0,0.811,2254741000.0,1767133000.0,1734555000.0,8.63,8.62,8.63,9069821000.0,8995049000.0,9069821000.0,39053404517.0,22.0,17.321,1582776000.0,9.087,1.0,2010180000.0,0.723,210459000.0,32578000.0,11852734000.0,11678560750.0,0.0,784314000.0,,,1780395000.0,,,38002339517.0,-144598000.0,91927000.0,13151000.0,-1811000.0,-1614078000.0,-1628947000.0,-590514000.0,52237000.0,2074959000.0,-96000.0,1734555000.0,1502824000.0,1502824000.0,0.0,5910000.0,0.541,580303000.0,1429877000.0,0.0,0.927,4.19,25.287,25.235,9495670000.0,231731000.0,217.78,13.677,13.651,0.0,-615329000.0,2778637000.0,2778637000.0,0.0,0.139,0.167,0.151,0.636,60622000.0,92695000.0,1.0,174498758.0,174177000.0,174376000.0,15.953,10664557000.0,0.0,0.0,0.0,61.228,
10,PSA,MRT,2018-12-31,2018-12-31,2018-12-31,2021-08-03,-64060000.0,10928270000.0,10763673000.0,,,0.256,52.42,-481012000.0,361218000.0,361218000.0,757083000.0,1717223000.0,,0.196,1412283000.0,,,1412283000.0,0.0,483646000.0,0.0,0.04,8.0,1743573000.0,2227219000.0,0.807,2227219000.0,1743573000.0,1711031000.0,8.56,8.54,8.56,9119478000.0,8950344500.0,9119478000.0,36278536421.0,21.0,16.289,1582634000.0,9.097,1.0,2002440000.0,0.726,209856000.0,32542000.0,11769479000.0,11604044250.0,0.0,783988000.0,,,1783542000.0,,,35293116421.0,-72034000.0,91927000.0,12525000.0,-1784000.0,-1612680000.0,-1619588000.0,-515921000.0,54184000.0,2063646000.0,-171000.0,1711031000.0,1488900000.0,1488900000.0,0.0,6192000.0,0.54,588358000.0,1414082000.0,0.0,0.935,3.87,23.704,23.646,9442111000.0,222131000.0,202.41,12.79,12.761,0.0,-577360000.0,2759523000.0,2759523000.0,0.0,0.138,0.166,0.15,0.632,69936000.0,104712000.0,1.0,174364490.0,173969000.0,174297000.0,15.862,10718414000.0,0.0,0.0,0.0,61.611,
11,PSA,MRT,2018-09-30,2018-09-30,2018-09-30,2021-08-03,-84339000.0,10747940000.0,10714828500.0,,,0.255,51.129,-474877000.0,432525000.0,432525000.0,731227000.0,1520280000.0,,0.205,1417945000.0,,,1417945000.0,0.0,482372000.0,0.0,0.04,8.0,1546951000.0,2029323000.0,0.742,2029323000.0,1546951000.0,1514225000.0,7.43,7.42,7.43,8895091000.0,8905477250.0,8895091000.0,36214511691.0,23.0,17.846,1566975000.0,9.007,1.0,2002901000.0,0.733,209317000.0,32726000.0,11524043000.0,11540644750.0,0.0,619405000.0,,,1827918000.0,,,35132096691.0,-263844000.0,91927000.0,15689000.0,-1815000.0,-1612149000.0,-1615161000.0,-690431000.0,3897000.0,2041852000.0,-104000.0,1514225000.0,1292878000.0,1292878000.0,0.0,6055000.0,0.473,593201000.0,1409700000.0,0.0,1.077,3.95,27.174,27.137,9348350000.0,221347000.0,201.63,12.849,12.83,0.0,-760284000.0,2734128000.0,2734128000.0,0.0,0.121,0.145,0.134,0.566,63879000.0,110829000.0,1.0,174240424.0,173975000.0,174348000.0,15.716,10538623000.0,0.0,0.0,0.0,60.576,
12,PSA,MRT,2018-06-30,2018-06-30,2018-06-30,2021-08-03,-84601000.0,10692962000.0,10719267000.0,,,0.253,51.145,-465293000.0,338419000.0,338419000.0,726302000.0,1498965000.0,,0.199,1420834000.0,,,1420834000.0,0.0,471176000.0,0.0,0.035,8.0,1519893000.0,1991069000.0,0.734,1991069000.0,1519893000.0,1492872000.0,7.19,7.18,7.19,8895806000.0,8915752000.0,8895806000.0,40605558827.0,27.0,20.394,1521541000.0,8.748,1.0,1987819000.0,0.732,207390000.0,27021000.0,11567987000.0,11482495750.0,0.0,762247000.0,,,1772170000.0,,,39525677827.0,-25693000.0,0.0,12297000.0,990335000.0,-1618513000.0,-1264877000.0,-747641000.0,2454000.0,1986834000.0,-9000.0,1492872000.0,1249916000.0,1249916000.0,0.0,6093000.0,0.461,584676000.0,1403143000.0,0.0,1.113,4.443,31.623,31.552,9254989000.0,242956000.0,226.86,14.563,14.538,0.0,-735065000.0,2714121000.0,2714121000.0,0.0,0.117,0.14,0.132,0.56,57617000.0,105711000.0,1.0,174229383.0,173932000.0,174224000.0,15.604,10485572000.0,0.0,0.0,0.0,60.285,
13,PSA,MRT,2018-03-31,2018-03-31,2018-03-31,2021-08-03,-70851000.0,10685520000.0,10637458250.0,,,0.253,51.129,-461374000.0,363030000.0,363030000.0,717903000.0,1448880000.0,,0.199,1442911000.0,,,1442911000.0,0.0,461576000.0,0.0,0.04,8.0,1462521000.0,1924097000.0,0.715,1924097000.0,1462521000.0,1442772000.0,6.78,6.77,6.78,8891003000.0,8976572250.0,8891003000.0,35909044150.0,25.0,18.663,1510951000.0,8.689,1.0,1975002000.0,0.733,210733000.0,19749000.0,11554668000.0,11145758000.0,0.0,746254000.0,,,1769730000.0,,,34911098150.0,236237000.0,0.0,25433000.0,990356000.0,-1625105000.0,-1002077000.0,-733843000.0,8050000.0,1972325000.0,-168000.0,1442772000.0,1178297000.0,1178297000.0,0.0,6108000.0,0.438,558739000.0,1416263000.0,0.0,1.18,3.927,29.628,29.556,9235022000.0,264475000.0,200.39,12.964,12.94,0.0,-735806000.0,2692905000.0,2692905000.0,0.0,0.111,0.131,0.131,0.543,44629000.0,89374000.0,1.0,174215770.0,173892000.0,174148000.0,15.486,10474787000.0,0.0,0.0,0.0,60.237,
14,PSA,MRT,2017-12-31,2017-12-31,2017-12-31,2021-08-03,-75064000.0,10732892000.0,10487056000.0,,,0.254,51.494,-457888000.0,433376000.0,433376000.0,707978000.0,1448465000.0,,0.198,1431322000.0,,,1431322000.0,0.0,454526000.0,0.0,0.038,8.0,1454907000.0,1909433000.0,0.716,1909433000.0,1454907000.0,1442217000.0,6.75,6.73,6.75,8940009000.0,9094700000.0,8940009000.0,37106235771.0,26.0,19.433,1515001000.0,8.726,1.0,1960550000.0,0.735,214957000.0,12690000.0,11515881000.0,10794421250.0,0.0,724173000.0,,,1768523000.0,,,36374614771.0,243480000.0,0.0,42500000.0,990376000.0,-1630347000.0,-992219000.0,-737064000.0,6103000.0,1972889000.0,-126000.0,1442217000.0,1171609000.0,1171609000.0,0.0,6248000.0,0.439,545197000.0,1415353000.0,0.0,1.185,4.069,31.047,30.963,9230099000.0,270608000.0,209.0,13.631,13.597,0.0,-675711000.0,2668528000.0,2668528000.0,0.0,0.112,0.129,0.135,0.545,37548000.0,82882000.0,1.0,174041219.0,173613000.0,174151000.0,15.371,10517935000.0,0.0,0.0,0.0,60.583,
15,PSA,MRT,2017-09-30,2017-09-30,2017-09-30,2021-08-03,-74873000.0,10765694000.0,10336417500.0,,,0.256,51.442,-424186000.0,694233000.0,694233000.0,701265000.0,1473183000.0,,0.202,1425854000.0,,,1425854000.0,0.0,446167000.0,0.0,0.037,8.0,1472010000.0,1918177000.0,0.724,1918177000.0,1472010000.0,1466557000.0,6.86,6.85,6.86,8936190000.0,9212675250.0,8936190000.0,37297361328.0,25.0,19.444,1543629000.0,8.886,1.0,1946382000.0,0.735,205868000.0,5453000.0,11291447000.0,10446621000.0,0.0,726168000.0,,,1806274000.0,,,37234849328.0,650274000.0,0.0,46104000.0,974398000.0,-1634592000.0,-672084000.0,-644911000.0,5596000.0,1967815000.0,-347000.0,1466557000.0,1190341000.0,1190341000.0,0.0,6626000.0,0.45,536435000.0,1409947000.0,0.0,1.166,4.167,31.281,31.194,9006048000.0,276216000.0,213.99,14.063,14.04,0.0,-662360000.0,2647647000.0,2647647000.0,0.0,0.115,0.129,0.141,0.556,36143000.0,82479000.0,1.0,174002754.0,173715000.0,174240000.0,15.241,10559826000.0,0.0,0.0,0.0,60.788,
16,PSA,MRT,2017-06-30,2017-06-30,2017-06-30,2021-08-03,-82143000.0,10365727000.0,10111436250.0,,,0.26,52.644,-394756000.0,358266000.0,358266000.0,689273000.0,1483959000.0,,0.132,420778000.0,,,420778000.0,0.0,442279000.0,0.0,0.037,7.8,1481473000.0,1923752000.0,0.733,1923752000.0,1481473000.0,1477188000.0,7.03,7.02,7.03,9139087000.0,9243541750.0,9139087000.0,36527087276.0,25.0,18.987,1551193000.0,8.935,1.0,1935161000.0,0.737,207203000.0,4285000.0,10221036000.0,10130484250.0,0.0,715268000.0,,,1203701000.0,,,36252084276.0,115460000.0,0.0,46718000.0,-26708000.0,-1594700000.0,-1173238000.0,-656766000.0,5201000.0,1945949000.0,-216000.0,1477188000.0,1219581000.0,1219581000.0,0.0,6771000.0,0.465,524587000.0,1410574000.0,0.0,1.11,3.967,29.725,29.663,8959642000.0,257607000.0,208.53,13.813,13.794,0.0,-609424000.0,2624434000.0,2624434000.0,0.0,0.121,0.132,0.146,0.564,35176000.0,82308000.0,1.0,173845894.0,173602000.0,174075000.0,15.118,10158524000.0,0.0,0.0,0.0,58.516,
17,PSA,MRT,2017-03-31,2017-03-31,2017-03-31,2021-08-03,-92225000.0,10083911000.0,10019288750.0,,,0.259,54.011,-367196000.0,120859000.0,120859000.0,678699000.0,1487111000.0,,0.074,395862000.0,,,395862000.0,0.0,439115000.0,0.0,0.035,7.6,1484692000.0,1923807000.0,0.742,1923807000.0,1484692000.0,1480145000.0,7.06,7.04,7.06,9363514000.0,9143208250.0,9363514000.0,38218234607.0,26.0,19.866,1596243000.0,9.207,1.0,1915611000.0,0.738,209593000.0,4547000.0,10149321000.0,10065338250.0,0.0,698696000.0,,,690404000.0,,,38011173607.0,-167827000.0,67420000.0,33908000.0,82693000.0,-1556757000.0,-1476348000.0,-654554000.0,309000.0,1963439000.0,252000.0,1480145000.0,1223675000.0,1223675000.0,0.0,6966000.0,0.472,524752000.0,1390859000.0,0.0,1.076,4.059,31.063,31.007,8929697000.0,256470000.0,218.91,14.652,14.629,0.0,-553473000.0,2594310000.0,2594310000.0,0.0,0.122,0.134,0.148,0.572,39315000.0,85637000.0,1.0,173638361.0,173364000.0,174069000.0,14.965,9874318000.0,0.0,0.0,0.0,56.957,
18,PSA,MRT,2016-12-31,2016-12-31,2016-12-31,2021-08-03,-95106000.0,10130338000.0,10014397750.0,,,0.256,54.376,-351351000.0,183688000.0,183688000.0,669083000.0,1460439000.0,,0.073,390749000.0,,,390749000.0,0.0,433314000.0,0.0,0.033,7.3,1457786000.0,1891100000.0,0.739,1891100000.0,1457786000.0,1453576000.0,6.84,6.81,6.84,9411910000.0,9064521250.0,9411910000.0,39137578674.0,27.0,20.696,1593985000.0,9.209,1.0,1891466000.0,0.739,212719000.0,4210000.0,10124680000.0,9998708000.0,0.0,689207000.0,,,688684000.0,,,38763899674.0,97018000.0,67420000.0,25541000.0,77161000.0,-1505758000.0,-1148826000.0,-699111000.0,998000.0,1945336000.0,-381000.0,1453576000.0,1183879000.0,1183879000.0,0.0,6863000.0,0.462,516970000.0,1374496000.0,0.0,1.067,4.119,32.743,32.675,8922576000.0,269697000.0,223.5,15.139,15.108,0.0,-487581000.0,2560549000.0,2560549000.0,0.0,0.118,0.131,0.146,0.569,37483000.0,83656000.0,1.0,173440267.0,173091000.0,173878000.0,14.793,9917619000.0,0.0,0.0,0.0,57.297,
19,PSA,MRT,2016-09-30,2016-09-30,2016-09-30,2021-08-03,-83667000.0,9865769000.0,9926371250.0,,,0.254,52.335,-334050000.0,57213000.0,57213000.0,661626000.0,1410017000.0,,0.086,430892000.0,,,430892000.0,0.0,427880000.0,0.0,0.031,7.0,1407247000.0,1835127000.0,0.729,1835127000.0,1407247000.0,1403327000.0,6.56,6.53,6.56,9059656000.0,9004204000.0,9059656000.0,38869496718.0,28.0,21.181,1582455000.0,9.141,1.0,1856826000.0,0.737,212548000.0,3920000.0,10026900000.0,9912914250.0,0.0,697040000.0,,,776626000.0,,,38692785718.0,4786000.0,67420000.0,17940000.0,357384000.0,-1452468000.0,-1285793000.0,-625608000.0,998000.0,1916505000.0,411000.0,1403327000.0,1134070000.0,1134070000.0,0.0,6690000.0,0.45,510844000.0,1345982000.0,0.0,1.067,4.271,34.119,34.015,8780732000.0,269257000.0,223.14,15.364,15.338,0.0,-494325000.0,2518452000.0,2518452000.0,0.0,0.114,0.126,0.142,0.559,59415000.0,82964000.0,1.0,173401388.0,173108000.0,173848000.0,14.548,9653221000.0,0.0,0.0,0.0,55.764,
20,PSA,MRT,2016-06-30,2016-06-30,2016-06-30,2021-08-03,-78991000.0,9997137000.0,9873632750.0,,,0.251,50.482,-337156000.0,260124000.0,260124000.0,647685000.0,1382103000.0,,0.141,436835000.0,,,436835000.0,0.0,424530000.0,0.0,0.027,6.9,1378289000.0,1802819000.0,0.729,1802819000.0,1378289000.0,1375590000.0,6.36,6.33,6.36,8737753000.0,9027319500.0,8737753000.0,44345671537.0,32.0,24.598,1536212000.0,8.875,1.0,1826491000.0,0.738,213396000.0,2699000.0,9960452000.0,9771663250.0,0.0,696069000.0,,,1230104000.0,,,44314712537.0,223209000.0,67420000.0,43491000.0,355328000.0,-1438443000.0,-1093885000.0,-555956000.0,2477000.0,1873368000.0,311000.0,1375590000.0,1098621000.0,1098621000.0,0.0,6513000.0,0.444,508927000.0,1317564000.0,0.0,1.085,5.072,40.337,40.187,8734340000.0,276969000.0,255.59,17.911,17.88,0.0,-491912000.0,2474176000.0,2474176000.0,0.0,0.111,0.122,0.141,0.557,48039000.0,84397000.0,1.0,173382028.0,173087000.0,174000000.0,14.294,9783741000.0,0.0,0.0,0.0,56.525,
21,PSA,MRT,2016-03-31,2016-03-31,2016-03-31,2021-08-03,-67773000.0,10064347000.0,9783038000.0,,,0.248,52.312,-302471000.0,305705000.0,305705000.0,636778000.0,1351784000.0,,0.109,336664000.0,,,336664000.0,0.0,423990000.0,0.0,0.025,6.8,1346657000.0,1770647000.0,0.729,1770647000.0,1346657000.0,1345336000.0,6.27,6.24,6.27,9048766000.0,9162723500.0,9048766000.0,48007621603.0,36.0,27.113,1504296000.0,8.697,1.0,1791825000.0,0.738,212506000.0,1321000.0,9882800000.0,9645768500.0,0.0,812415000.0,,,986834000.0,,,47792890603.0,137048000.0,0.0,48922000.0,246603000.0,-1422503000.0,-1144735000.0,-524666000.0,6465000.0,1806767000.0,-488000.0,1345336000.0,1081772000.0,1081772000.0,0.0,6448000.0,0.445,511054000.0,1280771000.0,0.0,1.085,5.282,44.18,43.992,8642900000.0,263564000.0,275.83,19.679,19.646,0.0,-476861000.0,2428603000.0,2428603000.0,0.0,0.111,0.118,0.14,0.554,39635000.0,87064000.0,1.0,173269371.0,172977000.0,173850000.0,14.04,9851841000.0,0.0,0.0,0.0,56.955,
22,PSA,MRT,2015-12-31,2015-12-31,2015-12-31,2021-08-03,-68548000.0,9778232000.0,9709955500.0,,,0.245,53.102,-294072000.0,104285000.0,104285000.0,635502000.0,1317689000.0,,0.063,319016000.0,,,319016000.0,0.0,426008000.0,0.0,0.026,6.5,1311854000.0,1737862000.0,0.73,1737862000.0,1311854000.0,1311244000.0,6.1,6.07,6.1,9170641000.0,9220005750.0,9170641000.0,42910694661.0,33.0,24.692,1454207000.0,8.42,1.0,1746194000.0,0.733,211458000.0,610000.0,9781505000.0,9539205250.0,0.0,809308000.0,,,580594000.0,,,42890637661.0,-99457000.0,0.0,29663000.0,247018000.0,-1371031000.0,-1391283000.0,-456135000.0,15013000.0,1748279000.0,-318000.0,1311244000.0,1053050000.0,1053050000.0,0.0,6445000.0,0.442,514185000.0,1232009000.0,0.0,1.066,4.677,40.73,40.607,8557713000.0,258194000.0,247.7,18.008,17.961,0.0,-434610000.0,2381696000.0,2381696000.0,0.0,0.108,0.114,0.138,0.551,32570000.0,88177000.0,1.0,173155582.0,172699000.0,173510000.0,13.791,9566774000.0,0.0,0.0,0.0,55.396,
23,PSA,MRT,2015-09-30,2015-09-30,2015-09-30,2021-08-03,-67437000.0,9654815000.0,9720066500.0,,,0.24,52.973,-295843000.0,35668000.0,35668000.0,630172000.0,1300856000.0,,0.052,55725000.0,,,55725000.0,0.0,430274000.0,0.0,0.029,6.2,1294469000.0,1724743000.0,0.739,1724743000.0,1294469000.0,1294469000.0,5.98,5.97,5.98,9152118000.0,9297544500.0,9152118000.0,36643506646.0,28.0,21.246,1466364000.0,8.487,1.0,1703875000.0,0.73,212976000.0,0.0,9461896000.0,9460503000.0,0.0,806204000.0,,,476207000.0,,,36605079646.0,-62732000.0,0.0,27876000.0,-39153000.0,-1321201000.0,-1330740000.0,-494199000.0,32259000.0,1762207000.0,148000.0,1294469000.0,1034004000.0,1034004000.0,0.0,6387000.0,0.443,518214000.0,1185661000.0,0.0,1.037,4.0,35.401,35.39,8500381000.0,260465000.0,211.63,15.683,15.665,0.0,-444395000.0,2334047000.0,2334047000.0,0.0,0.106,0.111,0.137,0.555,29541000.0,87940000.0,1.0,172967347.0,172771000.0,173529000.0,13.509,9441839000.0,0.0,0.0,0.0,54.649,
24,PSA,MRT,2015-06-30,2015-06-30,2015-06-30,2021-08-03,-61523000.0,9634758000.0,9712479750.0,,,0.235,53.753,-272570000.0,20256000.0,20256000.0,624054000.0,1254697000.0,,0.035,58683000.0,,,58683000.0,0.0,435269000.0,0.0,0.032,5.9,1249598000.0,1684867000.0,0.738,1684867000.0,1249598000.0,1248360000.0,5.74,5.73,5.74,9279369000.0,9326122500.0,9279369000.0,31782673580.0,25.0,18.864,1444551000.0,8.368,1.0,1658211000.0,0.727,216312000.0,1238000.0,9456873000.0,9436995000.0,0.0,808455000.0,,,329097000.0,,,31876813580.0,-367384000.0,204947000.0,4278000.0,-352920000.0,-1268255000.0,-1596479000.0,-488026000.0,31175000.0,1717121000.0,-343000.0,1248360000.0,992311000.0,992311000.0,0.0,6337000.0,0.435,517510000.0,1140701000.0,0.0,1.028,3.435,32.124,32.12,8496972000.0,256049000.0,184.37,13.967,13.946,0.0,-428270000.0,2282265000.0,2282265000.0,0.0,0.102,0.106,0.132,0.548,29541000.0,82241000.0,1.0,172895881.0,172629000.0,173387000.0,13.221,9418446000.0,0.0,0.0,0.0,54.559,
25,PSA,MRT,2015-03-31,2015-03-31,2015-03-31,2021-08-03,-78572000.0,9772017000.0,9790404500.0,,,0.228,53.779,-254971000.0,152797000.0,152797000.0,613511000.0,1204936000.0,,0.05,58657000.0,,,58657000.0,0.0,435239000.0,0.0,0.028,5.6,1202090000.0,1637329000.0,0.734,1637329000.0,1202090000.0,1198789000.0,5.48,5.47,5.48,9277895000.0,9327589750.0,9277895000.0,33944112593.0,28.0,20.731,1400354000.0,8.117,1.0,1618176000.0,0.725,221330000.0,3301000.0,9456547000.0,9505367750.0,0.0,792280000.0,,,468096000.0,,,34067460593.0,52009000.0,204947000.0,2871000.0,-421233000.0,-1212182000.0,-1137769000.0,-465547000.0,26483000.0,1655325000.0,-324000.0,1198789000.0,946737000.0,946737000.0,0.0,6147000.0,0.424,511869000.0,1106307000.0,0.0,1.022,3.672,35.984,35.974,8481398000.0,252052000.0,197.14,15.265,15.24,0.0,-398905000.0,2231687000.0,2231687000.0,0.0,0.097,0.101,0.126,0.539,29541000.0,76630000.0,1.0,172808464.0,172520000.0,173366000.0,12.936,9550687000.0,0.0,0.0,0.0,55.36,
26,PSA,MRT,2014-12-31,2014-12-31,2014-12-31,2021-08-03,-48156000.0,9818676000.0,9768045750.0,,,0.223,55.041,-222531000.0,187712000.0,187712000.0,613324000.0,1149955000.0,,0.033,64364000.0,,,64364000.0,0.0,437114000.0,0.0,0.03,5.6,1150985000.0,1588099000.0,0.729,1588099000.0,1150985000.0,1144204000.0,5.27,5.25,5.27,9480796000.0,9251466250.0,9480796000.0,31901719360.0,28.0,20.088,1381011000.0,8.017,1.0,1563972000.0,0.718,228632000.0,6781000.0,9466696000.0,9593567750.0,0.0,813740000.0,,,311505000.0,,,31928339360.0,168347000.0,421164000.0,37872000.0,-794506000.0,-1200545000.0,-1236864000.0,-198331000.0,17246000.0,1603542000.0,196000.0,1144204000.0,908176000.0,908176000.0,0.0,5751000.0,0.417,508573000.0,1055399000.0,0.0,1.063,3.368,35.157,35.076,8485288000.0,236028000.0,184.85,14.664,14.624,0.0,-374823000.0,2177296000.0,2177296000.0,0.0,0.093,0.098,0.12,0.529,29541000.0,71459000.0,1.0,172725666.0,172251000.0,173138000.0,12.64,9590044000.0,0.0,0.0,0.0,55.675,
27,PSA,MRT,2014-09-30,2014-09-30,2014-09-30,2021-08-03,-27895000.0,9624468000.0,9782443250.0,,,0.217,53.756,-164344000.0,98252000.0,98252000.0,602637000.0,1099506000.0,,0.036,71632000.0,,,71632000.0,0.0,435468000.0,0.0,0.034,5.6,1102661000.0,1538129000.0,0.725,1538129000.0,1102661000.0,1094058000.0,5.04,5.02,5.04,9266430000.0,9079199750.0,9266430000.0,28639667704.0,26.0,18.62,1379481000.0,8.003,1.0,1518821000.0,0.716,229984000.0,8603000.0,9367864000.0,9839217750.0,0.0,837624000.0,,,332093000.0,,,28630663704.0,42141000.0,345876000.0,36539000.0,-38953000.0,-1189831000.0,-645735000.0,-855949000.0,-257000.0,1543825000.0,-854000.0,1094058000.0,867968000.0,867968000.0,0.0,5448000.0,0.409,504399000.0,1014422000.0,0.0,1.111,3.09,32.986,32.905,8352595000.0,226090000.0,165.84,13.496,13.475,0.0,-417663000.0,2121458000.0,2121458000.0,0.0,0.089,0.096,0.112,0.52,0.0,68931000.0,1.0,172640278.0,172378000.0,173304000.0,12.307,9394484000.0,0.0,0.0,0.0,54.499,
28,PSA,MRT,2014-06-30,2014-06-30,2014-06-30,2021-08-03,-4568000.0,9946457000.0,9663811250.0,,,0.214,53.896,-148911000.0,387983000.0,387983000.0,591872000.0,1090157000.0,,0.068,396987000.0,,,396987000.0,0.0,420928000.0,0.0,0.032,5.45,1092640000.0,1513568000.0,0.732,1513568000.0,1092640000.0,1084797000.0,5.05,5.02,5.05,9285238000.0,8957328250.0,9285238000.0,29923763916.0,27.0,19.77,1334905000.0,7.748,1.0,1474453000.0,0.714,225097000.0,7843000.0,9730364000.0,9741269250.0,0.0,1062687000.0,,,634972000.0,,,29564725916.0,-24010000.0,111177000.0,34665000.0,274927000.0,-1154387000.0,-301918000.0,-1205908000.0,0.0,1483816000.0,1083000.0,1084797000.0,867514000.0,867514000.0,0.0,5360000.0,0.42,489635000.0,984818000.0,0.0,1.079,3.184,34.08,33.931,8167043000.0,217283000.0,171.35,14.308,14.286,0.0,-408375000.0,2066325000.0,2066325000.0,0.0,0.09,0.097,0.112,0.529,0.0,68707000.0,1.0,172539982.0,172282000.0,173181000.0,11.994,9721360000.0,0.0,0.0,0.0,56.427,
29,PSA,MRT,2014-03-31,2014-03-31,2014-03-31,2021-08-03,-15000.0,9682582000.0,9450846500.0,,,0.213,52.198,-162707000.0,101112000.0,101112000.0,583889000.0,1073557000.0,,0.076,460150000.0,,,460150000.0,0.0,405422000.0,0.0,0.031,5.3,1074853000.0,1480275000.0,0.735,1480275000.0,1074853000.0,1068426000.0,4.99,4.96,4.99,8973401000.0,8820045250.0,8973401000.0,29820500911.0,28.0,20.145,1289002000.0,7.498,1.0,1429777000.0,0.71,232273000.0,6427000.0,9809347000.0,9456215250.0,0.0,1067779000.0,,,682758000.0,,,29000616911.0,-298207000.0,111177000.0,42657000.0,312581000.0,-1121954000.0,-552008000.0,-1197908000.0,0.0,1451709000.0,1067000.0,1068426000.0,856847000.0,856847000.0,0.0,5131000.0,0.426,472837000.0,956940000.0,0.0,1.062,3.232,33.846,33.766,8184928000.0,211579000.0,168.49,14.402,14.384,0.0,-385512000.0,2013666000.0,2013666000.0,0.0,0.091,0.097,0.114,0.534,0.0,67415000.0,1.0,172120701.0,171910000.0,172809000.0,11.713,9450309000.0,0.0,0.0,0.0,54.972,
30,PSA,MRT,2013-12-31,2013-12-31,2013-12-31,2021-08-03,-500000.0,9876266000.0,9305588750.0,,,0.211,51.222,-159651000.0,19169000.0,19169000.0,559759000.0,1057531000.0,,0.12,839053000.0,,,839053000.0,0.0,387402000.0,0.0,0.034,5.15,1058897000.0,1446299000.0,0.736,1446299000.0,1058897000.0,1052453000.0,4.92,4.89,4.92,8791730000.0,8758085750.0,8791730000.0,25942660380.0,24.0,17.937,1270688000.0,7.403,1.0,1405183000.0,0.715,246854000.0,6444000.0,10449296000.0,9163557000.0,0.0,1284321000.0,,,1057411000.0,,,25899507380.0,1786000.0,-105040000.0,21111000.0,365205000.0,-1091461000.0,-16160000.0,-1412393000.0,0.0,1430339000.0,144000.0,1052453000.0,844731000.0,844731000.0,0.0,5078000.0,0.43,454081000.0,951102000.0,0.0,1.047,2.946,30.66,30.593,8239778000.0,207722000.0,150.52,13.181,13.148,0.0,-318482000.0,1964942000.0,1964942000.0,0.0,0.091,0.096,0.116,0.539,0.0,66679000.0,1.0,172066884.0,171640000.0,172688000.0,11.448,9629412000.0,0.0,0.0,0.0,56.102,
31,PSA,MRT,2013-09-30,2013-09-30,2013-09-30,2021-08-03,-4481000.0,9149940000.0,9034873000.0,,,0.214,51.123,-148979000.0,56965000.0,56965000.0,560598000.0,1032117000.0,,0.039,100118000.0,,,100118000.0,0.0,371061000.0,0.0,0.03,4.85,1036363000.0,1407424000.0,0.726,1407424000.0,1036363000.0,1027255000.0,4.73,4.7,4.73,8778944000.0,8583592250.0,8778944000.0,27316513410.0,26.0,19.409,1220588000.0,7.108,1.0,1377331000.0,0.711,217023000.0,9108000.0,8976070000.0,8810137500.0,0.0,1186930000.0,,,343151000.0,,,27615735410.0,-478533000.0,-29752000.0,123922000.0,-246662000.0,-1036455000.0,-1198712000.0,-649388000.0,4305000.0,1369567000.0,-254000.0,1027255000.0,810525000.0,810525000.0,-471000.0,4862000.0,0.418,433769000.0,943562000.0,0.0,1.025,3.146,34.071,33.943,7574692000.0,216730000.0,160.55,14.25,14.226,0.0,-321890000.0,1937929000.0,1937929000.0,0.0,0.09,0.094,0.118,0.535,0.0,62708000.0,1.0,172007072.0,171721000.0,172793000.0,11.285,8932917000.0,0.0,0.0,0.0,52.02,
32,PSA,MRT,2013-06-30,2013-06-30,2013-06-30,2021-08-03,-22522000.0,9094598000.0,9069418000.0,,,0.21,50.902,-127356000.0,410910000.0,410910000.0,554270000.0,1011308000.0,,0.038,111688000.0,,,111688000.0,0.0,364515000.0,0.0,0.031,4.7,1020505000.0,1385020000.0,0.728,1385020000.0,1020505000.0,1006949000.0,4.57,4.54,4.57,8736106000.0,8464012750.0,8736106000.0,26095282784.0,26.0,18.841,1225095000.0,7.138,1.0,1348884000.0,0.709,205228000.0,13556000.0,8590148000.0,8788660750.0,0.0,1122463000.0,,,330391000.0,,,26351115784.0,-26171000.0,0.0,125816000.0,-255815000.0,-1006714000.0,-1108039000.0,-270583000.0,20021000.0,1352451000.0,-1394000.0,1006949000.0,781629000.0,781629000.0,-12406000.0,4359000.0,0.411,424777000.0,924107000.0,0.0,1.028,3.016,33.713,33.551,7267122000.0,225320000.0,153.33,13.846,13.827,0.0,-338785000.0,1903154000.0,1903154000.0,0.0,0.086,0.092,0.116,0.536,0.0,60356000.0,1.0,171858839.0,171625000.0,172647000.0,11.089,8889370000.0,0.0,0.0,0.0,51.795,
33,PSA,MRT,2013-03-31,2013-03-31,2013-03-31,2021-08-03,-20889000.0,9101551000.0,9090505250.0,,,0.206,50.894,-98747000.0,398252000.0,398252000.0,554582000.0,948560000.0,,0.04,142419000.0,,,142419000.0,0.0,362166000.0,0.0,0.03,4.55,962605000.0,1324771000.0,0.707,1324771000.0,962605000.0,944629000.0,4.14,4.11,4.14,8725563000.0,8314388250.0,8725563000.0,26609210907.0,28.0,20.086,1216761000.0,7.097,1.0,1318987000.0,0.704,207004000.0,17976000.0,8638714000.0,8865319000.0,0.0,1115829000.0,,,347548000.0,,,26157621907.0,-221561000.0,0.0,118588000.0,-229315000.0,-979644000.0,-1259483000.0,-277586000.0,20021000.0,1315508000.0,-266000.0,944629000.0,706287000.0,706287000.0,-12640000.0,3931000.0,0.377,420643000.0,898344000.0,0.0,1.099,2.998,37.035,36.792,7292339000.0,238342000.0,152.32,13.961,13.938,0.0,-331984000.0,1873569000.0,1873569000.0,0.0,0.078,0.085,0.109,0.514,0.0,58685000.0,1.0,171728085.0,171446000.0,172514000.0,10.928,8894547000.0,0.0,0.0,0.0,51.88,
34,PSA,MRT,2012-12-31,2012-12-31,2012-12-31,2021-08-03,-1005000.0,8793403000.0,9166695500.0,,,0.201,47.453,-78425000.0,17239000.0,17239000.0,555904000.0,943035000.0,,0.083,468828000.0,,,468828000.0,0.0,358103000.0,0.0,0.03,4.4,959071000.0,1317174000.0,0.715,1317174000.0,959071000.0,939258000.0,3.93,3.9,3.93,8093756000.0,8213429250.0,8093756000.0,24694363358.0,26.0,18.748,1207234000.0,7.078,1.0,1286600000.0,0.698,209374000.0,19813000.0,9035618000.0,8942624000.0,0.0,1146318000.0,,,670539000.0,,,24882172358.0,-122111000.0,0.0,124447000.0,71987000.0,-959154000.0,-1117305000.0,-290465000.0,20021000.0,1285659000.0,342000.0,939258000.0,669694000.0,669694000.0,-12874000.0,3777000.0,0.363,414618000.0,871982000.0,0.0,1.12,3.074,37.155,36.885,7331932000.0,269564000.0,144.96,13.505,13.419,0.0,-279474000.0,1842504000.0,1842504000.0,0.0,0.073,0.082,0.107,0.521,0.0,56837000.0,1.0,171648540.0,170562000.0,171664000.0,10.803,8584029000.0,0.0,0.0,0.0,50.328,
35,PSA,MRT,2012-09-30,2012-09-30,2012-09-30,2021-08-03,-15371000.0,9288120000.0,9201485250.0,,,0.199,48.662,-79079000.0,535752000.0,535752000.0,574828000.0,890909000.0,,0.115,347943000.0,,,347943000.0,0.0,355347000.0,0.0,0.031,4.25,908808000.0,1264155000.0,0.692,1264155000.0,908808000.0,888038000.0,3.67,3.64,3.67,8300626000.0,8262042500.0,8300626000.0,23806949179.0,26.0,18.832,1171335000.0,6.867,1.0,1253300000.0,0.686,210148000.0,20770000.0,8890163000.0,8929228250.0,0.0,1116195000.0,,,957974000.0,,,23876696179.0,374959000.0,43107000.0,31695000.0,-69231000.0,-934997000.0,-708620000.0,-166835000.0,24655000.0,1250414000.0,60000.0,888038000.0,624374000.0,624374000.0,-13933000.0,2871000.0,0.342,410493000.0,842807000.0,0.0,1.158,2.876,38.241,37.921,7330706000.0,263664000.0,139.17,13.061,12.985,0.0,-312690000.0,1828128000.0,1828128000.0,0.0,0.068,0.076,0.102,0.497,0.0,55583000.0,1.0,171564965.0,170576000.0,171700000.0,10.717,9077972000.0,0.0,0.0,0.0,53.22,
36,PSA,MRT,2012-06-30,2012-06-30,2012-06-30,2021-08-03,-27433000.0,9178947000.0,9150841000.0,,,0.196,47.729,-76038000.0,438475000.0,438475000.0,571933000.0,820603000.0,,0.124,368728000.0,,,368728000.0,0.0,356312000.0,0.0,0.028,4.1,836991000.0,1193303000.0,0.664,1193303000.0,836991000.0,815285000.0,3.17,3.15,3.17,8137608000.0,8283326500.0,8137608000.0,24517762091.0,29.0,20.546,1150727000.0,6.749,1.0,1224576000.0,0.682,212419000.0,21706000.0,8896781000.0,8989746500.0,0.0,1094604000.0,,,1011178000.0,,,24764862091.0,294837000.0,179481000.0,29011000.0,-76330000.0,-916070000.0,-920185000.0,-11743000.0,13035000.0,1226765000.0,-849000.0,815285000.0,539859000.0,539859000.0,-3639000.0,5318000.0,0.301,412421000.0,812155000.0,0.0,1.293,3.043,45.873,45.555,7343775000.0,275426000.0,144.41,13.785,13.705,0.0,-339020000.0,1796509000.0,1796509000.0,0.0,0.059,0.065,0.093,0.466,0.0,54401000.0,1.0,171489939.0,170496000.0,171560000.0,10.537,8966528000.0,0.0,0.0,0.0,52.591,
37,PSA,MRT,2012-03-31,2012-03-31,2012-03-31,2021-08-03,-11950000.0,9406312000.0,9174188250.0,,,0.193,48.863,-88255000.0,620079000.0,620079000.0,568279000.0,832613000.0,,0.128,372979000.0,,,372979000.0,0.0,356910000.0,0.0,0.029,3.95,846158000.0,1203068000.0,0.678,1203068000.0,846158000.0,823586000.0,3.17,3.15,3.17,8321727000.0,8387223000.0,8321727000.0,23926003571.0,28.0,19.887,1129868000.0,6.634,1.0,1206856000.0,0.68,211278000.0,22572000.0,8947934000.0,9107745250.0,0.0,1138361000.0,,,1062379000.0,,,23666697571.0,476095000.0,313383000.0,24765000.0,-93704000.0,-895984000.0,-890905000.0,148877000.0,12984000.0,1218123000.0,-1121000.0,823586000.0,539031000.0,539031000.0,-3584000.0,9027000.0,0.304,413224000.0,793632000.0,0.0,1.246,2.844,43.906,43.587,7349109000.0,284555000.0,138.17,13.332,13.256,0.0,-296969000.0,1775135000.0,1775135000.0,0.0,0.059,0.064,0.093,0.477,0.0,54580000.0,1.0,171286803.0,170309000.0,171415000.0,10.423,9195034000.0,0.0,0.0,0.0,53.99,
38,PSA,MRT,2011-12-31,2011-12-31,2011-12-31,2021-08-03,-23014000.0,8932562000.0,9181490500.0,,,0.189,48.853,-88941000.0,139008000.0,139008000.0,560509000.0,836459000.0,,0.074,398314000.0,,,398314000.0,0.0,358525000.0,0.0,0.027,3.65,848064000.0,1206589000.0,0.695,1206589000.0,848064000.0,823842000.0,3.31,3.29,3.31,8288209000.0,8486182500.0,8288209000.0,23258712754.0,27.0,19.276,1114511000.0,6.569,1.0,1175379000.0,0.677,209833000.0,24222000.0,8982035000.0,9256211250.0,0.0,1117320000.0,,,609280000.0,,,23000594754.0,-316449000.0,-32064000.0,26416000.0,-174355000.0,-846246000.0,-1438546000.0,-81355000.0,115714000.0,1203452000.0,-795000.0,823842000.0,561747000.0,561747000.0,-3316000.0,12617000.0,0.324,412565000.0,762814000.0,0.0,1.103,2.775,40.945,40.622,7379197000.0,262095000.0,134.46,13.25,13.141,0.0,-259578000.0,1735888000.0,1735888000.0,0.0,0.061,0.066,0.092,0.489,0.0,52410000.0,1.0,171059012.0,169657000.0,170750000.0,10.232,8722729000.0,0.0,0.0,0.0,51.414,
39,PSA,MRT,2011-09-30,2011-09-30,2011-09-30,2021-08-03,-15218000.0,9085543000.0,9322183250.0,,,0.181,49.407,-87541000.0,160733000.0,160733000.0,538066000.0,805232000.0,,0.079,418851000.0,,,418851000.0,0.0,360342000.0,0.0,0.031,3.5,813925000.0,1174267000.0,0.696,1174267000.0,813925000.0,787376000.0,3.05,3.04,3.05,8385762000.0,8583279750.0,8385762000.0,19308419963.0,24.0,16.443,1092759000.0,6.438,1.0,1148253000.0,0.681,211425000.0,26549000.0,9132236000.0,9358395750.0,0.0,1182936000.0,,,663313000.0,,,19003387963.0,-353423000.0,-69551000.0,20434000.0,-173928000.0,-826275000.0,-1404901000.0,-128822000.0,106800000.0,1180300000.0,677000.0,787376000.0,518921000.0,518921000.0,-1373000.0,17856000.0,0.308,411134000.0,737119000.0,0.0,1.148,2.266,36.621,36.508,7437313000.0,237578000.0,111.35,11.269,11.207,0.0,-265226000.0,1686319000.0,1686319000.0,0.0,0.056,0.06,0.087,0.483,0.0,50363000.0,1.0,170663565.0,169728000.0,170830000.0,9.935,8874118000.0,0.0,0.0,0.0,52.284,
40,PSA,MRT,2011-06-30,2011-06-30,2011-06-30,2021-08-03,1666000.0,9272336000.0,9463650000.0,,,0.176,50.464,-103709000.0,144487000.0,144487000.0,534000000.0,856530000.0,,0.079,449519000.0,,,449519000.0,0.0,362034000.0,0.0,0.029,3.35,864116000.0,1226150000.0,0.737,1226150000.0,864116000.0,835591000.0,3.44,3.42,3.44,8553194000.0,8654858250.0,8553194000.0,19770725707.0,23.0,16.124,1046364000.0,6.174,1.0,1129051000.0,0.679,208592000.0,28525000.0,9368776000.0,9452089500.0,0.0,1363660000.0,,,677388000.0,,,19453948707.0,-330117000.0,-188538000.0,28066000.0,-148724000.0,-800818000.0,-1204230000.0,-275960000.0,97556000.0,1150073000.0,268000.0,835591000.0,583177000.0,583177000.0,-2595000.0,20939000.0,0.351,405504000.0,723547000.0,0.0,0.974,2.274,33.359,33.142,7464019000.0,221537000.0,114.01,11.698,11.619,0.0,-237689000.0,1663051000.0,1663051000.0,0.0,0.062,0.067,0.091,0.52,0.0,45157000.0,1.0,170633705.0,169492000.0,170401000.0,9.812,9063744000.0,0.0,0.0,0.0,53.476,
41,PSA,MRT,2011-03-31,2011-03-31,2011-03-31,2021-08-03,-678000.0,9435521000.0,9537944250.0,,,0.172,51.487,-100554000.0,145105000.0,145105000.0,532004000.0,776765000.0,,0.077,461882000.0,,,461882000.0,0.0,358053000.0,0.0,0.029,3.2,784055000.0,1142108000.0,0.698,1142108000.0,784055000.0,754185000.0,3.02,3.01,3.02,8717565000.0,8666157250.0,8717565000.0,19015181056.0,24.0,16.649,1024364000.0,6.05,1.0,1104273000.0,0.675,210500000.0,29870000.0,9541798000.0,9475834500.0,0.0,1488803000.0,,,672651000.0,,,18903016056.0,-574383000.0,-320908000.0,-164507000.0,-180662000.0,-775140000.0,-1254372000.0,-444929000.0,107428000.0,1124918000.0,-494000.0,754185000.0,512499000.0,512499000.0,-6826000.0,22580000.0,0.313,400111000.0,704162000.0,0.0,1.06,2.168,36.884,36.725,7493647000.0,210809000.0,110.91,11.552,11.476,0.0,-223960000.0,1636277000.0,1636277000.0,0.0,0.054,0.059,0.083,0.479,0.0,42645000.0,1.0,170435633.0,169315000.0,170382000.0,9.664,9225021000.0,0.0,0.0,0.0,54.484,
42,PSA,MRT,2010-12-31,2010-12-31,2010-12-31,2021-08-03,-15773000.0,9495333000.0,9615181750.0,,,0.168,51.378,-94259000.0,456252000.0,456252000.0,528404000.0,696114000.0,,0.089,568417000.0,,,568417000.0,0.0,354386000.0,0.0,0.03,3.05,702263000.0,1056649000.0,0.655,1056649000.0,702263000.0,672038000.0,2.36,2.35,2.36,8676598000.0,8655771750.0,8676598000.0,17350443908.0,25.0,16.42,998962000.0,5.915,1.0,1085373000.0,0.673,216725000.0,30225000.0,9390773000.0,9422540750.0,0.0,1199077000.0,,,774186000.0,,,17274404908.0,-306093000.0,24539000.0,-164058000.0,-77092000.0,-754770000.0,-1132709000.0,-266605000.0,-89618000.0,1093221000.0,-1444000.0,672038000.0,399178000.0,399178000.0,-7760000.0,24076000.0,0.247,392726000.0,692647000.0,0.0,1.292,1.991,43.275,42.975,7532816000.0,241983000.0,101.42,10.704,10.613,0.0,-236410000.0,1613777000.0,1613777000.0,0.0,0.042,0.046,0.075,0.435,0.0,38487000.0,1.0,170325428.0,168877000.0,169772000.0,9.556,9278608000.0,0.0,0.0,0.0,54.943,
43,PSA,MRT,2010-09-30,2010-09-30,2010-09-30,2021-08-03,-11880000.0,9651410000.0,9692759750.0,,,0.168,51.31,-93526000.0,513479000.0,513479000.0,527650000.0,694593000.0,,0.096,589518000.0,,,589518000.0,0.0,348758000.0,0.0,0.029,2.8,699157000.0,1047915000.0,0.644,1047915000.0,699157000.0,669491000.0,2.35,2.33,2.35,8672076000.0,8718724000.0,8672076000.0,16626402434.0,24.0,15.866,1003516000.0,5.937,1.0,1100160000.0,0.676,220438000.0,29666000.0,9507011000.0,9411807750.0,0.0,1224567000.0,,,833147000.0,,,16507463434.0,-154724000.0,36744000.0,-168471000.0,-59478000.0,-716901000.0,-995475000.0,-256291000.0,-106079000.0,1097042000.0,-2725000.0,669491000.0,395272000.0,395272000.0,-8117000.0,-46898000.0,0.243,388000000.0,712160000.0,0.0,1.191,1.904,41.762,41.294,7592060000.0,346219000.0,97.04,10.141,10.076,0.0,-226343000.0,1627810000.0,1627810000.0,0.0,0.041,0.045,0.074,0.43,0.0,38271000.0,1.0,170109887.0,169014000.0,169977000.0,9.631,9430972000.0,0.0,0.0,0.0,55.8,
44,PSA,MRT,2010-06-30,2010-06-30,2010-06-30,2021-08-03,-35251000.0,9569513000.0,9732251000.0,,,0.166,50.937,-83382000.0,474336000.0,474336000.0,521604000.0,692733000.0,,0.096,593275000.0,,,593275000.0,0.0,342734000.0,0.0,0.029,2.55,696563000.0,1039297000.0,0.642,1039297000.0,696563000.0,667446000.0,2.3,2.29,2.3,8598390000.0,8776731500.0,8598390000.0,14726173689.0,21.0,14.169,1012839000.0,6.0,1.0,1095998000.0,0.678,224696000.0,29117000.0,9463756000.0,9396582250.0,0.0,1158855000.0,,,825034000.0,,,14930023689.0,-108825000.0,1532000.0,-177728000.0,-58939000.0,-679902000.0,-957804000.0,-247242000.0,-100985000.0,1096221000.0,-1699000.0,667446000.0,386559000.0,386559000.0,-6373000.0,-46713000.0,0.239,380831000.0,715167000.0,0.0,1.109,1.736,38.623,38.222,7618396000.0,352887000.0,87.91,9.23,9.174,0.0,-272485000.0,1617602000.0,1617602000.0,0.0,0.04,0.044,0.074,0.431,0.0,38015000.0,1.0,169833053.0,168804000.0,169629000.0,9.583,9344817000.0,0.0,0.0,0.0,55.359,
45,PSA,MRT,2010-03-31,2010-03-31,2010-03-31,2021-08-03,-24779000.0,9744471000.0,9765831750.0,,,0.166,51.497,-75356000.0,719982000.0,719982000.0,518909000.0,766944000.0,,0.106,516132000.0,,,516132000.0,0.0,341813000.0,0.0,0.025,2.3,770707000.0,1112520000.0,0.688,1112520000.0,770707000.0,741580000.0,2.74,2.73,2.74,8676023000.0,8830382250.0,8676023000.0,15356404750.0,20.0,13.803,1010758000.0,5.999,1.0,1097523000.0,0.679,211998000.0,29127000.0,9328623000.0,9387711000.0,0.0,1223538000.0,,,922914000.0,,,15601304750.0,227700000.0,0.0,13459000.0,-7579000.0,-641638000.0,-662193000.0,-196221000.0,-110806000.0,1086114000.0,-1118000.0,741580000.0,461209000.0,461209000.0,6064000.0,-46636000.0,0.285,376371000.0,721152000.0,0.0,0.839,1.798,33.827,33.573,7487539000.0,352371000.0,91.99,9.652,9.588,0.0,-202998000.0,1616432000.0,1616432000.0,0.0,0.047,0.052,0.082,0.477,0.0,36133000.0,1.0,169597834.0,168477000.0,169310000.0,9.594,9532473000.0,0.0,0.0,0.0,56.58,
46,PSA,MRT,2009-12-31,2009-12-31,2009-12-31,2021-08-03,-15002000.0,9805645000.0,9736338250.0,,,0.167,53.032,-76517000.0,763789000.0,763789000.0,520912000.0,790456000.0,,0.082,518889000.0,,,518889000.0,0.0,342127000.0,0.0,0.027,2.2,864537000.0,1206664000.0,0.744,1206664000.0,864537000.0,834621000.0,3.48,3.47,3.48,8928407000.0,8847049500.0,8928407000.0,13659705017.0,16.0,11.32,1036340000.0,6.156,1.0,1102008000.0,0.679,212904000.0,29916000.0,9347841000.0,9414542750.0,0.0,1174019000.0,,,731142000.0,,,13808971017.0,83047000.0,0.0,2192000.0,-117126000.0,-624665000.0,-938401000.0,-91409000.0,-6229000.0,1112857000.0,41000.0,834621000.0,585966000.0,585966000.0,6902000.0,-44165000.0,0.361,375180000.0,726828000.0,0.0,0.632,1.547,23.566,23.405,7562033000.0,248655000.0,81.45,8.509,8.449,0.0,-153759000.0,1622920000.0,1622920000.0,0.0,0.06,0.066,0.092,0.533,0.0,35735000.0,1.0,169539239.0,168358000.0,168768000.0,9.64,9592741000.0,0.0,0.0,0.0,56.978,
47,PSA,MRT,2009-09-30,2009-09-30,2009-09-30,2021-08-03,-12275000.0,9809375000.0,9768938250.0,,,0.168,52.883,-52191000.0,670928000.0,670928000.0,526722000.0,764801000.0,,0.085,521662000.0,,,521662000.0,0.0,360398000.0,0.0,0.037,2.8,836635000.0,1197033000.0,0.731,1197033000.0,836635000.0,805173000.0,3.5,3.5,3.5,8904106000.0,8792196500.0,8904106000.0,12693749256.0,15.0,10.604,1053048000.0,6.254,1.0,1109751000.0,0.678,214000000.0,31462000.0,9446109000.0,9495711500.0,0.0,1185583000.0,,,758123000.0,,,12754169256.0,-119190000.0,-5864000.0,-4786000.0,-120652000.0,-726614000.0,-1120138000.0,-104291000.0,11558000.0,1105239000.0,824000.0,805173000.0,590013000.0,590013000.0,10128000.0,-40372000.0,0.361,387004000.0,722747000.0,0.0,0.8,1.432,21.617,21.497,7633972000.0,215160000.0,75.24,7.794,7.741,0.0,-177603000.0,1636473000.0,1636473000.0,0.0,0.06,0.067,0.088,0.511,0.0,32373000.0,1.0,169513148.0,168373000.0,169043000.0,9.719,9595375000.0,0.0,0.0,0.0,56.989,
48,PSA,MRT,2009-06-30,2009-06-30,2009-06-30,2021-08-03,-18090000.0,9703836000.0,9865405250.0,,,0.168,52.35,-96786000.0,584860000.0,584860000.0,523589000.0,668792000.0,,0.084,524440000.0,,,524440000.0,0.0,365808000.0,0.0,0.043,2.8,738467000.0,1104275000.0,0.667,1104275000.0,738467000.0,705195000.0,2.9,2.89,2.9,8812993000.0,8798518750.0,8812993000.0,11132037974.0,15.0,10.081,1011243000.0,6.007,1.0,1131966000.0,0.684,215145000.0,33272000.0,9428271000.0,9585038250.0,0.0,1113231000.0,,,744137000.0,,,11098202974.0,-190464000.0,-21791000.0,-1138000.0,-157295000.0,-729024000.0,-1158875000.0,-139618000.0,11995000.0,1108029000.0,322000.0,705195000.0,487979000.0,487979000.0,13722000.0,-36403000.0,0.295,393168000.0,738798000.0,0.0,0.966,1.259,22.743,22.579,7695141000.0,217216000.0,65.48,6.704,6.658,0.0,-258732000.0,1655555000.0,1655555000.0,0.0,0.049,0.055,0.077,0.446,0.0,32598000.0,1.0,169489966.0,168348000.0,168528000.0,9.834,9488691000.0,0.0,0.0,0.0,56.364,
49,PSA,MRT,2009-03-31,2009-03-31,2009-03-31,2021-08-03,-42134000.0,9626497000.0,10002632750.0,,,0.167,51.943,-130764000.0,493400000.0,493400000.0,529239000.0,607360000.0,,0.084,527235000.0,,,527235000.0,0.0,376910000.0,0.0,0.051,2.8,675421000.0,1052331000.0,0.631,1052331000.0,675421000.0,639836000.0,2.5,2.49,2.5,8742692000.0,8839229000.0,8742692000.0,9326018155.0,14.0,8.862,966406000.0,5.742,1.0,1138335000.0,0.683,224382000.0,35585000.0,9435950000.0,9706257750.0,0.0,1062721000.0,,,737808000.0,,,9362908155.0,-233626000.0,-14217000.0,1235000.0,-157271000.0,-731366000.0,-1162635000.0,-168161000.0,12488000.0,1097170000.0,94000.0,639836000.0,420470000.0,420470000.0,6981000.0,-32476000.0,0.252,429332000.0,709003000.0,0.0,1.12,1.071,22.268,22.1,7747582000.0,219366000.0,55.25,5.615,5.577,0.0,-301582000.0,1667574000.0,1667574000.0,0.0,0.042,0.048,0.07,0.405,0.0,57572000.0,1.0,169464401.0,168312000.0,168473000.0,9.908,9402115000.0,0.0,0.0,0.0,55.861,
50,PSA,MRT,2008-12-31,2008-12-31,2008-12-31,2021-08-03,-31931000.0,9936045000.0,10157949750.0,,,0.169,51.762,-150922000.0,680701000.0,680701000.0,554280000.0,973872000.0,,0.098,643811000.0,,,643811000.0,0.0,414201000.0,0.0,0.035,2.8,979120000.0,1393321000.0,0.81,1393321000.0,979120000.0,935176000.0,4.19,4.18,4.19,8708995000.0,8902438750.0,8708995000.0,13305406560.0,14.0,9.549,926049000.0,5.504,1.0,1166208000.0,0.678,226639000.0,43944000.0,9672516000.0,9831966500.0,0.0,1096959000.0,,,856164000.0,,,13467255560.0,432913000.0,519769000.0,-108720000.0,-35473000.0,-733676000.0,-984076000.0,340018000.0,2227000.0,1076971000.0,2344000.0,935176000.0,705803000.0,705803000.0,7649000.0,38696000.0,0.41,472317000.0,693891000.0,0.0,0.668,1.546,19.081,18.974,7821889000.0,229373000.0,79.5,7.828,7.774,0.0,-290323000.0,1720488000.0,1720488000.0,0.0,0.069,0.079,0.1,0.569,0.0,62809000.0,1.0,169399441.0,168250000.0,168675000.0,10.226,9709406000.0,0.0,0.0,0.0,57.708,
51,PSA,MRT,2008-09-30,2008-09-30,2008-09-30,2021-08-03,3929000.0,10195243000.0,10334714000.0,,,0.169,53.109,-225052000.0,807908000.0,807908000.0,561786000.0,1009268000.0,,0.101,646059000.0,,,646059000.0,0.0,440775000.0,0.0,0.022,2.15,1001459000.0,1442234000.0,0.827,1442234000.0,1001459000.0,951373000.0,4.08,4.05,4.08,8929395000.0,8915972250.0,8929395000.0,16652303439.0,17.0,11.546,879172000.0,5.229,1.0,1182599000.0,0.678,229978000.0,50086000.0,9803416000.0,10193639250.0,0.0,600161000.0,,,901396000.0,,,16755568439.0,617767000.0,507873000.0,-101630000.0,-19849000.0,-626238000.0,-802103000.0,315646000.0,3822000.0,1104224000.0,2941000.0,951373000.0,686087000.0,686087000.0,4062000.0,57895000.0,0.393,507636000.0,674963000.0,0.0,0.527,1.876,24.422,24.267,7901310000.0,265286000.0,99.01,9.605,9.543,566084000.0,-177437000.0,1744385000.0,1744385000.0,0.0,0.066,0.077,0.098,0.574,0.0,67320000.0,1.0,169231072.0,168133000.0,168560000.0,10.375,9965265000.0,0.0,0.0,0.0,59.27,
52,PSA,MRT,2008-06-30,2008-06-30,2008-06-30,2021-08-03,36517000.0,10252746000.0,10443309000.0,,,0.171,53.419,-254115000.0,793604000.0,793604000.0,601971000.0,1014092000.0,,0.102,690339000.0,,,690339000.0,0.0,496689000.0,0.0,0.026,2.1,1023052000.0,1519741000.0,0.853,1519741000.0,1023052000.0,966808000.0,4.16,4.14,4.16,8975834000.0,8873088000.0,8975834000.0,13602813776.0,13.0,8.951,835962000.0,4.975,1.0,1179465000.0,0.662,236332000.0,56244000.0,9913149000.0,10514108500.0,0.0,616257000.0,,,913536000.0,,,13665431776.0,717937000.0,541625000.0,-105481000.0,-46312000.0,-618342000.0,-653264000.0,281124000.0,3435000.0,1090077000.0,10322000.0,966808000.0,701705000.0,701705000.0,2820000.0,47284000.0,0.394,566096000.0,613369000.0,0.0,0.505,1.522,19.475,19.421,7909451000.0,265103000.0,80.79,7.671,7.62,618724000.0,-156179000.0,1781436000.0,1781436000.0,0.0,0.067,0.079,0.097,0.574,0.0,69857000.0,1.0,169147565.0,168028000.0,168479000.0,10.602,10016414000.0,0.0,0.0,0.0,59.612,
53,PSA,MRT,2008-03-31,2008-03-31,2008-03-31,2021-08-03,37462000.0,10247765000.0,10499399500.0,,,0.172,53.359,-245536000.0,745534000.0,745534000.0,631272000.0,947241000.0,,0.099,682916000.0,,,682916000.0,0.0,569019000.0,0.0,0.023,2.05,973449000.0,1542468000.0,0.852,1542468000.0,973449000.0,910099000.0,3.85,3.82,3.85,8995531000.0,8768787250.0,8995531000.0,15924077265.0,16.0,10.324,846339000.0,5.02,1.0,1179859000.0,0.651,246362000.0,63350000.0,9938785000.0,10801790750.0,0.0,625172000.0,,,889523000.0,,,15118565265.0,648875000.0,538895000.0,-106296000.0,-140123000.0,-607530000.0,-733004000.0,290004000.0,3931000.0,1091875000.0,7468000.0,910099000.0,648160000.0,648160000.0,2268000.0,37142000.0,0.358,623060000.0,556799000.0,0.0,0.532,1.681,23.325,23.018,7921511000.0,261939000.0,88.62,8.348,8.249,618822000.0,-131484000.0,1811131000.0,1811131000.0,0.0,0.062,0.074,0.09,0.537,0.0,58149000.0,1.0,170599924.0,168586000.0,168982000.0,10.743,10001403000.0,0.0,0.0,0.0,59.325,
54,PSA,MRT,2007-12-31,2007-12-31,2007-12-31,2021-08-03,50065000.0,10643102000.0,10592245000.0,,,0.169,51.748,-264209000.0,245444000.0,245444000.0,631154000.0,487078000.0,,0.157,1069928000.0,,,1069928000.0,0.0,622894000.0,0.0,0.027,2.0,521206000.0,1144100000.0,0.64,1144100000.0,521206000.0,457535000.0,1.18,1.17,1.18,8763129000.0,8674728250.0,8763129000.0,13373279324.0,26.0,11.689,783443000.0,4.626,1.0,1156048000.0,0.647,348379000.0,63671000.0,11119207000.0,11123544750.0,0.0,306743000.0,,,1373285000.0,,,12520807324.0,-295728000.0,4909000.0,8457000.0,-799861000.0,-598183000.0,-1081504000.0,-261876000.0,8708000.0,1047652000.0,5488000.0,457535000.0,198978000.0,198978000.0,2346000.0,29543000.0,0.111,676682000.0,479366000.0,0.0,1.695,1.429,62.926,62.212,9582554000.0,258557000.0,73.41,7.006,6.956,0.0,-485354000.0,1787202000.0,1787202000.0,0.0,0.019,0.023,0.047,0.292,0.0,59749000.0,1.0,170559969.0,169342000.0,169850000.0,10.554,10294723000.0,0.0,0.0,0.0,60.792,
55,PSA,MRT,2007-09-30,2007-09-30,2007-09-30,2021-08-03,63685000.0,10629623000.0,10731087750.0,,,0.166,51.707,-287572000.0,189430000.0,189430000.0,662748000.0,279415000.0,,0.156,1041902000.0,,,1041902000.0,0.0,718191000.0,0.0,0.025,2.0,348497000.0,1066688000.0,0.599,1066688000.0,348497000.0,279415000.0,-0.05,-0.05,-0.05,8757858000.0,8535957250.0,8757858000.0,14432267237.0,41.0,13.53,636105000.0,3.756,1.0,1118651000.0,0.628,396802000.0,69082000.0,11085293000.0,11319291750.0,0.0,317982000.0,,,1364993000.0,,,13410848237.0,52486000.0,25843000.0,14522000.0,-453758000.0,-592770000.0,-606468000.0,-264723000.0,10984000.0,923677000.0,6845000.0,279415000.0,16755000.0,16755000.0,5285000.0,0.0,0.009,795088000.0,323563000.0,0.0,-40.0,1.531,800.409,-1573.0,9576995000.0,262660000.0,78.65,7.528,7.478,0.0,-502572000.0,1781399000.0,1781399000.0,0.0,0.002,0.002,0.031,0.196,0.0,84062000.0,1.0,170513010.0,169374000.0,170085000.0,10.518,10232821000.0,0.0,0.0,0.0,60.416,
56,PSA,MRT,2007-06-30,2007-06-30,2007-06-30,2021-08-03,35673000.0,10477108000.0,10787396000.0,,,0.156,50.539,-236983000.0,66949000.0,66949000.0,624848000.0,207830000.0,,0.165,1088368000.0,,,1088368000.0,0.0,683692000.0,0.0,0.026,2.0,270978000.0,954670000.0,0.567,954670000.0,270978000.0,207830000.0,-0.6,-0.6,-0.6,8558631000.0,8447364500.0,8558631000.0,14207395672.0,52.0,14.882,617681000.0,3.647,1.0,1059591000.0,0.629,434649000.0,63148000.0,11063878000.0,11444810750.0,0.0,321208000.0,,,1415353000.0,,,13096735672.0,-922005000.0,-135441000.0,89155000.0,-1054748000.0,-592384000.0,-1358099000.0,-418570000.0,-49732000.0,854664000.0,-18000.0,207830000.0,-76405000.0,-76405000.0,2127000.0,0.0,-0.045,785813000.0,273778000.0,0.0,-3.333,1.53,-171.412,-128.033,9498034000.0,284235000.0,76.82,7.775,7.723,0.0,-504645000.0,1684439000.0,1684439000.0,0.0,-0.007,-0.009,0.024,0.161,0.0,108888000.0,1.0,170486015.0,169346000.0,170213000.0,9.947,10042459000.0,0.0,0.0,0.0,59.301,
57,PSA,MRT,2007-03-31,2007-03-31,2007-03-31,2021-08-03,29740000.0,10619147000.0,9693153000.0,,,0.158,50.933,-264720000.0,90700000.0,90700000.0,561904000.0,259588000.0,,0.174,1201360000.0,,,1201360000.0,0.0,564556000.0,0.0,0.021,2.0,307901000.0,872457000.0,0.569,872457000.0,307901000.0,259588000.0,-0.14,-0.13,-0.14,8619295000.0,7665032500.0,8619295000.0,17423610598.0,57.0,19.971,521030000.0,3.079,1.0,972207000.0,0.634,504006000.0,48313000.0,11225801000.0,9949518500.0,0.0,301711000.0,,,1497743000.0,,,16130652598.0,-303072000.0,-140126000.0,89181000.0,-960014000.0,-566717000.0,-638962000.0,-449860000.0,-45337000.0,785750000.0,2838000.0,259588000.0,-19708000.0,-19708000.0,1282000.0,0.0,-0.013,656402000.0,315805000.0,0.0,-14.286,1.871,-818.482,-676.214,9571257000.0,279296000.0,94.67,10.515,10.443,0.0,-434053000.0,1534111000.0,1534111000.0,0.0,-0.002,-0.003,0.031,0.201,0.0,94398000.0,1.0,170388218.0,169229000.0,169229000.0,9.065,10115141000.0,0.0,0.0,0.0,59.772,
58,PSA,MRT,2006-12-31,2006-12-31,2006-12-31,2021-08-03,19329000.0,11198473000.0,8406017250.0,,,0.164,57.495,-289148000.0,555584000.0,555584000.0,496257000.0,314026000.0,,0.303,1848542000.0,,,1848542000.0,0.0,438218000.0,0.0,0.021,2.0,347088000.0,785306000.0,0.569,785306000.0,347088000.0,314026000.0,0.33,0.33,0.33,8208045000.0,6739637750.0,8208045000.0,17931625662.0,52.0,22.834,463992000.0,3.25,1.0,882809000.0,0.64,589236000.0,33062000.0,11902195000.0,8406963500.0,0.0,301905000.0,,,2484398000.0,,,16591997662.0,51415000.0,-137261000.0,85369000.0,-322666000.0,-533861000.0,-228095000.0,-473630000.0,-47755000.0,753140000.0,2274000.0,314026000.0,46891000.0,46891000.0,534000.0,0.0,0.034,522216000.0,360593000.0,0.0,6.061,2.021,353.842,295.455,9597541000.0,267135000.0,97.5,12.031,10.093,0.0,-344706000.0,1379066000.0,1379066000.0,0.0,0.006,0.007,0.041,0.252,0.0,84661000.0,1.0,170174335.0,142760000.0,143715000.0,9.66,10609237000.0,0.0,0.0,0.0,74.315,
59,PSA,MRT,2006-09-30,2006-09-30,2006-09-30,2021-08-03,-11269000.0,10854856000.0,6994520500.0,,,0.174,57.801,-381660000.0,124119000.0,124119000.0,427927000.0,447631000.0,,0.232,1463747000.0,,,1463747000.0,0.0,263924000.0,0.0,0.023,2.0,462671000.0,726595000.0,0.595,726595000.0,462671000.0,447631000.0,1.51,1.5,1.51,8403487000.0,5891878750.0,8403487000.0,10281587719.0,22.0,14.15,366023000.0,2.518,1.0,792442000.0,0.649,607115000.0,15040000.0,11587369000.0,6689501500.0,0.0,301868000.0,,,1951665000.0,,,11124380719.0,-420503000.0,-158260000.0,79786000.0,-744335000.0,-505070000.0,-564659000.0,-603527000.0,-50759000.0,747683000.0,0.0,447631000.0,192943000.0,192943000.0,-2537000.0,0.0,0.158,319097000.0,473345000.0,0.0,1.325,1.324,57.656,56.947,9651017000.0,254688000.0,85.99,9.116,10.244,0.0,-189217000.0,1220369000.0,1220369000.0,0.0,0.028,0.033,0.069,0.379,3883000.0,54221000.0,1.0,129368307.0,145387000.0,145387000.0,8.394,10247741000.0,0.0,0.0,0.0,70.486,
60,PSA,MRT,2006-06-30,2006-06-30,2006-06-30,2021-08-03,0.0,6100136000.0,5648713500.0,,,0.199,42.357,-391003000.0,983630000.0,983630000.0,396991000.0,494794000.0,,0.058,140837000.0,,,140837000.0,0.0,198583000.0,0.0,0.026,2.0,502982000.0,701565000.0,0.625,701565000.0,502982000.0,494794000.0,2.17,2.16,2.17,5429303000.0,5000255250.0,5429303000.0,9574236205.0,19.0,13.647,314249000.0,2.452,1.0,725522000.0,0.646,174634000.0,8188000.0,5082709000.0,5036945500.0,0.0,303884000.0,,,312610000.0,,,9814625205.0,580351000.0,3024000.0,5407000.0,-79126000.0,-468002000.0,314479000.0,-439380000.0,-39223000.0,705252000.0,0.0,494794000.0,278288000.0,278288000.0,-5952000.0,0.0,0.248,223279000.0,502243000.0,0.0,0.922,1.808,35.268,34.977,4572461000.0,216506000.0,75.9,8.743,8.667,0.0,-120091000.0,1122513000.0,1122513000.0,0.0,0.049,0.056,0.1,0.448,3883000.0,23600000.0,1.0,129309950.0,128180000.0,129062000.0,8.757,5925502000.0,0.0,0.0,0.0,46.228,
61,PSA,MRT,2006-03-31,2006-03-31,2006-03-31,2021-08-03,0.0,5470604000.0,5437840250.0,,,0.2,38.383,-386207000.0,382329000.0,382329000.0,385305000.0,474198000.0,,0.06,141940000.0,,,141940000.0,0.0,198243000.0,0.0,0.024,1.95,482308000.0,680551000.0,0.626,680551000.0,482308000.0,474198000.0,2.09,2.08,2.09,4917716000.0,4799671250.0,4917716000.0,10159683671.0,21.0,14.929,301522000.0,2.353,1.0,702109000.0,0.646,174634000.0,8110000.0,5055581000.0,4975863750.0,0.0,305558000.0,,,295099000.0,,,10503537671.0,18406000.0,2865000.0,3139000.0,-79136000.0,-451069000.0,-193844000.0,-475479000.0,-82831000.0,687729000.0,0.0,474198000.0,267921000.0,267921000.0,-5930000.0,0.0,0.246,222039000.0,480070000.0,0.0,0.933,2.136,39.204,38.866,4538383000.0,206277000.0,81.23,9.659,9.571,0.0,-126924000.0,1087414000.0,1087414000.0,0.0,0.049,0.056,0.097,0.444,3883000.0,22753000.0,1.0,129306139.0,128122000.0,129009000.0,8.487,5295970000.0,0.0,0.0,0.0,41.335,
62,PSA,MRT,2005-12-31,2005-12-31,2005-12-31,2021-08-03,0.0,5552486000.0,5364780500.0,,,0.198,37.586,-351932000.0,493501000.0,493501000.0,378258000.0,456393000.0,,0.1,149647000.0,,,149647000.0,0.0,196153000.0,0.0,0.028,1.9,464609000.0,660762000.0,0.623,660762000.0,464609000.0,456393000.0,1.98,1.97,1.98,4817009000.0,4692049000.0,4817009000.0,8432120432.0,18.0,12.761,321939000.0,2.512,1.0,681580000.0,0.643,176285000.0,8216000.0,5032347000.0,4910825750.0,0.0,328555000.0,,,481507000.0,,,8748667432.0,117756000.0,0.0,2521000.0,-79056000.0,-438660000.0,-102969000.0,-453146000.0,-91724000.0,673871000.0,0.0,456393000.0,254395000.0,254395000.0,-6883000.0,0.0,0.24,219185000.0,462395000.0,0.0,0.96,1.816,34.39,34.202,4484828000.0,201998000.0,67.72,8.255,8.189,0.0,-124871000.0,1059838000.0,1059838000.0,0.0,0.047,0.054,0.095,0.438,3883000.0,21115000.0,1.0,129188828.0,128159000.0,128819000.0,8.27,5376201000.0,0.0,0.0,0.0,41.949,
63,PSA,MRT,2005-09-30,2005-09-30,2005-09-30,2021-08-03,0.0,5471628000.0,5277856500.0,,,0.2,37.787,-323460000.0,531774000.0,531774000.0,402434000.0,440292000.0,,0.078,215227000.0,,,215227000.0,0.0,191729000.0,0.0,0.028,1.85,446880000.0,638609000.0,0.604,638609000.0,446880000.0,440292000.0,1.93,1.93,1.93,4836993000.0,4595288500.0,4836993000.0,8413869681.0,19.0,13.175,323947000.0,2.531,1.0,655642000.0,0.62,177936000.0,6588000.0,4977145000.0,4853054000.0,0.0,333482000.0,,,377628000.0,,,8652543681.0,56494000.0,-6000.0,5721000.0,-14119000.0,-426562000.0,-170440000.0,-420473000.0,-87338000.0,647407000.0,0.0,440292000.0,248079000.0,248079000.0,-7799000.0,0.0,0.234,203619000.0,452023000.0,0.0,0.959,1.789,34.878,34.715,4357284000.0,192213000.0,67.0,8.178,8.106,0.0,-131778000.0,1058076000.0,1058076000.0,0.0,0.047,0.054,0.092,0.422,2490000.0,19720000.0,1.0,129142443.0,128006000.0,128742000.0,8.266,5293692000.0,0.0,0.0,0.0,41.355,
64,PSA,MRT,2005-06-30,2005-06-30,2005-06-30,2021-08-03,0.0,5256643000.0,5179427750.0,,,0.197,36.152,-309032000.0,390431000.0,390431000.0,388060000.0,409463000.0,,0.066,151757000.0,,,151757000.0,0.0,171441000.0,0.0,0.028,1.8,413580000.0,585021000.0,0.573,585021000.0,413580000.0,409463000.0,1.69,1.69,1.69,4626967000.0,4505372000.0,4626967000.0,7955302577.0,19.0,13.598,315571000.0,2.466,1.0,633620000.0,0.62,179587000.0,4117000.0,4838382000.0,4722106000.0,0.0,329148000.0,,,303920000.0,,,8157000577.0,-31017000.0,13129000.0,19143000.0,-13414000.0,-416888000.0,-321203000.0,-334417000.0,-35612000.0,624603000.0,0.0,409463000.0,217414000.0,217414000.0,-1458000.0,0.0,0.213,199609000.0,434011000.0,0.0,1.065,1.763,37.518,37.426,4291998000.0,192049000.0,63.25,7.984,7.923,0.0,-146883000.0,1021680000.0,1021680000.0,0.0,0.042,0.048,0.088,0.405,2490000.0,19626000.0,1.0,128964436.0,127986000.0,128618000.0,7.983,5077056000.0,0.0,0.0,0.0,39.669,
65,PSA,MRT,2005-03-31,2005-03-31,2005-03-31,2021-08-03,0.0,5178365000.0,5125735000.0,,,0.193,34.897,-252603000.0,354433000.0,354433000.0,375323000.0,393557000.0,,0.078,152735000.0,,,152735000.0,0.0,176120000.0,0.0,0.032,1.8,395880000.0,572000000.0,0.579,572000000.0,395880000.0,393557000.0,1.6,1.59,1.6,4487227000.0,4459454750.0,4487227000.0,7156536831.0,18.0,12.511,366407000.0,2.85,1.0,613152000.0,0.62,181238000.0,2323000.0,4795429000.0,4629893000.0,0.0,331256000.0,,,349684000.0,,,7377177831.0,34798000.0,5234000.0,14182000.0,-26511000.0,-413355000.0,-310511000.0,-273701000.0,-23916000.0,619010000.0,0.0,393557000.0,204855000.0,204855000.0,-901000.0,0.0,0.207,194549000.0,418603000.0,0.0,1.125,1.644,36.012,35.587,4243666000.0,188702000.0,56.94,7.463,7.407,0.0,-150053000.0,988475000.0,988475000.0,0.0,0.04,0.046,0.086,0.4,2490000.0,18070000.0,1.0,129560552.0,128586000.0,129175000.0,7.687,4997127000.0,0.0,0.0,0.0,38.862,
66,PSA,MRT,2004-12-31,2004-12-31,2004-12-31,2021-08-03,0.0,5204790000.0,5071238750.0,,,0.189,34.654,-234616000.0,366255000.0,366255000.0,361944000.0,366213000.0,,0.078,145614000.0,,,145614000.0,0.0,182890000.0,0.0,0.032,1.8,366973000.0,549863000.0,0.574,549863000.0,366973000.0,366213000.0,1.39,1.38,1.39,4429967000.0,4425657750.0,4429967000.0,6764652962.0,18.0,12.302,382048000.0,2.989,1.0,596213000.0,0.622,182889000.0,760000.0,4801260000.0,4556589750.0,0.0,341304000.0,,,345920000.0,,,7204672962.0,161422000.0,96995000.0,29634000.0,-41204000.0,-410260000.0,-297604000.0,-157638000.0,-17785000.0,616664000.0,0.0,366213000.0,178063000.0,178063000.0,255000.0,0.0,0.186,202953000.0,393260000.0,0.0,1.295,1.626,40.461,40.108,4246710000.0,188150000.0,55.75,7.519,7.438,0.0,-142604000.0,958157000.0,958157000.0,0.0,0.035,0.04,0.081,0.383,2490000.0,18813000.0,1.0,129231802.0,127836000.0,128681000.0,7.495,5021901000.0,0.0,0.0,0.0,39.284,
67,PSA,MRT,2004-09-30,2004-09-30,2004-09-30,2021-08-03,0.0,5077913000.0,5012058500.0,,,0.187,34.956,-103699000.0,475280000.0,475280000.0,358799000.0,344912000.0,,0.044,35260000.0,,,35260000.0,0.0,163387000.0,0.0,0.036,1.8,345012000.0,508399000.0,0.542,508399000.0,345012000.0,344912000.0,1.23,1.22,1.23,4477327000.0,4373115750.0,4477327000.0,5990053100.0,17.0,11.782,476694000.0,3.722,1.0,578404000.0,0.617,184540000.0,100000.0,4453353000.0,4518718000.0,0.0,335965000.0,,,196819000.0,,,6376204100.0,429977000.0,22538000.0,51305000.0,-46772000.0,-406633000.0,-53170000.0,-97246000.0,-27642000.0,580393000.0,0.0,344912000.0,157318000.0,157318000.0,-3787000.0,0.0,0.168,213579000.0,364825000.0,0.0,1.463,1.424,40.531,40.285,4012391000.0,187594000.0,49.55,6.803,6.772,0.0,-145508000.0,937203000.0,937203000.0,0.0,0.031,0.036,0.076,0.368,530000.0,19789000.0,1.0,128682222.0,128085000.0,128826000.0,7.317,4893373000.0,0.0,0.0,0.0,38.204,
68,PSA,MRT,2004-06-30,2004-06-30,2004-06-30,2021-08-03,0.0,5041872000.0,4928141500.0,,,0.188,34.813,-93591000.0,421448000.0,421448000.0,355440000.0,337144000.0,,0.043,35297000.0,,,35297000.0,0.0,187504000.0,0.0,0.039,1.8,337540000.0,525044000.0,0.568,525044000.0,337540000.0,337144000.0,1.24,1.23,1.24,4443298000.0,4273773750.0,4443298000.0,5643893580.0,17.0,10.749,511838000.0,4.01,1.0,569597000.0,0.616,186191000.0,396000.0,4469530000.0,4552404750.0,0.0,335766000.0,,,192179000.0,,,5914215580.0,380085000.0,539000.0,58327000.0,-71643000.0,-400280000.0,-90540000.0,-134804000.0,-32467000.0,605429000.0,0.0,337144000.0,157900000.0,157900000.0,-4344000.0,0.0,0.171,213811000.0,355786000.0,0.0,1.452,1.331,37.455,37.105,4016973000.0,179244000.0,46.01,6.393,6.348,0.0,-139458000.0,925037000.0,925037000.0,0.0,0.032,0.037,0.074,0.365,530000.0,18904000.0,1.0,128541960.0,127632000.0,128548000.0,7.248,4855681000.0,0.0,0.0,0.0,38.044,
69,PSA,MRT,2004-03-31,2004-03-31,2004-03-31,2021-08-03,0.0,4960380000.0,4852694750.0,,,0.188,34.219,-100740000.0,319635000.0,319635000.0,353031000.0,329081000.0,,0.042,49313000.0,,,49313000.0,0.0,187110000.0,0.0,0.037,1.8,329849000.0,516959000.0,0.567,516959000.0,329849000.0,329081000.0,1.2,1.19,1.2,4352039000.0,4179325500.0,4352039000.0,6094740151.0,18.0,11.79,470361000.0,3.698,1.0,559398000.0,0.613,187842000.0,768000.0,4502216000.0,4588239000.0,0.0,336227000.0,,,183813000.0,,,6223543151.0,264618000.0,1723000.0,75520000.0,-64798000.0,-395934000.0,-199947000.0,-106536000.0,1766000.0,571101000.0,0.0,329081000.0,151818000.0,151818000.0,-3380000.0,0.0,0.166,214666000.0,344732000.0,0.0,1.5,1.43,40.993,40.55,4033036000.0,177263000.0,48.66,6.821,6.783,0.0,-130255000.0,912429000.0,912429000.0,0.0,0.031,0.036,0.072,0.362,530000.0,18761000.0,1.0,127898544.0,127182000.0,128387000.0,7.174,4772538000.0,0.0,0.0,0.0,37.525,
70,PSA,MRT,2003-12-31,2003-12-31,2003-12-31,2021-08-03,0.0,4968069000.0,4803898250.0,,,0.186,33.71,-97720000.0,204833000.0,204833000.0,341182000.0,336653000.0,,0.076,76030000.0,,,76030000.0,0.0,184063000.0,0.0,0.041,1.8,337774000.0,521837000.0,0.584,521837000.0,337774000.0,336653000.0,1.29,1.28,1.29,4219799000.0,4112108500.0,4219799000.0,5542271824.0,16.0,10.621,473667000.0,3.784,1.0,552774000.0,0.618,189493000.0,1121000.0,4649773000.0,4620145500.0,0.0,437206000.0,,,322133000.0,,,5505272824.0,101709000.0,-100340000.0,62617000.0,-39837000.0,-393561000.0,-264545000.0,-205133000.0,2212000.0,571387000.0,0.0,336653000.0,161836000.0,161836000.0,-3920000.0,0.0,0.181,201190000.0,351584000.0,0.0,1.395,1.305,34.018,33.636,4054295000.0,174817000.0,43.39,6.158,6.076,0.0,-98557000.0,893956000.0,893956000.0,0.0,0.034,0.039,0.073,0.378,530000.0,17127000.0,1.0,126878839.0,125181000.0,126517000.0,7.141,4778576000.0,0.0,0.0,0.0,38.173,
71,PSA,MRT,2003-09-30,2003-09-30,2003-09-30,2021-08-03,0.0,4742245000.0,4772796500.0,,,0.177,32.502,-103376000.0,45303000.0,45303000.0,305861000.0,317897000.0,,0.057,82302000.0,,,82302000.0,0.0,206132000.0,0.0,0.046,1.8,319543000.0,525675000.0,0.622,525675000.0,319543000.0,317897000.0,1.19,1.18,1.19,4079959000.0,4096901000.0,4079959000.0,5007755531.0,16.0,9.526,496393000.0,3.954,1.0,539637000.0,0.638,191144000.0,1646000.0,4588100000.0,4622779250.0,0.0,336886000.0,,,234024000.0,,,4942178531.0,-230952000.0,-34283000.0,38683000.0,-39550000.0,-391030000.0,-679001000.0,-151720000.0,14130000.0,599769000.0,0.0,317897000.0,147863000.0,147863000.0,6800000.0,0.0,0.175,195798000.0,343839000.0,0.0,1.513,1.211,33.424,32.966,4074017000.0,170034000.0,39.23,5.845,5.824,0.0,-83787000.0,845498000.0,845498000.0,0.0,0.031,0.036,0.069,0.378,0.0,16667000.0,1.0,125979570.0,125528000.0,126802000.0,6.736,4551101000.0,0.0,0.0,0.0,36.256,
72,PSA,MRT,2003-06-30,2003-06-30,2003-06-30,2021-08-03,0.0,4740085000.0,4846726500.0,,,0.172,32.629,-124304000.0,41363000.0,41363000.0,300148000.0,311501000.0,,0.06,106940000.0,,,106940000.0,0.0,204153000.0,0.0,0.053,1.8,313820000.0,517973000.0,0.62,517973000.0,313820000.0,311501000.0,1.07,1.06,1.07,4065505000.0,4123905500.0,4065505000.0,4302308870.0,14.0,8.306,465491000.0,3.736,1.0,535894000.0,0.641,192795000.0,2319000.0,4612867000.0,4647140250.0,0.0,335246000.0,,,244326000.0,,,4243214870.0,-130801000.0,-23408000.0,23149000.0,-15459000.0,-392685000.0,-550409000.0,-170187000.0,-7689000.0,589795000.0,0.0,311501000.0,131844000.0,131844000.0,11459000.0,0.0,0.158,194421000.0,341473000.0,0.0,1.682,1.044,32.184,31.654,4083658000.0,179657000.0,33.87,5.075,5.048,0.0,-76322000.0,836042000.0,836042000.0,0.0,0.027,0.032,0.068,0.375,0.0,15993000.0,1.0,125279447.0,124599000.0,125854000.0,6.71,4547290000.0,0.0,0.0,0.0,36.495,
73,PSA,MRT,2003-03-31,2003-03-31,2003-03-31,2021-08-03,0.0,4765194000.0,4883149750.0,,,0.169,32.908,-129999000.0,55017000.0,55017000.0,289994000.0,307922000.0,,0.06,114111000.0,,,114111000.0,0.0,204205000.0,0.0,0.059,1.8,311082000.0,515287000.0,0.623,515287000.0,311082000.0,307922000.0,1.03,1.03,1.03,4083171000.0,4159616000.0,4083171000.0,3790593117.0,12.0,7.356,456050000.0,3.676,1.0,537049000.0,0.649,194446000.0,3160000.0,4629842000.0,4653077000.0,0.0,355838000.0,,,243622000.0,,,3777850117.0,-137264000.0,-24750000.0,19711000.0,-13965000.0,-393858000.0,-525281000.0,-198032000.0,-28497000.0,586049000.0,0.0,307922000.0,127128000.0,127128000.0,11267000.0,0.0,0.154,194079000.0,342970000.0,0.0,1.748,0.925,29.717,29.417,4082938000.0,180794000.0,30.3,4.568,4.546,0.0,-63402000.0,827043000.0,827043000.0,0.0,0.026,0.031,0.067,0.376,0.0,15869000.0,1.0,124681522.0,124078000.0,125232000.0,6.666,4570748000.0,0.0,0.0,0.0,36.838,
74,PSA,MRT,2002-12-31,2002-12-31,2002-12-31,2021-08-03,0.0,4843662000.0,4915163000.0,,,0.168,33.811,-143011000.0,103124000.0,103124000.0,281497000.0,318738000.0,,0.059,115867000.0,,,115867000.0,0.0,202912000.0,0.0,0.056,1.8,322547000.0,525459000.0,0.638,525459000.0,322547000.0,318738000.0,1.15,1.14,1.15,4158969000.0,4188233500.0,4158969000.0,3867613569.0,12.0,7.36,448272000.0,3.644,1.0,542216000.0,0.658,196097000.0,3809000.0,4660308000.0,4652614500.0,0.0,354003000.0,,,245194000.0,,,4022286569.0,53777000.0,-173636000.0,22952000.0,-52685000.0,-391726000.0,-211720000.0,-325786000.0,5647000.0,591283000.0,0.0,318738000.0,141423000.0,141423000.0,11476000.0,0.0,0.172,191453000.0,350763000.0,0.0,1.565,0.967,28.442,28.096,4106303000.0,177315000.0,32.31,4.883,4.825,0.0,-41649000.0,823713000.0,823713000.0,0.0,0.029,0.034,0.069,0.392,0.0,15619000.0,1.0,124490454.0,123005000.0,124571000.0,6.697,4647565000.0,0.0,0.0,0.0,37.784,
75,PSA,MRT,2002-09-30,2002-09-30,2002-09-30,2021-08-03,0.0,5037965000.0,4860717250.0,,,0.168,33.954,-171582000.0,276255000.0,276255000.0,267654000.0,335720000.0,,0.097,121582000.0,,,121582000.0,0.0,201999000.0,0.0,0.056,1.8,339208000.0,541207000.0,0.664,541207000.0,339208000.0,335720000.0,1.22,1.2,1.22,4187977000.0,4125887000.0,4187977000.0,3881189507.0,11.0,7.171,407029000.0,3.3,1.0,547918000.0,0.672,197748000.0,3488000.0,4685544000.0,4623133250.0,0.0,351965000.0,,,408128000.0,,,3930954507.0,-12138000.0,-216181000.0,33016000.0,-27476000.0,-385541000.0,-196295000.0,-394454000.0,2198000.0,578611000.0,0.0,335720000.0,148321000.0,148321000.0,6572000.0,0.0,0.182,192083000.0,355835000.0,0.0,1.475,0.939,26.503,26.148,4124493000.0,187399000.0,31.9,4.82,4.824,0.0,-10654000.0,815572000.0,815572000.0,0.0,0.031,0.036,0.073,0.416,0.0,16762000.0,1.0,123227414.0,123341000.0,124784000.0,6.612,4840217000.0,0.0,0.0,0.0,39.243,
76,PSA,MRT,2002-06-30,2002-06-30,2002-06-30,2021-08-03,0.0,4885778000.0,4794637500.0,,,0.168,34.264,-171837000.0,172164000.0,172164000.0,263433000.0,335973000.0,,0.053,122399000.0,,,122399000.0,0.0,200796000.0,0.0,0.036,1.35,339420000.0,540216000.0,0.672,540216000.0,339420000.0,335973000.0,1.36,1.34,1.36,4208347000.0,4080014500.0,4208347000.0,4494163223.0,13.0,8.319,389226000.0,3.169,1.0,541024000.0,0.673,199399000.0,3447000.0,4636614000.0,4565816750.0,0.0,347684000.0,,,221774000.0,,,4558368223.0,121403000.0,-229524000.0,29953000.0,-27397000.0,-416731000.0,-55003000.0,-384657000.0,25593000.0,561063000.0,0.0,335973000.0,164715000.0,164715000.0,1536000.0,0.0,0.205,191864000.0,349160000.0,0.0,0.993,1.083,27.674,27.279,4093892000.0,171258000.0,37.1,5.666,5.664,0.0,4862000.0,804457000.0,804457000.0,0.0,0.034,0.04,0.074,0.422,0.0,18759000.0,1.0,122867068.0,122821000.0,124824000.0,6.55,4686379000.0,0.0,0.0,0.0,38.156,
77,PSA,MRT,2002-03-31,2002-03-31,2002-03-31,2021-08-03,0.0,4893247000.0,4701583500.0,,,0.169,34.422,-185830000.0,192281000.0,192281000.0,260410000.0,337028000.0,,0.054,128076000.0,,,128076000.0,0.0,195481000.0,0.0,0.03,1.12,340386000.0,535867000.0,0.675,535867000.0,340386000.0,337028000.0,1.46,1.43,1.46,4197641000.0,3959765750.0,4197641000.0,4330719402.0,13.0,8.082,394553000.0,3.235,1.0,533711000.0,0.672,201050000.0,3358000.0,4627992000.0,4514722250.0,0.0,346118000.0,,,227529000.0,,,4470054402.0,151804000.0,-231886000.0,25586000.0,-52187000.0,-378845000.0,-38558000.0,-390021000.0,36584000.0,580383000.0,0.0,337028000.0,175032000.0,175032000.0,296000.0,0.0,0.22,188419000.0,345292000.0,0.0,0.767,1.065,25.538,25.349,4084103000.0,161996000.0,37.01,5.629,5.683,0.0,22534000.0,794121000.0,794121000.0,0.0,0.037,0.044,0.075,0.429,0.0,19454000.0,1.0,120779638.0,121946000.0,124065000.0,6.512,4692197000.0,0.0,0.0,0.0,38.478,
78,PSA,MRT,2001-12-31,2001-12-31,2001-12-31,2021-08-03,0.0,4625879000.0,4600294750.0,,,0.168,31.965,-203335000.0,49347000.0,49347000.0,257244000.0,324208000.0,,0.067,168552000.0,,,168552000.0,0.0,190010000.0,0.0,0.027,0.89,327435000.0,517445000.0,0.668,517445000.0,327435000.0,324208000.0,1.41,1.39,1.41,3909583000.0,3835659500.0,3909583000.0,3894704909.0,12.0,7.527,335199000.0,2.741,1.0,517290000.0,0.668,202701000.0,3227000.0,4542383000.0,4469021500.0,0.0,538644000.0,,,261695000.0,,,4034039909.0,-40120000.0,-84192000.0,-186184000.0,12549000.0,-342030000.0,-272596000.0,-306058000.0,-9642000.0,538534000.0,0.0,324208000.0,171939000.0,171939000.0,521000.0,0.0,0.222,185952000.0,331338000.0,0.0,0.631,1.032,23.462,23.688,3762304000.0,152269000.0,33.4,5.208,5.274,0.0,31339000.0,774534000.0,774534000.0,0.0,0.037,0.045,0.073,0.423,0.0,21038000.0,1.0,120779638.0,122310000.0,123577000.0,6.333,4423178000.0,0.0,0.0,0.0,36.164,
79,PSA,MRT,2001-09-30,2001-09-30,2001-09-30,2021-08-03,0.0,4773646000.0,4572310250.0,,,0.165,33.345,-237156000.0,288393000.0,288393000.0,262944000.0,314584000.0,,0.066,149058000.0,,,149058000.0,0.0,185903000.0,0.0,0.02,0.66,317607000.0,503510000.0,0.668,503510000.0,317607000.0,314584000.0,1.5,1.49,1.5,4004487000.0,3789293000.0,4004487000.0,4122943654.0,13.0,8.188,334535000.0,2.786,1.0,490955000.0,0.651,178033000.0,3023000.0,4456278000.0,4432290750.0,0.0,488594000.0,,,266057000.0,,,4023908654.0,183794000.0,-117566000.0,-142345000.0,-11665000.0,-307563000.0,-76678000.0,-311219000.0,-8522000.0,571691000.0,0.0,314584000.0,186516000.0,186516000.0,1345000.0,0.0,0.247,185945000.0,305010000.0,0.0,0.44,1.005,21.574,22.267,3746859000.0,128068000.0,33.4,5.337,5.32,0.0,39167000.0,753899000.0,753899000.0,0.0,0.041,0.049,0.072,0.421,0.0,23798000.0,1.0,120476307.0,120092000.0,121754000.0,6.278,4595613000.0,0.0,0.0,0.0,38.267,
80,PSA,MRT,2001-06-30,2001-06-30,2001-06-30,2021-08-03,0.0,4513562000.0,4500568250.0,,,0.166,30.872,-278206000.0,50761000.0,50761000.0,258737000.0,306632000.0,,0.069,149796000.0,,,149796000.0,0.0,180271000.0,0.0,0.05,1.48,309353000.0,489624000.0,0.657,489624000.0,309353000.0,306632000.0,1.46,1.45,1.46,3727352000.0,3710965000.0,3727352000.0,3715188949.0,12.0,7.588,276781000.0,2.292,1.0,486857000.0,0.653,180361000.0,2721000.0,4432236000.0,4407086250.0,0.0,483862000.0,,,258548000.0,,,3575402949.0,-189190000.0,-119559000.0,-146103000.0,-11590000.0,-312366000.0,-322030000.0,-422147000.0,-9631000.0,554987000.0,0.0,306632000.0,184921000.0,184921000.0,1278000.0,0.0,0.248,180631000.0,306226000.0,0.0,1.014,0.959,19.335,20.308,3731685000.0,121711000.0,29.65,4.795,4.801,0.0,85620000.0,745594000.0,745594000.0,0.0,0.041,0.05,0.07,0.415,0.0,23269000.0,1.0,120586946.0,120734000.0,121639000.0,6.176,4333201000.0,0.0,0.0,0.0,35.89,
81,PSA,MRT,2001-03-31,2001-03-31,2001-03-31,2021-08-03,0.0,4488092000.0,4491235750.0,,,0.164,28.89,-280075000.0,40477000.0,40477000.0,253002000.0,299162000.0,,0.07,180263000.0,,,180263000.0,0.0,173851000.0,0.0,0.056,1.48,302020000.0,475871000.0,0.646,475871000.0,302020000.0,299162000.0,1.41,1.41,1.41,3701216000.0,3715995750.0,3701216000.0,3407834818.0,11.0,7.161,237984000.0,1.858,1.0,483128000.0,0.656,182689000.0,2858000.0,4445189000.0,4351026500.0,0.0,479456000.0,,,258048000.0,,,3341298818.0,-234204000.0,-119441000.0,-181172000.0,13522000.0,-308377000.0,-328949000.0,-423314000.0,-9047000.0,518059000.0,0.0,299162000.0,183790000.0,183790000.0,1278000.0,0.0,0.25,175628000.0,307500000.0,0.0,1.05,0.903,18.18,18.617,3722334000.0,115372000.0,26.25,4.539,4.568,0.0,64351000.0,736130000.0,736130000.0,0.0,0.041,0.049,0.069,0.41,0.0,23845000.0,1.0,127287574.0,128114000.0,128699000.0,5.746,4305403000.0,0.0,0.0,0.0,33.606,
82,PSA,MRT,2000-12-31,2000-12-31,2000-12-31,2021-08-03,0.0,4513941000.0,4492299750.0,,,0.159,28.306,-270560000.0,89467000.0,89467000.0,245265000.0,297088000.0,,0.069,156003000.0,,,156003000.0,0.0,170020000.0,0.0,0.061,1.48,300381000.0,470401000.0,0.658,470401000.0,300381000.0,297088000.0,1.41,1.41,1.41,3724117000.0,3729975000.0,3724117000.0,3246981038.0,11.0,6.903,255215000.0,1.94,1.0,469621000.0,0.657,185017000.0,3293000.0,4395460000.0,4287831750.0,0.0,475166000.0,,,256906000.0,,,3190857038.0,34342000.0,-156532000.0,-4873000.0,-11335000.0,-343388000.0,-25969000.0,-465464000.0,-23621000.0,525775000.0,0.0,297088000.0,185908000.0,185908000.0,1278000.0,0.0,0.26,169501000.0,300120000.0,0.0,1.05,0.857,17.164,17.241,3704986000.0,111180000.0,24.31,4.463,4.474,0.0,49161000.0,714886000.0,714886000.0,0.0,0.041,0.05,0.07,0.42,0.0,21306000.0,1.0,131256974.0,131566000.0,131657000.0,5.434,4328924000.0,0.0,0.0,0.0,32.903,
83,PSA,MRT,2000-09-30,2000-09-30,2000-09-30,2021-08-03,0.0,4486678000.0,4417410750.0,,,0.167,28.159,-243124000.0,104599000.0,104599000.0,243572000.0,298156000.0,,0.072,160723000.0,,,160723000.0,0.0,166501000.0,0.0,0.062,1.48,303550000.0,470051000.0,0.637,470051000.0,303550000.0,298156000.0,1.46,1.45,1.46,3691175000.0,3721220750.0,3691175000.0,3064871314.0,10.0,6.52,253916000.0,1.937,1.0,494658000.0,0.67,187342000.0,5394000.0,4355460000.0,4222034750.0,0.0,497236000.0,,,267097000.0,,,3143436314.0,18831000.0,-303081000.0,-120801000.0,-11229000.0,-339059000.0,-32101000.0,-446108000.0,-14161000.0,497040000.0,0.0,298156000.0,190429000.0,190429000.0,0.0,0.0,0.258,162840000.0,331818000.0,0.0,1.014,0.852,16.507,16.397,3629302000.0,107727000.0,23.94,4.258,4.251,0.0,32147000.0,738230000.0,738230000.0,0.0,0.043,0.051,0.072,0.411,0.0,17177000.0,1.0,131304775.0,131084000.0,131261000.0,5.632,4299336000.0,0.0,0.0,0.0,32.798,
84,PSA,MRT,2000-06-30,2000-06-30,2000-06-30,2021-08-03,0.0,4476232000.0,4347276000.0,,,0.166,28.479,-187938000.0,239951000.0,239951000.0,233752000.0,299256000.0,,0.066,161386000.0,,,161386000.0,0.0,164849000.0,0.0,0.038,0.88,306160000.0,471009000.0,0.653,471009000.0,306160000.0,299256000.0,1.5,1.48,1.5,3747475000.0,3747962250.0,3747475000.0,2994349399.0,10.0,6.357,301331000.0,2.29,1.0,487475000.0,0.676,189670000.0,6904000.0,4207997000.0,4157087750.0,0.0,490564000.0,,,248498000.0,,,3102289399.0,172016000.0,-294210000.0,-148940000.0,-11165000.0,-256940000.0,18175000.0,-335428000.0,-25176000.0,489269000.0,0.0,299256000.0,194810000.0,194810000.0,0.0,0.0,0.27,160266000.0,327209000.0,0.0,0.587,0.828,15.925,15.633,3483184000.0,104446000.0,23.45,4.301,4.278,0.0,91355000.0,721227000.0,721227000.0,0.0,0.045,0.052,0.074,0.424,0.0,15694000.0,1.0,132293791.0,131588000.0,131734000.0,5.481,4286562000.0,0.0,0.0,0.0,32.576,
85,PSA,MRT,2000-03-31,2000-03-31,2000-03-31,2021-08-03,0.0,4492348000.0,4265203750.0,,,0.165,28.296,-152361000.0,274681000.0,274681000.0,226874000.0,298604000.0,,0.067,166741000.0,,,166741000.0,0.0,164221000.0,0.0,0.042,0.88,306777000.0,470998000.0,0.668,470998000.0,306777000.0,298604000.0,1.54,1.52,1.54,3757133000.0,3743329000.0,3757133000.0,2892870397.0,9.0,6.142,329467000.0,2.481,1.0,478440000.0,0.678,191998000.0,8173000.0,4192410000.0,4118483500.0,0.0,508827000.0,,,250876000.0,,,2780657397.0,172106000.0,-283844000.0,-110058000.0,-14104000.0,-253237000.0,61139000.0,-370861000.0,-38302000.0,481828000.0,0.0,298604000.0,198045000.0,198045000.0,0.0,0.0,0.281,156775000.0,321665000.0,0.0,0.571,0.74,14.041,13.636,3441342000.0,100559000.0,21.0,3.942,3.953,0.0,73567000.0,705314000.0,705314000.0,0.0,0.046,0.053,0.074,0.435,0.0,13178000.0,1.0,132412257.0,132781000.0,132902000.0,5.312,4300350000.0,0.0,0.0,0.0,32.387,
86,PSA,MRT,1999-12-31,1999-12-31,1999-12-31,2021-08-03,0.0,4214385000.0,4169739500.0,,,0.162,29.207,-152054000.0,55125000.0,55125000.0,216816000.0,287885000.0,,0.092,167338000.0,,,167338000.0,0.0,157440000.0,0.0,0.039,0.88,295856000.0,453296000.0,0.67,453296000.0,295856000.0,287885000.0,1.53,1.52,1.53,3689100000.0,3725004000.0,3689100000.0,3180062091.0,11.0,7.015,311238000.0,2.464,1.0,459918000.0,0.68,194326000.0,7971000.0,4132272000.0,4067244500.0,0.0,476327000.0,,,338685000.0,,,3093878091.0,3900000.0,-288466000.0,-98565000.0,-14088000.0,-208090000.0,-7183000.0,-452209000.0,-11689000.0,463292000.0,0.0,287885000.0,193092000.0,193092000.0,0.0,0.0,0.285,150210000.0,309708000.0,82086000.0,0.575,0.839,16.023,14.83,3429785000.0,94793000.0,22.69,4.572,4.235,0.0,57386000.0,676734000.0,676734000.0,0.0,0.046,0.052,0.073,0.437,0.0,12491000.0,1.0,136354257.0,126308000.0,126669000.0,5.358,4020059000.0,0.0,0.0,0.0,31.827,
87,PSA,MRT,1999-09-30,1999-09-30,1999-09-30,2021-08-03,0.0,4206139000.0,3967119250.0,,,0.163,29.434,-136503000.0,85768000.0,85768000.0,210240000.0,271415000.0,,0.072,171952000.0,,,171952000.0,0.0,149068000.0,0.0,0.035,0.88,278866000.0,427934000.0,0.661,427934000.0,278866000.0,271415000.0,1.48,1.48,1.48,3798141000.0,3582564000.0,3798141000.0,3538592143.0,13.0,8.269,300278000.0,2.327,1.0,437264000.0,0.675,196651000.0,7451000.0,4095672000.0,3841794000.0,0.0,465395000.0,,,271605000.0,,,3433976143.0,30818000.0,-95082000.0,-38832000.0,-13665000.0,-199371000.0,11139000.0,-417102000.0,-3176000.0,436781000.0,0.0,271415000.0,182596000.0,182596000.0,0.0,0.0,0.282,142100000.0,295164000.0,0.0,0.595,0.904,18.806,17.02,3384476000.0,88819000.0,25.19,5.303,5.02,0.0,117060000.0,647504000.0,647504000.0,0.0,0.046,0.051,0.073,0.431,0.0,11419000.0,1.0,136322991.0,129041000.0,129249000.0,5.018,4009488000.0,0.0,0.0,0.0,31.071,
88,PSA,MRT,1999-06-30,1999-06-30,1999-06-30,2021-08-03,0.0,4147943000.0,3768542750.0,,,0.164,28.928,-129596000.0,67935000.0,67935000.0,205943000.0,256949000.0,,0.072,172551000.0,,,172551000.0,0.0,140132000.0,0.0,0.031,0.88,263095000.0,403227000.0,0.652,403227000.0,263095000.0,256949000.0,1.44,1.45,1.44,3728942000.0,3407604750.0,3728942000.0,3873333104.0,15.0,9.606,284863000.0,2.21,1.0,412341000.0,0.667,198979000.0,6146000.0,4053580000.0,3627011000.0,0.0,445179000.0,,,267804000.0,,,3795063104.0,-114772000.0,-92507000.0,-68334000.0,-13704000.0,-191147000.0,-68761000.0,-460470000.0,9398000.0,414459000.0,0.0,256949000.0,173489000.0,173489000.0,0.0,0.0,0.281,131868000.0,280473000.0,0.0,0.611,1.018,21.875,19.444,3351983000.0,83460000.0,28.0,6.138,5.838,0.0,93049000.0,618284000.0,618284000.0,0.0,0.046,0.051,0.073,0.426,0.0,10584000.0,1.0,135537968.0,128904000.0,129250000.0,4.796,3948964000.0,0.0,0.0,0.0,30.635,
89,PSA,MRT,1999-03-31,1999-03-31,1999-03-31,2021-08-03,0.0,4110491000.0,3589935750.0,,,0.164,31.055,-135417000.0,102575000.0,102575000.0,203294000.0,240497000.0,,0.073,180845000.0,,,180845000.0,0.0,129884000.0,0.0,0.035,0.88,245046000.0,374930000.0,0.639,374930000.0,245046000.0,240497000.0,1.38,1.38,1.38,3683833000.0,3258096750.0,3683833000.0,3424720225.0,14.0,9.134,252255000.0,2.127,1.0,383794000.0,0.654,201307000.0,4549000.0,3987454000.0,3395809750.0,0.0,491336000.0,,,269717000.0,,,3394519225.0,-140617000.0,-194857000.0,-42927000.0,-12652000.0,-183690000.0,-37744000.0,-490545000.0,24052000.0,387672000.0,0.0,240497000.0,160732000.0,160732000.0,0.0,0.0,0.274,121457000.0,262337000.0,0.0,0.638,0.921,21.119,18.116,3243845000.0,79765000.0,25.0,5.782,5.051,0.0,71657000.0,587088000.0,587088000.0,0.0,0.045,0.049,0.072,0.417,0.0,9750000.0,1.0,135780769.0,118624000.0,119014000.0,4.949,3909184000.0,0.0,0.0,0.0,32.954,
90,PSA,MRT,1998-12-31,1998-12-31,1998-12-31,2021-08-03,0.0,3403904000.0,3465764000.0,,,0.168,27.38,-146635000.0,51225000.0,51225000.0,205835000.0,227019000.0,,0.047,81426000.0,,,81426000.0,0.0,125683000.0,0.0,0.033,0.88,231526000.0,357209000.0,0.615,357209000.0,231526000.0,227019000.0,1.3,1.3,1.3,3119340000.0,3105156250.0,3119340000.0,3351057860.0,14.0,9.381,226357000.0,1.987,1.0,375250000.0,0.646,203635000.0,4507000.0,3230470000.0,3215951750.0,0.0,455928000.0,,,145239000.0,,,3320390860.0,9770000.0,-146765000.0,165604000.0,-22131000.0,-179101000.0,-7991000.0,-355231000.0,24052000.0,372992000.0,0.0,227019000.0,148644000.0,148644000.0,0.0,0.0,0.256,123434000.0,251816000.0,0.0,0.677,1.064,22.338,20.815,2634253000.0,78375000.0,27.06,5.714,5.305,0.0,59677000.0,581085000.0,581085000.0,0.0,0.043,0.048,0.072,0.398,0.0,11635000.0,1.0,122704762.0,113929000.0,114357000.0,5.1,3200269000.0,0.0,0.0,0.0,28.09,
91,PSA,MRT,1998-09-30,1998-09-30,1998-09-30,2021-08-03,0.0,3411833000.0,3442699250.0,,,0.164,26.613,-155759000.0,54950000.0,54950000.0,203763000.0,213381000.0,,0.053,85617000.0,,,85617000.0,0.0,123491000.0,0.0,0.033,0.88,217278000.0,340769000.0,0.602,340769000.0,217278000.0,213381000.0,1.21,1.19,1.21,3098304000.0,3037561250.0,3098304000.0,3214346187.0,15.0,9.433,201161000.0,1.728,1.0,362546000.0,0.64,205960000.0,3897000.0,3236540000.0,3198535250.0,0.0,455027000.0,,,162997000.0,,,3310798187.0,-27711000.0,-91232000.0,221045000.0,-14731000.0,-179041000.0,16685000.0,-401316000.0,-21150000.0,356920000.0,0.0,213381000.0,133800000.0,133800000.0,0.0,0.0,0.236,125220000.0,237326000.0,0.0,0.727,1.069,24.744,22.157,2624277000.0,79581000.0,26.81,5.846,5.512,0.0,45016000.0,566309000.0,566309000.0,0.0,0.039,0.044,0.068,0.384,0.0,15957000.0,1.0,123491167.0,116421000.0,116726000.0,4.864,3205873000.0,0.0,0.0,0.0,27.537,
92,PSA,MRT,1998-06-30,1998-06-30,1998-06-30,2021-08-03,0.0,3433515000.0,,,,,27.471,-183484000.0,182707000.0,182707000.0,201957000.0,197643000.0,,0.047,86255000.0,,,86255000.0,0.0,117087000.0,0.0,0.031,0.88,202971000.0,320058000.0,0.59,320058000.0,202971000.0,197643000.0,1.11,1.09,1.11,3130910000.0,,3130910000.0,3257913760.0,16.0,10.179,148470000.0,1.303,1.0,340616000.0,0.628,208288000.0,5328000.0,3128775000.0,,0.0,518709000.0,,,148531000.0,,,3393079760.0,103790000.0,-146771000.0,279684000.0,-17860000.0,-174410000.0,233851000.0,-462015000.0,-21150000.0,331954000.0,0.0,197643000.0,118799000.0,118799000.0,0.0,0.0,0.219,120421000.0,220195000.0,0.0,0.793,1.084,28.562,25.225,2461198000.0,78844000.0,28.0,6.254,5.882,0.0,27247000.0,542573000.0,542573000.0,0.0,,,,0.374,0.0,14750000.0,1.0,121181420.0,113970000.0,114430000.0,4.761,3225227000.0,0.0,0.0,0.0,28.299,
93,PSA,MRT,1998-03-31,1998-03-31,1998-03-31,2021-08-03,0.0,3613804000.0,,,,,28.064,-176343000.0,243190000.0,243190000.0,188875000.0,184695000.0,,0.057,108024000.0,,,108024000.0,0.0,110892000.0,0.0,0.028,0.88,191052000.0,301944000.0,0.591,301944000.0,191052000.0,184695000.0,0.92,0.91,0.92,3072071000.0,,3072071000.0,3512136476.0,18.0,11.632,134833000.0,1.232,1.0,322002000.0,0.63,210616000.0,6357000.0,3268022000.0,,0.0,244451000.0,,,176490000.0,,,3450033476.0,117756000.0,-61521000.0,246655000.0,-14411000.0,-167275000.0,235896000.0,-429316000.0,-21150000.0,311176000.0,0.0,184695000.0,95312000.0,95312000.0,0.0,0.0,0.187,115361000.0,206641000.0,0.0,0.957,1.123,36.197,33.565,2858535000.0,89383000.0,30.88,6.753,6.617,0.0,15403000.0,510877000.0,510877000.0,0.0,,,,0.374,0.0,14179000.0,1.0,111723882.0,109466000.0,110036000.0,4.667,3403188000.0,0.0,0.0,0.0,31.089,
94,PSA,MRT,1997-12-31,1997-12-31,1997-12-31,2021-08-03,0.0,3311645000.0,2941898500.0,,,0.159,28.939,-146207000.0,41455000.0,41455000.0,165714000.0,178649000.0,,0.061,103558000.0,,,103558000.0,0.0,104224000.0,0.0,0.03,0.88,185441000.0,289665000.0,0.618,289665000.0,185441000.0,178649000.0,0.92,0.91,0.92,2848960000.0,2577198500.0,2848960000.0,,,,148350000.0,1.507,1.0,303337000.0,0.647,212944000.0,6792000.0,3160804000.0,2796145000.0,0.0,247680000.0,,,174206000.0,,,3282447653.0,14599000.0,-76148000.0,182523000.0,-4885000.0,-174574000.0,128355000.0,-408313000.0,-21150000.0,294557000.0,0.0,178649000.0,90256000.0,90256000.0,0.0,0.0,0.192,106212000.0,197125000.0,0.0,0.957,1.152,36.368,31.935,2741916000.0,88393000.0,29.38,6.998,6.166,0.0,11759000.0,469051000.0,469051000.0,0.0,0.031,0.035,0.066,0.395,0.0,13462000.0,1.0,111723882.0,98446000.0,98961000.0,4.765,3098701000.0,0.0,0.0,0.0,31.476,
95,PSA,MRT,1997-09-30,1997-09-30,1997-09-30,2021-08-03,,,,,,,,,,,,,,,,,,,,,,0.03,0.88,,,,,,,,,,,,,,,,,,1.0,,,,,,,,,,,,,,,,,,,,,,,,,,,,,,,,,,,,,,,,29.63,,,,,,,,,,,,,,1.0,,102964000.0,,,,,,,,
96,PSA,MRT,1997-06-30,1997-06-30,1997-06-30,2021-08-03,,,,,,,,,,,,,,,,,,,,,,0.03,0.88,,,,,,,,,,,,,,,,,,1.0,,,,,,,,,,,,,,,,,,,,,,,,,,,,,,,,,,,,,,,,29.25,,,,,,,,,,,,,,1.0,,97524000.0,,,,,,,,
97,PSA,MRT,1997-03-31,1997-03-31,1997-03-31,2021-08-03,,,,,,,,,,,,,,,,,,,,,,0.03,0.88,,,,,,,,,,,,,,,,,,1.0,,,,,,,,,,,,,,,,,,,,,,,,,,,,,,,,,,,,,,,,29.0,,,,,,,,,,,,,,1.0,,,,,,,,,,
98,PSA,MRT,1996-12-31,1996-12-31,1996-12-31,2021-08-03,0.0,2572152000.0,,,,,29.895,-264867000.0,26856000.0,26856000.0,97066000.0,153549000.0,,0.065,108443000.0,,,108443000.0,0.0,82417000.0,0.0,0.028,0.88,162031000.0,244448000.0,0.721,244448000.0,162031000.0,153549000.0,1.1,1.1,1.1,2305437000.0,,2305437000.0,,,,-19538000.0,-0.253,1.0,241885000.0,0.714,222253000.0,8482000.0,2431486000.0,,0.0,375206000.0,,,149910000.0,,,,-53580000.0,-99312000.0,130538000.0,-51310000.0,-136308000.0,185821000.0,-484730000.0,-1925000.0,245329000.0,0.0,153549000.0,84950000.0,84950000.0,0.0,0.0,0.251,70491000.0,171394000.0,0.0,0.8,,,28.182,1923658000.0,68599000.0,31.0,,7.053,0.0,7684000.0,338951000.0,338951000.0,0.0,,,,0.478,0.0,5524000.0,1.0,,77117000.0,77358000.0,4.395,2349899000.0,0.0,0.0,0.0,30.472,
99,PSA,MRT,1995-12-31,1995-12-31,1995-12-31,2021-08-03,,,,,,,,-127666000.0,,,72599000.0,70386000.0,,,,,,,,46056000.0,,0.046,0.88,78894000.0,124950000.0,0.588,124950000.0,78894000.0,70386000.0,0.96,0.95,0.96,,,,,,,-4087000.0,-0.1,1.0,139951000.0,0.658,,8508000.0,,,,,,,,,,,60285000.0,-53340000.0,80526000.0,-76819000.0,-69072000.0,185378000.0,-248672000.0,-10292000.0,123579000.0,0.0,70386000.0,39262000.0,39262000.0,0.0,0.0,0.185,53920000.0,86031000.0,,0.917,,,19.792,,31124000.0,19.0,,3.669,,,212550000.0,212550000.0,0.0,,,,0.371,0.0,3982000.0,1.0,,41039000.0,41171000.0,5.179,,,0.0,,,
