None,ticker,dimension,calendardate,datekey,reportperiod,lastupdated,accoci,assets,assetsavg,assetsc,assetsnc,assetturnover,bvps,capex,cashneq,cashnequsd,cor,consolinc,currentratio,de,debt,debtc,debtnc,debtusd,deferredrev,depamor,deposits,divyield,dps,ebit,ebitda,ebitdamargin,ebitdausd,ebitusd,ebt,eps,epsdil,epsusd,equity,equityavg,equityusd,ev,evebit,evebitda,fcf,fcfps,fxusd,gp,grossmargin,intangibles,intexp,invcap,invcapavg,inventory,investments,investmentsc,investmentsnc,liabilities,liabilitiesc,liabilitiesnc,marketcap,ncf,ncfbus,ncfcommon,ncfdebt,ncfdiv,ncff,ncfi,ncfinv,ncfo,ncfx,netinc,netinccmn,netinccmnusd,netincdis,netincnci,netmargin,opex,opinc,payables,payoutratio,pb,pe,pe1,ppnenet,prefdivis,price,ps,ps1,receivables,retearn,revenue,revenueusd,rnd,roa,roe,roic,ros,sbcomp,sgna,sharefactor,sharesbas,shareswa,shareswadil,sps,tangibles,taxassets,taxexp,taxliabilities,tbvps,workingcapital
0,TFX,MRY,2020-12-31,2020-12-31,2020-12-31,2021-07-29,0.0,7152559000.0,6808135250.0,1422425000.0,5730134000.0,0.373,71.77,-90694000.0,375880000.0,375880000.0,1212282000.0,335324000.0,2.634,1.144,2564485000.0,100500000.0,2463985000.0,2564485000.0,0.0,227252000.0,0.0,0.003,1.36,423749000.0,651001000.0,0.257,651001000.0,423749000.0,357255000.0,7.21,7.09,7.21,3336457000.0,3185771500.0,3336457000.0,21036934893.0,50.0,32.315,345712000.0,7.437,1.0,1324874000.0,0.522,5105712000.0,66494000.0,3695425000.0,3630120000.0,513196000.0,0.0,0.0,0.0,3816102000.0,540027000.0,3276075000.0,19165462893.0,74797000.0,-766430000.0,18994000.0,575000000.0,-63221000.0,455163000.0,-837783000.0,19341000.0,436406000.0,21011000.0,335324000.0,335324000.0,335324000.0,477000.0,0.0,0.132,901806000.0,423068000.0,102520000.0,0.189,5.744,57.155,57.083,574547000.0,0.0,411.57,7.554,7.541,395071000.0,3096228000.0,2537156000.0,2537156000.0,119747000.0,0.049,0.105,0.117,0.167,20739000.0,743568000.0,1.0,46566715.0,46488000.0,47287000.0,54.577,2046847000.0,30915000.0,21931000.0,512166000.0,44.03,882398000.0
1,TFX,MRY,2019-12-31,2019-12-31,2019-12-31,2021-07-29,-344392000.0,6309820000.0,6287370250.0,1306332000.0,5003488000.0,0.413,64.487,-102695000.0,301083000.0,301083000.0,1186357000.0,461466000.0,2.32,1.118,2010315000.0,50000000.0,1960315000.0,2010315000.0,0.0,214062000.0,0.0,0.004,1.36,419658000.0,633720000.0,0.244,633720000.0,419658000.0,339388000.0,9.99,9.8,9.99,2979320000.0,2766754500.0,2979320000.0,19273294243.0,46.0,30.413,336830000.0,7.291,1.0,1409005000.0,0.543,4401590000.0,80270000.0,3054407000.0,3171462500.0,476557000.0,0.0,0.0,0.0,3330500000.0,563055000.0,2767445000.0,17427634243.0,-56078000.0,10883000.0,21206000.0,-253500000.0,-62828000.0,-418836000.0,-73481000.0,18331000.0,439525000.0,-3286000.0,461466000.0,461466000.0,461466000.0,515000.0,0.0,0.178,981751000.0,427254000.0,102916000.0,0.136,5.85,37.766,37.682,543879000.0,0.0,376.44,6.715,6.701,418673000.0,2824916000.0,2595362000.0,2595362000.0,113857000.0,0.073,0.167,0.132,0.162,26940000.0,851766000.0,1.0,46295915.0,46200000.0,47090000.0,56.177,1908230000.0,17648000.0,-122078000.0,456544000.0,41.304,743277000.0
2,TFX,MRY,2018-12-31,2018-12-31,2018-12-31,2021-07-29,-341085000.0,6277991000.0,6238658000.0,1236169000.0,5041822000.0,0.392,55.593,-80795000.0,357161000.0,357161000.0,1145567000.0,200802000.0,2.122,1.472,2158825000.0,86625000.0,2072200000.0,2158825000.0,0.0,209980000.0,0.0,0.005,1.36,327018000.0,536998000.0,0.219,536998000.0,327018000.0,223998000.0,4.39,4.29,4.39,2539978000.0,2510381000.0,2539978000.0,13682266378.0,42.0,25.479,356583000.0,7.805,1.0,1302816000.0,0.532,4571631000.0,103020000.0,2925568000.0,2958012000.0,427778000.0,0.0,0.0,0.0,3738013000.0,582456000.0,3155557000.0,11885458378.0,23603000.0,-117147000.0,22655000.0,-93500000.0,-62165000.0,-206433000.0,-196394000.0,1548000.0,437378000.0,-10948000.0,200802000.0,200802000.0,200802000.0,-4370000.0,0.0,0.082,981112000.0,321704000.0,106709000.0,0.31,4.679,59.19,58.879,432766000.0,0.0,258.48,4.854,4.823,366286000.0,2427599000.0,2448383000.0,2448383000.0,106208000.0,0.032,0.08,0.111,0.134,22438000.0,797062000.0,1.0,45982120.0,45689000.0,46801000.0,53.588,1706360000.0,14909000.0,23196000.0,624882000.0,37.347,653713000.0
3,TFX,MRY,2017-12-31,2017-12-31,2017-12-31,2021-07-29,-265091000.0,6181492000.0,5596171250.0,1128807000.0,5052685000.0,0.384,54.007,-70903000.0,333558000.0,333558000.0,974501000.0,152530000.0,2.333,1.543,2249552000.0,86625000.0,2162927000.0,2249552000.0,0.0,56497000.0,0.0,0.007,1.7,364724000.0,421221000.0,0.196,421221000.0,364724000.0,282178000.0,3.39,3.27,3.39,2430531000.0,2370110250.0,2430531000.0,12441640615.0,34.0,29.537,348982000.0,7.754,1.0,1171802000.0,0.546,4619340000.0,82546000.0,2994270000.0,2903540750.0,395744000.0,0.0,0.0,0.0,3750961000.0,483876000.0,3267085000.0,11209158615.0,-210231000.0,-1761952000.0,5571000.0,1223924000.0,-61237000.0,1141259000.0,-1832855000.0,0.0,419885000.0,61480000.0,152530000.0,152530000.0,152530000.0,2733000.0,0.0,0.071,799523000.0,372279000.0,92027000.0,0.501,4.612,73.488,73.398,382999000.0,0.0,248.82,5.223,5.217,345875000.0,2285886000.0,2146303000.0,2146303000.0,84770000.0,0.027,0.064,0.126,0.17,19407000.0,699963000.0,1.0,45049267.0,45004000.0,46664000.0,47.691,1562152000.0,9558000.0,129648000.0,627486000.0,34.711,644931000.0
4,TFX,MRY,2016-12-31,2016-12-31,2016-12-31,2021-07-29,-438717000.0,3891213000.0,3959138750.0,1183393000.0,2707820000.0,0.472,49.337,-53135000.0,543789000.0,543789000.0,871827000.0,237841000.0,2.767,0.82,1033323000.0,183071000.0,850252000.0,1033323000.0,0.0,54415000.0,0.0,0.008,1.36,300392000.0,354807000.0,0.19,354807000.0,300392000.0,245451000.0,5.48,4.98,5.48,2137517000.0,2121502000.0,2137517000.0,7631582465.0,25.0,21.509,355345000.0,8.202,1.0,996200000.0,0.533,2368383000.0,54941000.0,1584718000.0,1587277500.0,316171000.0,0.0,0.0,0.0,1751872000.0,427646000.0,1324226000.0,7099179465.0,205423000.0,-3839000.0,9068000.0,-42865000.0,-58960000.0,-118692000.0,-56974000.0,0.0,408480000.0,-27391000.0,237377000.0,237377000.0,237377000.0,-190000.0,464000.0,0.127,676747000.0,319453000.0,69400000.0,0.248,3.321,29.907,29.407,302899000.0,0.0,161.15,3.8,3.738,271993000.0,2194593000.0,1868027000.0,1868027000.0,58579000.0,0.06,0.112,0.189,0.161,16871000.0,563308000.0,1.0,44053239.0,43325000.0,47646000.0,43.117,1522830000.0,9891000.0,8074000.0,296805000.0,35.149,755747000.0
5,TFX,MRY,2015-12-31,2015-12-31,2015-12-31,2021-07-29,-371124000.0,3871774000.0,3921808000.0,1003839000.0,2867935000.0,0.461,48.349,-61448000.0,338366000.0,338366000.0,865287000.0,245713000.0,1.512,0.926,1059200000.0,417350000.0,641850000.0,1059200000.0,0.0,46013000.0,0.0,0.01,1.36,314024000.0,360037000.0,0.199,360037000.0,314024000.0,252701000.0,5.89,5.1,5.89,2009272000.0,1930968750.0,2009272000.0,6254786891.0,20.0,17.373,239362000.0,5.76,1.0,944403000.0,0.522,2495827000.0,61323000.0,1432661000.0,1538590250.0,330275000.0,0.0,0.0,0.0,1860681000.0,664120000.0,1196561000.0,5468564891.0,35130000.0,-93400000.0,4994000.0,-15657000.0,-56532000.0,-85583000.0,-154848000.0,0.0,300810000.0,-25249000.0,244863000.0,244863000.0,244863000.0,-8905000.0,850000.0,0.135,628512000.0,315891000.0,66305000.0,0.231,2.722,22.333,22.317,316123000.0,0.0,131.45,3.022,3.019,262416000.0,2016176000.0,1809690000.0,1809690000.0,52119000.0,0.062,0.127,0.204,0.174,14467000.0,568982000.0,1.0,41601863.0,41558000.0,48058000.0,43.546,1375947000.0,33236000.0,7838000.0,364442000.0,33.109,339719000.0
6,TFX,MRY,2014-12-31,2014-12-31,2014-12-31,2021-07-29,-260895000.0,3922787000.0,4071636500.0,995908000.0,2926879000.0,0.452,46.205,-67571000.0,303236000.0,303236000.0,897404000.0,188751000.0,1.574,1.051,1068401000.0,368401000.0,700000000.0,1068401000.0,0.0,50207000.0,0.0,0.012,1.36,281787000.0,331994000.0,0.18,331994000.0,281787000.0,216329000.0,4.54,4.04,4.54,1911309000.0,1954450000.0,1911309000.0,5534127298.0,20.0,16.669,218994000.0,5.294,1.0,942428000.0,0.512,2540273000.0,65458000.0,1514910000.0,1649846000.0,335593000.0,1150000.0,0.0,1150000.0,2009088000.0,632769000.0,1376319000.0,4755153298.0,-128748000.0,-40566000.0,4245000.0,-230102000.0,-56258000.0,-287703000.0,-108137000.0,0.0,286565000.0,-19473000.0,187679000.0,187679000.0,187679000.0,2709000.0,1072000.0,0.102,657566000.0,284862000.0,64100000.0,0.3,2.488,25.337,25.291,317435000.0,0.0,114.82,2.585,2.582,273704000.0,1827845000.0,1839832000.0,1839832000.0,61040000.0,0.046,0.096,0.171,0.153,12227000.0,578657000.0,1.0,41413981.0,41366000.0,46470000.0,44.477,1382514000.0,44267000.0,28650000.0,463855000.0,33.422,363139000.0
7,TFX,MRY,2013-12-31,2013-12-31,2013-12-31,2021-07-29,-110855000.0,4209007000.0,3853808500.0,1200554000.0,3008453000.0,0.44,46.552,-63580000.0,431984000.0,431984000.0,857326000.0,151748000.0,1.89,1.198,1286287000.0,356287000.0,930000000.0,1286287000.0,0.0,42368000.0,0.0,0.014,1.36,231333000.0,273701000.0,0.161,273701000.0,231333000.0,174428000.0,3.67,3.45,3.67,1913527000.0,1836311500.0,1913527000.0,4520906113.0,20.0,16.518,164392000.0,3.999,1.0,838945000.0,0.495,2609800000.0,56905000.0,1818390000.0,1849219750.0,333621000.0,1715000.0,0.0,1715000.0,2292991000.0,635120000.0,1657871000.0,3861955113.0,94945000.0,-309058000.0,6181000.0,305000000.0,-55917000.0,231170000.0,-372638000.0,0.0,227972000.0,8441000.0,150881000.0,150881000.0,150881000.0,435000.0,867000.0,0.089,605684000.0,233261000.0,71967000.0,0.371,2.018,25.596,25.575,325900000.0,0.0,93.86,2.277,2.274,295290000.0,1696424000.0,1696271000.0,1696271000.0,65045000.0,0.039,0.082,0.125,0.136,11871000.0,502187000.0,1.0,41145910.0,41105000.0,43693000.0,41.267,1599207000.0,90364000.0,23547000.0,593688000.0,38.905,565434000.0
8,TFX,MRY,2012-12-31,2012-12-31,2012-12-31,2021-07-29,-132048000.0,3733687000.0,3665296000.0,1073222000.0,2660465000.0,0.423,43.539,-65394000.0,337039000.0,337039000.0,802784000.0,-189102000.0,3.898,1.097,969980000.0,4700000.0,965280000.0,969980000.0,0.0,36204000.0,0.0,0.019,1.36,-104079000.0,-67875000.0,-0.044,-67875000.0,-104079000.0,-173644000.0,-4.65,-4.65,-4.65,1778950000.0,1735180500.0,1778950000.0,3251288842.0,-31.0,-47.901,121425000.0,2.972,1.0,748225000.0,0.482,2297244000.0,69565000.0,1794084000.0,1752040250.0,323347000.0,2066000.0,0.0,2066000.0,1952150000.0,275300000.0,1676850000.0,2918821842.0,-247049000.0,-302864000.0,8238000.0,-706000.0,-55589000.0,-65653000.0,-370609000.0,0.0,186819000.0,2394000.0,-190057000.0,-190057000.0,-190057000.0,7320000.0,955000.0,-0.123,845600000.0,-97375000.0,75165000.0,-0.292,1.641,-15.358,-15.335,297945000.0,0.0,71.31,1.882,1.879,297976000.0,1601460000.0,1551009000.0,1551009000.0,56278000.0,-0.052,-0.11,-0.059,-0.067,8623000.0,454489000.0,1.0,40931452.0,40859000.0,40859000.0,37.96,1436443000.0,79532000.0,16413000.0,497748000.0,35.156,797922000.0
9,TFX,MRY,2011-12-31,2011-12-31,2011-12-31,2021-07-29,-159353000.0,3924103000.0,3837462250.0,1280256000.0,2643847000.0,0.389,48.902,-44582000.0,584088000.0,584088000.0,783750000.0,324967000.0,4.724,0.98,959795000.0,4986000.0,954809000.0,959795000.0,0.0,40336000.0,0.0,0.022,1.36,419424000.0,459760000.0,0.308,459760000.0,419424000.0,349107000.0,7.98,7.92,7.98,1980588000.0,1935768500.0,1980588000.0,3105918739.0,7.0,6.756,49896000.0,1.232,1.0,708778000.0,0.475,2318329000.0,70317000.0,1710474000.0,1693962000.0,298775000.0,2008000.0,0.0,2008000.0,1941320000.0,271007000.0,1670313000.0,2495595739.0,375636000.0,351252000.0,34009000.0,34486000.0,-55136000.0,-11106000.0,303795000.0,0.0,94478000.0,-11531000.0,323329000.0,323329000.0,323329000.0,-205645000.0,1638000.0,0.217,479208000.0,229570000.0,67092000.0,0.17,1.26,7.718,7.68,251912000.0,0.0,61.29,1.672,1.663,286226000.0,1847106000.0,1492528000.0,1492528000.0,48712000.0,0.084,0.167,0.248,0.281,4532000.0,423909000.0,1.0,40717829.0,40501000.0,40801000.0,36.852,1605774000.0,70138000.0,25778000.0,527311000.0,39.648,1009249000.0
10,TFX,MRY,2010-12-31,2010-12-31,2010-12-31,2021-07-29,-51880000.0,3643155000.0,3739753250.0,921233000.0,2721922000.0,0.374,44.689,-29330000.0,208452000.0,208452000.0,718883000.0,202455000.0,2.189,1.041,917120000.0,103711000.0,813409000.0,917120000.0,0.0,41225000.0,0.0,0.025,1.36,297801000.0,339026000.0,0.243,339026000.0,297801000.0,218012000.0,5.04,4.99,5.04,1783376000.0,1664165000.0,1783376000.0,2989362906.0,10.0,8.818,183772000.0,4.605,1.0,678839000.0,0.486,2360933000.0,79789000.0,1570127000.0,1824981000.0,338598000.0,4899000.0,0.0,4899000.0,1855877000.0,420763000.0,1435114000.0,2151520906.0,20147000.0,181468000.0,70057000.0,-196870000.0,-54312000.0,-336627000.0,147802000.0,0.0,213102000.0,-4130000.0,201094000.0,201094000.0,201094000.0,-114783000.0,1361000.0,0.144,448549000.0,230290000.0,84846000.0,0.27,1.206,10.699,10.677,287705000.0,0.0,53.81,1.539,1.536,294196000.0,1578913000.0,1397722000.0,1397722000.0,42380000.0,0.054,0.121,0.163,0.213,8521000.0,403635000.0,1.0,39983663.0,39906000.0,40280000.0,35.025,1282222000.0,43555000.0,16918000.0,471252000.0,32.131,500470000.0
11,TFX,MRY,2009-12-31,2009-12-31,2009-12-31,2021-07-29,-34120000.0,3839005000.0,3807930250.0,1003934000.0,2835071000.0,0.377,39.787,-26342000.0,188305000.0,188305000.0,749344000.0,314011000.0,2.978,1.426,1196499000.0,4008000.0,1192491000.0,1196499000.0,0.0,47226000.0,0.0,0.025,1.36,429113000.0,476339000.0,0.332,476339000.0,429113000.0,339970000.0,7.63,7.59,7.63,1580241000.0,1498178000.0,1580241000.0,3236642856.0,8.0,6.795,177829000.0,4.477,1.0,685541000.0,0.478,2431017000.0,89143000.0,2079075000.0,2071841250.0,360843000.0,12089000.0,0.0,12089000.0,2253931000.0,337107000.0,1916824000.0,2140891856.0,81030000.0,313676000.0,1553000.0,-349042000.0,-54022000.0,-413288000.0,281201000.0,0.0,204171000.0,8946000.0,302994000.0,302994000.0,302994000.0,-187422000.0,11017000.0,0.211,435313000.0,250228000.0,94983000.0,0.178,1.355,7.066,7.063,317499000.0,0.0,53.89,1.492,1.492,265305000.0,1431878000.0,1434885000.0,1434885000.0,36685000.0,0.08,0.202,0.207,0.299,7776000.0,388281000.0,1.0,39727071.0,39718000.0,39936000.0,36.127,1407988000.0,159079000.0,36976000.0,539530000.0,35.45,666827000.0
12,TFX,MRY,2008-12-31,2008-12-31,2008-12-31,2021-07-29,-108202000.0,3926744000.0,4100988000.0,957386000.0,2969358000.0,0.466,31.489,-32674000.0,107275000.0,107275000.0,1110560000.0,154602000.0,1.82,2.119,1546391000.0,108853000.0,1437538000.0,1546391000.0,0.0,56167000.0,0.0,0.027,1.34,279296000.0,335463000.0,0.175,335463000.0,279296000.0,157707000.0,3.03,3.01,3.03,1246455000.0,1346003500.0,1246455000.0,3476605039.0,12.0,10.364,138495000.0,3.499,1.0,801520000.0,0.419,2564975000.0,121589000.0,2274945000.0,2362621250.0,424653000.0,28105000.0,0.0,28105000.0,2640861000.0,525940000.0,2114921000.0,1989691039.0,-94067000.0,3061000.0,7955000.0,-134282000.0,-53047000.0,-218009000.0,-39451000.0,0.0,171169000.0,-7776000.0,119774000.0,119774000.0,119774000.0,-72894000.0,34828000.0,0.063,562562000.0,238958000.0,139677000.0,0.442,1.596,16.612,16.535,374292000.0,0.0,50.1,1.041,1.037,311908000.0,1182906000.0,1912080000.0,1912080000.0,32598000.0,0.029,0.089,0.118,0.146,8119000.0,502559000.0,1.0,39714392.0,39584000.0,39832000.0,48.304,1361769000.0,85953000.0,37933000.0,339518000.0,34.402,431446000.0
13,TFX,MRY,2007-12-31,2007-12-31,2007-12-31,2021-07-29,56919000.0,4187997000.0,2964423000.0,1009810000.0,3178187000.0,0.531,33.848,-41383000.0,201342000.0,201342000.0,983313000.0,177162000.0,1.546,2.12,1684259000.0,143357000.0,1540902000.0,1684259000.0,0.0,42745000.0,0.0,0.02,1.24,331069000.0,373814000.0,0.237,373814000.0,331069000.0,256417000.0,3.73,3.73,3.73,1328843000.0,1292287750.0,1328843000.0,2527424490.0,8.0,6.761,352205000.0,8.971,1.0,591769000.0,0.376,2713428000.0,74652000.0,2304196000.0,1605315500.0,419188000.0,26594000.0,0.0,26594000.0,2816971000.0,653290000.0,2163681000.0,2488708490.0,-47067000.0,-1471757000.0,24171000.0,1136365000.0,-48929000.0,1085459000.0,-1539595000.0,0.0,393588000.0,13481000.0,146484000.0,146484000.0,146484000.0,-208817000.0,30678000.0,0.093,448270000.0,143499000.0,133654000.0,0.332,1.873,16.99,16.893,430976000.0,0.0,63.01,1.58,1.571,341963000.0,1118053000.0,1575082000.0,1575082000.0,0.0,0.049,0.113,0.206,0.21,7352000.0,407291000.0,1.0,39497040.0,39259000.0,39259000.0,40.12,1474569000.0,19214000.0,109933000.0,487005000.0,37.56,356520000.0
14,TFX,MRY,2006-12-31,2006-12-31,2006-12-31,2021-07-29,30035000.0,2361437000.0,2371464500.0,1139529000.0,1221908000.0,0.713,29.915,-40772000.0,248409000.0,248409000.0,1105652000.0,139430000.0,2.542,0.95,518392000.0,31022000.0,487370000.0,518392000.0,0.0,47023000.0,0.0,0.017,1.095,213549000.0,260572000.0,0.154,260572000.0,213549000.0,172349000.0,3.51,3.49,3.51,1189421000.0,1181052000.0,1189421000.0,2861714114.0,13.0,10.982,303890000.0,7.643,1.0,585157000.0,0.346,773235000.0,41200000.0,1409920000.0,1450593250.0,415879000.0,23076000.0,0.0,23076000.0,1129959000.0,448265000.0,681694000.0,2518815114.0,8873000.0,-37158000.0,-81600000.0,-114943000.0,-44096000.0,-250105000.0,-100508000.0,0.0,344662000.0,14824000.0,139430000.0,139430000.0,139430000.0,-43342000.0,0.0,0.082,398016000.0,187141000.0,210890000.0,0.312,2.118,18.065,18.393,422178000.0,0.0,64.56,1.49,1.518,376404000.0,1034669000.0,1690809000.0,1690809000.0,0.0,0.059,0.118,0.147,0.126,5858000.0,374961000.0,1.0,39015104.0,39760000.0,39988000.0,42.525,1588202000.0,64382000.0,32919000.0,41561000.0,39.945,691264000.0
15,TFX,MRY,2005-12-31,2005-12-25,2005-12-25,2021-07-29,6614000.0,2403048000.0,2502524500.0,1160428000.0,1242620000.0,0.624,28.188,-38563000.0,239536000.0,239536000.0,1044762000.0,138817000.0,1.984,1.089,630782000.0,125510000.0,505272000.0,630782000.0,0.0,50612000.0,0.0,0.015,0.97,210461000.0,261073000.0,0.167,261073000.0,210461000.0,166428000.0,3.43,3.39,3.43,1142074000.0,1135446250.0,1142074000.0,3059387599.0,15.0,11.719,296470000.0,7.317,1.0,517110000.0,0.331,763884000.0,44033000.0,1445425000.0,1705347250.0,404271000.0,24666000.0,0.0,24666000.0,1243574000.0,584985000.0,658589000.0,2646816599.0,123581000.0,117642000.0,-23345000.0,-143035000.0,-39320000.0,-260508000.0,55742000.0,0.0,335033000.0,-6686000.0,138817000.0,138817000.0,138817000.0,-51169000.0,0.0,0.089,343163000.0,173947000.0,206548000.0,0.283,2.318,19.067,19.055,447816000.0,0.0,65.36,1.695,1.695,421236000.0,939335000.0,1561872000.0,1561872000.0,0.0,0.055,0.122,0.123,0.135,0.0,333828000.0,1.0,40495970.0,40516000.0,40958000.0,38.55,1639164000.0,64169000.0,27611000.0,97165000.0,40.457,575443000.0
16,TFX,MRY,2004-12-31,2004-12-26,2004-12-26,2021-07-29,57608000.0,2691734000.0,2361055500.0,1207899000.0,1483835000.0,1.012,27.602,-52938000.0,115955000.0,115955000.0,1704170000.0,9517000.0,2.107,1.367,787768000.0,101856000.0,685912000.0,787768000.0,0.0,92498000.0,0.0,0.017,0.86,59995000.0,152493000.0,0.064,152493000.0,59995000.0,22312000.0,0.24,0.24,0.24,1109733000.0,1111049750.0,1109733000.0,2789353505.0,46.0,18.292,211162000.0,5.252,1.0,686241000.0,0.287,796085000.0,37683000.0,1994159000.0,1717417750.0,431399000.0,24194000.0,0.0,24194000.0,1516523000.0,573303000.0,943220000.0,2090866505.0,59375000.0,-408987000.0,16227000.0,295895000.0,-34575000.0,259482000.0,-467921000.0,0.0,264100000.0,3714000.0,9517000.0,9517000.0,9517000.0,55607000.0,0.0,0.004,551985000.0,134256000.0,183700000.0,3.583,1.884,219.698,216.208,584252000.0,0.0,51.89,0.875,0.873,514179000.0,839838000.0,2390411000.0,2390411000.0,0.0,0.004,0.009,0.035,0.025,0.0,487100000.0,1.0,40294209.0,40205000.0,40495000.0,59.456,1895649000.0,144423000.0,12795000.0,182124000.0,47.15,634596000.0
17,TFX,MRY,2003-12-31,2003-12-28,2003-12-28,2021-07-29,32226000.0,2144745000.0,2002999500.0,1065947000.0,1078798000.0,1.029,26.827,-76298000.0,56580000.0,56580000.0,1478667000.0,109103000.0,1.723,0.959,455367000.0,225733000.0,229634000.0,455367000.0,0.0,82369000.0,0.0,0.016,0.78,177691000.0,260060000.0,0.126,260060000.0,177691000.0,150814000.0,2.76,2.73,2.76,1062302000.0,1005011250.0,1062302000.0,2323267832.0,13.0,8.934,156660000.0,3.956,1.0,582229000.0,0.283,397064000.0,26877000.0,1527972000.0,1443093000.0,428599000.0,35284000.0,0.0,35284000.0,1019000000.0,618496000.0,400504000.0,1917878832.0,12086000.0,-83254000.0,6495000.0,-2410000.0,-30881000.0,-35367000.0,-189075000.0,0.0,232958000.0,3570000.0,109103000.0,109103000.0,109103000.0,6448000.0,0.0,0.053,382539000.0,199690000.0,166745000.0,0.283,1.805,17.579,17.507,612318000.0,0.0,48.32,0.931,0.928,453917000.0,864896000.0,2060896000.0,2060896000.0,0.0,0.054,0.109,0.123,0.086,0.0,385607000.0,1.0,39691201.0,39598000.0,39942000.0,52.045,1747681000.0,34132000.0,41711000.0,42792000.0,44.136,447451000.0
18,TFX,MRY,2002-12-31,2002-12-29,2002-12-29,2021-07-29,-26034000.0,1813384000.0,1771203000.0,837895000.0,975489000.0,1.108,23.242,-80572000.0,44494000.0,44494000.0,1420981000.0,125266000.0,1.681,0.988,422899000.0,182776000.0,240123000.0,422899000.0,0.0,86477000.0,0.0,0.017,0.71,198017000.0,284494000.0,0.145,284494000.0,198017000.0,172994000.0,3.19,3.15,3.19,912281000.0,863969250.0,912281000.0,2024410189.0,10.0,7.116,117600000.0,2.996,1.0,541881000.0,0.276,326809000.0,25023000.0,1366497000.0,1321512750.0,365535000.0,44439000.0,0.0,44439000.0,901103000.0,498483000.0,402620000.0,1625570189.0,-2406000.0,-46029000.0,9846000.0,-55852000.0,-27861000.0,-73867000.0,-124499000.0,0.0,198172000.0,0.0,125266000.0,125266000.0,125266000.0,912000.0,0.0,0.064,326768000.0,215113000.0,141786000.0,0.223,1.782,12.977,12.947,604241000.0,0.0,41.3,0.828,0.826,401888000.0,786674000.0,1962862000.0,1962862000.0,0.0,0.071,0.145,0.15,0.101,0.0,336853000.0,1.0,39360053.0,39251000.0,39786000.0,50.008,1486575000.0,0.0,47728000.0,201266000.0,37.874,339412000.0
19,TFX,MRY,2001-12-31,2001-12-30,2001-12-30,2021-07-29,-46202000.0,1635020000.0,1623638750.0,747477000.0,887543000.0,1.173,20.021,-97744000.0,46900000.0,46900000.0,1369713000.0,112311000.0,1.509,1.101,440302000.0,212122000.0,228180000.0,440302000.0,0.0,92401000.0,0.0,0.014,0.66,188160000.0,280561000.0,0.147,280561000.0,188160000.0,159695000.0,2.9,2.86,2.9,778143000.0,746351250.0,778143000.0,2289533180.0,12.0,8.161,90513000.0,2.329,1.0,535291000.0,0.281,280355000.0,28465000.0,1252641000.0,1278730250.0,308775000.0,41493000.0,0.0,41493000.0,856877000.0,495426000.0,361451000.0,1853896180.0,1761000.0,-171466000.0,8228000.0,103227000.0,-25586000.0,85869000.0,-272365000.0,0.0,188257000.0,0.0,112311000.0,112311000.0,112311000.0,0.0,0.0,0.059,347131000.0,188160000.0,122518000.0,0.228,2.382,16.507,16.448,565695000.0,0.0,47.7,0.973,0.973,363674000.0,689269000.0,1905004000.0,1905004000.0,0.0,0.069,0.15,0.147,0.099,0.0,347131000.0,1.0,38865748.0,38865748.0,,49.015,1354665000.0,0.0,47384000.0,164770000.0,34.855,252051000.0
20,TFX,MRY,2000-12-31,2000-12-31,2000-12-31,2021-07-29,-30012000.0,1401288000.0,1369772500.0,662038000.0,739250000.0,1.288,18.048,-80652000.0,45139000.0,45139000.0,1274203000.0,109224000.0,1.725,1.03,338594000.0,118037000.0,220557000.0,338594000.0,0.0,77417000.0,0.0,0.013,0.58,179001000.0,256418000.0,0.145,256418000.0,179001000.0,158214000.0,2.86,2.83,2.86,690422000.0,653991750.0,690422000.0,1994798054.0,11.0,7.779,108763000.0,2.843,1.0,490279000.0,0.278,210232000.0,20787000.0,1100639000.0,1125230000.0,259845000.0,39515000.0,0.0,39515000.0,710866000.0,383872000.0,326994000.0,1690480054.0,16099000.0,-74457000.0,5258000.0,-4414000.0,-22163000.0,-21319000.0,-151997000.0,0.0,189415000.0,0.0,109224000.0,109224000.0,109224000.0,0.0,0.0,0.062,311278000.0,179001000.0,119221000.0,0.203,2.448,15.477,15.451,489503000.0,0.0,44.19,0.958,0.958,334346000.0,602544000.0,1764482000.0,1764482000.0,0.0,0.08,0.167,0.159,0.101,0.0,311278000.0,1.0,38254810.0,38254810.0,,46.124,1191056000.0,0.0,48990000.0,136568000.0,31.135,278166000.0
21,TFX,MRY,1999-12-31,1999-12-26,1999-12-26,2021-07-29,-24724000.0,1263444000.0,1258524250.0,604940000.0,658504000.0,1.272,15.869,-96516000.0,29040000.0,29040000.0,1155879000.0,95220000.0,1.836,1.097,344691000.0,98500000.0,246191000.0,344691000.0,0.0,67389000.0,0.0,0.017,0.51,160488000.0,227877000.0,0.142,227877000.0,160488000.0,142756000.0,2.52,2.47,2.52,602564000.0,578029000.0,602564000.0,1498539607.0,9.0,6.576,37552000.0,0.989,1.0,445190000.0,0.278,136854000.0,17732000.0,1112829000.0,1125412000.0,227486000.0,55749000.0,0.0,55749000.0,660880000.0,329412000.0,331468000.0,1169901607.0,-37649000.0,-66272000.0,5890000.0,5737000.0,-19126000.0,-7499000.0,-164218000.0,0.0,134068000.0,0.0,95220000.0,95220000.0,95220000.0,0.0,0.0,0.059,284702000.0,160488000.0,99968000.0,0.202,1.942,12.286,12.226,465901000.0,0.0,30.81,0.731,0.731,324629000.0,515483000.0,1601069000.0,1601069000.0,0.0,0.076,0.165,0.143,0.1,0.0,284702000.0,1.0,37971490.0,37971490.0,,42.165,1126590000.0,0.0,47536000.0,111607000.0,29.669,275528000.0
22,TFX,MRY,1998-12-31,1998-12-27,1998-12-27,2021-07-29,-14634000.0,1215917000.0,1152375250.0,616942000.0,598975000.0,1.247,14.285,-69063000.0,66689000.0,66689000.0,1029658000.0,82550000.0,1.981,1.275,367232000.0,91651000.0,275581000.0,367232000.0,0.0,60105000.0,0.0,0.011,0.46,141814000.0,201919000.0,0.14,201919000.0,141814000.0,124760000.0,2.21,2.15,2.21,534450000.0,508384500.0,534450000.0,1845099887.0,13.0,9.138,62564000.0,1.672,1.0,407920000.0,0.284,116287000.0,17054000.0,1088694000.0,1024488500.0,235869000.0,50932000.0,0.0,50932000.0,681467000.0,311479000.0,369988000.0,1552646887.0,35987000.0,-1849000.0,5918000.0,-15831000.0,-16628000.0,-26541000.0,-69099000.0,0.0,131627000.0,0.0,82550000.0,82550000.0,82550000.0,0.0,0.0,0.057,266106000.0,141814000.0,99207000.0,0.208,2.905,18.809,18.778,431756000.0,0.0,41.5,1.08,1.08,295369000.0,439389000.0,1437578000.0,1437578000.0,0.0,0.072,0.162,0.138,0.099,0.0,266106000.0,1.0,37413178.0,37413178.0,,38.424,1099630000.0,0.0,42210000.0,119710000.0,29.392,305463000.0
23,TFX,MRY,1997-12-31,1997-12-28,1997-12-28,2021-07-29,-9990000.0,1079165000.0,968509500.0,566477000.0,512688000.0,1.183,12.49,-74622000.0,30702000.0,30702000.0,794780000.0,70072000.0,1.921,1.327,353291000.0,115729000.0,237562000.0,353291000.0,0.0,47940000.0,0.0,0.011,0.39,120840000.0,168780000.0,0.147,168780000.0,120840000.0,106405000.0,1.91,1.86,1.91,463753000.0,436464500.0,463753000.0,,,,6168000.0,0.166,1.0,350993000.0,0.306,111165000.0,14435000.0,995682000.0,886047000.0,218538000.0,37510000.0,0.0,37510000.0,615412000.0,294907000.0,320505000.0,1359689468.0,-37916000.0,-111268000.0,4362000.0,78719000.0,-14258000.0,68823000.0,-187529000.0,0.0,80790000.0,0.0,70072000.0,70072000.0,70072000.0,0.0,0.0,0.061,230153000.0,120840000.0,80437000.0,0.204,2.932,19.404,19.173,364013000.0,0.0,36.62,1.187,1.187,260187000.0,373467000.0,1145773000.0,1145773000.0,0.0,0.072,0.161,0.136,0.105,0.0,230153000.0,1.0,37129696.0,37129696.0,,30.859,968000000.0,0.0,36333000.0,103735000.0,26.071,271570000.0
24,TFX,MRY,1996-12-31,1996-12-29,1996-12-29,2021-07-29,-4049000.0,857854000.0,,466021000.0,391833000.0,,,-40500000.0,68618000.0,68618000.0,640187000.0,57162000.0,2.37,1.097,266532000.0,70587000.0,195945000.0,266532000.0,0.0,38751000.0,0.0,0.013,0.35,100655000.0,139406000.0,0.15,139406000.0,100655000.0,86779000.0,1.61,1.58,1.61,409176000.0,,409176000.0,,,,31107000.0,,1.0,290996000.0,0.313,82690000.0,13876000.0,776412000.0,,190696000.0,17356000.0,0.0,17356000.0,448678000.0,196666000.0,252012000.0,,12964000.0,2973000.0,5523000.0,-11961000.0,-12056000.0,-18494000.0,-40149000.0,0.0,71607000.0,0.0,57162000.0,57162000.0,57162000.0,0.0,0.0,0.061,190341000.0,100655000.0,53728000.0,0.217,,,16.149,291787000.0,0.0,26.0,,,193587000.0,336173000.0,931183000.0,931183000.0,0.0,,,,0.108,0.0,190341000.0,1.0,,,,,775164000.0,0.0,29617000.0,73224000.0,,269355000.0
25,TFX,MRY,1995-12-31,1995-12-31,1995-12-31,2021-07-29,,,,,,,,-30708000.0,,,628027000.0,48870000.0,,,,,,,,37740000.0,,0.015,0.31,92232000.0,129972000.0,0.142,129972000.0,92232000.0,73600000.0,1.4,1.37,1.4,,,,,,,40107000.0,,1.0,284662000.0,0.312,,18632000.0,,,,,,,,,,,31560000.0,-8336000.0,7011000.0,5378000.0,-10453000.0,1936000.0,-41191000.0,0.0,70815000.0,0.0,48870000.0,48870000.0,48870000.0,0.0,0.0,0.054,192430000.0,92232000.0,,0.221,,,14.643,,0.0,20.5,,,,,912689000.0,912689000.0,0.0,,,,0.101,0.0,192430000.0,1.0,,,,,,,24730000.0,,,
0,TFX,MRQ,2021-06-30,2021-06-27,2021-06-27,2021-07-29,0.0,7066387000.0,,1437228000.0,5629159000.0,,74.155,-17140000.0,361781000.0,361781000.0,315917000.0,83248000.0,2.728,1.039,2409468000.0,92500000.0,2316968000.0,2409468000.0,0.0,60414000.0,0.0,0.003,0.34,115831000.0,176245000.0,0.247,176245000.0,115831000.0,99660000.0,1.78,1.76,1.78,3466102000.0,,3466102000.0,21397633550.0,48.0,31.42,137013000.0,2.931,1.0,397556000.0,0.557,4918761000.0,16171000.0,3668465000.0,,490318000.0,0.0,0.0,0.0,3600285000.0,526848000.0,3073437000.0,19263675550.0,37150000.0,-1777000.0,8849000.0,-75000000.0,-15900000.0,-109221000.0,-10879000.0,8038000.0,154153000.0,3097000.0,83248000.0,83248000.0,83248000.0,35000.0,0.0,0.117,268936000.0,128620000.0,106567000.0,0.191,5.558,54.909,54.815,564864000.0,0.0,412.21,7.17,7.171,414195000.0,,713473000.0,713473000.0,33283000.0,,,,,6349000.0,224159000.0,1.0,46732674.0,46741000.0,47433000.0,15.264,2147626000.0,35622000.0,16412000.0,508183000.0,45.947,910380000.0
1,TFX,MRQ,2021-03-31,2021-03-28,2021-03-28,2021-07-29,0.0,7028023000.0,,1378783000.0,5649240000.0,,72.29,-19115000.0,324631000.0,324631000.0,289398000.0,74866000.0,2.714,1.082,2458589000.0,83750000.0,2374839000.0,2458589000.0,0.0,59435000.0,0.0,0.003,0.34,104092000.0,163527000.0,0.258,163527000.0,104092000.0,87294000.0,1.6,1.58,1.6,3375791000.0,,3375791000.0,21472430326.0,58.0,35.721,91436000.0,1.958,1.0,344527000.0,0.543,5036118000.0,16798000.0,3617810000.0,,512284000.0,0.0,0.0,0.0,3652232000.0,508053000.0,3144179000.0,19283825326.0,-51249000.0,-1762000.0,-2510000.0,-100000000.0,-15893000.0,-131496000.0,-20877000.0,0.0,110551000.0,-9427000.0,74866000.0,74866000.0,74866000.0,1000.0,0.0,0.118,241093000.0,103434000.0,101340000.0,0.212,5.712,69.108,68.952,562202000.0,0.0,413.02,7.591,7.592,401112000.0,,633925000.0,633925000.0,29947000.0,,,,,5344000.0,203148000.0,1.0,46689810.0,46698000.0,47407000.0,13.575,1991905000.0,26924000.0,12428000.0,507302000.0,42.655,870730000.0
2,TFX,MRQ,2020-12-31,2020-12-31,2020-12-31,2021-07-29,0.0,7152559000.0,,1422425000.0,5730134000.0,,71.599,-28725000.0,375880000.0,375880000.0,327625000.0,76131000.0,2.634,1.144,2564485000.0,100500000.0,2463985000.0,2564485000.0,0.0,57274000.0,0.0,0.003,0.34,94812000.0,152086000.0,0.214,152086000.0,94812000.0,76091000.0,1.63,1.61,1.63,3336457000.0,,3336457000.0,21036934893.0,50.0,32.315,166733000.0,3.578,1.0,383554000.0,0.539,5105712000.0,18721000.0,3695425000.0,,513196000.0,0.0,0.0,0.0,3816102000.0,540027000.0,3276075000.0,19165462893.0,28400000.0,-499587000.0,7817000.0,350000000.0,-15837000.0,338945000.0,-518957000.0,9355000.0,195458000.0,12954000.0,76131000.0,76131000.0,76131000.0,470000.0,0.0,0.107,288474000.0,95080000.0,102520000.0,0.209,5.744,57.155,57.083,574547000.0,0.0,411.57,7.554,7.541,395071000.0,3096228000.0,711179000.0,711179000.0,33769000.0,,,,,5980000.0,232906000.0,1.0,46566715.0,46599000.0,47341000.0,15.262,2046847000.0,30915000.0,-40000.0,512166000.0,43.925,882398000.0
3,TFX,MRQ,2020-09-30,2020-09-27,2020-09-27,2021-07-29,0.0,6613288000.0,,1420561000.0,5192727000.0,,69.551,-23317000.0,347480000.0,347480000.0,298977000.0,116587000.0,2.989,1.044,2218952000.0,91750000.0,2127202000.0,2218952000.0,0.0,56879000.0,0.0,0.004,0.34,132288000.0,189167000.0,0.301,189167000.0,132288000.0,115636000.0,2.51,2.46,2.51,3236203000.0,,3236203000.0,17570721034.0,39.0,26.145,83939000.0,1.804,1.0,329324000.0,0.524,4592767000.0,16652000.0,3416746000.0,,526125000.0,0.0,0.0,0.0,3377085000.0,475247000.0,2901838000.0,15620548034.0,-206055000.0,-948000.0,8509000.0,-285000000.0,-15826000.0,-296218000.0,-24265000.0,0.0,107256000.0,7172000.0,116587000.0,116587000.0,116587000.0,18000.0,0.0,0.186,197232000.0,132092000.0,96917000.0,0.135,4.827,42.51,42.347,548166000.0,0.0,335.81,6.231,6.233,390476000.0,,628301000.0,628301000.0,29218000.0,,,,,6277000.0,171673000.0,1.0,46516030.0,46530000.0,47333000.0,13.503,2020521000.0,59943000.0,-951000.0,509785000.0,43.424,945314000.0
4,TFX,MRQ,2020-06-30,2020-06-28,2020-06-28,2021-07-29,0.0,6765130000.0,,1544617000.0,5220513000.0,,66.694,-19368000.0,553535000.0,553535000.0,288662000.0,11456000.0,3.383,1.184,2503708000.0,83000000.0,2420708000.0,2503708000.0,0.0,57346000.0,0.0,0.004,0.34,38986000.0,96332000.0,0.17,96332000.0,38986000.0,23304000.0,0.25,0.24,0.25,3097402000.0,,3097402000.0,18605787215.0,43.0,28.463,125974000.0,2.713,1.0,278372000.0,0.491,4604424000.0,15682000.0,3654264000.0,,514755000.0,0.0,0.0,0.0,3667728000.0,456615000.0,3211113000.0,16521414215.0,147058000.0,-735000.0,5690000.0,25000000.0,-15791000.0,7106000.0,-10117000.0,9986000.0,145342000.0,4727000.0,11456000.0,11456000.0,11456000.0,-13000.0,0.0,0.02,239562000.0,38810000.0,107140000.0,1.36,5.334,34.434,34.317,534383000.0,0.0,355.87,6.538,6.54,374886000.0,,567034000.0,567034000.0,29364000.0,,,,,4960000.0,191193000.0,1.0,46425420.0,46442000.0,47242000.0,12.21,2160706000.0,12649000.0,11848000.0,519689000.0,46.525,1088002000.0
5,TFX,MRQ,2020-03-31,2020-03-29,2020-03-29,2021-07-29,0.0,6701564000.0,,1446786000.0,5254778000.0,,66.255,-19284000.0,406477000.0,406477000.0,297018000.0,131150000.0,3.596,1.181,2490850000.0,53625000.0,2437225000.0,2490850000.0,0.0,55753000.0,0.0,0.005,0.34,157663000.0,213416000.0,0.338,213416000.0,157663000.0,142224000.0,2.83,2.78,2.83,3073024000.0,,3073024000.0,14807443995.0,29.0,20.589,-30934000.0,-0.667,1.0,333624000.0,0.529,4629592000.0,15439000.0,3754045000.0,,488856000.0,0.0,0.0,0.0,3628540000.0,402300000.0,3226240000.0,13098211995.0,105394000.0,-265160000.0,-3022000.0,485000000.0,-15767000.0,405330000.0,-284444000.0,0.0,-11650000.0,-3842000.0,131150000.0,131150000.0,131150000.0,2000.0,0.0,0.208,176538000.0,157086000.0,104348000.0,0.12,4.262,23.741,23.681,534742000.0,0.0,282.51,5.014,5.016,441714000.0,,630642000.0,630642000.0,27396000.0,,,,,3522000.0,147796000.0,1.0,46363711.0,46382000.0,47231000.0,13.597,2071972000.0,13652000.0,11074000.0,508805000.0,44.672,1044486000.0
6,TFX,MRQ,2019-12-31,2019-12-31,2019-12-31,2021-07-29,-344392000.0,6309820000.0,,1306332000.0,5003488000.0,,64.304,-22033000.0,301083000.0,301083000.0,303230000.0,108265000.0,2.32,1.118,2010315000.0,50000000.0,1960315000.0,2010315000.0,0.0,54115000.0,0.0,0.004,0.34,119029000.0,173144000.0,0.254,173144000.0,119029000.0,101754000.0,2.34,2.29,2.34,2979320000.0,,2979320000.0,19273294243.0,46.0,30.413,125674000.0,2.712,1.0,377722000.0,0.555,4401590000.0,17275000.0,3054407000.0,,476557000.0,0.0,0.0,0.0,3330500000.0,563055000.0,2767445000.0,17427634243.0,43539000.0,12148000.0,7192000.0,-93000000.0,-15757000.0,-108309000.0,116000.0,10001000.0,147707000.0,4025000.0,108265000.0,108265000.0,108265000.0,-459000.0,0.0,0.159,250790000.0,126932000.0,102916000.0,0.145,5.85,37.766,37.682,543879000.0,0.0,376.44,6.715,6.701,418673000.0,2824916000.0,680952000.0,680952000.0,31128000.0,,,,,6903000.0,220054000.0,1.0,46295915.0,46332000.0,47207000.0,14.697,1908230000.0,17648000.0,-6511000.0,456544000.0,41.186,743277000.0
7,TFX,MRQ,2019-09-30,2019-09-29,2019-09-29,2021-07-29,0.0,6257182000.0,,1237610000.0,5019572000.0,,61.689,-25733000.0,257544000.0,257544000.0,293244000.0,228929000.0,2.334,1.193,2103204000.0,50000000.0,2053204000.0,2103204000.0,0.0,52696000.0,0.0,0.004,0.34,118091000.0,170787000.0,0.263,170787000.0,118091000.0,98546000.0,4.95,4.85,4.95,2852976000.0,,2852976000.0,17440645775.0,41.0,23.299,106002000.0,2.292,1.0,355075000.0,0.548,4407003000.0,19545000.0,3165476000.0,,472594000.0,0.0,0.0,0.0,3404206000.0,530363000.0,2873843000.0,15516667775.0,-46352000.0,-240000.0,6185000.0,-133000000.0,-15724000.0,-142878000.0,-25973000.0,0.0,131735000.0,-9236000.0,228929000.0,228929000.0,228929000.0,0.0,0.0,0.353,237454000.0,117621000.0,100630000.0,0.069,5.439,34.964,34.888,544761000.0,0.0,335.62,6.071,6.073,396663000.0,,648319000.0,648319000.0,27984000.0,,,,,7337000.0,209291000.0,1.0,46232846.0,46248000.0,47176000.0,14.018,1850179000.0,32230000.0,-130383000.0,483328000.0,40.006,707247000.0
8,TFX,MRQ,2019-06-30,2019-06-30,2019-06-30,2021-07-29,0.0,6314410000.0,,1245141000.0,5069269000.0,,57.716,-32426000.0,303896000.0,303896000.0,300269000.0,83375000.0,2.521,1.37,2227874000.0,50000000.0,2177874000.0,2227874000.0,0.0,53855000.0,0.0,0.004,0.34,107977000.0,161832000.0,0.248,161832000.0,107977000.0,87219000.0,1.81,1.77,1.81,2664844000.0,,2664844000.0,17272986241.0,45.0,25.583,63881000.0,1.384,1.0,352238000.0,0.54,4492486000.0,20758000.0,3252010000.0,,461320000.0,0.0,0.0,0.0,3649566000.0,493892000.0,3155674000.0,15283926241.0,32684000.0,0.0,5587000.0,-27500000.0,-15697000.0,-43288000.0,-24096000.0,8330000.0,96307000.0,3761000.0,83375000.0,83375000.0,83375000.0,-47000.0,0.0,0.128,244780000.0,107458000.0,108059000.0,0.188,5.735,56.318,56.127,533018000.0,0.0,331.15,6.071,6.074,382142000.0,,652507000.0,652507000.0,27595000.0,,,,,6919000.0,215500000.0,1.0,46154088.0,46172000.0,47036000.0,14.132,1821924000.0,22362000.0,3844000.0,620333000.0,39.459,751249000.0
9,TFX,MRQ,2019-03-31,2019-03-31,2019-03-31,2021-07-29,0.0,6268069000.0,,1182614000.0,5085455000.0,,55.806,-22503000.0,271212000.0,271212000.0,289614000.0,40897000.0,2.27,1.439,2260272000.0,86625000.0,2173647000.0,2260272000.0,0.0,53396000.0,0.0,0.005,0.34,74561000.0,127957000.0,0.209,127957000.0,74561000.0,51869000.0,0.89,0.87,0.89,2569878000.0,,2569878000.0,15707198640.0,50.0,27.961,41273000.0,0.896,1.0,323970000.0,0.528,4522256000.0,22692000.0,3213957000.0,,445566000.0,0.0,0.0,0.0,3698191000.0,520916000.0,3177275000.0,13905534640.0,-85949000.0,-1025000.0,2242000.0,0.0,-15650000.0,-124361000.0,-23528000.0,0.0,63776000.0,-1836000.0,40897000.0,40897000.0,40897000.0,1021000.0,0.0,0.067,248727000.0,75243000.0,103532000.0,0.382,5.411,74.956,74.792,522241000.0,0.0,302.16,5.619,5.623,375756000.0,,613584000.0,613584000.0,27150000.0,,,,,5781000.0,206921000.0,1.0,46020435.0,46050000.0,46942000.0,13.324,1745813000.0,12985000.0,10972000.0,628080000.0,37.911,661698000.0
10,TFX,MRQ,2018-12-31,2018-12-31,2018-12-31,2021-07-29,-341085000.0,6277991000.0,,1236169000.0,5041822000.0,,55.223,-25044000.0,357161000.0,357161000.0,357420000.0,90590000.0,2.122,1.472,2158825000.0,86625000.0,2072200000.0,2158825000.0,0.0,165463000.0,0.0,0.005,0.34,122511000.0,287974000.0,0.449,287974000.0,122511000.0,99254000.0,1.97,1.93,1.97,2539978000.0,,2539978000.0,13682266378.0,42.0,25.479,110091000.0,2.394,1.0,284195000.0,0.443,4571631000.0,23257000.0,2925568000.0,,427778000.0,0.0,0.0,0.0,3738013000.0,582456000.0,3155557000.0,11885458378.0,885000.0,-94597000.0,3989000.0,5000000.0,-15639000.0,-6733000.0,-118093000.0,1548000.0,135135000.0,-9424000.0,90590000.0,90590000.0,90590000.0,-3077000.0,0.0,0.141,164929000.0,119266000.0,106709000.0,0.173,4.679,59.19,58.879,432766000.0,0.0,258.48,4.854,4.823,366286000.0,2427599000.0,641615000.0,641615000.0,27798000.0,,,,,5969000.0,136914000.0,1.0,45982120.0,45995000.0,46849000.0,13.95,1706360000.0,14909000.0,8664000.0,624882000.0,37.099,653713000.0
11,TFX,MRQ,2018-09-30,2018-09-30,2018-09-30,2021-07-29,0.0,6200720000.0,,1240810000.0,4959910000.0,,54.679,-17747000.0,356276000.0,356276000.0,267099000.0,56524000.0,2.259,1.473,2153084000.0,77250000.0,2075834000.0,2153084000.0,0.0,14990000.0,0.0,0.005,0.34,82409000.0,97399000.0,0.16,97399000.0,82409000.0,55238000.0,1.23,1.21,1.23,2507065000.0,,2507065000.0,14071815216.0,48.0,39.708,103376000.0,2.255,1.0,342573000.0,0.562,4486247000.0,27171000.0,2961988000.0,,411066000.0,0.0,0.0,0.0,3693655000.0,549293000.0,3144362000.0,12185776216.0,9972000.0,-100000.0,8866000.0,-80000000.0,-15588000.0,-97300000.0,-17847000.0,0.0,121123000.0,3996000.0,56524000.0,56524000.0,56524000.0,16000.0,0.0,0.093,260468000.0,82105000.0,97628000.0,0.276,4.861,180.386,181.014,421265000.0,0.0,266.09,5.073,5.08,374341000.0,,609672000.0,609672000.0,26365000.0,,,,,5732000.0,214894000.0,1.0,45795694.0,45851000.0,46815000.0,13.297,1714473000.0,43020000.0,-1286000.0,632599000.0,37.392,691517000.0
12,TFX,MRQ,2018-06-30,2018-07-01,2018-07-01,2021-07-29,0.0,6175321000.0,,1185279000.0,4990042000.0,,53.399,-22257000.0,346304000.0,346304000.0,265088000.0,-2496000.0,2.21,1.537,2232343000.0,86875000.0,2145468000.0,2232343000.0,0.0,14695000.0,0.0,0.005,0.34,33729000.0,48424000.0,0.079,48424000.0,33729000.0,7080000.0,-0.05,-0.05,-0.05,2433981000.0,,2433981000.0,14068079473.0,44.0,37.066,72221000.0,1.584,1.0,344778000.0,0.565,4527092000.0,26649000.0,2997823000.0,,405428000.0,0.0,0.0,0.0,3741340000.0,536445000.0,3204895000.0,12215234473.0,-32568000.0,-18766000.0,8400000.0,0.0,-15491000.0,-69688000.0,-41023000.0,0.0,94478000.0,-16335000.0,-2496000.0,-2496000.0,-2496000.0,-56000.0,0.0,-0.004,311288000.0,33490000.0,94834000.0,-6.8,5.019,138.739,137.544,410979000.0,0.0,268.21,5.25,5.254,359119000.0,,609866000.0,609866000.0,26018000.0,,,,,5950000.0,229917000.0,1.0,45543546.0,45581000.0,45581000.0,13.38,1648229000.0,21470000.0,9576000.0,614796000.0,36.16,648834000.0
13,TFX,MRQ,2018-03-31,2018-04-01,2018-04-01,2021-07-29,0.0,6300600000.0,,1205159000.0,5095441000.0,,56.487,-15747000.0,378872000.0,378872000.0,255960000.0,56184000.0,2.184,1.461,2231717000.0,77500000.0,2154217000.0,2231717000.0,0.0,14832000.0,0.0,0.007,0.34,88369000.0,103201000.0,0.176,103201000.0,88369000.0,62426000.0,1.24,1.2,1.24,2560500000.0,,2560500000.0,13722071840.0,34.0,30.157,70895000.0,1.564,1.0,331270000.0,0.564,4655002000.0,25943000.0,2946669000.0,,403676000.0,0.0,0.0,0.0,3740100000.0,551774000.0,3188326000.0,11806077840.0,45314000.0,-3684000.0,1400000.0,-18500000.0,-15447000.0,-32712000.0,-19431000.0,0.0,86642000.0,10815000.0,56184000.0,56184000.0,56184000.0,-1253000.0,0.0,0.096,244427000.0,86843000.0,84686000.0,0.274,4.611,70.047,68.359,389519000.0,0.0,254.98,5.257,5.147,359140000.0,,587230000.0,587230000.0,26027000.0,,,,,4787000.0,215337000.0,1.0,46301976.0,45329000.0,46695000.0,12.955,1645598000.0,11203000.0,6242000.0,642839000.0,36.303,653385000.0
14,TFX,MRQ,2017-12-31,2017-12-31,2017-12-31,2021-07-29,-265091000.0,6181492000.0,,1128807000.0,5052685000.0,,53.903,-23258000.0,333558000.0,333558000.0,264375000.0,-42658000.0,2.333,1.543,2249552000.0,86625000.0,2162927000.0,2249552000.0,0.0,14107000.0,0.0,0.007,0.34,91248000.0,105355000.0,0.177,105355000.0,91248000.0,67586000.0,-0.95,-0.91,-0.95,2430531000.0,,2430531000.0,12441640615.0,34.0,29.537,78059000.0,1.731,1.0,330731000.0,0.556,4619340000.0,23662000.0,2994270000.0,,395744000.0,0.0,0.0,0.0,3750961000.0,483876000.0,3267085000.0,11209158615.0,-684015000.0,-751241000.0,832000.0,8000000.0,-15332000.0,-14140000.0,-774499000.0,0.0,101317000.0,3307000.0,-42658000.0,-42658000.0,-42658000.0,-189000.0,0.0,-0.072,239827000.0,90904000.0,92027000.0,-0.358,4.612,73.488,73.398,382999000.0,0.0,248.82,5.223,5.217,345875000.0,2285886000.0,595106000.0,595106000.0,25471000.0,,,,,4888000.0,213289000.0,1.0,45049267.0,45091000.0,46637000.0,13.198,1562152000.0,9558000.0,110244000.0,627486000.0,34.644,644931000.0
15,TFX,MRQ,2017-09-30,2017-10-01,2017-10-01,2021-07-29,0.0,5680733000.0,,1766751000.0,3913982000.0,,54.901,-17144000.0,1017573000.0,1017573000.0,239476000.0,77015000.0,4.716,1.298,2250055000.0,77250000.0,2172805000.0,2250055000.0,0.0,14306000.0,0.0,0.007,0.34,108257000.0,122563000.0,0.229,122563000.0,108257000.0,86993000.0,1.71,1.65,1.71,2472477000.0,,2472477000.0,12221245033.0,36.0,30.755,104695000.0,2.325,1.0,295227000.0,0.552,3493100000.0,21264000.0,3045470000.0,,382417000.0,0.0,0.0,0.0,3208256000.0,374645000.0,2833611000.0,10897704033.0,341359000.0,-17252000.0,3434000.0,249697000.0,-15315000.0,237724000.0,-34396000.0,0.0,121839000.0,16192000.0,77015000.0,77015000.0,77015000.0,2383000.0,0.0,0.144,184873000.0,110354000.0,85419000.0,0.199,4.408,42.527,42.302,374461000.0,0.0,241.97,5.277,5.277,306472000.0,,534703000.0,534703000.0,21194000.0,,,,,4985000.0,163771000.0,1.0,45037418.0,45035000.0,46587000.0,11.873,2187633000.0,10710000.0,9978000.0,498762000.0,48.576,1392106000.0
16,TFX,MRQ,2017-06-30,2017-07-02,2017-07-02,2021-07-29,0.0,5290024000.0,,1407618000.0,3882406000.0,,52.416,-23939000.0,676214000.0,676214000.0,238329000.0,78003000.0,3.743,1.243,1999755000.0,112039000.0,1887716000.0,1999755000.0,0.0,13904000.0,0.0,0.008,0.68,109992000.0,123896000.0,0.234,123896000.0,109992000.0,90098000.0,1.73,1.67,1.73,2358529000.0,,2358529000.0,10745072694.0,34.0,28.638,82116000.0,1.825,1.0,290284000.0,0.549,3466980000.0,19894000.0,2770534000.0,,368526000.0,0.0,0.0,0.0,2931495000.0,376051000.0,2555444000.0,9345309694.0,-12915000.0,-17935000.0,1810000.0,-90022000.0,-15303000.0,-103589000.0,-41874000.0,0.0,106055000.0,26493000.0,78003000.0,78003000.0,78003000.0,360000.0,0.0,0.148,180082000.0,110202000.0,81973000.0,0.393,3.962,38.057,37.638,369301000.0,0.0,207.76,4.705,4.707,303702000.0,,528613000.0,528613000.0,20278000.0,,,,,5294000.0,158934000.0,1.0,44981275.0,44996000.0,46818000.0,11.748,1823044000.0,13841000.0,12095000.0,489850000.0,40.516,1031567000.0
17,TFX,MRQ,2017-03-31,2017-04-02,2017-04-02,2021-07-29,0.0,5232436000.0,,1395127000.0,3837309000.0,,49.427,-6562000.0,689129000.0,689129000.0,232321000.0,40170000.0,3.556,1.358,2088892000.0,131095000.0,1957797000.0,2088892000.0,0.0,14180000.0,0.0,0.007,0.34,55227000.0,69407000.0,0.142,69407000.0,55227000.0,37501000.0,0.89,0.86,0.89,2218904000.0,,2218904000.0,9189005416.0,32.0,26.671,84112000.0,1.874,1.0,255560000.0,0.524,3435952000.0,17726000.0,2803889000.0,,355289000.0,0.0,0.0,0.0,3013532000.0,392358000.0,2621174000.0,8699471416.0,145340000.0,-975524000.0,-505000.0,1056249000.0,-15287000.0,1021264000.0,-982086000.0,0.0,90674000.0,15488000.0,40170000.0,40170000.0,40170000.0,179000.0,0.0,0.082,194741000.0,60819000.0,82018000.0,0.382,3.921,38.348,37.617,355234000.0,0.0,193.73,4.505,4.504,282872000.0,,487881000.0,487881000.0,17827000.0,,,,,4240000.0,163969000.0,1.0,44905133.0,44893000.0,46615000.0,10.868,1796484000.0,22562000.0,-2669000.0,486636000.0,40.017,1002769000.0
18,TFX,MRQ,2016-12-31,2016-12-31,2016-12-31,2021-07-29,-438717000.0,3891213000.0,,1183393000.0,2707820000.0,,48.517,-27015000.0,543789000.0,543789000.0,240881000.0,61063000.0,2.767,0.82,1033323000.0,183071000.0,850252000.0,1033323000.0,0.0,14143000.0,0.0,0.008,0.34,67365000.0,81508000.0,0.159,81508000.0,67365000.0,51003000.0,1.39,1.29,1.39,2137517000.0,,2137517000.0,7631582465.0,25.0,21.509,81318000.0,1.846,1.0,273052000.0,0.531,2368383000.0,16362000.0,1584718000.0,,316171000.0,0.0,0.0,0.0,1751872000.0,427646000.0,1324226000.0,7099179465.0,44330000.0,10201000.0,1421000.0,-78000.0,-14980000.0,-20786000.0,-16814000.0,0.0,108333000.0,-26403000.0,61063000.0,61063000.0,61063000.0,-187000.0,0.0,0.119,206024000.0,67028000.0,69400000.0,0.245,3.321,29.907,29.407,302899000.0,0.0,161.15,3.8,3.738,271993000.0,2194593000.0,513933000.0,513933000.0,15687000.0,,,,,4331000.0,144180000.0,1.0,44053239.0,44057000.0,47112000.0,11.665,1522830000.0,9891000.0,-10060000.0,296805000.0,34.565,755747000.0
19,TFX,MRQ,2016-09-30,2016-09-25,2016-09-25,2021-07-29,0.0,4001669000.0,,1163872000.0,2837797000.0,,49.266,-10570000.0,499459000.0,499459000.0,214046000.0,66322000.0,2.573,0.844,1031862000.0,181895000.0,849967000.0,1031862000.0,0.0,13663000.0,0.0,0.008,0.34,86724000.0,100387000.0,0.22,100387000.0,86724000.0,73836000.0,1.51,1.4,1.51,2169922000.0,,2169922000.0,8159830587.0,24.0,20.791,109272000.0,2.481,1.0,241602000.0,0.53,2469722000.0,12888000.0,1611948000.0,,341830000.0,27000.0,0.0,27000.0,1831747000.0,452402000.0,1379345000.0,7554438587.0,22969000.0,-10923000.0,1054000.0,-51308000.0,-14982000.0,-75707000.0,-21493000.0,0.0,119842000.0,327000.0,66322000.0,66322000.0,66322000.0,-122000.0,0.0,0.146,155115000.0,86487000.0,70246000.0,0.225,3.481,27.229,26.311,322019000.0,0.0,171.55,4.109,4.11,261833000.0,,455648000.0,455648000.0,15067000.0,,,,,4591000.0,139797000.0,1.0,44036366.0,44045000.0,47446000.0,10.345,1531947000.0,25051000.0,7514000.0,349354000.0,34.781,711470000.0
20,TFX,MRQ,2016-06-30,2016-06-26,2016-06-26,2021-07-29,0.0,4000207000.0,,1161721000.0,2838486000.0,,48.666,-8979000.0,476490000.0,476490000.0,217154000.0,59588000.0,2.741,0.886,1081882000.0,173952000.0,907930000.0,1081882000.0,0.0,14007000.0,0.0,0.008,0.34,79217000.0,93224000.0,0.197,93224000.0,79217000.0,67310000.0,1.36,1.26,1.36,2119350000.0,,2119350000.0,8136349396.0,25.0,21.431,104620000.0,2.402,1.0,256399000.0,0.541,2476446000.0,11907000.0,1705349000.0,,338465000.0,244000.0,0.0,244000.0,1878639000.0,423804000.0,1454835000.0,7465736396.0,83932000.0,-3117000.0,3413000.0,8530000.0,-14819000.0,-11130000.0,-12096000.0,0.0,113599000.0,-6441000.0,59303000.0,59303000.0,59303000.0,-193000.0,285000.0,0.125,157958000.0,98441000.0,72787000.0,0.25,3.523,27.454,26.468,314665000.0,0.0,171.25,4.087,4.083,273530000.0,,473553000.0,473553000.0,15472000.0,,,,,4512000.0,142983000.0,1.0,43595541.0,43549000.0,47246000.0,10.874,1523761000.0,32354000.0,8007000.0,356699000.0,34.99,737917000.0
21,TFX,MRQ,2016-03-31,2016-03-27,2016-03-27,2021-07-29,0.0,3943466000.0,,1085009000.0,2858457000.0,,49.445,-6571000.0,392558000.0,392558000.0,199746000.0,50868000.0,1.608,0.908,1063171000.0,421198000.0,641973000.0,1063171000.0,0.0,12602000.0,0.0,0.009,0.34,67086000.0,79688000.0,0.188,79688000.0,67086000.0,53302000.0,1.22,1.04,1.22,2059219000.0,,2059219000.0,7163149385.0,23.0,19.681,60135000.0,1.444,1.0,225147000.0,0.53,2492309000.0,13784000.0,1447095000.0,,338906000.0,196000.0,0.0,196000.0,1869391000.0,674675000.0,1194716000.0,6435573385.0,54192000.0,0.0,3180000.0,-9000.0,-14179000.0,-11069000.0,-6571000.0,0.0,66706000.0,5126000.0,50689000.0,50689000.0,50689000.0,312000.0,179000.0,0.119,157650000.0,67497000.0,73313000.0,0.279,3.125,25.022,25.019,318183000.0,0.0,154.62,3.565,3.567,274660000.0,,424893000.0,424893000.0,12353000.0,,,,,3437000.0,136348000.0,1.0,41621869.0,41647000.0,48782000.0,10.202,1451157000.0,33456000.0,2613000.0,360911000.0,34.844,410334000.0
22,TFX,MRQ,2015-12-31,2015-12-31,2015-12-31,2021-07-29,-371124000.0,3871774000.0,,1003839000.0,2867935000.0,,48.293,-16290000.0,338366000.0,338366000.0,224185000.0,101282000.0,1.512,0.926,1059200000.0,417350000.0,641850000.0,1059200000.0,0.0,11978000.0,0.0,0.01,0.34,107185000.0,119163000.0,0.246,119163000.0,107185000.0,93547000.0,2.43,2.1,2.43,2009272000.0,,2009272000.0,6254786891.0,20.0,17.373,109714000.0,2.637,1.0,260316000.0,0.537,2495827000.0,13638000.0,1432661000.0,,330275000.0,0.0,0.0,0.0,1860681000.0,664120000.0,1196561000.0,5468564891.0,61903000.0,-29949000.0,179000.0,-130000.0,-14150000.0,-14665000.0,-46239000.0,0.0,126004000.0,-3197000.0,101124000.0,101124000.0,101124000.0,-10517000.0,158000.0,0.209,163569000.0,96747000.0,66305000.0,0.14,2.722,22.333,22.317,316123000.0,0.0,131.45,3.022,3.019,262416000.0,2016176000.0,484501000.0,484501000.0,13221000.0,,,,,4088000.0,148217000.0,1.0,41601863.0,41606000.0,48325000.0,11.645,1375947000.0,33236000.0,-7577000.0,364442000.0,33.071,339719000.0
23,TFX,MRQ,2015-09-30,2015-09-27,2015-09-27,2021-07-29,0.0,3907701000.0,,1036147000.0,2871554000.0,,46.611,-13837000.0,276463000.0,276463000.0,215501000.0,60852000.0,1.576,1.014,1062685000.0,416685000.0,646000000.0,1062685000.0,0.0,11650000.0,0.0,0.01,0.34,75933000.0,87583000.0,0.197,87583000.0,75933000.0,61627000.0,1.46,1.25,1.46,1938891000.0,,1938891000.0,6191622301.0,23.0,19.256,52744000.0,1.268,1.0,228213000.0,0.514,2495539000.0,14306000.0,1540913000.0,,345899000.0,324000.0,0.0,324000.0,1966640000.0,657471000.0,1309169000.0,5404641301.0,-48547000.0,-25892000.0,-28000.0,-52646000.0,-14148000.0,-71079000.0,-39729000.0,0.0,66581000.0,-4320000.0,60824000.0,60824000.0,60824000.0,719000.0,28000.0,0.137,151663000.0,76550000.0,67906000.0,0.233,2.787,27.805,27.763,313244000.0,0.0,129.93,3.001,3.001,272996000.0,,443714000.0,443714000.0,12571000.0,,,,,3253000.0,138840000.0,1.0,41596562.0,41597000.0,48532000.0,10.667,1412162000.0,100887000.0,803000.0,466646000.0,33.949,378676000.0
24,TFX,MRQ,2015-06-30,2015-06-28,2015-06-28,2021-07-29,0.0,3984162000.0,,1102509000.0,2881653000.0,,46.145,-16876000.0,325010000.0,325010000.0,218808000.0,45009000.0,1.666,1.076,1111991000.0,415991000.0,696000000.0,1111991000.0,0.0,11470000.0,0.0,0.01,0.34,66050000.0,77520000.0,0.171,77520000.0,66050000.0,49843000.0,1.07,0.93,1.07,1917779000.0,,1917779000.0,6472284004.0,23.0,19.668,50117000.0,1.206,1.0,233237000.0,0.516,2503391000.0,16207000.0,1605866000.0,,347095000.0,401000.0,0.0,401000.0,2064155000.0,661886000.0,1402269000.0,5679478004.0,16251000.0,-30184000.0,5132000.0,7171000.0,-14116000.0,-11391000.0,-47060000.0,0.0,66993000.0,7709000.0,44563000.0,44563000.0,44563000.0,190000.0,446000.0,0.099,156251000.0,76986000.0,74364000.0,0.318,2.961,30.148,30.123,315536000.0,0.0,136.76,3.13,3.132,286371000.0,,452045000.0,452045000.0,13443000.0,,,,,3294000.0,142228000.0,1.0,41528795.0,41560000.0,48081000.0,10.877,1480771000.0,103436000.0,5280000.0,495504000.0,35.63,440623000.0
25,TFX,MRQ,2015-03-31,2015-03-29,2015-03-29,2021-07-29,0.0,3923595000.0,,1070771000.0,2852824000.0,,44.803,-14445000.0,308759000.0,308759000.0,206793000.0,38570000.0,1.612,1.11,1101565000.0,401565000.0,700000000.0,1101565000.0,0.0,10915000.0,0.0,0.011,0.34,64856000.0,75771000.0,0.176,75771000.0,64856000.0,47684000.0,0.92,0.81,0.92,1857933000.0,,1857933000.0,5733731142.0,20.0,16.999,26787000.0,0.646,1.0,222637000.0,0.518,2477055000.0,17172000.0,1574921000.0,,338736000.0,734000.0,0.0,734000.0,2062993000.0,664425000.0,1398568000.0,4968566142.0,5523000.0,-7375000.0,-289000.0,29948000.0,-14118000.0,11552000.0,-21820000.0,0.0,41232000.0,-25441000.0,38352000.0,38352000.0,38352000.0,703000.0,218000.0,0.089,157029000.0,65608000.0,75310000.0,0.37,2.674,26.003,26.007,310106000.0,0.0,119.89,2.714,2.716,284827000.0,,429430000.0,429430000.0,12884000.0,,,,,3832000.0,139697000.0,1.0,41442707.0,41469000.0,47295000.0,10.355,1446540000.0,91674000.0,9332000.0,493660000.0,34.882,406346000.0
26,TFX,MRQ,2014-12-31,2014-12-31,2014-12-31,2021-07-29,-260895000.0,3922787000.0,,995908000.0,2926879000.0,,46.141,-24602000.0,303236000.0,303236000.0,234993000.0,50945000.0,1.574,1.051,1068401000.0,368401000.0,700000000.0,1068401000.0,0.0,12798000.0,0.0,0.012,0.34,67872000.0,80670000.0,0.169,80670000.0,67872000.0,51064000.0,1.23,1.08,1.23,1911309000.0,,1911309000.0,5534127298.0,20.0,16.669,55111000.0,1.33,1.0,241015000.0,0.506,2540273000.0,16808000.0,1514910000.0,,335593000.0,1150000.0,0.0,1150000.0,2009088000.0,632769000.0,1376319000.0,4755153298.0,16854000.0,-11991000.0,1309000.0,-93000.0,-14084000.0,-13673000.0,-36593000.0,0.0,79713000.0,-12593000.0,50638000.0,50638000.0,50638000.0,1188000.0,307000.0,0.106,171860000.0,69155000.0,64100000.0,0.276,2.488,25.337,25.291,317435000.0,0.0,114.82,2.585,2.582,273704000.0,1827845000.0,476008000.0,476008000.0,17237000.0,,,,,3102000.0,153265000.0,1.0,41413981.0,41423000.0,47112000.0,11.491,1382514000.0,44267000.0,426000.0,463855000.0,33.376,363139000.0
27,TFX,MRQ,2014-09-30,2014-09-28,2014-09-28,2021-07-29,0.0,4057792000.0,,1077203000.0,2980589000.0,,47.869,-12119000.0,286382000.0,286382000.0,221007000.0,54957000.0,1.593,1.046,1065356000.0,365356000.0,700000000.0,1065356000.0,0.0,13412000.0,0.0,0.013,0.34,81699000.0,95111000.0,0.208,95111000.0,81699000.0,64515000.0,1.32,1.18,1.32,1981728000.0,,1981728000.0,5220748062.0,20.0,16.484,76103000.0,1.838,1.0,236166000.0,0.517,2560297000.0,17184000.0,1600153000.0,,353227000.0,1079000.0,0.0,1079000.0,2073876000.0,676316000.0,1397560000.0,4395857062.0,49000000.0,20000.0,545000.0,-9000.0,-14081000.0,-13959000.0,-16238000.0,-4139000.0,88222000.0,-9025000.0,54831000.0,54831000.0,54831000.0,271000.0,126000.0,0.12,154231000.0,81935000.0,71034000.0,0.258,2.218,25.577,25.526,347233000.0,0.0,106.19,2.423,2.423,287179000.0,,457173000.0,457173000.0,14871000.0,,,,,3399000.0,138252000.0,1.0,41396149.0,41399000.0,46628000.0,11.043,1497495000.0,101166000.0,9684000.0,578067000.0,36.172,400887000.0
28,TFX,MRQ,2014-06-30,2014-06-29,2014-06-29,2021-07-29,0.0,4063833000.0,,1041254000.0,3022579000.0,,47.904,-18741000.0,237382000.0,237382000.0,224017000.0,47705000.0,1.596,1.049,1062273000.0,362273000.0,700000000.0,1062273000.0,0.0,12417000.0,0.0,0.013,0.34,73320000.0,85737000.0,0.183,85737000.0,73320000.0,57258000.0,1.14,1.02,1.14,1982277000.0,,1982277000.0,5218220196.0,21.0,17.5,59138000.0,1.429,1.0,244088000.0,0.521,2607261000.0,16062000.0,1628973000.0,,356467000.0,1465000.0,0.0,1465000.0,2079454000.0,652490000.0,1426964000.0,4350608196.0,-184267000.0,456000.0,2068000.0,-230000000.0,-14042000.0,-246253000.0,-15815000.0,2470000.0,77879000.0,-78000.0,47252000.0,47252000.0,47252000.0,1125000.0,453000.0,0.101,169336000.0,74752000.0,73533000.0,0.298,2.195,26.591,26.491,343408000.0,0.0,105.17,2.457,2.457,301720000.0,,468105000.0,468105000.0,14870000.0,,,,,2652000.0,146843000.0,1.0,41367388.0,41380000.0,46392000.0,11.312,1456572000.0,99082000.0,10006000.0,595937000.0,35.2,388764000.0
29,TFX,MRQ,2014-03-31,2014-03-30,2014-03-30,2021-07-29,0.0,4242134000.0,,1220618000.0,3021516000.0,,47.077,-12109000.0,421649000.0,421649000.0,217387000.0,35144000.0,1.932,1.182,1289261000.0,359261000.0,930000000.0,1289261000.0,0.0,11580000.0,0.0,0.013,0.34,58896000.0,70476000.0,0.161,70476000.0,58896000.0,43492000.0,0.85,0.76,0.85,1942486000.0,,1942486000.0,5209256775.0,22.0,18.27,28642000.0,0.694,1.0,221159000.0,0.504,2622591000.0,15404000.0,1855348000.0,,349745000.0,1513000.0,0.0,1513000.0,2296907000.0,631807000.0,1665100000.0,4354953775.0,-10335000.0,-29051000.0,323000.0,0.0,-14051000.0,-13818000.0,-39491000.0,1669000.0,40751000.0,2223000.0,34958000.0,34958000.0,34958000.0,125000.0,186000.0,0.08,162139000.0,59020000.0,71094000.0,0.4,2.242,27.424,27.373,328679000.0,0.0,105.66,2.528,2.53,295514000.0,,438546000.0,438546000.0,14062000.0,,,,,3074000.0,140297000.0,1.0,41216674.0,41262000.0,45749000.0,10.628,1619543000.0,95397000.0,8534000.0,606852000.0,39.25,588811000.0
30,TFX,MRQ,2013-12-31,2013-12-31,2013-12-31,2021-07-29,-110855000.0,4209007000.0,,1200554000.0,3008453000.0,,46.491,-8940000.0,431984000.0,431984000.0,225596000.0,35066000.0,1.89,1.198,1286287000.0,356287000.0,930000000.0,1286287000.0,0.0,11633000.0,0.0,0.014,0.34,53756000.0,65389000.0,0.145,65389000.0,53756000.0,39417000.0,0.85,0.77,0.85,1913527000.0,,1913527000.0,4520906113.0,20.0,16.518,85327000.0,2.073,1.0,224943000.0,0.499,2609800000.0,14339000.0,1818390000.0,,333621000.0,1715000.0,0.0,1715000.0,2292991000.0,635120000.0,1657871000.0,3861955113.0,105547000.0,-268558000.0,1441000.0,298000000.0,-14002000.0,284813000.0,-277498000.0,0.0,94267000.0,3965000.0,34828000.0,34828000.0,34828000.0,236000.0,238000.0,0.077,170879000.0,54064000.0,71967000.0,0.4,2.018,25.596,25.575,325900000.0,0.0,93.86,2.277,2.274,295290000.0,1696424000.0,450539000.0,450539000.0,17876000.0,,,,,3445000.0,143756000.0,1.0,41145910.0,41159000.0,45034000.0,10.946,1599207000.0,90364000.0,4589000.0,593688000.0,38.854,565434000.0
31,TFX,MRQ,2013-09-30,2013-09-29,2013-09-29,2021-07-29,0.0,3788363000.0,,1110448000.0,2677915000.0,,45.221,-17743000.0,326437000.0,326437000.0,209804000.0,46808000.0,4.146,1.036,985388000.0,4700000.0,980688000.0,985388000.0,0.0,10859000.0,0.0,0.017,0.34,65731000.0,76590000.0,0.185,76590000.0,65731000.0,51783000.0,1.13,1.08,1.13,1860039000.0,,1860039000.0,4065583196.0,17.0,14.744,61156000.0,1.487,1.0,203992000.0,0.493,2289547000.0,13948000.0,1889942000.0,,346116000.0,1703000.0,0.0,1703000.0,1926101000.0,267825000.0,1658276000.0,3371476196.0,45019000.0,-3496000.0,848000.0,7000000.0,-13971000.0,-19368000.0,-21239000.0,0.0,78899000.0,6727000.0,46574000.0,46574000.0,46574000.0,-1029000.0,234000.0,0.113,137950000.0,66042000.0,70783000.0,0.301,1.813,23.191,23.158,320542000.0,0.0,81.98,2.025,2.025,313706000.0,,413796000.0,413796000.0,15638000.0,,,,,2660000.0,115228000.0,1.0,41125594.0,41132000.0,43264000.0,10.06,1498816000.0,81293000.0,5209000.0,496704000.0,36.439,842623000.0
32,TFX,MRQ,2013-06-30,2013-06-30,2013-06-30,2021-07-29,0.0,3724137000.0,,1056706000.0,2667431000.0,,43.766,-21262000.0,281418000.0,281418000.0,210569000.0,42635000.0,4.014,1.068,975525000.0,4700000.0,970825000.0,975525000.0,0.0,9723000.0,0.0,0.018,0.34,62948000.0,72671000.0,0.173,72671000.0,62948000.0,48523000.0,1.03,0.98,1.03,1799432000.0,,1799432000.0,3851872700.0,18.0,15.067,28909000.0,0.703,1.0,209490000.0,0.499,2293437000.0,14425000.0,1861572000.0,,348608000.0,1890000.0,0.0,1890000.0,1922610000.0,263235000.0,1659375000.0,3185691700.0,-25136000.0,-38504000.0,-1263000.0,0.0,-13980000.0,-18287000.0,-59766000.0,0.0,50171000.0,2746000.0,42441000.0,42441000.0,42441000.0,766000.0,194000.0,0.101,145739000.0,63751000.0,76493000.0,0.33,1.77,26.428,26.357,311464000.0,0.0,77.49,1.968,1.968,311881000.0,,420059000.0,420059000.0,16524000.0,,,,,2975000.0,116253000.0,1.0,41111004.0,41115000.0,43429000.0,10.217,1430700000.0,79180000.0,6082000.0,498615000.0,34.798,793471000.0
33,TFX,MRQ,2013-03-31,2013-03-31,2013-03-31,2021-07-29,0.0,3693727000.0,,1057501000.0,2636226000.0,,43.211,-15635000.0,306554000.0,306554000.0,211357000.0,27239000.0,4.044,1.083,972735000.0,4700000.0,968035000.0,972735000.0,0.0,10153000.0,0.0,0.016,0.34,48898000.0,59051000.0,0.143,59051000.0,48898000.0,34705000.0,0.66,0.63,0.66,1772248000.0,,1772248000.0,4095707742.0,19.0,16.248,-11000000.0,-0.268,1.0,200520000.0,0.487,2271465000.0,14193000.0,1826975000.0,,332820000.0,1947000.0,0.0,1947000.0,1918650000.0,261468000.0,1657182000.0,3462766742.0,-30485000.0,1500000.0,5155000.0,0.0,-13964000.0,-15988000.0,-14135000.0,0.0,4635000.0,-4997000.0,27038000.0,27038000.0,27038000.0,462000.0,201000.0,0.066,151116000.0,49404000.0,67383000.0,0.515,1.954,28.685,28.647,300830000.0,0.0,84.51,2.188,2.191,307020000.0,,411877000.0,411877000.0,15007000.0,,,,,2791000.0,126950000.0,1.0,40974639.0,41014000.0,43047000.0,10.042,1422262000.0,74535000.0,7667000.0,495427000.0,34.677,796033000.0
34,TFX,MRQ,2012-12-31,2012-12-31,2012-12-31,2021-07-29,-132048000.0,3733687000.0,,1073222000.0,2660465000.0,,43.449,-19302000.0,337039000.0,337039000.0,219876000.0,29577000.0,3.898,1.097,969980000.0,4700000.0,965280000.0,969980000.0,0.0,10045000.0,0.0,0.019,0.34,57396000.0,67441000.0,0.161,67441000.0,57396000.0,42775000.0,0.72,0.72,0.72,1778950000.0,,1778950000.0,3251288842.0,-31.0,-47.901,34862000.0,0.851,1.0,199180000.0,0.475,2297244000.0,14621000.0,1794084000.0,,323347000.0,2066000.0,0.0,2066000.0,1952150000.0,275300000.0,1676850000.0,2918821842.0,-297790000.0,-313692000.0,524000.0,0.0,-13928000.0,-24070000.0,-332994000.0,0.0,54164000.0,5110000.0,29323000.0,29323000.0,29323000.0,1037000.0,254000.0,0.07,140408000.0,58772000.0,75165000.0,0.472,1.641,-15.358,-15.335,297945000.0,0.0,71.31,1.882,1.879,297976000.0,1601460000.0,419056000.0,419056000.0,16263000.0,,,,,2453000.0,121524000.0,1.0,40931452.0,40943000.0,40943000.0,10.235,1436443000.0,79532000.0,13452000.0,497748000.0,35.084,797922000.0
35,TFX,MRQ,2012-09-30,2012-09-30,2012-09-30,2021-07-29,0.0,3670789000.0,,1293054000.0,2377735000.0,,42.87,-17199000.0,634829000.0,634829000.0,187487000.0,21930000.0,5.2,1.093,967296000.0,4700000.0,962596000.0,967296000.0,0.0,9011000.0,0.0,0.02,0.34,47472000.0,56483000.0,0.153,56483000.0,47472000.0,28979000.0,0.53,0.52,0.53,1752956000.0,,1752956000.0,3232854295.0,115.0,50.266,34409000.0,0.842,1.0,180567000.0,0.491,2044856000.0,18493000.0,1709723000.0,,295611000.0,1771000.0,0.0,1771000.0,1915390000.0,248677000.0,1666713000.0,2813200295.0,89838000.0,49370000.0,3623000.0,1000.0,-13905000.0,-10281000.0,31941000.0,0.0,51608000.0,16570000.0,21742000.0,21742000.0,21742000.0,2521000.0,188000.0,0.059,130726000.0,49841000.0,63703000.0,0.642,1.605,-54.536,-54.635,267392000.0,0.0,68.84,1.833,1.834,266947000.0,,368054000.0,368054000.0,14760000.0,,,,,2167000.0,114878000.0,1.0,40865780.0,40890000.0,41511000.0,9.001,1625933000.0,64738000.0,7237000.0,473915000.0,39.764,1044377000.0
36,TFX,MRQ,2012-06-30,2012-07-01,2012-07-01,2021-07-29,0.0,3606822000.0,,1249631000.0,2357191000.0,,41.374,-15563000.0,544991000.0,544991000.0,198968000.0,42899000.0,5.149,1.133,964645000.0,4700000.0,959945000.0,964645000.0,0.0,8518000.0,0.0,0.022,0.34,60575000.0,69093000.0,0.18,69093000.0,60575000.0,42335000.0,1.04,1.04,1.04,1689470000.0,,1689470000.0,2857007178.0,53.0,31.46,41346000.0,1.013,1.0,184364000.0,0.481,2033720000.0,18240000.0,1750082000.0,,284555000.0,1669000.0,0.0,1669000.0,1914808000.0,242674000.0,1672134000.0,2485868178.0,-45930000.0,-38542000.0,2497000.0,-421000.0,-13890000.0,-18744000.0,-54527000.0,0.0,56909000.0,-29568000.0,42613000.0,42613000.0,42613000.0,4367000.0,286000.0,0.111,119974000.0,64390000.0,65471000.0,0.327,1.471,-83.77,-84.597,253684000.0,0.0,60.91,1.625,1.626,275166000.0,,383332000.0,383332000.0,13702000.0,,,,,2284000.0,105951000.0,1.0,40812152.0,40834000.0,41076000.0,9.388,1573102000.0,66491000.0,-278000.0,475512000.0,38.524,1006957000.0
37,TFX,MRQ,2012-03-31,2012-04-01,2012-04-01,2021-07-29,0.0,3649886000.0,,1322772000.0,2327114000.0,,42.173,-13330000.0,590921000.0,590921000.0,196453000.0,-283508000.0,4.804,1.121,962060000.0,4700000.0,957360000.0,962060000.0,0.0,8630000.0,0.0,0.022,0.34,-269522000.0,-260892000.0,-0.686,-260892000.0,-269522000.0,-287733000.0,-6.96,-6.96,-6.96,1719346000.0,,1719346000.0,2867704886.0,56.0,31.86,10808000.0,0.265,1.0,184114000.0,0.484,1991407000.0,18211000.0,1754272000.0,,298971000.0,1847000.0,0.0,1847000.0,1928040000.0,275346000.0,1652694000.0,2491997886.0,6833000.0,0.0,1594000.0,-286000.0,-13866000.0,-12558000.0,-15029000.0,0.0,24138000.0,10282000.0,-283735000.0,-283735000.0,-283735000.0,-605000.0,227000.0,-0.746,454492000.0,-270378000.0,62330000.0,-0.049,1.449,-65.205,-66.467,263415000.0,0.0,61.15,1.631,1.632,310926000.0,,380567000.0,380567000.0,11553000.0,,,,,1719000.0,112136000.0,1.0,40752214.0,40769000.0,40769000.0,9.335,1658479000.0,77281000.0,-3998000.0,528019000.0,40.68,1047426000.0
38,TFX,MRQ,2011-12-31,2011-12-31,2011-12-31,2021-07-29,-159353000.0,3924103000.0,,1280256000.0,2643847000.0,,48.632,-17274000.0,584088000.0,584088000.0,213288000.0,168221000.0,4.724,0.98,959795000.0,4986000.0,954809000.0,959795000.0,0.0,9982000.0,0.0,0.022,0.34,189649000.0,199631000.0,0.495,199631000.0,189649000.0,170440000.0,4.13,4.1,4.13,1980588000.0,,1980588000.0,3105918739.0,7.0,6.756,-11562000.0,-0.284,1.0,189750000.0,0.471,2318329000.0,19209000.0,1710474000.0,,298775000.0,2008000.0,0.0,2008000.0,1941320000.0,271007000.0,1670313000.0,2495595739.0,212389000.0,280917000.0,1079000.0,-24714000.0,-13858000.0,-43448000.0,262765000.0,0.0,5712000.0,-12640000.0,167796000.0,167796000.0,167796000.0,-126418000.0,425000.0,0.416,126678000.0,63072000.0,67092000.0,0.082,1.26,7.718,7.68,251912000.0,0.0,61.29,1.672,1.663,286226000.0,1847106000.0,403038000.0,403038000.0,12910000.0,,,,,2053000.0,110779000.0,1.0,40717829.0,40726000.0,40990000.0,9.896,1605774000.0,70138000.0,2644000.0,527311000.0,39.429,1009249000.0
39,TFX,MRQ,2011-09-30,2011-09-25,2011-09-25,2021-07-29,0.0,3868711000.0,,1186430000.0,2682281000.0,,47.492,-12176000.0,371699000.0,371699000.0,187111000.0,44065000.0,3.09,1.0,982022000.0,29700000.0,952322000.0,982022000.0,0.0,10028000.0,0.0,0.026,0.34,72953000.0,82981000.0,0.229,82981000.0,72953000.0,53776000.0,1.07,1.07,1.07,1932151000.0,,1932151000.0,2762124465.0,8.0,7.465,25666000.0,0.631,1.0,175630000.0,0.484,2354556000.0,19177000.0,1740506000.0,,311417000.0,2161000.0,0.0,2161000.0,1931714000.0,383972000.0,1547742000.0,2148367465.0,5890000.0,-11000.0,2353000.0,0.0,-13840000.0,-10939000.0,-12798000.0,0.0,37842000.0,-8215000.0,43651000.0,43651000.0,43651000.0,-11144000.0,414000.0,0.12,113725000.0,61905000.0,76245000.0,0.318,1.112,9.08,8.981,250582000.0,0.0,52.81,1.483,1.483,277340000.0,,362741000.0,362741000.0,12316000.0,,,,,1514000.0,101582000.0,1.0,40681073.0,40684000.0,40943000.0,8.916,1514155000.0,74952000.0,10125000.0,463930000.0,37.217,802458000.0
40,TFX,MRQ,2011-06-30,2011-06-26,2011-06-26,2021-07-29,0.0,3878232000.0,,1148928000.0,2729304000.0,,47.997,-9241000.0,365809000.0,365809000.0,199817000.0,34487000.0,3.154,0.991,979566000.0,29700000.0,949866000.0,979566000.0,0.0,9998000.0,0.0,0.023,0.34,58291000.0,68289000.0,0.179,68289000.0,58291000.0,42506000.0,0.84,0.83,0.84,1945625000.0,,1945625000.0,3045612879.0,10.0,9.159,32730000.0,0.807,1.0,181351000.0,0.476,2392988000.0,15785000.0,1734722000.0,,293822000.0,2284000.0,0.0,2284000.0,1927895000.0,364279000.0,1563616000.0,2395737879.0,163511000.0,-684000.0,23813000.0,125000000.0,-13824000.0,130769000.0,-10509000.0,0.0,41971000.0,1280000.0,34070000.0,34070000.0,34070000.0,-3389000.0,417000.0,0.089,125469000.0,55882000.0,67558000.0,0.405,1.231,11.135,11.076,255253000.0,0.0,59.48,1.674,1.685,283181000.0,,381168000.0,381168000.0,12455000.0,,,,,2056000.0,109838000.0,1.0,40278041.0,40536000.0,40872000.0,9.403,1485244000.0,60452000.0,8436000.0,466495000.0,36.64,784649000.0
41,TFX,MRQ,2011-03-31,2011-03-27,2011-03-27,2021-07-29,0.0,3678803000.0,,925918000.0,2752885000.0,,47.051,-5891000.0,202298000.0,202298000.0,189500000.0,78194000.0,2.708,0.95,852173000.0,29700000.0,822473000.0,852173000.0,0.0,10328000.0,0.0,0.024,0.34,98873000.0,109201000.0,0.308,109201000.0,98873000.0,82727000.0,1.94,1.92,1.94,1884710000.0,,1884710000.0,2973493762.0,9.0,8.115,3062000.0,0.076,1.0,164504000.0,0.465,2396626000.0,16146000.0,1590146000.0,,319905000.0,4723000.0,0.0,4723000.0,1789815000.0,341906000.0,1447909000.0,2264825762.0,-6154000.0,71030000.0,6764000.0,-65800000.0,-13614000.0,-87488000.0,64337000.0,0.0,8953000.0,8044000.0,77812000.0,77812000.0,77812000.0,-64082000.0,382000.0,0.22,114839000.0,49665000.0,82675000.0,0.175,1.202,9.389,9.374,274328000.0,0.0,56.62,1.608,1.611,289788000.0,,354004000.0,354004000.0,11038000.0,,,,,-1091000.0,103206000.0,1.0,40000455.0,40057000.0,40424000.0,8.838,1282177000.0,45113000.0,4915000.0,470130000.0,32.009,584012000.0
42,TFX,MRQ,2010-12-31,2010-12-31,2010-12-31,2021-07-29,-51880000.0,3643155000.0,,921233000.0,2721922000.0,,44.599,-8067000.0,208452000.0,208452000.0,183554000.0,81436000.0,2.189,1.041,917120000.0,103711000.0,813409000.0,917120000.0,0.0,8958000.0,0.0,0.025,0.34,100597000.0,109555000.0,0.312,109555000.0,100597000.0,79309000.0,2.03,2.01,2.03,1783376000.0,,1783376000.0,2989362906.0,10.0,8.818,58939000.0,1.474,1.0,167163000.0,0.477,2360933000.0,21288000.0,1570127000.0,,338598000.0,4899000.0,0.0,4899000.0,1855877000.0,420763000.0,1435114000.0,2151520906.0,-39305000.0,105607000.0,2187000.0,-170800000.0,-13608000.0,-199921000.0,95926000.0,0.0,67006000.0,-2316000.0,81078000.0,81078000.0,81078000.0,-69846000.0,358000.0,0.231,119922000.0,47241000.0,84846000.0,0.167,1.206,10.699,10.677,287705000.0,0.0,53.81,1.539,1.536,294196000.0,1578913000.0,350717000.0,350717000.0,12210000.0,,,,,1575000.0,106674000.0,1.0,39983663.0,39987000.0,40313000.0,8.771,1282222000.0,43555000.0,-1769000.0,471252000.0,32.066,500470000.0
43,TFX,MRQ,2010-09-30,2010-09-26,2010-09-26,2021-07-29,0.0,3797855000.0,,1042712000.0,2755143000.0,,42.903,-7605000.0,247757000.0,247757000.0,178477000.0,22535000.0,2.242,1.214,1085599000.0,181193000.0,904406000.0,1085599000.0,0.0,10908000.0,0.0,0.024,0.34,34567000.0,45475000.0,0.132,45475000.0,34567000.0,14520000.0,0.56,0.55,0.56,1713231000.0,,1713231000.0,3142407841.0,12.0,10.153,39017000.0,0.977,1.0,166564000.0,0.483,2367903000.0,20047000.0,1802667000.0,,359967000.0,13288000.0,0.0,13288000.0,2080578000.0,465127000.0,1615451000.0,2259872841.0,-39372000.0,1208000.0,59838000.0,-1600000.0,-13584000.0,-92511000.0,-7273000.0,0.0,46622000.0,13790000.0,22196000.0,22196000.0,22196000.0,-11548000.0,339000.0,0.064,113071000.0,53493000.0,91588000.0,0.607,1.319,13.888,13.805,292294000.0,0.0,56.6,1.867,1.867,294285000.0,,345041000.0,345041000.0,10571000.0,,,,,2626000.0,101542000.0,1.0,39927082.0,39933000.0,40254000.0,8.64,1429952000.0,108274000.0,-7676000.0,536423000.0,35.809,577585000.0
44,TFX,MRQ,2010-06-30,2010-06-27,2010-06-27,2021-07-29,0.0,3743744000.0,,1035384000.0,2708360000.0,,39.517,-6921000.0,287129000.0,287129000.0,184126000.0,60526000.0,3.222,1.371,1169664000.0,41464000.0,1128200000.0,1169664000.0,0.0,10085000.0,0.0,0.024,0.34,92122000.0,102207000.0,0.285,102207000.0,92122000.0,72588000.0,1.51,1.49,1.51,1577232000.0,,1577232000.0,3204765576.0,10.0,9.153,61490000.0,1.541,1.0,174301000.0,0.486,2335189000.0,19534000.0,1969781000.0,,337363000.0,14007000.0,0.0,14007000.0,2162002000.0,321309000.0,1840693000.0,2232744576.0,76410000.0,49984000.0,4362000.0,-13080000.0,-13584000.0,-22939000.0,41828000.0,0.0,68411000.0,-10890000.0,60148000.0,60148000.0,60148000.0,-28180000.0,378000.0,0.168,110131000.0,64170000.0,82119000.0,0.225,1.416,12.485,12.431,290761000.0,0.0,55.94,1.709,1.709,291386000.0,,358427000.0,358427000.0,10288000.0,,,,,2625000.0,99768000.0,1.0,39913203.0,39913000.0,40356000.0,8.98,1408555000.0,90192000.0,12440000.0,418476000.0,35.291,714075000.0
45,TFX,MRQ,2010-03-31,2010-03-28,2010-03-28,2021-07-29,0.0,3774259000.0,,989267000.0,2784992000.0,,39.778,-6737000.0,210719000.0,210719000.0,190435000.0,37958000.0,3.059,1.381,1182740000.0,41460000.0,1141280000.0,1182740000.0,0.0,11274000.0,0.0,0.022,0.34,70913000.0,82187000.0,0.224,82187000.0,70913000.0,51919000.0,0.95,0.94,0.95,1582821000.0,,1582821000.0,3512367539.0,14.0,11.88,24326000.0,0.611,1.0,176897000.0,0.482,2465566000.0,18994000.0,1957349000.0,,353775000.0,13901000.0,0.0,13901000.0,2186637000.0,323365000.0,1863272000.0,2504173539.0,22414000.0,24669000.0,3670000.0,-11390000.0,-13536000.0,-21256000.0,17321000.0,0.0,31063000.0,-4714000.0,37672000.0,37672000.0,37672000.0,-4438000.0,286000.0,0.103,110342000.0,66555000.0,86354000.0,0.358,1.582,20.009,19.994,305525000.0,0.0,62.98,1.805,1.807,297445000.0,,367332000.0,367332000.0,9311000.0,,,,,1695000.0,100568000.0,1.0,39761409.0,39791000.0,40199000.0,9.232,1308693000.0,92949000.0,14247000.0,417636000.0,32.889,665902000.0
46,TFX,MRQ,2009-12-31,2009-12-31,2009-12-31,2021-07-29,-34120000.0,3839005000.0,,1003934000.0,2835071000.0,,39.765,-6085000.0,188305000.0,188305000.0,33264000.0,43015000.0,2.978,1.426,1196499000.0,4008000.0,1192491000.0,1196499000.0,0.0,6168000.0,0.0,0.025,0.34,73474000.0,79642000.0,0.569,79642000.0,73474000.0,52801000.0,1.08,1.07,1.08,1580241000.0,,1580241000.0,3236642856.0,8.0,6.795,102507000.0,2.58,1.0,106600000.0,0.762,2431017000.0,20673000.0,2079075000.0,,360843000.0,12089000.0,0.0,12089000.0,2253931000.0,337107000.0,1916824000.0,2140891856.0,29516000.0,-194000.0,803000.0,-57956000.0,-13501000.0,-70654000.0,-8924000.0,0.0,108592000.0,502000.0,42701000.0,42701000.0,42701000.0,-7189000.0,314000.0,0.305,40580000.0,66020000.0,94983000.0,0.315,1.355,7.066,7.063,317499000.0,0.0,53.89,1.492,1.492,265305000.0,1431878000.0,139864000.0,139864000.0,8960000.0,,,,,1165000.0,44010000.0,1.0,39727071.0,39739000.0,40014000.0,3.52,1407988000.0,159079000.0,10100000.0,539530000.0,35.431,666827000.0
47,TFX,MRQ,2009-09-30,2009-09-27,2009-09-27,2021-07-29,0.0,3807679000.0,,946293000.0,2861386000.0,,38.996,-6060000.0,158789000.0,158789000.0,244408000.0,38617000.0,2.904,1.455,1254540000.0,5956000.0,1248584000.0,1254540000.0,0.0,13485000.0,0.0,0.029,0.34,72622000.0,86107000.0,0.195,86107000.0,72622000.0,51548000.0,0.96,0.96,0.96,1549092000.0,,1549092000.0,3071635080.0,8.0,6.711,91148000.0,2.295,1.0,196333000.0,0.445,2522158000.0,21074000.0,2055433000.0,,395234000.0,12214000.0,0.0,12214000.0,2254116000.0,325839000.0,1928277000.0,1880483080.0,44519000.0,14411000.0,383000.0,-51257000.0,-13507000.0,-64788000.0,6847000.0,0.0,97208000.0,5252000.0,38312000.0,38312000.0,38312000.0,-4395000.0,305000.0,0.087,128034000.0,68299000.0,85834000.0,0.354,1.214,6.719,6.715,327014000.0,0.0,47.34,1.131,1.131,266924000.0,,440741000.0,440741000.0,9618000.0,,,,,2611000.0,113633000.0,1.0,39722921.0,39724000.0,39932000.0,11.095,1285521000.0,96237000.0,13236000.0,365792000.0,32.361,620454000.0
48,TFX,MRQ,2009-06-30,2009-06-28,2009-06-28,2021-07-29,0.0,3778763000.0,,928239000.0,2850524000.0,,36.812,-7672000.0,114270000.0,114270000.0,241185000.0,6772000.0,2.722,1.581,1305422000.0,5736000.0,1299686000.0,1305422000.0,0.0,13802000.0,0.0,0.03,0.34,33917000.0,47719000.0,0.109,47719000.0,33917000.0,11918000.0,0.16,0.16,0.16,1462050000.0,,1462050000.0,2945323421.0,7.0,6.272,-22030000.0,-0.555,1.0,198052000.0,0.451,2504842000.0,21999000.0,2124067000.0,,411231000.0,15951000.0,0.0,15951000.0,2312205000.0,341006000.0,1971199000.0,1782739421.0,-28781000.0,3684000.0,0.0,8000.0,-13503000.0,-13495000.0,-4374000.0,0.0,-14358000.0,3446000.0,6470000.0,6470000.0,6470000.0,26364000.0,302000.0,0.015,138928000.0,59124000.0,104295000.0,2.125,1.219,6.28,6.264,329466000.0,0.0,44.85,1.033,1.032,275320000.0,,439237000.0,439237000.0,8420000.0,,,,,1849000.0,117614000.0,1.0,39748928.0,39717000.0,39921000.0,11.059,1273921000.0,97996000.0,5448000.0,344354000.0,32.075,587233000.0
49,TFX,MRQ,2009-03-31,2009-03-29,2009-03-29,2021-07-29,0.0,3806274000.0,,941693000.0,2864581000.0,,35.305,-6525000.0,143051000.0,143051000.0,251614000.0,225607000.0,2.187,1.713,1305635000.0,5973000.0,1299662000.0,1305635000.0,0.0,13771000.0,0.0,0.035,0.34,249820000.0,263591000.0,0.599,263591000.0,249820000.0,224423000.0,5.43,5.4,5.43,1401329000.0,,1401329000.0,2994753081.0,6.0,5.787,6204000.0,0.156,1.0,188454000.0,0.428,2509424000.0,25397000.0,2028790000.0,,406829000.0,15886000.0,0.0,15886000.0,2400834000.0,430644000.0,1970190000.0,1555637081.0,35776000.0,295775000.0,367000.0,-239837000.0,-13511000.0,-264351000.0,287652000.0,0.0,12729000.0,-254000.0,215511000.0,215511000.0,215511000.0,-201011000.0,10096000.0,0.49,129758000.0,58696000.0,109710000.0,0.063,1.11,4.981,4.992,332407000.0,0.0,39.34,0.843,0.846,288971000.0,,440068000.0,440068000.0,7565000.0,,,,,2151000.0,117133000.0,1.0,39543393.0,39692000.0,39876000.0,11.087,1296850000.0,82275000.0,8912000.0,419001000.0,32.673,511049000.0
50,TFX,MRQ,2008-12-31,2008-12-31,2008-12-31,2021-07-29,-108202000.0,3926744000.0,,957386000.0,2969358000.0,,31.415,-7128000.0,107275000.0,107275000.0,192758000.0,28618000.0,1.82,2.119,1546391000.0,108853000.0,1437538000.0,1546391000.0,0.0,12102000.0,0.0,0.027,0.34,48215000.0,60317000.0,0.176,60317000.0,48215000.0,18059000.0,0.5,0.49,0.5,1246455000.0,,1246455000.0,3476605039.0,12.0,10.364,71509000.0,1.802,1.0,149836000.0,0.437,2564975000.0,30156000.0,2274945000.0,,424653000.0,28105000.0,0.0,28105000.0,2640861000.0,525940000.0,2114921000.0,1989691039.0,15878000.0,2783000.0,238000.0,-28323000.0,-13479000.0,-47120000.0,-11437000.0,0.0,78637000.0,-4202000.0,19569000.0,19569000.0,19569000.0,-24811000.0,9049000.0,0.057,117794000.0,32042000.0,139677000.0,0.68,1.596,16.612,16.535,374292000.0,0.0,50.1,1.041,1.037,311908000.0,1182906000.0,342594000.0,342594000.0,32598000.0,,,,,1672000.0,69726000.0,1.0,39714392.0,39677000.0,39817000.0,8.635,1361769000.0,85953000.0,-1510000.0,339518000.0,34.321,431446000.0
51,TFX,MRQ,2008-09-30,2008-09-28,2008-09-28,2021-07-29,0.0,4097241000.0,,1006234000.0,3091007000.0,,34.976,-8764000.0,91397000.0,91397000.0,294202000.0,51946000.0,1.91,1.929,1578311000.0,89915000.0,1488396000.0,1578311000.0,0.0,12950000.0,0.0,0.02,0.34,85020000.0,97970000.0,0.194,97970000.0,85020000.0,56037000.0,1.07,1.06,1.07,1386619000.0,,1386619000.0,4193192999.0,13.0,11.107,67429000.0,1.701,1.0,209833000.0,0.416,2648416000.0,28983000.0,2408910000.0,,430180000.0,26989000.0,0.0,26989000.0,2675214000.0,526829000.0,2148385000.0,2650398999.0,-11845000.0,6611000.0,2131000.0,-65636000.0,-13482000.0,-85124000.0,-3876000.0,0.0,76193000.0,962000.0,42319000.0,42319000.0,42319000.0,-22319000.0,9627000.0,0.084,137997000.0,71836000.0,144280000.0,0.318,1.911,16.006,15.945,413434000.0,0.0,66.81,1.449,1.448,342612000.0,,504035000.0,504035000.0,0.0,,,,,2206000.0,137527000.0,1.0,39670693.0,39645000.0,39970000.0,12.714,1448825000.0,119634000.0,13718000.0,448261000.0,36.545,479405000.0
52,TFX,MRQ,2008-06-30,2008-06-29,2008-06-29,2021-07-29,0.0,4171120000.0,,1014918000.0,3156202000.0,,35.248,-9314000.0,103242000.0,103242000.0,325362000.0,44041000.0,1.646,1.967,1646036000.0,172491000.0,1473545000.0,1646036000.0,0.0,14849000.0,0.0,0.023,0.34,80796000.0,95645000.0,0.171,95645000.0,80796000.0,49420000.0,0.88,0.88,0.88,1394484000.0,,1394484000.0,3740263227.0,13.0,10.767,12992000.0,0.328,1.0,234316000.0,0.419,2692423000.0,31376000.0,2404858000.0,,420365000.0,28451000.0,0.0,28451000.0,2742571000.0,616633000.0,2125938000.0,2212571227.0,-50865000.0,-5883000.0,3984000.0,-37061000.0,-13464000.0,-58791000.0,-15929000.0,0.0,22306000.0,1549000.0,34943000.0,34943000.0,34943000.0,-15168000.0,9098000.0,0.062,160036000.0,74280000.0,150221000.0,0.386,1.587,33.405,33.455,428964000.0,0.0,55.87,1.24,1.239,361876000.0,,559678000.0,559678000.0,0.0,,,,,2444000.0,157445000.0,1.0,39602134.0,39562000.0,39831000.0,14.147,1478697000.0,103720000.0,14477000.0,441234000.0,37.377,398285000.0
53,TFX,MRQ,2008-03-31,2008-03-30,2008-03-30,2021-07-29,0.0,4208847000.0,,1024176000.0,3184671000.0,,34.381,-7468000.0,154107000.0,154107000.0,328671000.0,29997000.0,1.563,2.075,1681799000.0,182688000.0,1499111000.0,1681799000.0,0.0,16266000.0,0.0,0.027,0.32,65688000.0,81954000.0,0.151,81954000.0,65688000.0,34605000.0,0.58,0.58,0.58,1356456000.0,,1356456000.0,3358059144.0,10.0,8.927,-13435000.0,-0.341,1.0,213439000.0,0.394,2719418000.0,31083000.0,2361772000.0,,411524000.0,27926000.0,0.0,27926000.0,2815052000.0,655349000.0,2159703000.0,1875142144.0,-47235000.0,-450000.0,1602000.0,-3262000.0,-12622000.0,-26974000.0,-8209000.0,0.0,-5967000.0,-6085000.0,22943000.0,22943000.0,22943000.0,-14789000.0,7054000.0,0.042,156447000.0,56992000.0,143699000.0,0.552,1.382,14.983,15.072,430584000.0,0.0,47.93,1.118,1.128,383269000.0,,542110000.0,542110000.0,0.0,,,,,1797000.0,147573000.0,1.0,39122515.0,39454000.0,39709000.0,13.74,1489429000.0,47099000.0,11662000.0,460039000.0,37.751,368827000.0
54,TFX,MRQ,2007-12-31,2007-12-31,2007-12-31,2021-07-29,56919000.0,4187997000.0,,1009810000.0,3178187000.0,,33.714,-11230000.0,201342000.0,201342000.0,110849000.0,96063000.0,1.546,2.12,1684259000.0,143357000.0,1540902000.0,1684259000.0,0.0,8734000.0,0.0,0.02,0.32,93228000.0,101962000.0,0.455,101962000.0,93228000.0,47144000.0,1.66,1.68,1.66,1328843000.0,,1328843000.0,2527424490.0,8.0,6.761,168709000.0,4.28,1.0,113014000.0,0.505,2713428000.0,46084000.0,2304196000.0,,419188000.0,26594000.0,0.0,26594000.0,2816971000.0,653290000.0,2163681000.0,2488708490.0,-296382000.0,-1564932000.0,1004000.0,1128514000.0,-12608000.0,1108630000.0,-1591029000.0,0.0,179939000.0,6078000.0,65385000.0,65385000.0,65385000.0,-131571000.0,30678000.0,0.292,143204000.0,-30190000.0,133654000.0,0.193,1.873,16.99,16.893,430976000.0,0.0,63.01,1.58,1.571,341963000.0,1118053000.0,223863000.0,223863000.0,0.0,,,,,948000.0,109805000.0,1.0,39497040.0,39415000.0,38122000.0,5.68,1474569000.0,19214000.0,-18241000.0,487005000.0,37.411,356520000.0
55,TFX,MRQ,2007-09-30,2007-09-30,2007-09-30,2021-07-29,0.0,2648803000.0,,1407824000.0,1240979000.0,,32.769,-9613000.0,497724000.0,497724000.0,304585000.0,-57036000.0,2.586,1.018,536440000.0,80562000.0,455878000.0,536440000.0,0.0,10620000.0,0.0,0.015,0.32,57213000.0,67833000.0,0.148,67833000.0,57213000.0,47322000.0,-1.45,-1.45,-1.45,1290060000.0,,1290060000.0,3136018814.0,11.0,10.283,64126000.0,1.629,1.0,153977000.0,0.336,819722000.0,9891000.0,1323306000.0,,420807000.0,28072000.0,0.0,28072000.0,1313802000.0,544491000.0,769311000.0,3068734814.0,53056000.0,-455000.0,2708000.0,16430000.0,-12610000.0,-10764000.0,-12990000.0,0.0,73739000.0,3071000.0,-57036000.0,-57036000.0,-57036000.0,-6188000.0,0.0,-0.124,100351000.0,53626000.0,214707000.0,-0.221,2.379,25.827,25.632,388577000.0,0.0,77.92,2.587,2.586,396481000.0,,458562000.0,458562000.0,0.0,,,,,2199000.0,95621000.0,1.0,39383147.0,39368000.0,39368000.0,11.648,1829081000.0,71450000.0,104358000.0,181307000.0,46.461,863333000.0
56,TFX,MRQ,2007-06-30,2007-07-01,2007-07-01,2021-07-29,0.0,2589445000.0,,1349594000.0,1239851000.0,,33.93,-10813000.0,444668000.0,444668000.0,288987000.0,93861000.0,2.714,0.903,511952000.0,25867000.0,486085000.0,511952000.0,0.0,11895000.0,0.0,0.014,0.32,112536000.0,124431000.0,0.275,124431000.0,112536000.0,103027000.0,2.39,2.37,2.39,1330788000.0,,1330788000.0,3460199060.0,12.0,10.884,103566000.0,2.641,1.0,163330000.0,0.361,817869000.0,9509000.0,1341621000.0,,416867000.0,28469000.0,0.0,28469000.0,1201854000.0,497239000.0,704615000.0,3205005060.0,189991000.0,85384000.0,16810000.0,664000.0,-12599000.0,4260000.0,69394000.0,0.0,114379000.0,1958000.0,93861000.0,93861000.0,93861000.0,-60615000.0,0.0,0.208,106760000.0,56570000.0,230568000.0,0.134,2.408,15.131,15.144,388143000.0,0.0,81.78,2.404,2.406,403165000.0,,452317000.0,452317000.0,0.0,,,,,2182000.0,103558000.0,1.0,39190573.0,39221000.0,39678000.0,11.533,1771576000.0,64088000.0,9166000.0,74525000.0,45.169,852355000.0
57,TFX,MRQ,2007-03-31,2007-04-01,2007-04-01,2021-07-29,0.0,2431447000.0,,1231840000.0,1199607000.0,,31.243,-9727000.0,254677000.0,254677000.0,278892000.0,44274000.0,2.706,0.953,509871000.0,21895000.0,487976000.0,509871000.0,0.0,11496000.0,0.0,0.017,0.28,68092000.0,79588000.0,0.181,79588000.0,68092000.0,58924000.0,1.13,1.12,1.13,1219460000.0,,1219460000.0,2932769016.0,13.0,10.871,15804000.0,0.405,1.0,161448000.0,0.367,779257000.0,9168000.0,1452139000.0,,402130000.0,23343000.0,0.0,23343000.0,1162309000.0,455245000.0,707064000.0,2662786016.0,6268000.0,8246000.0,3649000.0,-9243000.0,-11112000.0,-16667000.0,-4970000.0,0.0,25531000.0,2374000.0,44274000.0,44274000.0,44274000.0,-10443000.0,0.0,0.101,97955000.0,63493000.0,207611000.0,0.248,2.184,17.224,17.365,391690000.0,0.0,68.07,1.739,1.735,404424000.0,,440340000.0,440340000.0,0.0,,,,,2023000.0,98307000.0,1.0,39118349.0,39032000.0,39403000.0,11.282,1652190000.0,66052000.0,14650000.0,54373000.0,42.329,776595000.0
58,TFX,MRQ,2006-12-31,2006-12-31,2006-12-31,2021-07-29,30035000.0,2361437000.0,,1139529000.0,1221908000.0,,30.511,-1204000.0,248409000.0,248409000.0,-193423000.0,37719000.0,2.542,0.95,518392000.0,31022000.0,487370000.0,518392000.0,0.0,-9791000.0,0.0,0.017,0.285,42925000.0,33134000.0,-0.201,33134000.0,42925000.0,32883000.0,0.97,0.96,0.97,1189421000.0,,1189421000.0,2861714114.0,13.0,10.982,128906000.0,3.307,1.0,28640000.0,-0.174,773235000.0,10042000.0,1409920000.0,,415879000.0,23076000.0,0.0,23076000.0,1129959000.0,448265000.0,681694000.0,2518815114.0,45984000.0,-33440000.0,3013000.0,-20752000.0,-11090000.0,-37677000.0,-54354000.0,0.0,130110000.0,7905000.0,37719000.0,37719000.0,37719000.0,-37851000.0,0.0,-0.229,19970000.0,8670000.0,210890000.0,0.294,2.118,18.065,18.393,422178000.0,0.0,64.56,1.49,1.518,376404000.0,1034669000.0,-164783000.0,-164783000.0,0.0,,,,,758000.0,13890000.0,1.0,39015104.0,38983000.0,39229000.0,-4.227,1588202000.0,64382000.0,-4836000.0,41561000.0,40.741,691264000.0
59,TFX,MRQ,2006-09-30,2006-09-24,2006-09-24,2021-07-29,0.0,2342890000.0,,1146350000.0,1196540000.0,,29.57,-13461000.0,202425000.0,202425000.0,424907000.0,35966000.0,2.298,0.978,545324000.0,59323000.0,486001000.0,545324000.0,0.0,19500000.0,0.0,0.02,0.28,61251000.0,80751000.0,0.133,80751000.0,61251000.0,50968000.0,0.91,0.91,0.91,1166977000.0,,1166977000.0,2506320348.0,12.0,9.858,69474000.0,1.76,1.0,180618000.0,0.298,743057000.0,10283000.0,1443901000.0,,422290000.0,24095000.0,0.0,24095000.0,1140855000.0,498831000.0,642024000.0,2173721348.0,-38511000.0,2796000.0,-70277000.0,-28874000.0,-11397000.0,-111166000.0,-11497000.0,0.0,82935000.0,1217000.0,35966000.0,35966000.0,35966000.0,-1270000.0,0.0,0.059,115752000.0,64866000.0,211505000.0,0.308,1.863,15.613,15.663,424084000.0,0.0,54.35,1.403,1.384,408914000.0,,605525000.0,605525000.0,0.0,,,,,1795000.0,112930000.0,1.0,39994873.0,39465000.0,39566000.0,15.343,1599833000.0,71558000.0,15002000.0,88404000.0,40.538,647519000.0
60,TFX,MRQ,2006-06-30,2006-06-25,2006-06-25,2021-07-29,0.0,2405078000.0,,1194868000.0,1210210000.0,,30.022,-13880000.0,240936000.0,240936000.0,453332000.0,36639000.0,2.314,0.967,573535000.0,82157000.0,491378000.0,573535000.0,0.0,18643000.0,0.0,0.019,0.28,57663000.0,76306000.0,0.117,76306000.0,57663000.0,46733000.0,0.91,0.9,0.91,1208194000.0,,1208194000.0,2538802674.0,12.0,10.115,83110000.0,2.065,1.0,196852000.0,0.303,746257000.0,10930000.0,1475049000.0,,418123000.0,24262000.0,0.0,24262000.0,1168387000.0,516371000.0,652016000.0,2137215674.0,52081000.0,753000.0,-65000.0,-23185000.0,-11496000.0,-34746000.0,-14136000.0,0.0,96990000.0,3973000.0,36639000.0,36639000.0,36639000.0,-2656000.0,0.0,0.056,137537000.0,59315000.0,215031000.0,0.308,1.769,15.616,15.661,433993000.0,0.0,53.09,1.396,1.395,431023000.0,,650184000.0,650184000.0,0.0,,,,,1658000.0,127234000.0,1.0,40256464.0,40244000.0,40495000.0,16.156,1658821000.0,69949000.0,10094000.0,84624000.0,41.219,678497000.0
61,TFX,MRQ,2006-03-31,2006-03-26,2006-03-26,2021-07-29,0.0,2376453000.0,,1136840000.0,1239613000.0,,28.742,-12227000.0,188855000.0,188855000.0,420836000.0,29106000.0,2.07,1.029,590442000.0,90257000.0,500185000.0,590442000.0,0.0,18671000.0,0.0,0.014,0.25,51710000.0,70381000.0,0.117,70381000.0,51710000.0,41765000.0,0.72,0.72,0.72,1159616000.0,,1159616000.0,3300604025.0,16.0,13.183,22400000.0,0.555,1.0,179047000.0,0.298,755277000.0,9945000.0,1473503000.0,,416895000.0,28008000.0,0.0,28008000.0,1193693000.0,549260000.0,644433000.0,2909358025.0,-50681000.0,-7267000.0,-14271000.0,-42132000.0,-10113000.0,-66516000.0,-20521000.0,0.0,34627000.0,1729000.0,29106000.0,29106000.0,29106000.0,-1565000.0,0.0,0.049,124757000.0,54290000.0,215422000.0,0.347,2.509,22.519,22.163,436597000.0,0.0,70.7,1.891,1.854,442283000.0,,599883000.0,599883000.0,0.0,,,,,1647000.0,120907000.0,1.0,41150750.0,40346000.0,40626000.0,14.868,1621176000.0,70442000.0,12659000.0,106466000.0,40.182,587580000.0
62,TFX,MRQ,2005-12-31,2005-12-25,2005-12-25,2021-07-29,6614000.0,2403048000.0,,1160428000.0,1242620000.0,,28.264,7127000.0,239536000.0,239536000.0,-293194000.0,37518000.0,1.984,1.089,630782000.0,125510000.0,505272000.0,630782000.0,0.0,-15318000.0,0.0,0.015,0.25,42127000.0,26809000.0,-0.088,26809000.0,42127000.0,31841000.0,0.93,0.92,0.93,1142074000.0,,1142074000.0,3059387599.0,15.0,11.719,97501000.0,2.413,1.0,-12933000.0,0.042,763884000.0,10286000.0,1445425000.0,,404271000.0,24666000.0,0.0,24666000.0,1243574000.0,584985000.0,658589000.0,2646816599.0,-6542000.0,7750000.0,-5273000.0,-35345000.0,-10120000.0,-91313000.0,-5778000.0,0.0,90374000.0,175000.0,37518000.0,37518000.0,37518000.0,-48587000.0,0.0,-0.123,-8227000.0,-4706000.0,206548000.0,0.269,2.318,19.067,19.055,447816000.0,0.0,65.36,1.695,1.695,421236000.0,939335000.0,-306127000.0,-306127000.0,0.0,,,,,0.0,-3408000.0,1.0,40495970.0,40408000.0,40916000.0,-7.576,1639164000.0,64169000.0,-5677000.0,97165000.0,40.565,575443000.0
63,TFX,MRQ,2005-09-30,2005-09-25,2005-09-25,2021-07-29,0.0,2526149000.0,,1147570000.0,1378579000.0,,27.938,-19303000.0,246078000.0,246078000.0,421327000.0,33600000.0,2.628,1.175,658649000.0,22774000.0,635875000.0,658649000.0,0.0,22547000.0,0.0,0.013,0.25,54960000.0,77507000.0,0.132,77507000.0,54960000.0,43960000.0,0.83,0.82,0.83,1133433000.0,,1133433000.0,3295940859.0,36.0,17.916,54537000.0,1.344,1.0,166063000.0,0.283,748219000.0,11000000.0,1753847000.0,,422599000.0,24193000.0,0.0,24193000.0,1331292000.0,436654000.0,894638000.0,2846573859.0,33622000.0,27656000.0,-29527000.0,-398000.0,-10103000.0,-43653000.0,2966000.0,0.0,73840000.0,469000.0,33600000.0,33600000.0,33600000.0,2114000.0,0.0,0.057,104873000.0,61190000.0,193703000.0,0.301,2.511,95.889,96.806,479164000.0,0.0,69.7,1.133,1.125,402184000.0,,587390000.0,587390000.0,0.0,,,,,0.0,104666000.0,1.0,40840371.0,40569000.0,41185000.0,14.479,1777930000.0,166382000.0,10360000.0,201554000.0,43.825,710916000.0
64,TFX,MRQ,2005-06-30,2005-06-26,2005-06-26,2021-07-29,0.0,2510895000.0,,1154445000.0,1356450000.0,,27.931,-12917000.0,212456000.0,212456000.0,466770000.0,28973000.0,2.481,1.158,661823000.0,46679000.0,615144000.0,661823000.0,0.0,22095000.0,0.0,0.016,0.25,53583000.0,75678000.0,0.115,75678000.0,53583000.0,42451000.0,0.71,0.71,0.71,1134994000.0,,1134994000.0,2877312716.0,40.0,17.312,102390000.0,2.52,1.0,190239000.0,0.29,750901000.0,11132000.0,1743964000.0,,412131000.0,23516000.0,0.0,23516000.0,1314377000.0,465397000.0,848980000.0,2331016716.0,47050000.0,-4780000.0,6375000.0,-39306000.0,-10179000.0,-49722000.0,-12817000.0,0.0,115307000.0,-5718000.0,28973000.0,28973000.0,28973000.0,9165000.0,0.0,0.044,122877000.0,67362000.0,193062000.0,0.352,2.054,171.663,179.062,476143000.0,0.0,57.3,0.932,0.931,434580000.0,,657009000.0,657009000.0,0.0,,,,,0.0,116224000.0,1.0,40680920.0,40635000.0,41031000.0,16.169,1759994000.0,105890000.0,13478000.0,147450000.0,43.312,689048000.0
65,TFX,MRQ,2005-03-31,2005-03-27,2005-03-27,2021-07-29,0.0,2570006000.0,,1163922000.0,1406084000.0,,27.965,-13470000.0,165406000.0,165406000.0,449858000.0,38726000.0,2.396,1.217,711702000.0,57612000.0,654090000.0,711702000.0,0.0,21288000.0,0.0,0.017,0.22,59791000.0,81079000.0,0.13,81079000.0,59791000.0,48176000.0,0.96,0.95,0.96,1131284000.0,,1131284000.0,2754892011.0,38.0,16.825,42042000.0,1.039,1.0,173742000.0,0.279,752358000.0,11615000.0,1878153000.0,,422908000.0,23756000.0,0.0,23756000.0,1376622000.0,485791000.0,890831000.0,2083079011.0,49451000.0,87016000.0,5080000.0,-67986000.0,-8918000.0,-75820000.0,71371000.0,0.0,55512000.0,-1612000.0,38726000.0,38726000.0,38726000.0,-13861000.0,0.0,0.062,123641000.0,50101000.0,191355000.0,0.229,1.841,110.973,111.739,527107000.0,0.0,51.4,0.855,0.853,488194000.0,,623600000.0,623600000.0,0.0,,,,,0.0,116347000.0,1.0,40526829.0,40453000.0,40699000.0,15.415,1817648000.0,102863000.0,9450000.0,151716000.0,44.932,678131000.0
66,TFX,MRQ,2004-12-31,2004-12-26,2004-12-26,2021-07-29,57608000.0,2691734000.0,,1207899000.0,1483835000.0,,27.495,-9010000.0,115955000.0,115955000.0,465461000.0,-71613000.0,2.107,1.367,787768000.0,101856000.0,685912000.0,787768000.0,0.0,26121000.0,0.0,0.017,0.22,-76423000.0,-50302000.0,-0.078,-50302000.0,-76423000.0,-88596000.0,-1.78,-1.76,-1.78,1109733000.0,,1109733000.0,2789353505.0,46.0,18.292,78182000.0,1.937,1.0,179493000.0,0.278,796085000.0,12173000.0,1994159000.0,,431399000.0,24194000.0,0.0,24194000.0,1516523000.0,573303000.0,943220000.0,2090866505.0,13375000.0,4077000.0,3493000.0,-31927000.0,-9080000.0,-55579000.0,-19953000.0,0.0,87192000.0,3324000.0,-71613000.0,-71613000.0,-71613000.0,45611000.0,0.0,-0.111,204984000.0,-25491000.0,183700000.0,-0.124,1.884,219.698,216.208,584252000.0,0.0,51.89,0.875,0.873,514179000.0,839838000.0,644954000.0,644954000.0,0.0,,,,,0.0,135579000.0,1.0,40294209.0,40361000.0,40570000.0,15.98,1895649000.0,144423000.0,-16983000.0,182124000.0,46.967,634596000.0
67,TFX,MRQ,2004-09-30,2004-09-26,2004-09-26,2021-07-29,0.0,2513284000.0,,1073357000.0,1439927000.0,,28.105,-13487000.0,102580000.0,102580000.0,402799000.0,17493000.0,1.994,1.22,801067000.0,112891000.0,688176000.0,801067000.0,0.0,24460000.0,0.0,0.02,0.22,35292000.0,59752000.0,0.104,59752000.0,35292000.0,22702000.0,0.43,0.43,0.43,1131860000.0,,1131860000.0,1956051480.0,11.0,7.57,53443000.0,1.327,1.0,173140000.0,0.301,751838000.0,12590000.0,1921641000.0,,452738000.0,22698000.0,0.0,22698000.0,1381424000.0,538292000.0,843132000.0,1659555480.0,21058000.0,-437756000.0,509000.0,407843000.0,-8860000.0,399492000.0,-446828000.0,0.0,66930000.0,390000.0,17493000.0,17493000.0,17493000.0,5991000.0,0.0,0.03,127400000.0,45740000.0,375106000.0,0.512,1.466,14.96,14.892,665391000.0,0.0,41.25,0.777,0.778,489731000.0,,575939000.0,575939000.0,0.0,,,,,0.0,126837000.0,1.0,40231648.0,40273000.0,40414000.0,14.301,1761446000.0,0.0,5209000.0,205251000.0,43.738,535065000.0
68,TFX,MRQ,2004-06-30,2004-06-27,2004-06-27,2021-07-29,0.0,2097774000.0,,1035217000.0,1062557000.0,,27.737,-15884000.0,81522000.0,81522000.0,423466000.0,34165000.0,1.853,0.882,378018000.0,172326000.0,205692000.0,378018000.0,0.0,19334000.0,0.0,0.017,0.22,53871000.0,73205000.0,0.123,73205000.0,53871000.0,47726000.0,0.85,0.84,0.85,1114879000.0,,1114879000.0,2352876796.0,13.0,9.349,77251000.0,1.922,1.0,169645000.0,0.286,400664000.0,6145000.0,1434788000.0,,425139000.0,32362000.0,0.0,32362000.0,982895000.0,558818000.0,424077000.0,1959632796.0,18624000.0,25168000.0,2057000.0,-82207000.0,-8635000.0,-88785000.0,13558000.0,0.0,93135000.0,0.0,34165000.0,34165000.0,34165000.0,2079000.0,0.0,0.058,114014000.0,55631000.0,337913000.0,0.259,1.758,17.549,17.446,629531000.0,0.0,48.85,0.929,0.931,505838000.0,,593111000.0,593111000.0,0.0,,,,,0.0,114014000.0,1.0,40115308.0,40195000.0,40538000.0,14.756,1697110000.0,0.0,13561000.0,266964000.0,42.222,476399000.0
69,TFX,MRQ,2004-03-31,2004-03-28,2004-03-28,2021-07-29,0.0,2141430000.0,,1053357000.0,1088073000.0,,27.2,-14557000.0,62898000.0,62898000.0,415299000.0,29472000.0,1.703,0.969,456142000.0,233270000.0,222872000.0,456142000.0,0.0,22583000.0,0.0,0.016,0.2,47385000.0,69968000.0,0.121,69968000.0,47385000.0,40610000.0,0.74,0.73,0.74,1087727000.0,,1087727000.0,2362175852.0,13.0,9.209,2286000.0,0.057,1.0,164390000.0,0.284,397233000.0,6775000.0,1519083000.0,,448086000.0,35339000.0,0.0,35339000.0,1053703000.0,618358000.0,435345000.0,1962770852.0,6318000.0,-476000.0,10168000.0,2186000.0,-8000000.0,4354000.0,-14698000.0,0.0,16843000.0,0.0,29472000.0,29472000.0,29472000.0,2123000.0,0.0,0.051,110770000.0,53620000.0,340231000.0,0.27,1.804,17.952,17.779,655501000.0,0.0,49.07,0.937,0.937,517737000.0,,579689000.0,579689000.0,0.0,,,,,0.0,110770000.0,1.0,39999406.0,39990000.0,40457000.0,14.496,1744197000.0,0.0,11138000.0,257330000.0,43.616,434999000.0
70,TFX,MRQ,2003-12-31,2003-12-28,2003-12-28,2021-07-29,32226000.0,2144745000.0,,1065947000.0,1078798000.0,,26.724,-8822000.0,56580000.0,56580000.0,240775000.0,29805000.0,1.723,0.959,455367000.0,225733000.0,229634000.0,455367000.0,0.0,9211000.0,0.0,0.016,0.2,46262000.0,55473000.0,0.144,55473000.0,46262000.0,39140000.0,0.75,0.74,0.75,1062302000.0,,1062302000.0,2323267832.0,13.0,8.934,68771000.0,1.73,1.0,145105000.0,0.376,397064000.0,7122000.0,1527972000.0,,428599000.0,35284000.0,0.0,35284000.0,1019000000.0,618496000.0,400504000.0,1917878832.0,10027000.0,-12590000.0,2709000.0,-9589000.0,-7944000.0,-23395000.0,-47741000.0,0.0,77593000.0,3570000.0,29805000.0,29805000.0,29805000.0,6448000.0,0.0,0.077,76844000.0,68261000.0,166745000.0,0.267,1.805,17.579,17.507,612318000.0,0.0,48.32,0.931,0.928,453917000.0,864896000.0,385880000.0,385880000.0,0.0,,,,,0.0,76844000.0,1.0,39691201.0,39751000.0,40158000.0,9.707,1747681000.0,34132000.0,9335000.0,42792000.0,43.966,447451000.0
71,TFX,MRQ,2003-09-30,2003-09-28,2003-09-28,2021-07-29,0.0,2007885000.0,,952706000.0,1055179000.0,,25.493,-23014000.0,46553000.0,46553000.0,410611000.0,18222000.0,1.584,0.986,451942000.0,234952000.0,216990000.0,451942000.0,0.0,21129000.0,0.0,0.018,0.2,31889000.0,53018000.0,0.096,53018000.0,31889000.0,25309000.0,0.46,0.45,0.46,1010920000.0,,1010920000.0,2068126835.0,11.0,7.502,30176000.0,0.761,1.0,140239000.0,0.255,383517000.0,6580000.0,1428426000.0,,430355000.0,35962000.0,0.0,35962000.0,996965000.0,601331000.0,395634000.0,1694627835.0,-13033000.0,-51119000.0,2735000.0,16339000.0,-7930000.0,11144000.0,-77367000.0,0.0,53190000.0,0.0,18222000.0,18222000.0,18222000.0,0.0,0.0,0.033,108350000.0,31889000.0,317599000.0,0.435,1.676,14.822,14.772,635700000.0,0.0,42.84,0.817,0.819,452336000.0,,550850000.0,550850000.0,0.0,,,,,0.0,108350000.0,1.0,39557139.0,39655000.0,40072000.0,13.891,1624368000.0,0.0,7087000.0,227424000.0,40.963,351375000.0
72,TFX,MRQ,2003-06-30,2003-06-29,2003-06-29,2021-07-29,0.0,1947580000.0,,929509000.0,1018071000.0,,25.219,-27359000.0,59586000.0,59586000.0,423339000.0,31835000.0,1.698,0.953,433085000.0,207032000.0,226053000.0,433085000.0,0.0,26620000.0,0.0,0.017,0.2,51440000.0,78060000.0,0.135,78060000.0,51440000.0,44830000.0,0.81,0.8,0.81,997147000.0,,997147000.0,2118358398.0,11.0,7.384,47639000.0,1.205,1.0,154606000.0,0.268,357028000.0,6610000.0,1416671000.0,,395523000.0,38418000.0,0.0,38418000.0,950433000.0,547380000.0,403053000.0,1713833398.0,16484000.0,4656000.0,575000.0,-28074000.0,-7907000.0,-35406000.0,-23108000.0,0.0,74998000.0,0.0,31835000.0,31835000.0,31835000.0,0.0,0.0,0.055,103166000.0,51440000.0,293636000.0,0.247,1.719,14.003,13.958,622625000.0,0.0,43.41,0.843,0.845,449829000.0,,577945000.0,577945000.0,0.0,,,,,0.0,103166000.0,1.0,39480152.0,39539000.0,39837000.0,14.617,1590552000.0,0.0,12995000.0,223712000.0,40.227,382129000.0
73,TFX,MRQ,2003-03-31,2003-03-30,2003-03-30,2021-07-29,0.0,1911788000.0,,909044000.0,1002744000.0,,24.075,-17103000.0,43102000.0,43102000.0,403942000.0,29241000.0,1.613,1.013,447627000.0,220817000.0,226810000.0,447627000.0,0.0,25409000.0,0.0,0.02,0.18,48100000.0,73509000.0,0.135,73509000.0,48100000.0,41535000.0,0.74,0.74,0.74,949676000.0,,949676000.0,1798187364.0,9.0,6.28,10074000.0,0.255,1.0,142279000.0,0.26,353465000.0,6565000.0,1399303000.0,,394037000.0,37674000.0,0.0,37674000.0,962112000.0,563545000.0,398567000.0,1419782364.0,-1392000.0,-24201000.0,476000.0,18914000.0,-7100000.0,12290000.0,-40859000.0,0.0,27177000.0,0.0,29241000.0,29241000.0,29241000.0,0.0,0.0,0.054,94179000.0,48100000.0,293640000.0,0.243,1.495,11.442,11.429,611605000.0,0.0,36.0,0.71,0.71,444576000.0,,546221000.0,546221000.0,0.0,,,,,0.0,97247000.0,1.0,39438399.0,39446000.0,39700000.0,13.847,1558323000.0,0.0,12294000.0,220845000.0,39.505,345499000.0
74,TFX,MRQ,2002-12-31,2002-12-29,2002-12-29,2021-07-29,-26034000.0,1813384000.0,,837895000.0,975489000.0,,23.164,-14009000.0,44494000.0,44494000.0,274552000.0,35032000.0,1.681,0.988,422899000.0,182776000.0,240123000.0,422899000.0,0.0,16771000.0,0.0,0.017,0.18,54314000.0,71085000.0,0.178,71085000.0,54314000.0,47846000.0,0.89,0.88,0.89,912281000.0,,912281000.0,2024410189.0,10.0,7.116,33575000.0,0.853,1.0,125370000.0,0.313,326809000.0,6468000.0,1366497000.0,,365535000.0,44439000.0,0.0,44439000.0,901103000.0,498483000.0,402620000.0,1625570189.0,-9935000.0,3927000.0,150000.0,-38370000.0,-7090000.0,-45310000.0,-9997000.0,0.0,47584000.0,0.0,35032000.0,35032000.0,35032000.0,912000.0,0.0,0.088,53960000.0,71410000.0,141786000.0,0.202,1.782,12.977,12.947,604241000.0,0.0,41.3,0.828,0.826,401888000.0,786674000.0,399922000.0,399922000.0,0.0,,,,,0.0,64045000.0,1.0,39360053.0,39383000.0,39717000.0,10.155,1486575000.0,0.0,12814000.0,201266000.0,37.747,339412000.0
75,TFX,MRQ,2002-09-30,2002-09-29,2002-09-29,2021-07-29,0.0,1795698000.0,,840967000.0,954731000.0,,22.265,-23876000.0,54429000.0,54429000.0,375749000.0,26280000.0,1.519,1.05,453269000.0,232855000.0,220414000.0,453269000.0,0.0,24824000.0,0.0,0.015,0.18,39420000.0,64244000.0,0.126,64244000.0,39420000.0,33140000.0,0.67,0.66,0.67,875947000.0,,875947000.0,2180667875.0,12.0,7.712,41494000.0,1.055,1.0,132489000.0,0.261,318508000.0,6280000.0,1322428000.0,,363006000.0,44758000.0,0.0,44758000.0,919751000.0,553602000.0,366149000.0,1777680875.0,8667000.0,-21812000.0,1576000.0,-5062000.0,-7081000.0,-10567000.0,-46136000.0,0.0,65370000.0,0.0,26280000.0,26280000.0,26280000.0,0.0,0.0,0.052,93069000.0,39420000.0,274830000.0,0.269,2.029,14.888,14.843,591465000.0,0.0,45.27,0.876,0.878,398411000.0,,508238000.0,508238000.0,0.0,,,,,0.0,93069000.0,1.0,39268409.0,39341000.0,39820000.0,12.919,1477190000.0,0.0,6860000.0,191652000.0,37.548,287365000.0
76,TFX,MRQ,2002-06-30,2002-06-30,2002-06-30,2021-07-29,0.0,1775867000.0,,846456000.0,929411000.0,,21.941,-20164000.0,45762000.0,45762000.0,397390000.0,33536000.0,1.56,1.063,448749000.0,222228000.0,226521000.0,448749000.0,0.0,23167000.0,0.0,0.012,0.18,54353000.0,77520000.0,0.142,77520000.0,54353000.0,48114000.0,0.85,0.84,0.85,861005000.0,,861005000.0,2633803285.0,14.0,9.342,36754000.0,0.937,1.0,148916000.0,0.273,300261000.0,6239000.0,1335871000.0,,353956000.0,43860000.0,0.0,43860000.0,914862000.0,542722000.0,372140000.0,2237305285.0,-6055000.0,-18360000.0,2169000.0,-23968000.0,-7063000.0,-28862000.0,-34111000.0,0.0,56918000.0,0.0,33536000.0,33536000.0,33536000.0,0.0,0.0,0.061,94563000.0,54353000.0,279845000.0,0.212,2.598,19.417,19.373,585290000.0,0.0,57.15,1.127,1.129,418162000.0,,546306000.0,546306000.0,0.0,,,,,0.0,94563000.0,1.0,39147949.0,39241000.0,39968000.0,13.922,1475606000.0,0.0,14578000.0,186268000.0,37.604,303734000.0
77,TFX,MRQ,2002-03-31,2002-03-31,2002-03-31,2021-07-29,0.0,1699863000.0,,797653000.0,902210000.0,,20.663,-22523000.0,51817000.0,51817000.0,373290000.0,30418000.0,1.481,1.107,448315000.0,231021000.0,217294000.0,448315000.0,0.0,21715000.0,0.0,0.012,0.17,49930000.0,71645000.0,0.141,71645000.0,49930000.0,43894000.0,0.78,0.77,0.78,806644000.0,,806644000.0,2523239086.0,13.0,8.999,5777000.0,0.148,1.0,135106000.0,0.266,296512000.0,6036000.0,1261255000.0,,321908000.0,42083000.0,0.0,42083000.0,893219000.0,538594000.0,354625000.0,2129837086.0,4917000.0,-9784000.0,5951000.0,11548000.0,-6627000.0,10872000.0,-34255000.0,0.0,28300000.0,0.0,30418000.0,30418000.0,30418000.0,0.0,0.0,0.06,85176000.0,49930000.0,270664000.0,0.218,2.64,18.89,18.852,563615000.0,0.0,54.67,1.096,1.099,394773000.0,,508396000.0,508396000.0,0.0,,,,,0.0,85176000.0,1.0,38958059.0,39038000.0,39638000.0,13.023,1403351000.0,0.0,13476000.0,174240000.0,35.948,259059000.0
78,TFX,MRQ,2001-12-31,2001-12-30,2001-12-30,2021-07-29,-46202000.0,1635020000.0,,747477000.0,887543000.0,,20.021,-24444000.0,46900000.0,46900000.0,337321000.0,29167000.0,1.509,1.101,440302000.0,212122000.0,228180000.0,440302000.0,0.0,24306000.0,0.0,0.014,0.17,45041000.0,69347000.0,0.149,69347000.0,45041000.0,37928000.0,0.75,0.74,0.75,778143000.0,,778143000.0,2289533180.0,12.0,8.161,54299000.0,1.397,1.0,127931000.0,0.275,280355000.0,7113000.0,1252641000.0,,308775000.0,41493000.0,0.0,41493000.0,856877000.0,495426000.0,361451000.0,1853896180.0,2319000.0,-4237000.0,573000.0,-39042000.0,-6614000.0,-45083000.0,-31341000.0,0.0,78743000.0,0.0,29167000.0,29167000.0,29167000.0,0.0,0.0,0.063,82890000.0,45041000.0,122518000.0,0.227,2.382,16.507,16.448,565695000.0,0.0,47.7,0.973,0.973,363674000.0,689269000.0,465252000.0,465252000.0,0.0,,,,,0.0,82890000.0,1.0,38865748.0,38865748.0,,11.971,1354665000.0,0.0,8761000.0,164770000.0,34.855,252051000.0
79,TFX,MRQ,2001-09-30,2001-09-30,2001-09-30,2021-07-29,0.0,1656972000.0,,777804000.0,879168000.0,,19.53,-23727000.0,44581000.0,44581000.0,337422000.0,22102000.0,1.511,1.184,480218000.0,218596000.0,261622000.0,480218000.0,0.0,23906000.0,0.0,0.017,0.17,39528000.0,63434000.0,0.136,63434000.0,39528000.0,32265000.0,0.57,0.56,0.57,758676000.0,,758676000.0,1879702857.0,10.0,6.736,31101000.0,0.801,1.0,128592000.0,0.276,283973000.0,7263000.0,1293789000.0,,315546000.0,41040000.0,0.0,41040000.0,898296000.0,514847000.0,383449000.0,1451073857.0,-2688000.0,-18976000.0,705000.0,-10811000.0,-6604000.0,-16710000.0,-40806000.0,0.0,54828000.0,0.0,22102000.0,22102000.0,22102000.0,0.0,0.0,0.047,89064000.0,39528000.0,258282000.0,0.298,1.913,12.672,12.589,554155000.0,0.0,37.39,0.767,0.768,386355000.0,,466014000.0,466014000.0,0.0,,,,,0.0,89064000.0,1.0,38809143.0,38847000.0,39379000.0,11.996,1372999000.0,0.0,10163000.0,159796000.0,35.344,262957000.0
80,TFX,MRQ,2001-06-30,2001-07-01,2001-07-01,2021-07-29,0.0,1603352000.0,,760772000.0,842580000.0,,19.074,-27140000.0,47269000.0,47269000.0,359469000.0,31061000.0,1.648,1.169,475898000.0,190932000.0,284966000.0,475898000.0,0.0,23099000.0,0.0,0.014,0.17,52855000.0,75954000.0,0.151,75954000.0,52855000.0,45477000.0,0.8,0.79,0.8,739224000.0,,739224000.0,2138057828.0,11.0,7.842,16367000.0,0.422,1.0,143535000.0,0.285,285958000.0,7378000.0,1284346000.0,,304095000.0,40464000.0,0.0,40464000.0,864128000.0,461677000.0,402451000.0,1695642828.0,4885000.0,-6459000.0,2803000.0,-1359000.0,-6593000.0,-5149000.0,-33473000.0,0.0,43507000.0,0.0,31061000.0,31061000.0,31061000.0,0.0,0.0,0.062,90680000.0,52855000.0,236536000.0,0.212,2.294,14.857,14.815,516158000.0,0.0,44.0,0.919,0.924,378339000.0,,503004000.0,503004000.0,0.0,,,,,0.0,90680000.0,1.0,38537337.0,38755000.0,39359000.0,12.979,1317394000.0,0.0,14416000.0,151694000.0,33.993,299095000.0
81,TFX,MRQ,2001-03-31,2001-04-01,2001-04-01,2021-07-29,0.0,1599211000.0,,758311000.0,840900000.0,,18.426,-22433000.0,42384000.0,42384000.0,335501000.0,29981000.0,1.626,1.254,484799000.0,175946000.0,308853000.0,484799000.0,0.0,21090000.0,0.0,0.015,0.15,50736000.0,71826000.0,0.153,71826000.0,50736000.0,44025000.0,0.78,0.77,0.78,709362000.0,,709362000.0,1867937946.0,10.0,7.045,-11254000.0,-0.292,1.0,135233000.0,0.287,290983000.0,6711000.0,1284145000.0,,302872000.0,39886000.0,0.0,39886000.0,889849000.0,466498000.0,423351000.0,1574482946.0,-2755000.0,-141794000.0,4147000.0,154439000.0,-5775000.0,152811000.0,-166745000.0,0.0,11179000.0,0.0,29981000.0,29981000.0,29981000.0,0.0,0.0,0.064,84497000.0,50736000.0,255461000.0,0.192,2.22,14.009,13.929,510031000.0,0.0,40.95,0.871,0.872,387825000.0,,470734000.0,470734000.0,0.0,,,,,0.0,84497000.0,1.0,38448912.0,38497000.0,39036000.0,12.228,1308228000.0,0.0,14044000.0,149589000.0,33.983,291813000.0
82,TFX,MRQ,2000-12-31,2000-12-31,2000-12-31,2021-07-29,-30012000.0,1401288000.0,,662038000.0,739250000.0,,18.048,-20278000.0,45139000.0,45139000.0,330116000.0,31364000.0,1.725,1.03,338594000.0,118037000.0,220557000.0,338594000.0,0.0,20236000.0,0.0,0.013,0.15,47616000.0,67852000.0,0.15,67852000.0,47616000.0,42499000.0,0.82,0.81,0.82,690422000.0,,690422000.0,1994798054.0,11.0,7.779,33606000.0,0.878,1.0,120818000.0,0.268,210232000.0,5117000.0,1100639000.0,,259845000.0,39515000.0,0.0,39515000.0,710866000.0,383872000.0,326994000.0,1690480054.0,3480000.0,4434000.0,1682000.0,-21702000.0,-5741000.0,-25761000.0,-24643000.0,-9564000.0,53884000.0,0.0,31364000.0,31364000.0,31364000.0,0.0,0.0,0.07,73202000.0,47616000.0,119221000.0,0.183,2.448,15.477,15.451,489503000.0,0.0,44.19,0.958,0.958,334346000.0,602544000.0,450934000.0,450934000.0,0.0,,,,,0.0,73202000.0,1.0,38254810.0,38254810.0,,11.788,1191056000.0,0.0,11135000.0,136568000.0,31.135,278166000.0
83,TFX,MRQ,2000-09-30,2000-09-24,2000-09-24,2021-07-29,0.0,1365581000.0,,653098000.0,712483000.0,,17.222,-20989000.0,41659000.0,41659000.0,306069000.0,21722000.0,1.752,1.074,345977000.0,110252000.0,235725000.0,345977000.0,0.0,19620000.0,0.0,0.016,0.15,37390000.0,57010000.0,0.136,57010000.0,37390000.0,32181000.0,0.57,0.56,0.57,658572000.0,,658572000.0,1660687392.0,9.0,6.629,24733000.0,0.647,1.0,114336000.0,0.272,186490000.0,5209000.0,1110742000.0,,256550000.0,44606000.0,0.0,44606000.0,707009000.0,372667000.0,334342000.0,1327801392.0,20658000.0,-8224000.0,44000.0,-2657000.0,-5738000.0,-8351000.0,-16713000.0,9564000.0,45722000.0,0.0,21722000.0,21722000.0,21722000.0,0.0,0.0,0.052,76946000.0,37390000.0,223900000.0,0.263,2.016,12.623,12.591,481387000.0,0.0,34.75,0.77,0.771,328811000.0,,420405000.0,420405000.0,0.0,,,,,0.0,76946000.0,1.0,38210112.0,38240000.0,38714000.0,10.994,1179091000.0,0.0,10459000.0,137132000.0,30.834,280431000.0
84,TFX,MRQ,2000-06-30,2000-06-25,2000-06-25,2021-07-29,0.0,1367232000.0,,641537000.0,725695000.0,,16.881,-19592000.0,21001000.0,21001000.0,331840000.0,29324000.0,1.753,1.121,353887000.0,92705000.0,261182000.0,353887000.0,0.0,19470000.0,0.0,0.015,0.15,48999000.0,68469000.0,0.147,68469000.0,48999000.0,43572000.0,0.77,0.76,0.77,644498000.0,,644498000.0,1755524614.0,10.0,7.191,33557000.0,0.879,1.0,133713000.0,0.287,194019000.0,5427000.0,1140091000.0,,253203000.0,48036000.0,0.0,48036000.0,722734000.0,366008000.0,356726000.0,1412617614.0,-14533000.0,-22310000.0,2274000.0,-19461000.0,-5849000.0,-23036000.0,-44646000.0,0.0,53149000.0,0.0,29324000.0,29324000.0,29324000.0,0.0,0.0,0.063,84714000.0,48999000.0,238548000.0,0.195,2.192,13.788,13.777,483640000.0,0.0,37.06,0.84,0.842,341877000.0,,465553000.0,465553000.0,0.0,,,,,0.0,84714000.0,1.0,38117043.0,38180000.0,38624000.0,12.194,1173213000.0,0.0,14248000.0,130299000.0,30.728,275529000.0
85,TFX,MRQ,2000-03-31,2000-03-26,2000-03-26,2021-07-29,0.0,1344989000.0,,649039000.0,695950000.0,,16.34,-19793000.0,35534000.0,35534000.0,306178000.0,26814000.0,1.767,1.161,378441000.0,110452000.0,267989000.0,378441000.0,0.0,18091000.0,0.0,0.017,0.13,44996000.0,63087000.0,0.148,63087000.0,44996000.0,39962000.0,0.7,0.7,0.7,622475000.0,,622475000.0,1464507902.0,9.0,6.202,16867000.0,0.443,1.0,121412000.0,0.284,171105000.0,5034000.0,1149448000.0,,238064000.0,51722000.0,0.0,51722000.0,722514000.0,367343000.0,355171000.0,1148856902.0,6494000.0,-48357000.0,1258000.0,39406000.0,-4835000.0,35829000.0,-65995000.0,0.0,36660000.0,0.0,26814000.0,26814000.0,26814000.0,0.0,0.0,0.063,76416000.0,44996000.0,225320000.0,0.186,1.846,11.607,11.567,473123000.0,0.0,30.19,0.702,0.703,353255000.0,,427590000.0,427590000.0,0.0,,,,,0.0,76416000.0,1.0,38054220.0,38096000.0,38415000.0,11.224,1173884000.0,0.0,13148000.0,118753000.0,30.814,281696000.0
86,TFX,MRQ,1999-12-31,1999-12-26,1999-12-26,2021-07-29,-24724000.0,1263444000.0,,604940000.0,658504000.0,,15.869,-33396000.0,29040000.0,29040000.0,302161000.0,27326000.0,1.836,1.097,344691000.0,98500000.0,246191000.0,344691000.0,0.0,17557000.0,0.0,0.017,0.13,44392000.0,61949000.0,0.151,61949000.0,44392000.0,40038000.0,0.72,0.71,0.72,602564000.0,,602564000.0,1498539607.0,9.0,6.576,18274000.0,0.481,1.0,108201000.0,0.264,136854000.0,4354000.0,1112829000.0,,227486000.0,55749000.0,0.0,55749000.0,660880000.0,329412000.0,331468000.0,1169901607.0,-17160000.0,-10324000.0,2950000.0,-23538000.0,-4940000.0,-25528000.0,-43302000.0,0.0,51670000.0,0.0,27326000.0,27326000.0,27326000.0,0.0,0.0,0.067,63809000.0,44392000.0,99968000.0,0.181,1.942,12.286,12.226,465901000.0,0.0,30.81,0.731,0.731,324629000.0,515483000.0,410362000.0,410362000.0,0.0,,,,,0.0,63809000.0,1.0,37971490.0,37971490.0,,10.807,1126590000.0,0.0,12712000.0,111607000.0,29.669,275528000.0
87,TFX,MRQ,1999-09-30,1999-09-26,1999-09-26,2021-07-29,0.0,1270152000.0,,628983000.0,641169000.0,,15.446,-22430000.0,46200000.0,46200000.0,272754000.0,18986000.0,1.989,1.167,374838000.0,94574000.0,280264000.0,374838000.0,0.0,17265000.0,0.0,0.013,0.13,33372000.0,50637000.0,0.134,50637000.0,33372000.0,28811000.0,0.5,0.49,0.5,586175000.0,,586175000.0,1847669937.0,12.0,8.311,15134000.0,0.399,1.0,104637000.0,0.277,136628000.0,4561000.0,1146007000.0,,239964000.0,50545000.0,0.0,50545000.0,683977000.0,316155000.0,367822000.0,1513341937.0,13849000.0,-7557000.0,532000.0,11688000.0,-4933000.0,7287000.0,-31002000.0,0.0,37564000.0,0.0,18986000.0,18986000.0,18986000.0,0.0,0.0,0.05,71265000.0,33372000.0,199722000.0,0.26,2.582,16.244,16.105,453996000.0,0.0,39.94,0.96,0.961,321812000.0,,377391000.0,377391000.0,0.0,,,,,0.0,71265000.0,1.0,37890384.0,37951000.0,38622000.0,9.944,1133524000.0,0.0,9825000.0,109417000.0,29.868,312828000.0
88,TFX,MRQ,1999-06-30,1999-06-27,1999-06-27,2021-07-29,0.0,1252485000.0,,618052000.0,634433000.0,,15.182,-19482000.0,32351000.0,32351000.0,299725000.0,25854000.0,1.946,1.186,366679000.0,91007000.0,275672000.0,366679000.0,0.0,16687000.0,0.0,0.011,0.13,43793000.0,60480000.0,0.144,60480000.0,43793000.0,39292000.0,0.69,0.67,0.69,573023000.0,,573023000.0,1964368036.0,13.0,9.113,10380000.0,0.275,1.0,121401000.0,0.288,138316000.0,4501000.0,1130905000.0,,234782000.0,50620000.0,0.0,50620000.0,679462000.0,317592000.0,361870000.0,1649035036.0,-16039000.0,-32501000.0,1875000.0,7862000.0,-4925000.0,4812000.0,-50713000.0,0.0,29862000.0,0.0,25854000.0,25854000.0,25854000.0,0.0,0.0,0.061,77608000.0,43793000.0,201536000.0,0.188,2.878,18.25,18.178,445497000.0,0.0,43.81,1.069,1.072,329418000.0,,421126000.0,421126000.0,0.0,,,,,0.0,77608000.0,1.0,37640608.0,37743000.0,38528000.0,11.158,1114169000.0,0.0,13438000.0,111247000.0,29.52,300460000.0
89,TFX,MRQ,1999-03-31,1999-03-28,1999-03-28,2021-07-29,0.0,1248016000.0,,630409000.0,617607000.0,,14.623,-21208000.0,48390000.0,48390000.0,281239000.0,23054000.0,1.916,1.268,363723000.0,93023000.0,270700000.0,363723000.0,0.0,15880000.0,0.0,0.013,0.12,38931000.0,54811000.0,0.14,54811000.0,38931000.0,34615000.0,0.61,0.6,0.61,550354000.0,,550354000.0,1641572199.0,11.0,7.9,-6236000.0,-0.166,1.0,110951000.0,0.283,122459000.0,4316000.0,1111907000.0,,232893000.0,50002000.0,0.0,50002000.0,697662000.0,328983000.0,368679000.0,1349119199.0,-18299000.0,-15890000.0,533000.0,9725000.0,-4328000.0,5930000.0,-39201000.0,0.0,14972000.0,0.0,23054000.0,23054000.0,23054000.0,0.0,0.0,0.059,72020000.0,38931000.0,206012000.0,0.197,2.451,15.734,15.747,445146000.0,0.0,36.06,0.909,0.915,328233000.0,,392190000.0,392190000.0,0.0,,,,,0.0,72020000.0,1.0,37413178.0,37637000.0,38390000.0,10.42,1125557000.0,0.0,11561000.0,127927000.0,29.906,301426000.0
90,TFX,MRQ,1998-12-31,1998-12-27,1998-12-27,2021-07-29,-14634000.0,1215917000.0,,616942000.0,598975000.0,,14.285,-17354000.0,66689000.0,66689000.0,277294000.0,25271000.0,1.981,1.275,367232000.0,91651000.0,275581000.0,367232000.0,0.0,15218000.0,0.0,0.011,0.12,41170000.0,56388000.0,0.146,56388000.0,41170000.0,37054000.0,0.68,0.66,0.68,534450000.0,,534450000.0,1845099887.0,13.0,9.138,11741000.0,0.314,1.0,108551000.0,0.281,116287000.0,4116000.0,1088694000.0,,235869000.0,50932000.0,0.0,50932000.0,681467000.0,311479000.0,369988000.0,1552646887.0,-9359000.0,-22988000.0,2872000.0,4376000.0,-4321000.0,2927000.0,-41381000.0,0.0,29095000.0,0.0,25271000.0,25271000.0,25271000.0,0.0,0.0,0.065,67381000.0,41170000.0,99207000.0,0.176,2.905,18.809,18.778,431756000.0,0.0,41.5,1.08,1.08,295369000.0,439389000.0,385845000.0,385845000.0,0.0,,,,,0.0,67381000.0,1.0,37413178.0,37413178.0,,10.313,1099630000.0,0.0,11783000.0,119710000.0,29.392,305463000.0
91,TFX,MRQ,1998-09-30,1998-09-27,1998-09-27,2021-07-29,0.0,1177091000.0,,628968000.0,548123000.0,,13.694,-16691000.0,76048000.0,76048000.0,246795000.0,16177000.0,1.95,1.299,368501000.0,112218000.0,256283000.0,368501000.0,0.0,15075000.0,0.0,0.013,0.12,28814000.0,43889000.0,0.128,43889000.0,28814000.0,24622000.0,0.43,0.42,0.43,512021000.0,,512021000.0,1528988338.0,11.0,7.904,20866000.0,0.558,1.0,96167000.0,0.28,113911000.0,4192000.0,1033149000.0,,233757000.0,32227000.0,0.0,32227000.0,665070000.0,322484000.0,342586000.0,1252177338.0,10163000.0,-8631000.0,372000.0,1444000.0,-4299000.0,-2483000.0,-24911000.0,0.0,37557000.0,0.0,16177000.0,16177000.0,16177000.0,0.0,0.0,0.047,67353000.0,28814000.0,181083000.0,0.279,2.446,15.952,15.952,401985000.0,0.0,33.5,0.917,0.917,303096000.0,,342962000.0,342962000.0,0.0,,,,,0.0,67353000.0,1.0,37378428.0,37391000.0,38440000.0,9.172,1063180000.0,0.0,8445000.0,115486000.0,28.434,306484000.0
92,TFX,MRQ,1998-06-30,1998-06-28,1998-06-28,2021-07-29,0.0,1126635000.0,,598870000.0,527765000.0,,13.424,-16093000.0,65885000.0,65885000.0,259834000.0,21244000.0,2.035,1.246,342696000.0,94710000.0,247986000.0,342696000.0,0.0,15908000.0,0.0,0.011,0.12,36794000.0,52702000.0,0.145,52702000.0,36794000.0,32533000.0,0.57,0.55,0.57,501588000.0,,501588000.0,1737497278.0,13.0,9.311,20936000.0,0.56,1.0,103177000.0,0.284,113672000.0,4261000.0,995536000.0,,220152000.0,32705000.0,0.0,32705000.0,625047000.0,294238000.0,330809000.0,1455745278.0,18659000.0,-4496000.0,1045000.0,5131000.0,-4295000.0,1881000.0,-20251000.0,0.0,37029000.0,0.0,21244000.0,21244000.0,21244000.0,0.0,0.0,0.059,66383000.0,36794000.0,175256000.0,0.211,2.902,19.117,19.024,381388000.0,0.0,39.0,1.116,1.117,294312000.0,,363011000.0,363011000.0,0.0,,,,,0.0,66383000.0,1.0,37326802.0,37365000.0,38459000.0,9.715,1012963000.0,0.0,11289000.0,107095000.0,27.11,304632000.0
93,TFX,MRQ,1998-03-31,1998-03-29,1998-03-29,2021-07-29,0.0,1089858000.0,,569378000.0,520480000.0,,13.049,-18925000.0,47226000.0,47226000.0,245735000.0,19858000.0,2.042,1.245,328978000.0,85983000.0,242995000.0,328978000.0,0.0,13904000.0,0.0,0.01,0.1,35036000.0,48940000.0,0.142,48940000.0,35036000.0,30551000.0,0.53,0.52,0.53,485479000.0,,485479000.0,1877580668.0,15.0,10.581,9021000.0,0.242,1.0,100025000.0,0.289,112146000.0,4485000.0,980575000.0,,215301000.0,37946000.0,0.0,37946000.0,604379000.0,278889000.0,325490000.0,1554991668.0,16524000.0,34266000.0,1629000.0,-26782000.0,-3713000.0,-28866000.0,17444000.0,0.0,27946000.0,0.0,19858000.0,19858000.0,19858000.0,0.0,0.0,0.057,64989000.0,35036000.0,161640000.0,0.189,3.203,21.228,21.152,370388000.0,0.0,41.88,1.272,1.275,286803000.0,,345760000.0,345760000.0,0.0,,,,,0.0,64989000.0,1.0,37129696.0,37204000.0,38320000.0,9.294,977712000.0,0.0,10693000.0,113761000.0,26.28,290489000.0
94,TFX,MRQ,1997-12-31,1997-12-28,1997-12-28,2021-07-29,-9990000.0,1079165000.0,,566477000.0,512688000.0,,12.49,-22278000.0,30702000.0,30702000.0,217634000.0,21218000.0,1.921,1.327,353291000.0,115729000.0,237562000.0,353291000.0,0.0,12401000.0,0.0,0.011,0.1,35512000.0,47913000.0,0.152,47913000.0,35512000.0,31594000.0,0.57,0.56,0.57,463753000.0,,463753000.0,,,,13116000.0,0.353,1.0,96775000.0,0.308,111165000.0,3918000.0,995682000.0,,218538000.0,37510000.0,0.0,37510000.0,615412000.0,294907000.0,320505000.0,1359689468.0,-2235000.0,-89283000.0,1309000.0,76616000.0,-3704000.0,74221000.0,-111850000.0,0.0,35394000.0,0.0,21218000.0,21218000.0,21218000.0,0.0,0.0,0.067,61263000.0,35512000.0,80437000.0,0.175,2.932,19.404,19.173,364013000.0,0.0,36.62,1.187,1.187,260187000.0,373467000.0,314409000.0,314409000.0,0.0,,,,,0.0,61263000.0,1.0,37129696.0,37129696.0,,8.468,968000000.0,0.0,10376000.0,103735000.0,26.071,271570000.0
95,TFX,MRQ,1997-09-30,1997-09-28,1997-09-28,2021-07-29,,,,,,,,-17369000.0,,,197065000.0,13828000.0,,,,,,,,12193000.0,,0.011,0.1,24859000.0,37052000.0,0.132,37052000.0,24859000.0,21176000.0,0.38,0.36,0.38,,,,,,,-12478000.0,-0.339,1.0,84692000.0,0.301,,3683000.0,,,,,,,,,,,-27713000.0,-14421000.0,964000.0,1341000.0,-3696000.0,-1391000.0,-31213000.0,0.0,4891000.0,0.0,13828000.0,13828000.0,13828000.0,0.0,0.0,0.049,59833000.0,24859000.0,,0.263,,,,,0.0,34.38,,,,,281757000.0,281757000.0,0.0,,,,,0.0,59833000.0,1.0,,36784000.0,37889000.0,7.66,,,7348000.0,,,
96,TFX,MRQ,1997-06-30,1997-06-29,1997-06-29,2021-07-29,,,,,,,,-20181000.0,,,193942000.0,18349000.0,,,,,,,,12009000.0,,0.011,0.1,31535000.0,43544000.0,0.155,43544000.0,31535000.0,28057000.0,0.5,0.49,0.5,,,,,,,1576000.0,0.043,1.0,86321000.0,0.308,,3478000.0,,,,,,,,,,,-7235000.0,-565000.0,1079000.0,-1857000.0,-3636000.0,-4414000.0,-24578000.0,0.0,21757000.0,0.0,18349000.0,18349000.0,18349000.0,0.0,0.0,0.065,54786000.0,31535000.0,,0.2,,,,,0.0,32.19,,,,,280263000.0,280263000.0,0.0,,,,,0.0,54786000.0,1.0,,36706000.0,37624000.0,7.635,,,9708000.0,,,
97,TFX,MRQ,1997-03-31,1997-03-30,1997-03-30,2021-07-29,,,,,,,,-14794000.0,,,186139000.0,16677000.0,,,,,,,,11337000.0,,0.014,0.09,28934000.0,40271000.0,0.15,40271000.0,28934000.0,25578000.0,0.46,0.45,0.46,,,,,,,3954000.0,0.109,1.0,83205000.0,0.309,,3356000.0,,,,,,,,,,,-733000.0,-6999000.0,1010000.0,2619000.0,-3222000.0,407000.0,-19888000.0,0.0,18748000.0,0.0,16677000.0,16677000.0,16677000.0,0.0,0.0,0.062,54271000.0,28934000.0,,0.196,,,,,0.0,26.125,,,,,269344000.0,269344000.0,0.0,,,,,0.0,54271000.0,1.0,,36254000.0,37152000.0,7.429,,,8901000.0,,,
98,TFX,MRQ,1996-12-31,1996-12-29,1996-12-29,2021-07-29,-4049000.0,857854000.0,,466021000.0,391833000.0,,,,68618000.0,68618000.0,,,2.37,1.097,266532000.0,70587000.0,195945000.0,266532000.0,0.0,,0.0,0.013,0.09,,,,,,,,,,409176000.0,,409176000.0,,,,,,1.0,,,82690000.0,,776412000.0,,190696000.0,17356000.0,0.0,17356000.0,448678000.0,196666000.0,252012000.0,,,,,,,,,,,,,,,,,,,,53728000.0,,,,16.149,291787000.0,,26.0,,,193587000.0,336173000.0,,,,,,,,,,1.0,,,,,775164000.0,0.0,,73224000.0,,269355000.0
0,TFX,MRT,2021-06-30,2021-06-27,2021-06-27,2021-07-29,0.0,7066387000.0,6965064250.0,1437228000.0,5629159000.0,0.386,74.155,-88297000.0,361781000.0,361781000.0,1231917000.0,350832000.0,2.728,1.039,2409468000.0,92500000.0,2316968000.0,2409468000.0,0.0,234002000.0,0.0,0.003,1.36,447023000.0,681025000.0,0.253,681025000.0,447023000.0,378681000.0,7.52,7.41,7.52,3466102000.0,3353638250.0,3466102000.0,21397633550.0,48.0,31.42,479121000.0,10.251,1.0,1454961000.0,0.542,4918761000.0,68342000.0,3668465000.0,3599611500.0,490318000.0,0.0,0.0,0.0,3600285000.0,526848000.0,3073437000.0,19263675550.0,-191754000.0,-504074000.0,22665000.0,-110000000.0,-63456000.0,-197990000.0,-574978000.0,17393000.0,567418000.0,13796000.0,350832000.0,350832000.0,350832000.0,524000.0,0.0,0.131,995735000.0,459226000.0,106567000.0,0.181,5.558,54.909,54.815,564864000.0,0.0,412.21,7.17,7.171,414195000.0,,2686878000.0,2686878000.0,126217000.0,0.05,0.105,0.124,0.166,23950000.0,831886000.0,1.0,46732674.0,46741000.0,47433000.0,57.484,2147626000.0,35622000.0,27849000.0,508183000.0,45.947,910380000.0
1,TFX,MRT,2021-03-31,2021-03-28,2021-03-28,2021-07-29,0.0,7028023000.0,6889750000.0,1378783000.0,5649240000.0,0.369,72.29,-90525000.0,324631000.0,324631000.0,1204662000.0,279040000.0,2.714,1.082,2458589000.0,83750000.0,2374839000.0,2458589000.0,0.0,230934000.0,0.0,0.003,1.36,370178000.0,601112000.0,0.237,601112000.0,370178000.0,302325000.0,5.99,5.89,5.99,3375791000.0,3261463250.0,3375791000.0,21472430326.0,58.0,35.721,468082000.0,10.024,1.0,1335777000.0,0.526,5036118000.0,67853000.0,3617810000.0,3596061250.0,512284000.0,0.0,0.0,0.0,3652232000.0,508053000.0,3144179000.0,19283825326.0,-81846000.0,-503032000.0,19506000.0,-10000000.0,-63347000.0,-81663000.0,-574216000.0,19341000.0,558607000.0,15426000.0,279040000.0,279040000.0,279040000.0,476000.0,0.0,0.11,966361000.0,369416000.0,101340000.0,0.227,5.712,69.108,68.952,562202000.0,0.0,413.02,7.591,7.592,401112000.0,,2540439000.0,2540439000.0,122298000.0,0.041,0.086,0.103,0.146,22561000.0,798920000.0,1.0,46689810.0,46698000.0,47407000.0,54.401,1991905000.0,26924000.0,23285000.0,507302000.0,42.655,870730000.0
2,TFX,MRT,2020-12-31,2020-12-31,2020-12-31,2021-07-29,0.0,7152559000.0,6808135250.0,1422425000.0,5730134000.0,0.373,71.77,-90694000.0,375880000.0,375880000.0,1212282000.0,335324000.0,2.634,1.144,2564485000.0,100500000.0,2463985000.0,2564485000.0,0.0,227252000.0,0.0,0.003,1.36,423749000.0,651001000.0,0.257,651001000.0,423749000.0,357255000.0,7.21,7.09,7.21,3336457000.0,3185771500.0,3336457000.0,21036934893.0,50.0,32.315,345712000.0,7.437,1.0,1324874000.0,0.522,5105712000.0,66494000.0,3695425000.0,3630120000.0,513196000.0,0.0,0.0,0.0,3816102000.0,540027000.0,3276075000.0,19165462893.0,74797000.0,-766430000.0,18994000.0,575000000.0,-63221000.0,455163000.0,-837783000.0,19341000.0,436406000.0,21011000.0,335324000.0,335324000.0,335324000.0,477000.0,0.0,0.132,901806000.0,423068000.0,102520000.0,0.189,5.744,57.155,57.083,574547000.0,0.0,411.57,7.554,7.541,395071000.0,3096228000.0,2537156000.0,2537156000.0,119747000.0,0.049,0.105,0.117,0.167,20739000.0,743568000.0,1.0,46566715.0,46488000.0,47287000.0,54.577,2046847000.0,30915000.0,21931000.0,512166000.0,44.03,882398000.0
3,TFX,MRT,2020-09-30,2020-09-27,2020-09-27,2021-07-29,0.0,6613288000.0,6597450500.0,1420561000.0,5192727000.0,0.38,69.551,-84002000.0,347480000.0,347480000.0,1187887000.0,367458000.0,2.989,1.044,2218952000.0,91750000.0,2127202000.0,2218952000.0,0.0,224093000.0,0.0,0.004,1.36,447966000.0,672059000.0,0.268,672059000.0,447966000.0,382918000.0,7.93,7.77,7.93,3236203000.0,3096487250.0,3236203000.0,17570721034.0,39.0,26.145,304653000.0,6.547,1.0,1319042000.0,0.526,4592767000.0,65048000.0,3416746000.0,3469865500.0,526125000.0,0.0,0.0,0.0,3377085000.0,475247000.0,2901838000.0,15620548034.0,89936000.0,-254695000.0,18369000.0,132000000.0,-63141000.0,7909000.0,-318710000.0,19987000.0,388655000.0,12082000.0,367458000.0,367458000.0,367458000.0,-452000.0,0.0,0.147,864122000.0,454920000.0,96917000.0,0.172,4.827,42.51,42.347,548166000.0,0.0,335.81,6.231,6.233,390476000.0,,2506929000.0,2506929000.0,117106000.0,0.056,0.119,0.129,0.179,21662000.0,730716000.0,1.0,46516030.0,46530000.0,47333000.0,53.878,2020521000.0,59943000.0,15460000.0,509785000.0,43.424,945314000.0
4,TFX,MRT,2020-06-30,2020-06-28,2020-06-28,2021-07-29,0.0,6765130000.0,6508424000.0,1544617000.0,5220513000.0,0.388,66.694,-86418000.0,553535000.0,553535000.0,1182154000.0,479800000.0,3.383,1.184,2503708000.0,83000000.0,2420708000.0,2503708000.0,0.0,219910000.0,0.0,0.004,1.36,433769000.0,653679000.0,0.259,653679000.0,433769000.0,365828000.0,10.37,10.16,10.37,3097402000.0,3000680500.0,3097402000.0,18605787215.0,43.0,28.463,326716000.0,7.035,1.0,1344793000.0,0.532,4604424000.0,67941000.0,3654264000.0,3407048000.0,514755000.0,0.0,0.0,0.0,3667728000.0,456615000.0,3211113000.0,16521414215.0,249639000.0,-253987000.0,16045000.0,284000000.0,-63039000.0,161249000.0,-320418000.0,19987000.0,413134000.0,-4326000.0,479800000.0,479800000.0,479800000.0,-470000.0,0.0,0.19,904344000.0,440449000.0,107140000.0,0.131,5.334,34.434,34.317,534383000.0,0.0,355.87,6.538,6.54,374886000.0,,2526947000.0,2526947000.0,115872000.0,0.074,0.16,0.127,0.172,22722000.0,768334000.0,1.0,46425420.0,46442000.0,47242000.0,54.411,2160706000.0,12649000.0,-113972000.0,519689000.0,46.525,1088002000.0
5,TFX,MRT,2020-03-31,2020-03-29,2020-03-29,2021-07-29,0.0,6701564000.0,6395744000.0,1446786000.0,5254778000.0,0.408,66.255,-99476000.0,406477000.0,406477000.0,1193761000.0,551719000.0,3.596,1.181,2490850000.0,53625000.0,2437225000.0,2490850000.0,0.0,216419000.0,0.0,0.005,1.36,502760000.0,719179000.0,0.275,719179000.0,502760000.0,429743000.0,11.93,11.69,11.93,3073024000.0,2892541000.0,3073024000.0,14807443995.0,29.0,20.589,264623000.0,5.705,1.0,1418659000.0,0.543,4629592000.0,73017000.0,3754045000.0,3306484500.0,488856000.0,0.0,0.0,0.0,3628540000.0,402300000.0,3226240000.0,13098211995.0,135265000.0,-253252000.0,15942000.0,231500000.0,-62945000.0,110855000.0,-334397000.0,18331000.0,364099000.0,-5292000.0,551719000.0,551719000.0,551719000.0,-504000.0,0.0,0.211,909562000.0,509097000.0,104348000.0,0.114,4.262,23.741,23.681,534742000.0,0.0,282.51,5.014,5.016,441714000.0,,2612420000.0,2612420000.0,114103000.0,0.086,0.191,0.152,0.192,24681000.0,792641000.0,1.0,46363711.0,46382000.0,47231000.0,56.324,2071972000.0,13652000.0,-121976000.0,508805000.0,44.672,1044486000.0
6,TFX,MRT,2019-12-31,2019-12-31,2019-12-31,2021-07-29,-344392000.0,6309820000.0,6287370250.0,1306332000.0,5003488000.0,0.413,64.487,-102695000.0,301083000.0,301083000.0,1186357000.0,461466000.0,2.32,1.118,2010315000.0,50000000.0,1960315000.0,2010315000.0,0.0,214062000.0,0.0,0.004,1.36,419658000.0,633720000.0,0.244,633720000.0,419658000.0,339388000.0,9.99,9.8,9.99,2979320000.0,2766754500.0,2979320000.0,19273294243.0,46.0,30.413,336830000.0,7.291,1.0,1409005000.0,0.543,4401590000.0,80270000.0,3054407000.0,3171462500.0,476557000.0,0.0,0.0,0.0,3330500000.0,563055000.0,2767445000.0,17427634243.0,-56078000.0,10883000.0,21206000.0,-253500000.0,-62828000.0,-418836000.0,-73481000.0,18331000.0,439525000.0,-3286000.0,461466000.0,461466000.0,461466000.0,515000.0,0.0,0.178,981751000.0,427254000.0,102916000.0,0.136,5.85,37.766,37.682,543879000.0,0.0,376.44,6.715,6.701,418673000.0,2824916000.0,2595362000.0,2595362000.0,113857000.0,0.073,0.167,0.132,0.162,26940000.0,851766000.0,1.0,46295915.0,46200000.0,47090000.0,56.177,1908230000.0,17648000.0,-122078000.0,456544000.0,41.304,743277000.0
7,TFX,MRT,2019-09-30,2019-09-29,2019-09-29,2021-07-29,0.0,6257182000.0,6279413000.0,1237610000.0,5019572000.0,0.407,61.689,-105706000.0,257544000.0,257544000.0,1240547000.0,443791000.0,2.334,1.193,2103204000.0,50000000.0,2053204000.0,2103204000.0,0.0,325410000.0,0.0,0.004,1.36,423140000.0,748550000.0,0.293,748550000.0,423140000.0,336888000.0,9.62,9.42,9.62,2852976000.0,2656919000.0,2852976000.0,17440645775.0,41.0,23.299,321247000.0,6.946,1.0,1315478000.0,0.515,4407003000.0,86252000.0,3165476000.0,3139252750.0,472594000.0,0.0,0.0,0.0,3404206000.0,530363000.0,2873843000.0,15516667775.0,-98732000.0,-95862000.0,18003000.0,-155500000.0,-62710000.0,-317260000.0,-191690000.0,9878000.0,426953000.0,-16735000.0,443791000.0,443791000.0,443791000.0,-2103000.0,0.0,0.174,895890000.0,419588000.0,100630000.0,0.141,5.439,34.964,34.888,544761000.0,0.0,335.62,6.071,6.073,396663000.0,,2556025000.0,2556025000.0,110527000.0,0.071,0.167,0.135,0.166,26006000.0,768626000.0,1.0,46232846.0,46248000.0,47176000.0,55.268,1850179000.0,32230000.0,-106903000.0,483328000.0,40.006,707247000.0
8,TFX,MRT,2019-06-30,2019-06-30,2019-06-30,2021-07-29,0.0,6314410000.0,6265297500.0,1245141000.0,5069269000.0,0.402,57.716,-97720000.0,303896000.0,303896000.0,1214402000.0,271386000.0,2.521,1.37,2227874000.0,50000000.0,2177874000.0,2227874000.0,0.0,287704000.0,0.0,0.004,1.36,387458000.0,675162000.0,0.268,675162000.0,387458000.0,293580000.0,5.9,5.78,5.9,2664844000.0,2570441250.0,2664844000.0,17272986241.0,45.0,25.583,318621000.0,6.901,1.0,1302976000.0,0.518,4492486000.0,93878000.0,3252010000.0,3088380750.0,461320000.0,0.0,0.0,0.0,3649566000.0,493892000.0,3155674000.0,15283926241.0,-42408000.0,-95722000.0,20684000.0,-102500000.0,-62574000.0,-271682000.0,-183564000.0,9878000.0,416341000.0,-3503000.0,271386000.0,271386000.0,271386000.0,-2087000.0,0.0,0.108,918904000.0,384072000.0,108059000.0,0.231,5.735,56.318,56.127,533018000.0,0.0,331.15,6.071,6.074,382142000.0,,2517378000.0,2517378000.0,108908000.0,0.043,0.106,0.125,0.154,24401000.0,774229000.0,1.0,46154088.0,46172000.0,47036000.0,54.522,1821924000.0,22362000.0,22194000.0,620333000.0,39.459,751249000.0
9,TFX,MRT,2019-03-31,2019-03-31,2019-03-31,2021-07-29,0.0,6268069000.0,6230525250.0,1182614000.0,5085455000.0,0.397,55.806,-87551000.0,271212000.0,271212000.0,1179221000.0,185515000.0,2.27,1.439,2260272000.0,86625000.0,2173647000.0,2260272000.0,0.0,248544000.0,0.0,0.005,1.36,313210000.0,561754000.0,0.227,561754000.0,313210000.0,213441000.0,4.04,3.96,4.04,2569878000.0,2512725500.0,2569878000.0,15707198640.0,50.0,27.961,326961000.0,7.1,1.0,1295516000.0,0.523,4522256000.0,99769000.0,3213957000.0,3024834000.0,445566000.0,0.0,0.0,0.0,3698191000.0,520916000.0,3177275000.0,13905534640.0,-107660000.0,-114488000.0,23497000.0,-75000000.0,-62368000.0,-298082000.0,-200491000.0,1548000.0,414512000.0,-23599000.0,185515000.0,185515000.0,185515000.0,-2096000.0,0.0,0.075,985412000.0,310104000.0,103532000.0,0.337,5.411,74.956,74.792,522241000.0,0.0,302.16,5.619,5.623,375756000.0,,2474737000.0,2474737000.0,107331000.0,0.03,0.074,0.104,0.127,23432000.0,788646000.0,1.0,46020435.0,46050000.0,46942000.0,53.74,1745813000.0,12985000.0,27926000.0,628080000.0,37.911,661698000.0
10,TFX,MRT,2018-12-31,2018-12-31,2018-12-31,2021-07-29,-341085000.0,6277991000.0,6238658000.0,1236169000.0,5041822000.0,0.392,55.593,-80795000.0,357161000.0,357161000.0,1145567000.0,200802000.0,2.122,1.472,2158825000.0,86625000.0,2072200000.0,2158825000.0,0.0,209980000.0,0.0,0.005,1.36,327018000.0,536998000.0,0.219,536998000.0,327018000.0,223998000.0,4.39,4.29,4.39,2539978000.0,2510381000.0,2539978000.0,13682266378.0,42.0,25.479,356583000.0,7.805,1.0,1302816000.0,0.532,4571631000.0,103020000.0,2925568000.0,2958012000.0,427778000.0,0.0,0.0,0.0,3738013000.0,582456000.0,3155557000.0,11885458378.0,23603000.0,-117147000.0,22655000.0,-93500000.0,-62165000.0,-206433000.0,-196394000.0,1548000.0,437378000.0,-10948000.0,200802000.0,200802000.0,200802000.0,-4370000.0,0.0,0.082,981112000.0,321704000.0,106709000.0,0.31,4.679,59.19,58.879,432766000.0,0.0,258.48,4.854,4.823,366286000.0,2427599000.0,2448383000.0,2448383000.0,106208000.0,0.032,0.08,0.111,0.134,22438000.0,797062000.0,1.0,45982120.0,45689000.0,46801000.0,53.588,1706360000.0,14909000.0,23196000.0,624882000.0,37.347,653713000.0
11,TFX,MRT,2018-09-30,2018-09-30,2018-09-30,2021-07-29,0.0,6200720000.0,6214533250.0,1240810000.0,4959910000.0,0.386,54.679,-79009000.0,356276000.0,356276000.0,1052522000.0,67554000.0,2.259,1.473,2153084000.0,77250000.0,2075834000.0,2153084000.0,0.0,58624000.0,0.0,0.005,1.36,295755000.0,354379000.0,0.148,354379000.0,295755000.0,192330000.0,1.47,1.45,1.47,2507065000.0,2483019250.0,2507065000.0,14071815216.0,48.0,39.708,324551000.0,7.078,1.0,1349352000.0,0.562,4486247000.0,103425000.0,2961988000.0,2975187500.0,411066000.0,0.0,0.0,0.0,3693655000.0,549293000.0,3144362000.0,12185776216.0,-661297000.0,-773791000.0,19498000.0,-90500000.0,-61858000.0,-213840000.0,-852800000.0,0.0,403560000.0,1783000.0,67554000.0,67554000.0,67554000.0,-1482000.0,0.0,0.028,1056010000.0,293342000.0,97628000.0,0.925,4.861,180.386,181.014,421265000.0,0.0,266.09,5.073,5.08,374341000.0,,2401874000.0,2401874000.0,103881000.0,0.011,0.027,0.099,0.123,21357000.0,873437000.0,1.0,45795694.0,45851000.0,46815000.0,52.384,1714473000.0,43020000.0,124776000.0,632599000.0,37.392,691517000.0
12,TFX,MRT,2018-06-30,2018-07-01,2018-07-01,2021-07-29,0.0,6175321000.0,6084536500.0,1185279000.0,4990042000.0,0.382,53.399,-78406000.0,346304000.0,346304000.0,1024899000.0,88045000.0,2.21,1.537,2232343000.0,86875000.0,2145468000.0,2232343000.0,0.0,57940000.0,0.0,0.005,1.36,321603000.0,379543000.0,0.163,379543000.0,321603000.0,224085000.0,1.95,1.89,1.95,2433981000.0,2474372250.0,2433981000.0,14068079473.0,44.0,37.066,325870000.0,7.149,1.0,1302006000.0,0.56,4527092000.0,97518000.0,2997823000.0,2996058000.0,405428000.0,0.0,0.0,0.0,3741340000.0,536445000.0,3204895000.0,12215234473.0,-329910000.0,-790943000.0,14066000.0,239197000.0,-61585000.0,121184000.0,-869349000.0,0.0,404276000.0,13979000.0,88045000.0,88045000.0,88045000.0,885000.0,0.0,0.038,980415000.0,321591000.0,94834000.0,0.697,5.019,138.739,137.544,410979000.0,0.0,268.21,5.25,5.254,359119000.0,,2326905000.0,2326905000.0,98710000.0,0.014,0.036,0.107,0.138,20610000.0,822314000.0,1.0,45543546.0,45581000.0,45581000.0,51.05,1648229000.0,21470000.0,136040000.0,614796000.0,36.16,648834000.0
13,TFX,MRT,2018-03-31,2018-04-01,2018-04-01,2021-07-29,0.0,6300600000.0,5863212250.0,1205159000.0,5095441000.0,0.383,56.487,-80088000.0,378872000.0,378872000.0,998140000.0,168544000.0,2.184,1.461,2231717000.0,77500000.0,2154217000.0,2231717000.0,0.0,57149000.0,0.0,0.007,1.7,397866000.0,455015000.0,0.203,455015000.0,397866000.0,307103000.0,3.73,3.61,3.73,2560500000.0,2455509250.0,2560500000.0,13722071840.0,34.0,30.157,335765000.0,7.407,1.0,1247512000.0,0.556,4655002000.0,90763000.0,2946669000.0,2939235750.0,403676000.0,0.0,0.0,0.0,3740100000.0,551774000.0,3188326000.0,11806077840.0,-310257000.0,-790112000.0,7476000.0,149175000.0,-61397000.0,87283000.0,-870200000.0,0.0,415853000.0,56807000.0,168544000.0,168544000.0,168544000.0,1301000.0,0.0,0.075,849209000.0,398303000.0,84686000.0,0.456,4.611,70.047,68.359,389519000.0,0.0,254.98,5.257,5.147,359140000.0,,2245652000.0,2245652000.0,92970000.0,0.029,0.069,0.135,0.177,19954000.0,751331000.0,1.0,46301976.0,45329000.0,46695000.0,49.541,1645598000.0,11203000.0,138559000.0,642839000.0,36.303,653385000.0
14,TFX,MRT,2017-12-31,2017-12-31,2017-12-31,2021-07-29,-265091000.0,6181492000.0,5596171250.0,1128807000.0,5052685000.0,0.384,54.007,-70903000.0,333558000.0,333558000.0,974501000.0,152530000.0,2.333,1.543,2249552000.0,86625000.0,2162927000.0,2249552000.0,0.0,56497000.0,0.0,0.007,1.7,364724000.0,421221000.0,0.196,421221000.0,364724000.0,282178000.0,3.39,3.27,3.39,2430531000.0,2370110250.0,2430531000.0,12441640615.0,34.0,29.537,348982000.0,7.754,1.0,1171802000.0,0.546,4619340000.0,82546000.0,2994270000.0,2903540750.0,395744000.0,0.0,0.0,0.0,3750961000.0,483876000.0,3267085000.0,11209158615.0,-210231000.0,-1761952000.0,5571000.0,1223924000.0,-61237000.0,1141259000.0,-1832855000.0,0.0,419885000.0,61480000.0,152530000.0,152530000.0,152530000.0,2733000.0,0.0,0.071,799523000.0,372279000.0,92027000.0,0.501,4.612,73.488,73.398,382999000.0,0.0,248.82,5.223,5.217,345875000.0,2285886000.0,2146303000.0,2146303000.0,84770000.0,0.027,0.064,0.126,0.17,19407000.0,699963000.0,1.0,45049267.0,45004000.0,46664000.0,47.691,1562152000.0,9558000.0,129648000.0,627486000.0,34.711,644931000.0
15,TFX,MRT,2017-09-30,2017-10-01,2017-10-01,2021-07-29,0.0,5680733000.0,5023601500.0,1766751000.0,3913982000.0,0.411,54.901,-74660000.0,1017573000.0,1017573000.0,951007000.0,256251000.0,4.716,1.298,2250055000.0,77250000.0,2172805000.0,2250055000.0,0.0,56533000.0,0.0,0.007,1.7,340841000.0,397374000.0,0.192,397374000.0,340841000.0,265595000.0,5.72,5.47,5.72,2472477000.0,2296856750.0,2472477000.0,12221245033.0,36.0,30.755,352241000.0,7.821,1.0,1114123000.0,0.539,3493100000.0,75246000.0,3045470000.0,2551152750.0,382417000.0,0.0,0.0,0.0,3208256000.0,374645000.0,2833611000.0,10897704033.0,518114000.0,-1000510000.0,6160000.0,1215846000.0,-60885000.0,1134613000.0,-1075170000.0,0.0,426901000.0,31770000.0,256251000.0,256251000.0,256251000.0,2735000.0,0.0,0.124,765720000.0,348403000.0,85419000.0,0.297,4.408,42.527,42.302,374461000.0,0.0,241.97,5.277,5.277,306472000.0,,2065130000.0,2065130000.0,74986000.0,0.051,0.112,0.134,0.165,18850000.0,630854000.0,1.0,45037418.0,45035000.0,46587000.0,45.856,2187633000.0,10710000.0,9344000.0,498762000.0,48.576,1392106000.0
16,TFX,MRT,2017-06-30,2017-07-02,2017-07-02,2021-07-29,0.0,5290024000.0,4603835500.0,1407618000.0,3882406000.0,0.431,52.416,-68086000.0,676214000.0,676214000.0,925577000.0,245558000.0,3.743,1.243,1999755000.0,112039000.0,1887716000.0,1999755000.0,0.0,55890000.0,0.0,0.008,1.7,319308000.0,375198000.0,0.189,375198000.0,319308000.0,252438000.0,5.52,5.22,5.52,2358529000.0,2221218000.0,2358529000.0,10745072694.0,34.0,28.638,356818000.0,7.93,1.0,1060498000.0,0.534,3466980000.0,66870000.0,2770534000.0,2192772250.0,368526000.0,0.0,0.0,0.0,2931495000.0,376051000.0,2555444000.0,9345309694.0,199724000.0,-994181000.0,3780000.0,914841000.0,-60552000.0,821182000.0,-1062267000.0,0.0,424904000.0,15905000.0,245558000.0,245558000.0,245558000.0,230000.0,0.0,0.124,735962000.0,324536000.0,81973000.0,0.308,3.962,38.057,37.638,369301000.0,0.0,207.76,4.705,4.707,303702000.0,,1986075000.0,1986075000.0,68859000.0,0.053,0.111,0.146,0.161,18456000.0,606880000.0,1.0,44981275.0,44996000.0,46818000.0,44.139,1823044000.0,13841000.0,6880000.0,489850000.0,40.516,1031567000.0
17,TFX,MRT,2017-03-31,2017-04-02,2017-04-02,2021-07-29,0.0,5232436000.0,4281381250.0,1395127000.0,3837309000.0,0.451,49.427,-53126000.0,689129000.0,689129000.0,904402000.0,227143000.0,3.556,1.358,2088892000.0,131095000.0,1957797000.0,2088892000.0,0.0,55993000.0,0.0,0.007,1.36,288533000.0,344526000.0,0.178,344526000.0,288533000.0,229650000.0,5.15,4.81,5.15,2218904000.0,2161423250.0,2218904000.0,9189005416.0,32.0,26.671,379322000.0,8.449,1.0,1026613000.0,0.532,3435952000.0,58883000.0,2803889000.0,1926476000.0,355289000.0,0.0,0.0,0.0,3013532000.0,392358000.0,2621174000.0,8699471416.0,296571000.0,-979363000.0,5383000.0,1013393000.0,-60068000.0,913641000.0,-1032489000.0,0.0,432448000.0,-17029000.0,226858000.0,226858000.0,226858000.0,-323000.0,285000.0,0.117,713838000.0,312775000.0,82018000.0,0.264,3.921,38.348,37.617,355234000.0,0.0,193.73,4.505,4.504,282872000.0,,1931015000.0,1931015000.0,64053000.0,0.053,0.105,0.15,0.149,17674000.0,590929000.0,1.0,44905133.0,44893000.0,46615000.0,43.014,1796484000.0,22562000.0,2792000.0,486636000.0,40.017,1002769000.0
18,TFX,MRT,2016-12-31,2016-12-31,2016-12-31,2021-07-29,-438717000.0,3891213000.0,3959138750.0,1183393000.0,2707820000.0,0.472,49.337,-53135000.0,543789000.0,543789000.0,871827000.0,237841000.0,2.767,0.82,1033323000.0,183071000.0,850252000.0,1033323000.0,0.0,54415000.0,0.0,0.008,1.36,300392000.0,354807000.0,0.19,354807000.0,300392000.0,245451000.0,5.48,4.98,5.48,2137517000.0,2121502000.0,2137517000.0,7631582465.0,25.0,21.509,355345000.0,8.202,1.0,996200000.0,0.533,2368383000.0,54941000.0,1584718000.0,1587277500.0,316171000.0,0.0,0.0,0.0,1751872000.0,427646000.0,1324226000.0,7099179465.0,205423000.0,-3839000.0,9068000.0,-42865000.0,-58960000.0,-118692000.0,-56974000.0,0.0,408480000.0,-27391000.0,237377000.0,237377000.0,237377000.0,-190000.0,464000.0,0.127,676747000.0,319453000.0,69400000.0,0.248,3.321,29.907,29.407,302899000.0,0.0,161.15,3.8,3.738,271993000.0,2194593000.0,1868027000.0,1868027000.0,58579000.0,0.06,0.112,0.189,0.161,16871000.0,563308000.0,1.0,44053239.0,43325000.0,47646000.0,43.117,1522830000.0,9891000.0,8074000.0,296805000.0,35.149,755747000.0
19,TFX,MRT,2016-09-30,2016-09-25,2016-09-25,2021-07-29,0.0,4001669000.0,3954279000.0,1163872000.0,2837797000.0,0.465,49.266,-42410000.0,499459000.0,499459000.0,855131000.0,278060000.0,2.573,0.844,1031862000.0,181895000.0,849967000.0,1031862000.0,0.0,52250000.0,0.0,0.008,1.36,340212000.0,392462000.0,0.213,392462000.0,340212000.0,287995000.0,6.52,5.8,6.52,2169922000.0,2089440750.0,2169922000.0,8159830587.0,24.0,20.791,383741000.0,8.712,1.0,983464000.0,0.535,2469722000.0,52217000.0,1611948000.0,1549263250.0,341830000.0,27000.0,0.0,27000.0,1831747000.0,452402000.0,1379345000.0,7554438587.0,222996000.0,-43989000.0,7826000.0,-42917000.0,-58130000.0,-112571000.0,-86399000.0,0.0,426151000.0,-4185000.0,277438000.0,277438000.0,277438000.0,-10520000.0,622000.0,0.151,634292000.0,349172000.0,70246000.0,0.209,3.481,27.229,26.311,322019000.0,0.0,171.55,4.109,4.11,261833000.0,,1838595000.0,1838595000.0,56113000.0,0.07,0.133,0.22,0.185,16628000.0,567345000.0,1.0,44036366.0,44045000.0,47446000.0,41.744,1531947000.0,25051000.0,10557000.0,349354000.0,34.781,711470000.0
20,TFX,MRT,2016-06-30,2016-06-26,2016-06-26,2021-07-29,0.0,4000207000.0,3930787000.0,1161721000.0,2838486000.0,0.465,48.666,-45677000.0,476490000.0,476490000.0,856586000.0,272590000.0,2.741,0.886,1081882000.0,173952000.0,907930000.0,1081882000.0,0.0,50237000.0,0.0,0.008,1.36,329421000.0,379658000.0,0.208,379658000.0,329421000.0,275786000.0,6.47,5.65,6.47,2119350000.0,2031683000.0,2119350000.0,8136349396.0,25.0,21.431,327213000.0,7.514,1.0,970075000.0,0.531,2476446000.0,53635000.0,1705349000.0,1531504500.0,338465000.0,244000.0,0.0,244000.0,1878639000.0,423804000.0,1454835000.0,7465736396.0,151480000.0,-58958000.0,6744000.0,-44255000.0,-57296000.0,-107943000.0,-104635000.0,0.0,372890000.0,-8832000.0,271940000.0,271940000.0,271940000.0,-9679000.0,650000.0,0.149,630840000.0,339235000.0,72787000.0,0.21,3.523,27.454,26.468,314665000.0,0.0,171.25,4.087,4.083,273530000.0,,1826661000.0,1826661000.0,53617000.0,0.069,0.134,0.215,0.18,15290000.0,566388000.0,1.0,43595541.0,43549000.0,47246000.0,41.945,1523761000.0,32354000.0,3846000.0,356699000.0,34.99,737917000.0
21,TFX,MRT,2016-03-31,2016-03-27,2016-03-27,2021-07-29,0.0,3943466000.0,3926775750.0,1085009000.0,2858457000.0,0.46,49.445,-53574000.0,392558000.0,392558000.0,858240000.0,258011000.0,1.608,0.908,1063171000.0,421198000.0,641973000.0,1063171000.0,0.0,47700000.0,0.0,0.009,1.36,316254000.0,363954000.0,0.202,363954000.0,316254000.0,258319000.0,6.18,5.32,6.18,2059219000.0,1981290250.0,2059219000.0,7163149385.0,23.0,19.681,272710000.0,6.548,1.0,946913000.0,0.525,2492309000.0,57935000.0,1447095000.0,1506633750.0,338906000.0,196000.0,0.0,196000.0,1869391000.0,674675000.0,1194716000.0,6435573385.0,83799000.0,-86025000.0,8463000.0,-45614000.0,-56593000.0,-108204000.0,-139599000.0,0.0,326284000.0,5318000.0,257200000.0,257200000.0,257200000.0,-9296000.0,811000.0,0.142,629133000.0,317780000.0,73313000.0,0.22,3.125,25.022,25.019,318183000.0,0.0,154.62,3.565,3.567,274660000.0,,1805153000.0,1805153000.0,51588000.0,0.065,0.13,0.21,0.175,14072000.0,565633000.0,1.0,41621869.0,41647000.0,48782000.0,43.344,1451157000.0,33456000.0,1119000.0,360911000.0,34.844,410334000.0
22,TFX,MRT,2015-12-31,2015-12-31,2015-12-31,2021-07-29,-371124000.0,3871774000.0,3921808000.0,1003839000.0,2867935000.0,0.461,48.349,-61448000.0,338366000.0,338366000.0,865287000.0,245713000.0,1.512,0.926,1059200000.0,417350000.0,641850000.0,1059200000.0,0.0,46013000.0,0.0,0.01,1.36,314024000.0,360037000.0,0.199,360037000.0,314024000.0,252701000.0,5.89,5.1,5.89,2009272000.0,1930968750.0,2009272000.0,6254786891.0,20.0,17.373,239362000.0,5.76,1.0,944403000.0,0.522,2495827000.0,61323000.0,1432661000.0,1538590250.0,330275000.0,0.0,0.0,0.0,1860681000.0,664120000.0,1196561000.0,5468564891.0,35130000.0,-93400000.0,4994000.0,-15657000.0,-56532000.0,-85583000.0,-154848000.0,0.0,300810000.0,-25249000.0,244863000.0,244863000.0,244863000.0,-8905000.0,850000.0,0.135,628512000.0,315891000.0,66305000.0,0.231,2.722,22.333,22.317,316123000.0,0.0,131.45,3.022,3.019,262416000.0,2016176000.0,1809690000.0,1809690000.0,52119000.0,0.062,0.127,0.204,0.174,14467000.0,568982000.0,1.0,41601863.0,41558000.0,48058000.0,43.546,1375947000.0,33236000.0,7838000.0,364442000.0,33.109,339719000.0
23,TFX,MRT,2015-09-30,2015-09-27,2015-09-27,2021-07-29,0.0,3907701000.0,3934561250.0,1036147000.0,2871554000.0,0.458,46.611,-69760000.0,276463000.0,276463000.0,876095000.0,195376000.0,1.576,1.014,1062685000.0,416685000.0,646000000.0,1062685000.0,0.0,46833000.0,0.0,0.01,1.36,274711000.0,321544000.0,0.179,321544000.0,274711000.0,210218000.0,4.68,4.07,4.68,1938891000.0,1906478000.0,1938891000.0,6191622301.0,23.0,19.256,184759000.0,4.442,1.0,925102000.0,0.514,2495539000.0,64493000.0,1540913000.0,1559152500.0,345899000.0,324000.0,0.0,324000.0,1966640000.0,657471000.0,1309169000.0,5404641301.0,-9919000.0,-75442000.0,6124000.0,-15620000.0,-56466000.0,-84591000.0,-145202000.0,0.0,254519000.0,-34645000.0,194377000.0,194377000.0,194377000.0,2800000.0,999000.0,0.108,636803000.0,288299000.0,67906000.0,0.291,2.787,27.805,27.763,313244000.0,0.0,129.93,3.001,3.001,272996000.0,,1801197000.0,1801197000.0,56135000.0,0.049,0.102,0.176,0.153,13481000.0,574030000.0,1.0,41596562.0,41597000.0,48532000.0,43.301,1412162000.0,100887000.0,15841000.0,466646000.0,33.949,378676000.0
24,TFX,MRT,2015-06-30,2015-06-28,2015-06-28,2021-07-29,0.0,3984162000.0,3972084000.0,1102509000.0,2881653000.0,0.457,46.145,-68042000.0,325010000.0,325010000.0,881601000.0,189481000.0,1.666,1.076,1111991000.0,415991000.0,696000000.0,1111991000.0,0.0,48595000.0,0.0,0.01,1.36,280477000.0,329072000.0,0.181,329072000.0,280477000.0,213106000.0,4.54,4.0,4.54,1917779000.0,1917187250.0,1917779000.0,6472284004.0,23.0,19.668,208118000.0,5.008,1.0,933055000.0,0.514,2503391000.0,67371000.0,1605866000.0,1573962500.0,347095000.0,401000.0,0.0,401000.0,2064155000.0,661886000.0,1402269000.0,5679478004.0,87628000.0,-49530000.0,6697000.0,37017000.0,-56399000.0,-27471000.0,-121711000.0,-4139000.0,276160000.0,-39350000.0,188384000.0,188384000.0,188384000.0,2352000.0,1097000.0,0.104,639371000.0,293684000.0,74364000.0,0.3,2.961,30.148,30.123,315536000.0,0.0,136.76,3.13,3.132,286371000.0,,1814656000.0,1814656000.0,58435000.0,0.047,0.098,0.178,0.155,13627000.0,573442000.0,1.0,41528795.0,41560000.0,48081000.0,43.664,1480771000.0,103436000.0,24722000.0,495504000.0,35.63,440623000.0
25,TFX,MRT,2015-03-31,2015-03-29,2015-03-29,2021-07-29,0.0,3923595000.0,3992001750.0,1070771000.0,2852824000.0,0.459,44.803,-69907000.0,308759000.0,308759000.0,886810000.0,192177000.0,1.612,1.11,1101565000.0,401565000.0,700000000.0,1101565000.0,0.0,49542000.0,0.0,0.011,1.36,287747000.0,337289000.0,0.184,337289000.0,287747000.0,220521000.0,4.61,4.09,4.61,1857933000.0,1933311750.0,1857933000.0,5733731142.0,20.0,16.999,217139000.0,5.236,1.0,943906000.0,0.516,2477055000.0,67226000.0,1574921000.0,1579739250.0,338736000.0,734000.0,0.0,734000.0,2062993000.0,664425000.0,1398568000.0,4968566142.0,-112890000.0,-18890000.0,3633000.0,-200154000.0,-56325000.0,-262333000.0,-90466000.0,-1669000.0,287046000.0,-47137000.0,191073000.0,191073000.0,191073000.0,3287000.0,1104000.0,0.104,652456000.0,291450000.0,75310000.0,0.295,2.674,26.003,26.007,310106000.0,0.0,119.89,2.714,2.716,284827000.0,,1830716000.0,1830716000.0,59862000.0,0.048,0.099,0.182,0.157,12985000.0,578057000.0,1.0,41442707.0,41469000.0,47295000.0,44.147,1446540000.0,91674000.0,29448000.0,493660000.0,34.882,406346000.0
26,TFX,MRT,2014-12-31,2014-12-31,2014-12-31,2021-07-29,-260895000.0,3922787000.0,4071636500.0,995908000.0,2926879000.0,0.452,46.205,-67571000.0,303236000.0,303236000.0,897404000.0,188751000.0,1.574,1.051,1068401000.0,368401000.0,700000000.0,1068401000.0,0.0,50207000.0,0.0,0.012,1.36,281787000.0,331994000.0,0.18,331994000.0,281787000.0,216329000.0,4.54,4.04,4.54,1911309000.0,1954450000.0,1911309000.0,5534127298.0,20.0,16.669,218994000.0,5.294,1.0,942428000.0,0.512,2540273000.0,65458000.0,1514910000.0,1649846000.0,335593000.0,1150000.0,0.0,1150000.0,2009088000.0,632769000.0,1376319000.0,4755153298.0,-128748000.0,-40566000.0,4245000.0,-230102000.0,-56258000.0,-287703000.0,-108137000.0,0.0,286565000.0,-19473000.0,187679000.0,187679000.0,187679000.0,2709000.0,1072000.0,0.102,657566000.0,284862000.0,64100000.0,0.3,2.488,25.337,25.291,317435000.0,0.0,114.82,2.585,2.582,273704000.0,1827845000.0,1839832000.0,1839832000.0,61040000.0,0.046,0.096,0.171,0.153,12227000.0,578657000.0,1.0,41413981.0,41366000.0,46470000.0,44.477,1382514000.0,44267000.0,28650000.0,463855000.0,33.422,363139000.0
27,TFX,MRT,2014-09-30,2014-09-28,2014-09-28,2021-07-29,0.0,4057792000.0,4143191500.0,1077203000.0,2980589000.0,0.438,47.869,-51909000.0,286382000.0,286382000.0,888007000.0,172872000.0,1.593,1.046,1065356000.0,365356000.0,700000000.0,1065356000.0,0.0,49042000.0,0.0,0.013,1.36,267671000.0,316713000.0,0.175,316713000.0,267671000.0,204682000.0,4.16,3.73,4.16,1981728000.0,1955004500.0,1981728000.0,5220748062.0,20.0,16.484,249210000.0,6.02,1.0,926356000.0,0.511,2560297000.0,62989000.0,1600153000.0,1725716000.0,353227000.0,1079000.0,0.0,1079000.0,2073876000.0,676316000.0,1397560000.0,4395857062.0,-40055000.0,-297133000.0,4377000.0,67991000.0,-56176000.0,10783000.0,-349042000.0,0.0,301119000.0,-2915000.0,171869000.0,171869000.0,171869000.0,1757000.0,1003000.0,0.095,656585000.0,269771000.0,71034000.0,0.327,2.218,25.577,25.526,347233000.0,0.0,106.19,2.423,2.423,287179000.0,,1814363000.0,1814363000.0,61679000.0,0.041,0.088,0.155,0.148,12570000.0,569148000.0,1.0,41396149.0,41399000.0,46628000.0,43.826,1497495000.0,101166000.0,32813000.0,578067000.0,36.172,400887000.0
28,TFX,MRT,2014-06-30,2014-06-29,2014-06-29,2021-07-29,0.0,4063833000.0,4075834250.0,1041254000.0,3022579000.0,0.435,47.904,-57533000.0,237382000.0,237382000.0,876804000.0,164723000.0,1.596,1.049,1062273000.0,362273000.0,700000000.0,1062273000.0,0.0,46489000.0,0.0,0.013,1.36,251703000.0,298192000.0,0.168,298192000.0,251703000.0,191950000.0,3.97,3.63,3.97,1982277000.0,1924582250.0,1982277000.0,5218220196.0,21.0,17.5,234263000.0,5.661,1.0,894182000.0,0.505,2607261000.0,59753000.0,1628973000.0,1798163250.0,356467000.0,1465000.0,0.0,1465000.0,2079454000.0,652490000.0,1426964000.0,4350608196.0,-44036000.0,-300649000.0,4680000.0,75000000.0,-56066000.0,5374000.0,-354043000.0,4139000.0,291796000.0,12837000.0,163612000.0,163612000.0,163612000.0,457000.0,1111000.0,0.092,640304000.0,253878000.0,73533000.0,0.343,2.195,26.591,26.491,343408000.0,0.0,105.17,2.457,2.457,301720000.0,,1770986000.0,1770986000.0,62446000.0,0.04,0.085,0.14,0.142,11831000.0,546124000.0,1.0,41367388.0,41380000.0,46392000.0,42.798,1456572000.0,99082000.0,28338000.0,595937000.0,35.2,388764000.0
29,TFX,MRT,2014-03-31,2014-03-30,2014-03-30,2021-07-29,0.0,4242134000.0,3990910250.0,1220618000.0,3021516000.0,0.432,47.077,-60054000.0,421649000.0,421649000.0,863356000.0,159653000.0,1.932,1.182,1289261000.0,359261000.0,930000000.0,1289261000.0,0.0,43795000.0,0.0,0.013,1.36,241331000.0,285126000.0,0.165,285126000.0,241331000.0,183215000.0,3.86,3.59,3.86,1942486000.0,1878871000.0,1942486000.0,5209256775.0,22.0,18.27,204034000.0,4.945,1.0,859584000.0,0.499,2622591000.0,58116000.0,1855348000.0,1856313000.0,349745000.0,1513000.0,0.0,1513000.0,2296907000.0,631807000.0,1665100000.0,4354953775.0,115095000.0,-339609000.0,1349000.0,305000000.0,-56004000.0,233340000.0,-397994000.0,1669000.0,264088000.0,15661000.0,158801000.0,158801000.0,158801000.0,98000.0,852000.0,0.092,616707000.0,242877000.0,71094000.0,0.352,2.242,27.424,27.373,328679000.0,0.0,105.66,2.528,2.53,295514000.0,,1722940000.0,1722940000.0,64100000.0,0.04,0.085,0.13,0.14,12154000.0,515534000.0,1.0,41216674.0,41262000.0,45749000.0,41.756,1619543000.0,95397000.0,24414000.0,606852000.0,39.25,588811000.0
30,TFX,MRT,2013-12-31,2013-12-31,2013-12-31,2021-07-29,-110855000.0,4209007000.0,3853808500.0,1200554000.0,3008453000.0,0.44,46.552,-63580000.0,431984000.0,431984000.0,857326000.0,151748000.0,1.89,1.198,1286287000.0,356287000.0,930000000.0,1286287000.0,0.0,42368000.0,0.0,0.014,1.36,231333000.0,273701000.0,0.161,273701000.0,231333000.0,174428000.0,3.67,3.45,3.67,1913527000.0,1836311500.0,1913527000.0,4520906113.0,20.0,16.518,164392000.0,3.999,1.0,838945000.0,0.495,2609800000.0,56905000.0,1818390000.0,1849219750.0,333621000.0,1715000.0,0.0,1715000.0,2292991000.0,635120000.0,1657871000.0,3861955113.0,94945000.0,-309058000.0,6181000.0,305000000.0,-55917000.0,231170000.0,-372638000.0,0.0,227972000.0,8441000.0,150881000.0,150881000.0,150881000.0,435000.0,867000.0,0.089,605684000.0,233261000.0,71967000.0,0.371,2.018,25.596,25.575,325900000.0,0.0,93.86,2.277,2.274,295290000.0,1696424000.0,1696271000.0,1696271000.0,65045000.0,0.039,0.082,0.125,0.136,11871000.0,502187000.0,1.0,41145910.0,41105000.0,43693000.0,41.267,1599207000.0,90364000.0,23547000.0,593688000.0,38.905,565434000.0
31,TFX,MRT,2013-09-30,2013-09-29,2013-09-29,2021-07-29,0.0,3788363000.0,3734978500.0,1110448000.0,2677915000.0,0.446,45.221,-73942000.0,326437000.0,326437000.0,851606000.0,146259000.0,4.146,1.036,985388000.0,4700000.0,980688000.0,985388000.0,0.0,40780000.0,0.0,0.017,1.36,234973000.0,275753000.0,0.166,275753000.0,234973000.0,177786000.0,3.54,3.41,3.54,1860039000.0,1802667250.0,1860039000.0,4065583196.0,17.0,14.744,113927000.0,2.77,1.0,813182000.0,0.488,2289547000.0,57187000.0,1889942000.0,1843143250.0,346116000.0,1703000.0,0.0,1703000.0,1926101000.0,267825000.0,1658276000.0,3371476196.0,-308392000.0,-354192000.0,5264000.0,7000000.0,-55843000.0,-77713000.0,-428134000.0,0.0,187869000.0,9586000.0,145376000.0,145376000.0,145376000.0,1236000.0,883000.0,0.087,575213000.0,237969000.0,70783000.0,0.384,1.813,23.191,23.158,320542000.0,0.0,81.98,2.025,2.025,313706000.0,,1664788000.0,1664788000.0,63432000.0,0.039,0.081,0.127,0.141,10879000.0,479955000.0,1.0,41125594.0,41132000.0,43264000.0,40.474,1498816000.0,81293000.0,32410000.0,496704000.0,36.439,842623000.0
32,TFX,MRT,2013-06-30,2013-06-30,2013-06-30,2021-07-29,0.0,3724137000.0,3705585000.0,1056706000.0,2667431000.0,0.437,43.766,-73398000.0,281418000.0,281418000.0,829289000.0,121381000.0,4.014,1.068,975525000.0,4700000.0,970825000.0,975525000.0,0.0,38932000.0,0.0,0.018,1.36,216714000.0,255646000.0,0.158,255646000.0,216714000.0,154982000.0,2.94,2.85,2.94,1799432000.0,1775896500.0,1799432000.0,3851872700.0,18.0,15.067,87180000.0,2.12,1.0,789757000.0,0.488,2293437000.0,61732000.0,1861572000.0,1798088500.0,348608000.0,1890000.0,0.0,1890000.0,1922610000.0,263235000.0,1659375000.0,3185691700.0,-263573000.0,-301326000.0,8039000.0,1000.0,-55777000.0,-68626000.0,-374954000.0,0.0,160578000.0,19429000.0,120544000.0,120544000.0,120544000.0,4786000.0,837000.0,0.074,567989000.0,221768000.0,76493000.0,0.463,1.77,26.428,26.357,311464000.0,0.0,77.49,1.968,1.968,311881000.0,,1619046000.0,1619046000.0,62554000.0,0.033,0.068,0.121,0.134,10386000.0,479605000.0,1.0,41111004.0,41115000.0,43429000.0,39.378,1430700000.0,79180000.0,34438000.0,498615000.0,34.798,793471000.0
33,TFX,MRT,2013-03-31,2013-03-31,2013-03-31,2021-07-29,0.0,3693727000.0,3676256250.0,1057501000.0,2636226000.0,0.43,43.211,-67699000.0,306554000.0,306554000.0,817688000.0,121645000.0,4.044,1.083,972735000.0,4700000.0,968035000.0,972735000.0,0.0,37727000.0,0.0,0.016,1.36,214341000.0,252068000.0,0.159,252068000.0,214341000.0,148794000.0,2.95,2.91,2.95,1772248000.0,1748406000.0,1772248000.0,4095707742.0,19.0,16.248,99617000.0,2.429,1.0,764631000.0,0.483,2271465000.0,65547000.0,1826975000.0,1770216000.0,332820000.0,1947000.0,0.0,1947000.0,1918650000.0,261468000.0,1657182000.0,3462766742.0,-284367000.0,-301364000.0,11799000.0,-420000.0,-55687000.0,-69083000.0,-369715000.0,0.0,167316000.0,-12885000.0,120716000.0,120716000.0,120716000.0,8387000.0,929000.0,0.076,542224000.0,222407000.0,67383000.0,0.461,1.954,28.685,28.647,300830000.0,0.0,84.51,2.188,2.191,307020000.0,,1582319000.0,1582319000.0,59732000.0,0.033,0.069,0.121,0.135,9695000.0,469303000.0,1.0,40974639.0,41014000.0,43047000.0,38.58,1422262000.0,74535000.0,28078000.0,495427000.0,34.677,796033000.0
34,TFX,MRT,2012-12-31,2012-12-31,2012-12-31,2021-07-29,-132048000.0,3733687000.0,3665296000.0,1073222000.0,2660465000.0,0.423,43.539,-65394000.0,337039000.0,337039000.0,802784000.0,-189102000.0,3.898,1.097,969980000.0,4700000.0,965280000.0,969980000.0,0.0,36204000.0,0.0,0.019,1.36,-104079000.0,-67875000.0,-0.044,-67875000.0,-104079000.0,-173644000.0,-4.65,-4.65,-4.65,1778950000.0,1735180500.0,1778950000.0,3251288842.0,-31.0,-47.901,121425000.0,2.972,1.0,748225000.0,0.482,2297244000.0,69565000.0,1794084000.0,1752040250.0,323347000.0,2066000.0,0.0,2066000.0,1952150000.0,275300000.0,1676850000.0,2918821842.0,-247049000.0,-302864000.0,8238000.0,-706000.0,-55589000.0,-65653000.0,-370609000.0,0.0,186819000.0,2394000.0,-190057000.0,-190057000.0,-190057000.0,7320000.0,955000.0,-0.123,845600000.0,-97375000.0,75165000.0,-0.292,1.641,-15.358,-15.335,297945000.0,0.0,71.31,1.882,1.879,297976000.0,1601460000.0,1551009000.0,1551009000.0,56278000.0,-0.052,-0.11,-0.059,-0.067,8623000.0,454489000.0,1.0,40931452.0,40859000.0,40859000.0,37.96,1436443000.0,79532000.0,16413000.0,497748000.0,35.156,797922000.0
35,TFX,MRT,2012-09-30,2012-09-30,2012-09-30,2021-07-29,0.0,3670789000.0,3712900000.0,1293054000.0,2377735000.0,0.413,42.87,-63366000.0,634829000.0,634829000.0,796196000.0,-50458000.0,5.2,1.093,967296000.0,4700000.0,962596000.0,967296000.0,0.0,36141000.0,0.0,0.02,1.36,28174000.0,64315000.0,0.042,64315000.0,28174000.0,-45979000.0,-1.26,-1.3,-1.26,1752956000.0,1785590000.0,1752956000.0,3232854295.0,115.0,50.266,75001000.0,1.834,1.0,738795000.0,0.481,2044856000.0,74153000.0,1709723000.0,1731137750.0,295611000.0,1771000.0,0.0,1771000.0,1915390000.0,248677000.0,1666713000.0,2813200295.0,263130000.0,291745000.0,8793000.0,-25420000.0,-55519000.0,-85031000.0,225150000.0,0.0,138367000.0,-15356000.0,-51584000.0,-51584000.0,-51584000.0,-120135000.0,1126000.0,-0.034,831870000.0,-93075000.0,63703000.0,-1.079,1.605,-54.536,-54.635,267392000.0,0.0,68.84,1.833,1.834,266947000.0,,1534991000.0,1534991000.0,52925000.0,-0.014,-0.029,0.016,0.018,8223000.0,443744000.0,1.0,40865780.0,40890000.0,41511000.0,37.54,1625933000.0,64738000.0,5605000.0,473915000.0,39.764,1044377000.0
36,TFX,MRT,2012-06-30,2012-07-01,2012-07-01,2021-07-29,0.0,3606822000.0,3762380500.0,1249631000.0,2357191000.0,0.407,41.374,-58343000.0,544991000.0,544991000.0,795820000.0,-28323000.0,5.149,1.133,964645000.0,4700000.0,959945000.0,964645000.0,0.0,37158000.0,0.0,0.022,1.36,53655000.0,90813000.0,0.059,90813000.0,53655000.0,-21182000.0,-0.72,-0.75,-0.72,1689470000.0,1830388750.0,1689470000.0,2857007178.0,53.0,31.46,66258000.0,1.623,1.0,733858000.0,0.48,2033720000.0,74837000.0,1750082000.0,1738833500.0,284555000.0,1669000.0,0.0,1669000.0,1914808000.0,242674000.0,1672134000.0,2485868178.0,179182000.0,242364000.0,7523000.0,-25421000.0,-55454000.0,-85689000.0,180411000.0,0.0,124601000.0,-40141000.0,-29675000.0,-29675000.0,-29675000.0,-133800000.0,1352000.0,-0.019,814869000.0,-81011000.0,65471000.0,-1.889,1.471,-83.77,-84.597,253684000.0,0.0,60.91,1.625,1.626,275166000.0,,1529678000.0,1529678000.0,50481000.0,-0.008,-0.016,0.031,0.035,7570000.0,430448000.0,1.0,40812152.0,40834000.0,41076000.0,37.461,1573102000.0,66491000.0,8493000.0,475512000.0,38.524,1006957000.0
37,TFX,MRT,2012-03-31,2012-04-01,2012-04-01,2021-07-29,0.0,3649886000.0,3830233000.0,1322772000.0,2327114000.0,0.399,42.173,-52021000.0,590921000.0,590921000.0,796669000.0,-36735000.0,4.804,1.121,962060000.0,4700000.0,957360000.0,962060000.0,0.0,38638000.0,0.0,0.022,1.36,51371000.0,90009000.0,0.059,90009000.0,51371000.0,-21011000.0,-0.92,-0.96,-0.92,1719346000.0,1894427500.0,1719346000.0,2867704886.0,56.0,31.86,57642000.0,1.414,1.0,730845000.0,0.478,1991407000.0,72382000.0,1754272000.0,1734993500.0,298971000.0,1847000.0,0.0,1847000.0,1928040000.0,275346000.0,1652694000.0,2491997886.0,388623000.0,280222000.0,28839000.0,100000000.0,-55388000.0,63824000.0,224429000.0,0.0,109663000.0,-9293000.0,-38218000.0,-38218000.0,-38218000.0,-141556000.0,1483000.0,-0.025,820364000.0,-89519000.0,62330000.0,-1.478,1.449,-65.205,-66.467,263415000.0,0.0,61.15,1.631,1.632,310926000.0,,1527514000.0,1527514000.0,49234000.0,-0.01,-0.02,0.03,0.034,7342000.0,434335000.0,1.0,40752214.0,40769000.0,40769000.0,37.468,1658479000.0,77281000.0,17207000.0,528019000.0,40.68,1047426000.0
38,TFX,MRT,2011-12-31,2011-12-31,2011-12-31,2021-07-29,-159353000.0,3924103000.0,3837462250.0,1280256000.0,2643847000.0,0.389,48.902,-44582000.0,584088000.0,584088000.0,783750000.0,324967000.0,4.724,0.98,959795000.0,4986000.0,954809000.0,959795000.0,0.0,40336000.0,0.0,0.022,1.36,419424000.0,459760000.0,0.308,459760000.0,419424000.0,349107000.0,7.98,7.92,7.98,1980588000.0,1935768500.0,1980588000.0,3105918739.0,7.0,6.756,49896000.0,1.232,1.0,708778000.0,0.475,2318329000.0,70317000.0,1710474000.0,1693962000.0,298775000.0,2008000.0,0.0,2008000.0,1941320000.0,271007000.0,1670313000.0,2495595739.0,375636000.0,351252000.0,34009000.0,34486000.0,-55136000.0,-11106000.0,303795000.0,0.0,94478000.0,-11531000.0,323329000.0,323329000.0,323329000.0,-205645000.0,1638000.0,0.217,479208000.0,229570000.0,67092000.0,0.17,1.26,7.718,7.68,251912000.0,0.0,61.29,1.672,1.663,286226000.0,1847106000.0,1492528000.0,1492528000.0,48712000.0,0.084,0.167,0.248,0.281,4532000.0,423909000.0,1.0,40717829.0,40501000.0,40801000.0,36.852,1605774000.0,70138000.0,25778000.0,527311000.0,39.648,1009249000.0
39,TFX,MRT,2011-09-30,2011-09-25,2011-09-25,2021-07-29,0.0,3868711000.0,3767225250.0,1186430000.0,2682281000.0,0.385,47.492,-35375000.0,371699000.0,371699000.0,759982000.0,238182000.0,3.09,1.0,982022000.0,29700000.0,952322000.0,982022000.0,0.0,39312000.0,0.0,0.026,1.36,330714000.0,370026000.0,0.255,370026000.0,330714000.0,258318000.0,5.88,5.83,5.88,1932151000.0,1886465500.0,1932151000.0,2762124465.0,8.0,7.465,120397000.0,2.959,1.0,688648000.0,0.475,2354556000.0,72396000.0,1740506000.0,1658875250.0,311417000.0,2161000.0,0.0,2161000.0,1931714000.0,383972000.0,1547742000.0,2148367465.0,123942000.0,175942000.0,35117000.0,-111600000.0,-54886000.0,-167579000.0,136956000.0,0.0,155772000.0,-1207000.0,236611000.0,236611000.0,236611000.0,-148461000.0,1571000.0,0.163,473955000.0,214693000.0,76245000.0,0.231,1.112,9.08,8.981,250582000.0,0.0,52.81,1.483,1.483,277340000.0,,1448630000.0,1448630000.0,48019000.0,0.063,0.125,0.199,0.228,4054000.0,421300000.0,1.0,40681073.0,40684000.0,40943000.0,35.607,1514155000.0,74952000.0,21707000.0,463930000.0,37.217,802458000.0
40,TFX,MRT,2011-06-30,2011-06-26,2011-06-26,2021-07-29,0.0,3878232000.0,3749511250.0,1148928000.0,2729304000.0,0.382,47.997,-30804000.0,365809000.0,365809000.0,751348000.0,216652000.0,3.154,0.991,979566000.0,29700000.0,949866000.0,979566000.0,0.0,40192000.0,0.0,0.023,1.36,292328000.0,332520000.0,0.232,332520000.0,292328000.0,219062000.0,5.37,5.31,5.37,1945625000.0,1831735500.0,1945625000.0,3045612879.0,10.0,9.159,133748000.0,3.299,1.0,679582000.0,0.475,2392988000.0,73266000.0,1734722000.0,1674415500.0,293822000.0,2284000.0,0.0,2284000.0,1927895000.0,364279000.0,1563616000.0,2395737879.0,78680000.0,177161000.0,92602000.0,-113200000.0,-54630000.0,-249151000.0,142481000.0,0.0,164552000.0,20798000.0,215156000.0,215156000.0,215156000.0,-148865000.0,1496000.0,0.15,473301000.0,206281000.0,67558000.0,0.253,1.231,11.135,11.076,255253000.0,0.0,59.48,1.674,1.685,283181000.0,,1430930000.0,1430930000.0,46274000.0,0.057,0.117,0.175,0.204,5166000.0,421260000.0,1.0,40278041.0,40536000.0,40872000.0,35.3,1485244000.0,60452000.0,3906000.0,466495000.0,36.64,784649000.0
41,TFX,MRT,2011-03-31,2011-03-27,2011-03-27,2021-07-29,0.0,3678803000.0,3715889250.0,925918000.0,2752885000.0,0.379,47.051,-28484000.0,202298000.0,202298000.0,735657000.0,242691000.0,2.708,0.95,852173000.0,29700000.0,822473000.0,852173000.0,0.0,40279000.0,0.0,0.024,1.36,326159000.0,366438000.0,0.26,366438000.0,326159000.0,249144000.0,6.04,5.97,6.04,1884710000.0,1739637250.0,1884710000.0,2973493762.0,9.0,8.115,162508000.0,4.057,1.0,672532000.0,0.478,2396626000.0,77015000.0,1590146000.0,1733180250.0,319905000.0,4723000.0,0.0,4723000.0,1789815000.0,341906000.0,1447909000.0,2264825762.0,-8421000.0,227829000.0,73151000.0,-251280000.0,-54390000.0,-402859000.0,194818000.0,0.0,190992000.0,8628000.0,241234000.0,241234000.0,241234000.0,-173656000.0,1457000.0,0.171,457963000.0,214569000.0,82675000.0,0.225,1.202,9.389,9.374,274328000.0,0.0,56.62,1.608,1.611,289788000.0,,1408189000.0,1408189000.0,44107000.0,0.065,0.139,0.188,0.232,5735000.0,411190000.0,1.0,40000455.0,40057000.0,40424000.0,35.155,1282177000.0,45113000.0,7910000.0,470130000.0,32.009,584012000.0
42,TFX,MRT,2010-12-31,2010-12-31,2010-12-31,2021-07-29,-51880000.0,3643155000.0,3739753250.0,921233000.0,2721922000.0,0.374,44.689,-29330000.0,208452000.0,208452000.0,718883000.0,202455000.0,2.189,1.041,917120000.0,103711000.0,813409000.0,917120000.0,0.0,41225000.0,0.0,0.025,1.36,297801000.0,339026000.0,0.243,339026000.0,297801000.0,218012000.0,5.04,4.99,5.04,1783376000.0,1664165000.0,1783376000.0,2989362906.0,10.0,8.818,183772000.0,4.605,1.0,678839000.0,0.486,2360933000.0,79789000.0,1570127000.0,1824981000.0,338598000.0,4899000.0,0.0,4899000.0,1855877000.0,420763000.0,1435114000.0,2151520906.0,20147000.0,181468000.0,70057000.0,-196870000.0,-54312000.0,-336627000.0,147802000.0,0.0,213102000.0,-4130000.0,201094000.0,201094000.0,201094000.0,-114783000.0,1361000.0,0.144,448549000.0,230290000.0,84846000.0,0.27,1.206,10.699,10.677,287705000.0,0.0,53.81,1.539,1.536,294196000.0,1578913000.0,1397722000.0,1397722000.0,42380000.0,0.054,0.121,0.163,0.213,8521000.0,403635000.0,1.0,39983663.0,39906000.0,40280000.0,35.025,1282222000.0,43555000.0,16918000.0,471252000.0,32.131,500470000.0
43,TFX,MRT,2010-09-30,2010-09-26,2010-09-26,2021-07-29,0.0,3797855000.0,3788715750.0,1042712000.0,2755143000.0,0.32,42.903,-27348000.0,247757000.0,247757000.0,586302000.0,164034000.0,2.242,1.214,1085599000.0,181193000.0,904406000.0,1085599000.0,0.0,38435000.0,0.0,0.024,1.36,271076000.0,309511000.0,0.256,309511000.0,271076000.0,191828000.0,4.1,4.05,4.1,1713231000.0,1613381250.0,1713231000.0,3142407841.0,12.0,10.153,227340000.0,5.693,1.0,624362000.0,0.516,2367903000.0,79248000.0,1802667000.0,1952218000.0,359967000.0,13288000.0,0.0,13288000.0,2080578000.0,465127000.0,1615451000.0,2259872841.0,88968000.0,75667000.0,68673000.0,-84026000.0,-54205000.0,-207360000.0,42952000.0,0.0,254688000.0,-1312000.0,162717000.0,162717000.0,162717000.0,-51355000.0,1317000.0,0.134,374124000.0,250238000.0,91588000.0,0.332,1.319,13.888,13.805,292294000.0,0.0,56.6,1.867,1.867,294285000.0,,1210664000.0,1210664000.0,39130000.0,0.043,0.101,0.139,0.224,8111000.0,345888000.0,1.0,39927082.0,39933000.0,40254000.0,30.317,1429952000.0,108274000.0,29111000.0,536423000.0,35.809,577585000.0
44,TFX,MRT,2010-06-30,2010-06-27,2010-06-27,2021-07-29,0.0,3743744000.0,3791171750.0,1035384000.0,2708360000.0,0.345,39.517,-25803000.0,287129000.0,287129000.0,652233000.0,180116000.0,3.222,1.371,1169664000.0,41464000.0,1128200000.0,1169664000.0,0.0,41012000.0,0.0,0.024,1.36,309131000.0,350143000.0,0.268,350143000.0,309131000.0,228856000.0,4.5,4.46,4.5,1577232000.0,1572346500.0,1577232000.0,3204765576.0,10.0,9.153,279471000.0,7.002,1.0,654131000.0,0.501,2335189000.0,80275000.0,1969781000.0,2015409500.0,337363000.0,14007000.0,0.0,14007000.0,2162002000.0,321309000.0,1840693000.0,2232744576.0,172859000.0,88870000.0,9218000.0,-133683000.0,-54128000.0,-179637000.0,57072000.0,0.0,305274000.0,-9850000.0,178833000.0,178833000.0,178833000.0,-44202000.0,1283000.0,0.137,389087000.0,265044000.0,82119000.0,0.302,1.416,12.485,12.431,290761000.0,0.0,55.94,1.709,1.709,291386000.0,,1306364000.0,1306364000.0,38177000.0,0.047,0.114,0.153,0.237,8096000.0,357979000.0,1.0,39913203.0,39913000.0,40356000.0,32.73,1408555000.0,90192000.0,50023000.0,418476000.0,35.291,714075000.0
45,TFX,MRT,2010-03-31,2010-03-28,2010-03-28,2021-07-29,0.0,3774259000.0,3799926500.0,989267000.0,2784992000.0,0.365,39.778,-26554000.0,210719000.0,210719000.0,709292000.0,126362000.0,3.059,1.381,1182740000.0,41460000.0,1141280000.0,1182740000.0,0.0,44729000.0,0.0,0.022,1.36,250926000.0,295655000.0,0.213,295655000.0,250926000.0,168186000.0,3.15,3.13,3.15,1582821000.0,1543551000.0,1582821000.0,3512367539.0,14.0,11.88,195951000.0,4.925,1.0,677882000.0,0.489,2465566000.0,82740000.0,1957349000.0,2053981000.0,353775000.0,13901000.0,0.0,13901000.0,2186637000.0,323365000.0,1863272000.0,2504173539.0,67668000.0,42570000.0,4856000.0,-120595000.0,-54047000.0,-170193000.0,10870000.0,0.0,222505000.0,4486000.0,125155000.0,125155000.0,125155000.0,10342000.0,1207000.0,0.09,417884000.0,259998000.0,86354000.0,0.432,1.582,20.009,19.994,305525000.0,0.0,62.98,1.805,1.807,297445000.0,,1387174000.0,1387174000.0,36309000.0,0.033,0.081,0.122,0.181,7320000.0,375825000.0,1.0,39761409.0,39791000.0,40199000.0,34.862,1308693000.0,92949000.0,43031000.0,417636000.0,32.889,665902000.0
46,TFX,MRT,2009-12-31,2009-12-31,2009-12-31,2021-07-29,-34120000.0,3839005000.0,3807930250.0,1003934000.0,2835071000.0,0.377,39.787,-26342000.0,188305000.0,188305000.0,749344000.0,314011000.0,2.978,1.426,1196499000.0,4008000.0,1192491000.0,1196499000.0,0.0,47226000.0,0.0,0.025,1.36,429113000.0,476339000.0,0.332,476339000.0,429113000.0,339970000.0,7.63,7.59,7.63,1580241000.0,1498178000.0,1580241000.0,3236642856.0,8.0,6.795,177829000.0,4.477,1.0,685541000.0,0.478,2431017000.0,89143000.0,2079075000.0,2071841250.0,360843000.0,12089000.0,0.0,12089000.0,2253931000.0,337107000.0,1916824000.0,2140891856.0,81030000.0,313676000.0,1553000.0,-349042000.0,-54022000.0,-413288000.0,281201000.0,0.0,204171000.0,8946000.0,302994000.0,302994000.0,302994000.0,-187422000.0,11017000.0,0.211,435313000.0,250228000.0,94983000.0,0.178,1.355,7.066,7.063,317499000.0,0.0,53.89,1.492,1.492,265305000.0,1431878000.0,1434885000.0,1434885000.0,36685000.0,0.08,0.202,0.207,0.299,7776000.0,388281000.0,1.0,39727071.0,39718000.0,39936000.0,36.127,1407988000.0,159079000.0,36976000.0,539530000.0,35.45,666827000.0
47,TFX,MRT,2009-09-30,2009-09-27,2009-09-27,2021-07-29,0.0,3807679000.0,3829865000.0,946293000.0,2861386000.0,0.434,38.996,-27385000.0,158789000.0,158789000.0,929965000.0,299614000.0,2.904,1.455,1254540000.0,5956000.0,1248584000.0,1254540000.0,0.0,53160000.0,0.0,0.029,1.36,404574000.0,457734000.0,0.275,457734000.0,404574000.0,305948000.0,7.05,7.01,7.05,1549092000.0,1414731500.0,1549092000.0,3071635080.0,8.0,6.711,146831000.0,3.696,1.0,732675000.0,0.441,2522158000.0,98626000.0,2055433000.0,2120808750.0,395234000.0,12214000.0,0.0,12214000.0,2254116000.0,325839000.0,1928277000.0,1880483080.0,67392000.0,316653000.0,988000.0,-319409000.0,-54000000.0,-389754000.0,278688000.0,0.0,174216000.0,4242000.0,279862000.0,279862000.0,279862000.0,-203853000.0,19752000.0,0.168,514514000.0,218161000.0,85834000.0,0.193,1.214,6.719,6.715,327014000.0,0.0,47.34,1.131,1.131,266924000.0,,1662640000.0,1662640000.0,58201000.0,0.073,0.198,0.191,0.243,8283000.0,418106000.0,1.0,39722921.0,39724000.0,39932000.0,41.855,1285521000.0,96237000.0,26086000.0,365792000.0,32.361,620454000.0
48,TFX,MRT,2009-06-30,2009-06-28,2009-06-28,2021-07-29,0.0,3778763000.0,3902255500.0,928239000.0,2850524000.0,0.442,36.812,-30089000.0,114270000.0,114270000.0,979759000.0,312943000.0,2.722,1.581,1305422000.0,5736000.0,1299686000.0,1305422000.0,0.0,52625000.0,0.0,0.03,1.36,416972000.0,469597000.0,0.272,469597000.0,416972000.0,310437000.0,7.16,7.11,7.16,1462050000.0,1374113250.0,1462050000.0,2945323421.0,7.0,6.272,123112000.0,3.1,1.0,746175000.0,0.432,2504842000.0,106535000.0,2124067000.0,2209178000.0,411231000.0,15951000.0,0.0,15951000.0,2312205000.0,341006000.0,1971199000.0,1782739421.0,11028000.0,308853000.0,2736000.0,-333788000.0,-53975000.0,-410090000.0,267965000.0,0.0,153201000.0,-48000.0,283869000.0,283869000.0,283869000.0,-221777000.0,29074000.0,0.164,524477000.0,221698000.0,104295000.0,0.19,1.219,6.28,6.264,329466000.0,0.0,44.85,1.033,1.032,275320000.0,,1725934000.0,1725934000.0,48583000.0,0.073,0.207,0.189,0.242,7878000.0,442000000.0,1.0,39748928.0,39717000.0,39921000.0,43.456,1273921000.0,97996000.0,26568000.0,344354000.0,32.075,587233000.0
49,TFX,MRT,2009-03-31,2009-03-29,2009-03-29,2021-07-29,0.0,3806274000.0,4000344750.0,941693000.0,2864581000.0,0.462,35.305,-31731000.0,143051000.0,143051000.0,1063936000.0,350212000.0,2.187,1.713,1305635000.0,5973000.0,1299662000.0,1305635000.0,0.0,53672000.0,0.0,0.035,1.36,463851000.0,517523000.0,0.28,517523000.0,463851000.0,347939000.0,7.88,7.83,7.88,1401329000.0,1357221750.0,1401329000.0,2994753081.0,6.0,5.787,158134000.0,3.984,1.0,782439000.0,0.424,2509424000.0,115912000.0,2028790000.0,2279375750.0,406829000.0,15886000.0,0.0,15886000.0,2400834000.0,430644000.0,1970190000.0,1555637081.0,-11056000.0,299286000.0,6720000.0,-370857000.0,-53936000.0,-455386000.0,256410000.0,0.0,189865000.0,-1945000.0,312342000.0,312342000.0,312342000.0,-263309000.0,37870000.0,0.169,545585000.0,236854000.0,109710000.0,0.173,1.11,4.981,4.992,332407000.0,0.0,39.34,0.843,0.846,288971000.0,,1846375000.0,1846375000.0,40163000.0,0.078,0.23,0.203,0.251,8473000.0,481831000.0,1.0,39543393.0,39692000.0,39876000.0,46.518,1296850000.0,82275000.0,35597000.0,419001000.0,32.673,511049000.0
50,TFX,MRT,2008-12-31,2008-12-31,2008-12-31,2021-07-29,-108202000.0,3926744000.0,4100988000.0,957386000.0,2969358000.0,0.466,31.489,-32674000.0,107275000.0,107275000.0,1110560000.0,154602000.0,1.82,2.119,1546391000.0,108853000.0,1437538000.0,1546391000.0,0.0,56167000.0,0.0,0.027,1.34,279296000.0,335463000.0,0.175,335463000.0,279296000.0,157707000.0,3.03,3.01,3.03,1246455000.0,1346003500.0,1246455000.0,3476605039.0,12.0,10.364,138495000.0,3.499,1.0,801520000.0,0.419,2564975000.0,121589000.0,2274945000.0,2362621250.0,424653000.0,28105000.0,0.0,28105000.0,2640861000.0,525940000.0,2114921000.0,1989691039.0,-94067000.0,3061000.0,7955000.0,-134282000.0,-53047000.0,-218009000.0,-39451000.0,0.0,171169000.0,-7776000.0,119774000.0,119774000.0,119774000.0,-72894000.0,34828000.0,0.063,562562000.0,238958000.0,139677000.0,0.442,1.596,16.612,16.535,374292000.0,0.0,50.1,1.041,1.037,311908000.0,1182906000.0,1912080000.0,1912080000.0,32598000.0,0.029,0.089,0.118,0.146,8119000.0,502559000.0,1.0,39714392.0,39584000.0,39832000.0,48.304,1361769000.0,85953000.0,37933000.0,339518000.0,34.402,431446000.0
51,TFX,MRT,2008-09-30,2008-09-28,2008-09-28,2021-07-29,0.0,4097241000.0,4166301250.0,1006234000.0,3091007000.0,0.439,34.976,-36776000.0,91397000.0,91397000.0,1059084000.0,222047000.0,1.91,1.929,1578311000.0,89915000.0,1488396000.0,1578311000.0,0.0,52799000.0,0.0,0.02,1.32,324732000.0,377531000.0,0.206,377531000.0,324732000.0,187206000.0,4.19,4.2,4.19,1386619000.0,1366600500.0,1386619000.0,4193192999.0,13.0,11.107,235695000.0,5.945,1.0,770602000.0,0.421,2648416000.0,137526000.0,2408910000.0,2369934000.0,430180000.0,26989000.0,0.0,26989000.0,2675214000.0,526829000.0,2148385000.0,2650398999.0,-406327000.0,-1564654000.0,8721000.0,1022555000.0,-52176000.0,937741000.0,-1619043000.0,0.0,272471000.0,2504000.0,165590000.0,165590000.0,165590000.0,-183847000.0,56457000.0,0.091,597684000.0,172918000.0,144280000.0,0.315,1.911,16.006,15.945,413434000.0,0.0,66.81,1.449,1.448,342612000.0,,1829686000.0,1829686000.0,0.0,0.04,0.121,0.137,0.177,7395000.0,552350000.0,1.0,39670693.0,39645000.0,39970000.0,46.152,1448825000.0,119634000.0,21616000.0,448261000.0,36.545,479405000.0
52,TFX,MRT,2008-06-30,2008-06-29,2008-06-29,2021-07-29,0.0,4171120000.0,3804191750.0,1014918000.0,3156202000.0,0.469,35.248,-37625000.0,103242000.0,103242000.0,1069467000.0,113065000.0,1.646,1.967,1646036000.0,172491000.0,1473545000.0,1646036000.0,0.0,50469000.0,0.0,0.023,1.3,296925000.0,347394000.0,0.195,347394000.0,296925000.0,178491000.0,1.67,1.69,1.67,1394484000.0,1342460750.0,1394484000.0,3740263227.0,13.0,10.767,232392000.0,5.874,1.0,714746000.0,0.401,2692423000.0,118434000.0,2404858000.0,2098533000.0,420365000.0,28451000.0,0.0,28451000.0,2742571000.0,616633000.0,2125938000.0,2212571227.0,-341426000.0,-1571720000.0,9298000.0,1104621000.0,-51304000.0,1012101000.0,-1628157000.0,0.0,270017000.0,4613000.0,66235000.0,66235000.0,66235000.0,-167716000.0,46830000.0,0.037,560038000.0,154708000.0,150221000.0,0.778,1.587,33.405,33.455,428964000.0,0.0,55.87,1.24,1.239,361876000.0,,1784213000.0,1784213000.0,0.0,0.017,0.049,0.141,0.166,7388000.0,510444000.0,1.0,39602134.0,39562000.0,39831000.0,45.099,1478697000.0,103720000.0,112256000.0,441234000.0,37.377,398285000.0
53,TFX,MRT,2008-03-31,2008-03-30,2008-03-30,2021-07-29,0.0,4208847000.0,3408773000.0,1024176000.0,3184671000.0,0.492,34.381,-39124000.0,154107000.0,154107000.0,1033092000.0,162885000.0,1.563,2.075,1681799000.0,182688000.0,1499111000.0,1681799000.0,0.0,47515000.0,0.0,0.027,1.28,328665000.0,376180000.0,0.224,376180000.0,328665000.0,232098000.0,3.18,3.18,3.18,1356456000.0,1326536750.0,1356456000.0,3358059144.0,10.0,8.927,322966000.0,8.186,1.0,643760000.0,0.384,2719418000.0,96567000.0,2361772000.0,1832723750.0,411524000.0,27926000.0,0.0,27926000.0,2815052000.0,655349000.0,2159703000.0,1875142144.0,-100570000.0,-1480453000.0,22124000.0,1142346000.0,-50439000.0,1075152000.0,-1542834000.0,0.0,362090000.0,5022000.0,125153000.0,125153000.0,125153000.0,-213163000.0,37732000.0,0.075,506762000.0,136998000.0,143699000.0,0.403,1.382,14.983,15.072,430584000.0,0.0,47.93,1.118,1.128,383269000.0,,1676852000.0,1676852000.0,0.0,0.037,0.094,0.179,0.196,7126000.0,456557000.0,1.0,39122515.0,39454000.0,39709000.0,42.501,1489429000.0,47099000.0,106945000.0,460039000.0,37.751,368827000.0
54,TFX,MRT,2007-12-31,2007-12-31,2007-12-31,2021-07-29,56919000.0,4187997000.0,2964423000.0,1009810000.0,3178187000.0,0.531,33.848,-41383000.0,201342000.0,201342000.0,983313000.0,177162000.0,1.546,2.12,1684259000.0,143357000.0,1540902000.0,1684259000.0,0.0,42745000.0,0.0,0.02,1.24,331069000.0,373814000.0,0.237,373814000.0,331069000.0,256417000.0,3.73,3.73,3.73,1328843000.0,1292287750.0,1328843000.0,2527424490.0,8.0,6.761,352205000.0,8.971,1.0,591769000.0,0.376,2713428000.0,74652000.0,2304196000.0,1605315500.0,419188000.0,26594000.0,0.0,26594000.0,2816971000.0,653290000.0,2163681000.0,2488708490.0,-47067000.0,-1471757000.0,24171000.0,1136365000.0,-48929000.0,1085459000.0,-1539595000.0,0.0,393588000.0,13481000.0,146484000.0,146484000.0,146484000.0,-208817000.0,30678000.0,0.093,448270000.0,143499000.0,133654000.0,0.332,1.873,16.99,16.893,430976000.0,0.0,63.01,1.58,1.571,341963000.0,1118053000.0,1575082000.0,1575082000.0,0.0,0.049,0.113,0.206,0.21,7352000.0,407291000.0,1.0,39497040.0,39259000.0,39259000.0,40.12,1474569000.0,19214000.0,109933000.0,487005000.0,37.56,356520000.0
55,TFX,MRT,2007-09-30,2007-09-30,2007-09-30,2021-07-29,0.0,2648803000.0,2507783000.0,1407824000.0,1240979000.0,0.473,32.769,-31357000.0,497724000.0,497724000.0,679041000.0,118818000.0,2.586,1.018,536440000.0,80562000.0,455878000.0,536440000.0,0.0,24220000.0,0.0,0.015,1.205,280766000.0,304986000.0,0.257,304986000.0,280766000.0,242156000.0,3.04,3.0,3.04,1290060000.0,1257432250.0,1290060000.0,3136018814.0,11.0,10.283,312402000.0,7.935,1.0,507395000.0,0.428,819722000.0,38610000.0,1323306000.0,1381746500.0,420807000.0,28072000.0,0.0,28072000.0,1313802000.0,544491000.0,769311000.0,3068734814.0,295299000.0,59735000.0,26180000.0,-12901000.0,-47411000.0,-60848000.0,-2920000.0,0.0,343759000.0,15308000.0,118818000.0,118818000.0,118818000.0,-115097000.0,0.0,0.1,325036000.0,182359000.0,214707000.0,0.396,2.379,25.827,25.632,388577000.0,0.0,77.92,2.587,2.586,396481000.0,,1186436000.0,1186436000.0,0.0,0.047,0.094,0.203,0.237,7162000.0,311376000.0,1.0,39383147.0,39368000.0,39368000.0,30.137,1829081000.0,71450000.0,123338000.0,181307000.0,46.461,863333000.0
56,TFX,MRT,2007-06-30,2007-07-01,2007-07-01,2021-07-29,0.0,2589445000.0,2431304750.0,1349594000.0,1239851000.0,0.548,33.93,-35205000.0,444668000.0,444668000.0,799363000.0,211820000.0,2.714,0.903,511952000.0,25867000.0,486085000.0,511952000.0,0.0,33100000.0,0.0,0.014,1.165,284804000.0,317904000.0,0.238,317904000.0,284804000.0,245802000.0,5.4,5.36,5.4,1330788000.0,1226661500.0,1330788000.0,3460199060.0,12.0,10.884,317750000.0,8.102,1.0,534036000.0,0.401,817869000.0,39002000.0,1341621000.0,1411895250.0,416867000.0,28469000.0,0.0,28469000.0,1201854000.0,497239000.0,704615000.0,3205005060.0,203732000.0,62986000.0,-46805000.0,-58205000.0,-46198000.0,-161250000.0,-1427000.0,0.0,352955000.0,13454000.0,211820000.0,211820000.0,211820000.0,-110179000.0,0.0,0.159,340437000.0,193599000.0,230568000.0,0.216,2.408,15.131,15.144,388143000.0,0.0,81.78,2.404,2.406,403165000.0,,1333399000.0,1333399000.0,0.0,0.087,0.173,0.202,0.214,6758000.0,328685000.0,1.0,39190573.0,39221000.0,39678000.0,33.997,1771576000.0,64088000.0,33982000.0,74525000.0,45.169,852355000.0
57,TFX,MRT,2007-03-31,2007-04-01,2007-04-01,2021-07-29,0.0,2431447000.0,2385213000.0,1231840000.0,1199607000.0,0.642,31.243,-38272000.0,254677000.0,254677000.0,963708000.0,154598000.0,2.706,0.953,509871000.0,21895000.0,487976000.0,509871000.0,0.0,39848000.0,0.0,0.017,1.125,229931000.0,269779000.0,0.176,269779000.0,229931000.0,189508000.0,3.92,3.89,3.92,1219460000.0,1196013000.0,1219460000.0,2932769016.0,13.0,10.871,297294000.0,7.617,1.0,567558000.0,0.371,779257000.0,40423000.0,1452139000.0,1445252250.0,402130000.0,23343000.0,0.0,23343000.0,1162309000.0,455245000.0,707064000.0,2662786016.0,65822000.0,-21645000.0,-63680000.0,-82054000.0,-45095000.0,-200256000.0,-84957000.0,0.0,335566000.0,15469000.0,154598000.0,154598000.0,154598000.0,-52220000.0,0.0,0.101,371214000.0,196344000.0,207611000.0,0.287,2.184,17.224,17.365,391690000.0,0.0,68.07,1.739,1.735,404424000.0,,1531266000.0,1531266000.0,0.0,0.065,0.129,0.159,0.15,6234000.0,352361000.0,1.0,39118349.0,39032000.0,39403000.0,39.231,1652190000.0,66052000.0,34910000.0,54373000.0,42.329,776595000.0
58,TFX,MRT,2006-12-31,2006-12-31,2006-12-31,2021-07-29,30035000.0,2361437000.0,2371464500.0,1139529000.0,1221908000.0,0.713,29.915,-40772000.0,248409000.0,248409000.0,1105652000.0,139430000.0,2.542,0.95,518392000.0,31022000.0,487370000.0,518392000.0,0.0,47023000.0,0.0,0.017,1.095,213549000.0,260572000.0,0.154,260572000.0,213549000.0,172349000.0,3.51,3.49,3.51,1189421000.0,1181052000.0,1189421000.0,2861714114.0,13.0,10.982,303890000.0,7.643,1.0,585157000.0,0.346,773235000.0,41200000.0,1409920000.0,1450593250.0,415879000.0,23076000.0,0.0,23076000.0,1129959000.0,448265000.0,681694000.0,2518815114.0,8873000.0,-37158000.0,-81600000.0,-114943000.0,-44096000.0,-250105000.0,-100508000.0,0.0,344662000.0,14824000.0,139430000.0,139430000.0,139430000.0,-43342000.0,0.0,0.082,398016000.0,187141000.0,210890000.0,0.312,2.118,18.065,18.393,422178000.0,0.0,64.56,1.49,1.518,376404000.0,1034669000.0,1690809000.0,1690809000.0,0.0,0.059,0.118,0.147,0.126,5858000.0,374961000.0,1.0,39015104.0,39760000.0,39988000.0,42.525,1588202000.0,64382000.0,32919000.0,41561000.0,39.945,691264000.0
59,TFX,MRT,2006-09-30,2006-09-24,2006-09-24,2021-07-29,0.0,2342890000.0,2381867250.0,1146350000.0,1196540000.0,0.651,29.57,-32441000.0,202425000.0,202425000.0,1005881000.0,139229000.0,2.298,0.978,545324000.0,59323000.0,486001000.0,545324000.0,0.0,41496000.0,0.0,0.02,1.06,212751000.0,254247000.0,0.164,254247000.0,212751000.0,171307000.0,3.47,3.45,3.47,1166977000.0,1169215250.0,1166977000.0,2506320348.0,12.0,9.858,272485000.0,6.904,1.0,543584000.0,0.351,743057000.0,41444000.0,1443901000.0,1459469500.0,422290000.0,24095000.0,0.0,24095000.0,1140855000.0,498831000.0,642024000.0,2173721348.0,-43653000.0,4032000.0,-89886000.0,-129536000.0,-43126000.0,-303741000.0,-51932000.0,0.0,304926000.0,7094000.0,139229000.0,139229000.0,139229000.0,-54078000.0,0.0,0.09,369819000.0,173765000.0,211505000.0,0.305,1.863,15.613,15.663,424084000.0,0.0,54.35,1.403,1.384,408914000.0,,1549465000.0,1549465000.0,0.0,0.058,0.119,0.146,0.137,5100000.0,357663000.0,1.0,39994873.0,39465000.0,39566000.0,39.262,1599833000.0,71558000.0,32078000.0,88404000.0,40.538,647519000.0
60,TFX,MRT,2006-06-30,2006-06-25,2006-06-25,2021-07-29,0.0,2405078000.0,2427682000.0,1194868000.0,1210210000.0,0.631,30.022,-38283000.0,240936000.0,240936000.0,1002301000.0,136863000.0,2.314,0.967,573535000.0,82157000.0,491378000.0,573535000.0,0.0,44543000.0,0.0,0.019,1.03,206460000.0,251003000.0,0.164,251003000.0,206460000.0,164299000.0,3.39,3.36,3.39,1208194000.0,1160829250.0,1208194000.0,2538802674.0,12.0,10.115,257548000.0,6.4,1.0,529029000.0,0.345,746257000.0,42161000.0,1475049000.0,1536956000.0,418123000.0,24262000.0,0.0,24262000.0,1168387000.0,516371000.0,652016000.0,2137215674.0,28480000.0,28892000.0,-49136000.0,-101060000.0,-41832000.0,-236228000.0,-37469000.0,0.0,295831000.0,6346000.0,136863000.0,136863000.0,136863000.0,-50694000.0,0.0,0.089,358940000.0,170089000.0,215031000.0,0.304,1.769,15.616,15.661,433993000.0,0.0,53.09,1.396,1.395,431023000.0,,1531330000.0,1531330000.0,0.0,0.056,0.118,0.134,0.135,3305000.0,349399000.0,1.0,40256464.0,40244000.0,40495000.0,38.051,1658821000.0,69949000.0,27436000.0,84624000.0,41.219,678497000.0
61,TFX,MRT,2006-03-31,2006-03-26,2006-03-26,2021-07-29,0.0,2376453000.0,2454136250.0,1136840000.0,1239613000.0,0.627,28.742,-37320000.0,188855000.0,188855000.0,1015739000.0,129197000.0,2.07,1.029,590442000.0,90257000.0,500185000.0,590442000.0,0.0,47995000.0,0.0,0.014,1.0,202380000.0,250375000.0,0.163,250375000.0,202380000.0,160017000.0,3.19,3.17,3.19,1159616000.0,1142529250.0,1159616000.0,3300604025.0,16.0,13.183,276828000.0,6.861,1.0,522416000.0,0.34,755277000.0,42363000.0,1473503000.0,1604184750.0,416895000.0,28008000.0,0.0,28008000.0,1193693000.0,549260000.0,644433000.0,2909358025.0,23449000.0,23359000.0,-42696000.0,-117181000.0,-40515000.0,-251204000.0,-36150000.0,0.0,314148000.0,-3345000.0,129197000.0,129197000.0,129197000.0,-38873000.0,0.0,0.084,344280000.0,178136000.0,215422000.0,0.313,2.509,22.519,22.163,436597000.0,0.0,70.7,1.891,1.854,442283000.0,,1538155000.0,1538155000.0,0.0,0.053,0.113,0.126,0.132,1647000.0,338389000.0,1.0,41150750.0,40346000.0,40626000.0,38.124,1621176000.0,70442000.0,30820000.0,106466000.0,40.182,587580000.0
62,TFX,MRT,2005-12-31,2005-12-25,2005-12-25,2021-07-29,6614000.0,2403048000.0,2502524500.0,1160428000.0,1242620000.0,0.624,28.188,-38563000.0,239536000.0,239536000.0,1044762000.0,138817000.0,1.984,1.089,630782000.0,125510000.0,505272000.0,630782000.0,0.0,50612000.0,0.0,0.015,0.97,210461000.0,261073000.0,0.167,261073000.0,210461000.0,166428000.0,3.43,3.39,3.43,1142074000.0,1135446250.0,1142074000.0,3059387599.0,15.0,11.719,296470000.0,7.317,1.0,517110000.0,0.331,763884000.0,44033000.0,1445425000.0,1705347250.0,404271000.0,24666000.0,0.0,24666000.0,1243574000.0,584985000.0,658589000.0,2646816599.0,123581000.0,117642000.0,-23345000.0,-143035000.0,-39320000.0,-260508000.0,55742000.0,0.0,335033000.0,-6686000.0,138817000.0,138817000.0,138817000.0,-51169000.0,0.0,0.089,343163000.0,173947000.0,206548000.0,0.283,2.318,19.067,19.055,447816000.0,0.0,65.36,1.695,1.695,421236000.0,939335000.0,1561872000.0,1561872000.0,0.0,0.055,0.122,0.123,0.135,0.0,333828000.0,1.0,40495970.0,40516000.0,40958000.0,38.55,1639164000.0,64169000.0,27611000.0,97165000.0,40.457,575443000.0
63,TFX,MRT,2005-09-30,2005-09-25,2005-09-25,2021-07-29,0.0,2526149000.0,2574696000.0,1147570000.0,1378579000.0,0.976,27.938,-54700000.0,246078000.0,246078000.0,1803416000.0,29686000.0,2.628,1.175,658649000.0,22774000.0,635875000.0,658649000.0,0.0,92051000.0,0.0,0.013,0.94,91911000.0,183962000.0,0.073,183962000.0,91911000.0,45991000.0,0.72,0.72,0.72,1133433000.0,1127361000.0,1133433000.0,3295940859.0,36.0,17.916,277151000.0,6.832,1.0,709537000.0,0.282,748219000.0,45920000.0,1753847000.0,1842530750.0,422599000.0,24193000.0,0.0,24193000.0,1331292000.0,436654000.0,894638000.0,2846573859.0,143498000.0,113969000.0,-14579000.0,-139617000.0,-38280000.0,-224774000.0,41567000.0,0.0,331851000.0,-3537000.0,29686000.0,29686000.0,29686000.0,43029000.0,0.0,0.012,556375000.0,153162000.0,193703000.0,1.306,2.511,95.889,96.806,479164000.0,0.0,69.7,1.133,1.125,402184000.0,,2512953000.0,2512953000.0,0.0,0.012,0.026,0.05,0.037,0.0,472816000.0,1.0,40840371.0,40569000.0,41185000.0,61.943,1777930000.0,166382000.0,16305000.0,201554000.0,43.825,710916000.0
64,TFX,MRT,2005-06-30,2005-06-26,2005-06-26,2021-07-29,0.0,2510895000.0,2571479750.0,1154445000.0,1356450000.0,0.973,27.931,-48884000.0,212456000.0,212456000.0,1784888000.0,13579000.0,2.481,1.158,661823000.0,46679000.0,615144000.0,661823000.0,0.0,93964000.0,0.0,0.016,0.91,72243000.0,166207000.0,0.066,166207000.0,72243000.0,24733000.0,0.32,0.33,0.32,1134994000.0,1126967750.0,1134994000.0,2877312716.0,40.0,17.312,276057000.0,6.794,1.0,716614000.0,0.286,750901000.0,47510000.0,1743964000.0,1884479250.0,412131000.0,23516000.0,0.0,23516000.0,1314377000.0,465397000.0,848980000.0,2331016716.0,130934000.0,-351443000.0,15457000.0,268624000.0,-37037000.0,218371000.0,-408227000.0,0.0,324941000.0,-3616000.0,13579000.0,13579000.0,13579000.0,46906000.0,0.0,0.005,578902000.0,137712000.0,193062000.0,2.844,2.054,171.663,179.062,476143000.0,0.0,57.3,0.932,0.931,434580000.0,,2501502000.0,2501502000.0,0.0,0.005,0.012,0.038,0.029,0.0,494987000.0,1.0,40680920.0,40635000.0,41031000.0,61.56,1759994000.0,105890000.0,11154000.0,147450000.0,43.312,689048000.0
65,TFX,MRT,2005-03-31,2005-03-27,2005-03-27,2021-07-29,0.0,2570006000.0,2468199500.0,1163922000.0,1406084000.0,0.988,27.965,-51851000.0,165406000.0,165406000.0,1741584000.0,18771000.0,2.396,1.217,711702000.0,57612000.0,654090000.0,711702000.0,0.0,91203000.0,0.0,0.017,0.88,72531000.0,163734000.0,0.067,163734000.0,72531000.0,30008000.0,0.46,0.46,0.46,1131284000.0,1121939000.0,1131284000.0,2754892011.0,38.0,16.825,250918000.0,6.203,1.0,696020000.0,0.286,752358000.0,42523000.0,1878153000.0,1807185250.0,422908000.0,23756000.0,0.0,23756000.0,1376622000.0,485791000.0,890831000.0,2083079011.0,102508000.0,-321495000.0,11139000.0,225723000.0,-35493000.0,179308000.0,-381852000.0,0.0,302769000.0,2102000.0,18771000.0,18771000.0,18771000.0,39820000.0,0.0,0.008,570039000.0,125981000.0,191355000.0,1.913,1.841,110.973,111.739,527107000.0,0.0,51.4,0.855,0.853,488194000.0,,2437604000.0,2437604000.0,0.0,0.008,0.017,0.04,0.03,0.0,492777000.0,1.0,40526829.0,40453000.0,40699000.0,60.258,1817648000.0,102863000.0,11237000.0,151716000.0,44.932,678131000.0
66,TFX,MRT,2004-12-31,2004-12-26,2004-12-26,2021-07-29,57608000.0,2691734000.0,2361055500.0,1207899000.0,1483835000.0,1.012,27.602,-52938000.0,115955000.0,115955000.0,1704170000.0,9517000.0,2.107,1.367,787768000.0,101856000.0,685912000.0,787768000.0,0.0,92498000.0,0.0,0.017,0.86,59995000.0,152493000.0,0.064,152493000.0,59995000.0,22312000.0,0.24,0.24,0.24,1109733000.0,1111049750.0,1109733000.0,2789353505.0,46.0,18.292,211162000.0,5.252,1.0,686241000.0,0.287,796085000.0,37683000.0,1994159000.0,1717417750.0,431399000.0,24194000.0,0.0,24194000.0,1516523000.0,573303000.0,943220000.0,2090866505.0,59375000.0,-408987000.0,16227000.0,295895000.0,-34575000.0,259482000.0,-467921000.0,0.0,264100000.0,3714000.0,9517000.0,9517000.0,9517000.0,55607000.0,0.0,0.004,551985000.0,134256000.0,183700000.0,3.583,1.884,219.698,216.208,584252000.0,0.0,51.89,0.875,0.873,514179000.0,839838000.0,2390411000.0,2390411000.0,0.0,0.004,0.009,0.035,0.025,0.0,487100000.0,1.0,40294209.0,40205000.0,40495000.0,59.456,1895649000.0,144423000.0,12795000.0,182124000.0,47.15,634596000.0
67,TFX,MRT,2004-09-30,2004-09-26,2004-09-26,2021-07-29,0.0,2513284000.0,2224308250.0,1073357000.0,1439927000.0,0.96,28.105,-52750000.0,102580000.0,102580000.0,1482339000.0,110935000.0,1.994,1.22,801067000.0,112891000.0,688176000.0,801067000.0,0.0,75588000.0,0.0,0.02,0.84,182810000.0,258398000.0,0.121,258398000.0,182810000.0,150178000.0,2.77,2.74,2.77,1131860000.0,1099192000.0,1131860000.0,1956051480.0,11.0,7.57,201751000.0,5.01,1.0,652280000.0,0.306,751838000.0,32632000.0,1921641000.0,1600871000.0,452738000.0,22698000.0,0.0,22698000.0,1381424000.0,538292000.0,843132000.0,1659555480.0,56027000.0,-425654000.0,15443000.0,318233000.0,-33439000.0,291666000.0,-495709000.0,0.0,254501000.0,3960000.0,110935000.0,110935000.0,110935000.0,16641000.0,0.0,0.052,429028000.0,223252000.0,375106000.0,0.303,1.466,14.96,14.892,665391000.0,0.0,41.25,0.777,0.778,489731000.0,,2134619000.0,2134619000.0,0.0,0.05,0.101,0.114,0.086,0.0,428465000.0,1.0,40231648.0,40273000.0,40414000.0,53.004,1761446000.0,0.0,39243000.0,205251000.0,43.738,535065000.0
68,TFX,MRT,2004-06-30,2004-06-27,2004-06-27,2021-07-29,0.0,2097774000.0,2097958500.0,1035217000.0,1062557000.0,1.006,27.737,-62277000.0,81522000.0,81522000.0,1490151000.0,111664000.0,1.853,0.882,378018000.0,172326000.0,205692000.0,378018000.0,0.0,72257000.0,0.0,0.017,0.82,179407000.0,251664000.0,0.119,251664000.0,179407000.0,152785000.0,2.8,2.76,2.8,1114879000.0,1068957000.0,1114879000.0,2352876796.0,13.0,9.349,178484000.0,4.44,1.0,619379000.0,0.294,400664000.0,26622000.0,1434788000.0,1477567250.0,425139000.0,32362000.0,0.0,32362000.0,982895000.0,558818000.0,424077000.0,1959632796.0,21936000.0,-39017000.0,17669000.0,-73271000.0,-32509000.0,-96682000.0,-126248000.0,0.0,240761000.0,3570000.0,111664000.0,111664000.0,111664000.0,10650000.0,0.0,0.053,409978000.0,209401000.0,337913000.0,0.293,1.758,17.549,17.446,629531000.0,0.0,48.85,0.929,0.931,505838000.0,,2109530000.0,2109530000.0,0.0,0.053,0.104,0.121,0.085,0.0,409978000.0,1.0,40115308.0,40195000.0,40538000.0,52.482,1697110000.0,0.0,41121000.0,266964000.0,42.222,476399000.0
69,TFX,MRT,2004-03-31,2004-03-28,2004-03-28,2021-07-29,0.0,2141430000.0,2060410000.0,1053357000.0,1088073000.0,1.016,27.2,-73752000.0,62898000.0,62898000.0,1490024000.0,109334000.0,1.703,0.969,456142000.0,233270000.0,222872000.0,456142000.0,0.0,79543000.0,0.0,0.016,0.8,176976000.0,256519000.0,0.122,256519000.0,176976000.0,149889000.0,2.76,2.72,2.76,1087727000.0,1039524000.0,1087727000.0,2362175852.0,13.0,9.209,148872000.0,3.723,1.0,604340000.0,0.289,397233000.0,27087000.0,1519083000.0,1473038000.0,448086000.0,35339000.0,0.0,35339000.0,1053703000.0,618358000.0,435345000.0,1962770852.0,19796000.0,-59529000.0,16187000.0,-19138000.0,-31781000.0,-43303000.0,-162914000.0,0.0,222624000.0,3570000.0,109334000.0,109334000.0,109334000.0,8571000.0,0.0,0.052,399130000.0,205210000.0,340231000.0,0.29,1.804,17.952,17.779,655501000.0,0.0,49.07,0.937,0.937,517737000.0,,2094364000.0,2094364000.0,0.0,0.053,0.105,0.12,0.085,0.0,399130000.0,1.0,39999406.0,39990000.0,40457000.0,52.372,1744197000.0,0.0,40555000.0,257330000.0,43.616,434999000.0
70,TFX,MRT,2003-12-31,2003-12-28,2003-12-28,2021-07-29,32226000.0,2144745000.0,2002999500.0,1065947000.0,1078798000.0,1.029,26.827,-76298000.0,56580000.0,56580000.0,1478667000.0,109103000.0,1.723,0.959,455367000.0,225733000.0,229634000.0,455367000.0,0.0,82369000.0,0.0,0.016,0.78,177691000.0,260060000.0,0.126,260060000.0,177691000.0,150814000.0,2.76,2.73,2.76,1062302000.0,1005011250.0,1062302000.0,2323267832.0,13.0,8.934,156660000.0,3.956,1.0,582229000.0,0.283,397064000.0,26877000.0,1527972000.0,1443093000.0,428599000.0,35284000.0,0.0,35284000.0,1019000000.0,618496000.0,400504000.0,1917878832.0,12086000.0,-83254000.0,6495000.0,-2410000.0,-30881000.0,-35367000.0,-189075000.0,0.0,232958000.0,3570000.0,109103000.0,109103000.0,109103000.0,6448000.0,0.0,0.053,382539000.0,199690000.0,166745000.0,0.283,1.805,17.579,17.507,612318000.0,0.0,48.32,0.931,0.928,453917000.0,864896000.0,2060896000.0,2060896000.0,0.0,0.054,0.109,0.123,0.086,0.0,385607000.0,1.0,39691201.0,39598000.0,39942000.0,52.045,1747681000.0,34132000.0,41711000.0,42792000.0,44.136,447451000.0
71,TFX,MRT,2003-09-30,2003-09-28,2003-09-28,2021-07-29,0.0,2007885000.0,1920159250.0,952706000.0,1055179000.0,1.081,25.493,-81485000.0,46553000.0,46553000.0,1512444000.0,114330000.0,1.584,0.986,451942000.0,234952000.0,216990000.0,451942000.0,0.0,89929000.0,0.0,0.018,0.76,185743000.0,275672000.0,0.133,275672000.0,185743000.0,159520000.0,2.9,2.87,2.9,1010920000.0,967506000.0,1010920000.0,2068126835.0,11.0,7.502,121464000.0,3.063,1.0,562494000.0,0.271,383517000.0,26223000.0,1428426000.0,1402724250.0,430355000.0,35962000.0,0.0,35962000.0,996965000.0,601331000.0,395634000.0,1694627835.0,-7876000.0,-66737000.0,3936000.0,-31191000.0,-30027000.0,-57282000.0,-151331000.0,0.0,202949000.0,0.0,114330000.0,114330000.0,114330000.0,912000.0,0.0,0.055,359655000.0,202839000.0,317599000.0,0.262,1.676,14.822,14.772,635700000.0,0.0,42.84,0.817,0.819,452336000.0,,2074938000.0,2074938000.0,0.0,0.06,0.118,0.132,0.09,0.0,372808000.0,1.0,39557139.0,39655000.0,40072000.0,52.325,1624368000.0,0.0,45190000.0,227424000.0,40.963,351375000.0
72,TFX,MRT,2003-06-30,2003-06-29,2003-06-29,2021-07-29,0.0,1947580000.0,1867112500.0,929509000.0,1018071000.0,1.088,25.219,-82347000.0,59586000.0,59586000.0,1477582000.0,122388000.0,1.698,0.953,433085000.0,207032000.0,226053000.0,433085000.0,0.0,93624000.0,0.0,0.017,0.74,193274000.0,286898000.0,0.141,286898000.0,193274000.0,167351000.0,3.11,3.08,3.11,997147000.0,933762750.0,997147000.0,2118358398.0,11.0,7.384,132782000.0,3.358,1.0,554744000.0,0.273,357028000.0,25923000.0,1416671000.0,1376224750.0,395523000.0,38418000.0,0.0,38418000.0,950433000.0,547380000.0,403053000.0,1713833398.0,13824000.0,-37430000.0,2777000.0,-52592000.0,-29178000.0,-78993000.0,-120100000.0,0.0,215129000.0,0.0,122388000.0,122388000.0,122388000.0,912000.0,0.0,0.06,344374000.0,210370000.0,293636000.0,0.238,1.719,14.003,13.958,622625000.0,0.0,43.41,0.843,0.845,449829000.0,,2032326000.0,2032326000.0,0.0,0.066,0.131,0.14,0.095,0.0,357527000.0,1.0,39480152.0,39539000.0,39837000.0,51.401,1590552000.0,0.0,44963000.0,223712000.0,40.227,382129000.0
73,TFX,MRT,2003-03-31,2003-03-30,2003-03-30,2021-07-29,0.0,1911788000.0,1824184250.0,909044000.0,1002744000.0,1.097,24.075,-75152000.0,43102000.0,43102000.0,1451633000.0,124089000.0,1.613,1.013,447627000.0,220817000.0,226810000.0,447627000.0,0.0,90171000.0,0.0,0.02,0.72,196187000.0,286358000.0,0.143,286358000.0,196187000.0,170635000.0,3.15,3.12,3.15,949676000.0,899727250.0,949676000.0,1798187364.0,9.0,6.28,121897000.0,3.09,1.0,549054000.0,0.274,353465000.0,25552000.0,1399303000.0,1356024750.0,394037000.0,37674000.0,0.0,37674000.0,962112000.0,563545000.0,398567000.0,1419782364.0,-8715000.0,-60446000.0,4371000.0,-48486000.0,-28334000.0,-72449000.0,-131103000.0,0.0,197049000.0,0.0,124089000.0,124089000.0,124089000.0,912000.0,0.0,0.062,335771000.0,213283000.0,293640000.0,0.229,1.495,11.442,11.429,611605000.0,0.0,36.0,0.71,0.71,444576000.0,,2000687000.0,2000687000.0,0.0,0.068,0.138,0.145,0.098,0.0,348924000.0,1.0,39438399.0,39446000.0,39700000.0,50.72,1558323000.0,0.0,46546000.0,220845000.0,39.505,345499000.0
74,TFX,MRT,2002-12-31,2002-12-29,2002-12-29,2021-07-29,-26034000.0,1813384000.0,1771203000.0,837895000.0,975489000.0,1.108,23.242,-80572000.0,44494000.0,44494000.0,1420981000.0,125266000.0,1.681,0.988,422899000.0,182776000.0,240123000.0,422899000.0,0.0,86477000.0,0.0,0.017,0.71,198017000.0,284494000.0,0.145,284494000.0,198017000.0,172994000.0,3.19,3.15,3.19,912281000.0,863969250.0,912281000.0,2024410189.0,10.0,7.116,117600000.0,2.996,1.0,541881000.0,0.276,326809000.0,25023000.0,1366497000.0,1321512750.0,365535000.0,44439000.0,0.0,44439000.0,901103000.0,498483000.0,402620000.0,1625570189.0,-2406000.0,-46029000.0,9846000.0,-55852000.0,-27861000.0,-73867000.0,-124499000.0,0.0,198172000.0,0.0,125266000.0,125266000.0,125266000.0,912000.0,0.0,0.064,326768000.0,215113000.0,141786000.0,0.223,1.782,12.977,12.947,604241000.0,0.0,41.3,0.828,0.826,401888000.0,786674000.0,1962862000.0,1962862000.0,0.0,0.071,0.145,0.15,0.101,0.0,336853000.0,1.0,39360053.0,39251000.0,39786000.0,50.008,1486575000.0,0.0,47728000.0,201266000.0,37.874,339412000.0
75,TFX,MRT,2002-09-30,2002-09-29,2002-09-29,2021-07-29,0.0,1795698000.0,1726612000.0,840967000.0,954731000.0,1.175,22.265,-91007000.0,54429000.0,54429000.0,1483750000.0,119401000.0,1.519,1.05,453269000.0,232855000.0,220414000.0,453269000.0,0.0,94012000.0,0.0,0.015,0.7,188744000.0,282756000.0,0.139,282756000.0,188744000.0,163076000.0,3.05,3.01,3.05,875947000.0,830434750.0,875947000.0,2180667875.0,12.0,7.712,138324000.0,3.516,1.0,544442000.0,0.268,318508000.0,25668000.0,1322428000.0,1293048750.0,363006000.0,44758000.0,0.0,44758000.0,919751000.0,553602000.0,366149000.0,1777680875.0,9848000.0,-54193000.0,10269000.0,-56524000.0,-27385000.0,-73640000.0,-145843000.0,0.0,229331000.0,0.0,119401000.0,119401000.0,119401000.0,0.0,0.0,0.059,355698000.0,188744000.0,274830000.0,0.23,2.029,14.888,14.843,591465000.0,0.0,45.27,0.876,0.878,398411000.0,,2028192000.0,2028192000.0,0.0,0.069,0.144,0.146,0.093,0.0,355698000.0,1.0,39268409.0,39341000.0,,51.554,1477190000.0,0.0,43675000.0,191652000.0,37.548,287365000.0
76,TFX,MRT,2002-06-30,2002-06-30,2002-06-30,2021-07-29,0.0,1775867000.0,1691930500.0,846456000.0,929411000.0,1.174,21.941,-90858000.0,45762000.0,45762000.0,1445423000.0,115223000.0,1.56,1.063,448749000.0,222228000.0,226521000.0,448749000.0,0.0,93094000.0,0.0,0.012,0.69,188852000.0,281946000.0,0.142,281946000.0,188852000.0,162201000.0,2.95,2.91,2.95,861005000.0,801117000.0,861005000.0,2633803285.0,14.0,9.342,127931000.0,3.26,1.0,540545000.0,0.272,300261000.0,26651000.0,1335871000.0,1285889000.0,353956000.0,43860000.0,0.0,43860000.0,914862000.0,542722000.0,372140000.0,2237305285.0,-1507000.0,-51357000.0,9398000.0,-62273000.0,-26908000.0,-79783000.0,-140513000.0,0.0,218789000.0,0.0,115223000.0,115223000.0,115223000.0,0.0,0.0,0.058,351693000.0,188852000.0,279845000.0,0.234,2.598,19.417,19.373,585290000.0,0.0,57.15,1.127,1.129,418162000.0,,1985968000.0,1985968000.0,0.0,0.068,0.144,0.147,0.095,0.0,351693000.0,1.0,39147949.0,39241000.0,,50.61,1475606000.0,0.0,46978000.0,186268000.0,37.604,303734000.0
77,TFX,MRT,2002-03-31,2002-03-31,2002-03-31,2021-07-29,0.0,1699863000.0,1648801750.0,797653000.0,902210000.0,1.178,20.663,-97834000.0,51817000.0,51817000.0,1407502000.0,112748000.0,1.481,1.107,448315000.0,231021000.0,217294000.0,448315000.0,0.0,93026000.0,0.0,0.012,0.68,187354000.0,280380000.0,0.144,280380000.0,187354000.0,159564000.0,2.9,2.86,2.9,806644000.0,770671750.0,806644000.0,2523239086.0,13.0,8.999,107544000.0,2.755,1.0,535164000.0,0.275,296512000.0,27790000.0,1261255000.0,1273007750.0,321908000.0,42083000.0,0.0,42083000.0,893219000.0,538594000.0,354625000.0,2129837086.0,9433000.0,-39456000.0,10032000.0,-39664000.0,-26438000.0,-56070000.0,-139875000.0,0.0,205378000.0,0.0,112748000.0,112748000.0,112748000.0,0.0,0.0,0.058,347810000.0,187354000.0,270664000.0,0.234,2.64,18.89,18.852,563615000.0,0.0,54.67,1.096,1.099,394773000.0,,1942666000.0,1942666000.0,0.0,0.068,0.146,0.147,0.096,0.0,347810000.0,1.0,38958059.0,39038000.0,,49.763,1403351000.0,0.0,46816000.0,174240000.0,35.948,259059000.0
78,TFX,MRT,2001-12-31,2001-12-30,2001-12-30,2021-07-29,-46202000.0,1635020000.0,1623638750.0,747477000.0,887543000.0,1.173,20.021,-97744000.0,46900000.0,46900000.0,1369713000.0,112311000.0,1.509,1.101,440302000.0,212122000.0,228180000.0,440302000.0,0.0,92401000.0,0.0,0.014,0.66,188160000.0,280561000.0,0.147,280561000.0,188160000.0,159695000.0,2.9,2.86,2.9,778143000.0,746351250.0,778143000.0,2289533180.0,12.0,8.161,90513000.0,2.329,1.0,535291000.0,0.281,280355000.0,28465000.0,1252641000.0,1278730250.0,308775000.0,41493000.0,0.0,41493000.0,856877000.0,495426000.0,361451000.0,1853896180.0,1761000.0,-171466000.0,8228000.0,103227000.0,-25586000.0,85869000.0,-272365000.0,0.0,188257000.0,0.0,112311000.0,112311000.0,112311000.0,0.0,0.0,0.059,347131000.0,188160000.0,122518000.0,0.228,2.382,16.507,16.448,565695000.0,0.0,47.7,0.973,0.973,363674000.0,689269000.0,1905004000.0,1905004000.0,0.0,0.069,0.15,0.147,0.099,0.0,347131000.0,1.0,38865748.0,38865748.0,,49.015,1354665000.0,0.0,47384000.0,164770000.0,34.855,252051000.0
79,TFX,MRT,2001-09-30,2001-09-30,2001-09-30,2021-07-29,0.0,1656972000.0,1565205750.0,777804000.0,879168000.0,1.208,19.53,-93578000.0,44581000.0,44581000.0,1362508000.0,114508000.0,1.511,1.184,480218000.0,218596000.0,261622000.0,480218000.0,0.0,88331000.0,0.0,0.017,0.64,190735000.0,279066000.0,0.148,279066000.0,190735000.0,164266000.0,2.97,2.93,2.97,758676000.0,724421000.0,758676000.0,1879702857.0,10.0,6.736,69820000.0,1.797,1.0,528178000.0,0.279,283973000.0,26469000.0,1293789000.0,1240729750.0,315546000.0,41040000.0,0.0,41040000.0,898296000.0,514847000.0,383449000.0,1451073857.0,2922000.0,-162795000.0,9337000.0,120567000.0,-24713000.0,105191000.0,-265667000.0,-9564000.0,163398000.0,0.0,114508000.0,114508000.0,114508000.0,0.0,0.0,0.061,337443000.0,190735000.0,258282000.0,0.215,1.913,12.672,12.589,554155000.0,0.0,37.39,0.767,0.768,386355000.0,,1890686000.0,1890686000.0,0.0,0.073,0.158,0.154,0.101,0.0,337443000.0,1.0,38809143.0,38847000.0,,48.67,1372999000.0,0.0,49758000.0,159796000.0,35.344,262957000.0
80,TFX,MRT,2001-06-30,2001-07-01,2001-07-01,2021-07-29,0.0,1603352000.0,1492358000.0,760772000.0,842580000.0,1.236,19.074,-90840000.0,47269000.0,47269000.0,1331155000.0,114128000.0,1.648,1.169,475898000.0,190932000.0,284966000.0,475898000.0,0.0,84045000.0,0.0,0.014,0.62,188597000.0,272642000.0,0.148,272642000.0,188597000.0,164182000.0,2.97,2.93,2.97,739224000.0,699395000.0,739224000.0,2138057828.0,11.0,7.842,63452000.0,1.637,1.0,513922000.0,0.279,285958000.0,24415000.0,1284346000.0,1194968000.0,304095000.0,40464000.0,0.0,40464000.0,864128000.0,461677000.0,402451000.0,1695642828.0,26268000.0,-152043000.0,8676000.0,128721000.0,-23847000.0,113550000.0,-241574000.0,0.0,154292000.0,0.0,114128000.0,114128000.0,114128000.0,0.0,0.0,0.062,325325000.0,188597000.0,236536000.0,0.209,2.294,14.857,14.815,516158000.0,0.0,44.0,0.919,0.924,378339000.0,,1845077000.0,1845077000.0,0.0,0.076,0.163,0.158,0.102,0.0,325325000.0,1.0,38537337.0,38755000.0,,47.609,1317394000.0,0.0,50054000.0,151694000.0,33.993,299095000.0
81,TFX,MRT,2001-03-31,2001-04-01,2001-04-01,2021-07-29,0.0,1599211000.0,1433328000.0,758311000.0,840900000.0,1.261,18.426,-83292000.0,42384000.0,42384000.0,1303526000.0,112391000.0,1.626,1.254,484799000.0,175946000.0,308853000.0,484799000.0,0.0,80416000.0,0.0,0.015,0.6,184741000.0,265157000.0,0.147,265157000.0,184741000.0,162277000.0,2.94,2.9,2.94,709362000.0,675713500.0,709362000.0,1867937946.0,10.0,7.045,80642000.0,2.095,1.0,504100000.0,0.279,290983000.0,22464000.0,1284145000.0,1158904250.0,302872000.0,39886000.0,0.0,39886000.0,889849000.0,466498000.0,423351000.0,1574482946.0,6850000.0,-167894000.0,8147000.0,110619000.0,-23103000.0,95663000.0,-252747000.0,0.0,163934000.0,0.0,112391000.0,112391000.0,112391000.0,0.0,0.0,0.062,319359000.0,184741000.0,255461000.0,0.204,2.22,14.009,13.929,510031000.0,0.0,40.95,0.871,0.872,387825000.0,,1807626000.0,1807626000.0,0.0,0.078,0.166,0.159,0.102,0.0,319359000.0,1.0,38448912.0,38497000.0,,46.955,1308228000.0,0.0,49886000.0,149589000.0,33.983,291813000.0
82,TFX,MRT,2000-12-31,2000-12-31,2000-12-31,2021-07-29,-30012000.0,1401288000.0,1369772500.0,662038000.0,739250000.0,1.288,18.048,-80652000.0,45139000.0,45139000.0,1274203000.0,109224000.0,1.725,1.03,338594000.0,118037000.0,220557000.0,338594000.0,0.0,77417000.0,0.0,0.013,0.58,179001000.0,256418000.0,0.145,256418000.0,179001000.0,158214000.0,2.86,2.83,2.86,690422000.0,653991750.0,690422000.0,1994798054.0,11.0,7.779,108763000.0,2.843,1.0,490279000.0,0.278,210232000.0,20787000.0,1100639000.0,1125230000.0,259845000.0,39515000.0,0.0,39515000.0,710866000.0,383872000.0,326994000.0,1690480054.0,16099000.0,-74457000.0,5258000.0,-4414000.0,-22163000.0,-21319000.0,-151997000.0,0.0,189415000.0,0.0,109224000.0,109224000.0,109224000.0,0.0,0.0,0.062,311278000.0,179001000.0,119221000.0,0.203,2.448,15.477,15.451,489503000.0,0.0,44.19,0.958,0.958,334346000.0,602544000.0,1764482000.0,1764482000.0,0.0,0.08,0.167,0.159,0.101,0.0,311278000.0,1.0,38254810.0,38254810.0,,46.124,1191056000.0,0.0,48990000.0,136568000.0,31.135,278166000.0
83,TFX,MRT,2000-09-30,2000-09-24,2000-09-24,2021-07-29,0.0,1365581000.0,1335311500.0,653098000.0,712483000.0,1.291,17.222,-93770000.0,41659000.0,41659000.0,1246248000.0,105186000.0,1.752,1.074,345977000.0,110252000.0,235725000.0,345977000.0,0.0,74738000.0,0.0,0.016,0.56,175777000.0,250515000.0,0.145,250515000.0,175777000.0,155753000.0,2.76,2.73,2.76,658572000.0,632027250.0,658572000.0,1660687392.0,9.0,6.629,93431000.0,2.443,1.0,477662000.0,0.277,186490000.0,20024000.0,1110742000.0,1128277500.0,256550000.0,44606000.0,0.0,44606000.0,707009000.0,372667000.0,334342000.0,1327801392.0,-4541000.0,-89215000.0,6526000.0,-6250000.0,-21362000.0,-21086000.0,-170656000.0,9564000.0,187201000.0,0.0,105186000.0,105186000.0,105186000.0,0.0,0.0,0.061,301885000.0,175777000.0,223900000.0,0.203,2.016,12.623,12.591,481387000.0,0.0,34.75,0.77,0.771,328811000.0,,1723910000.0,1723910000.0,0.0,0.079,0.166,0.156,0.102,0.0,301885000.0,1.0,38210112.0,38240000.0,,45.081,1179091000.0,0.0,50567000.0,137132000.0,30.834,280431000.0
84,TFX,MRT,2000-06-30,2000-06-25,2000-06-25,2021-07-29,0.0,1367232000.0,1311454250.0,641537000.0,725695000.0,1.282,16.881,-95211000.0,21001000.0,21001000.0,1212933000.0,102450000.0,1.753,1.121,353887000.0,92705000.0,261182000.0,353887000.0,0.0,72383000.0,0.0,0.015,0.54,171759000.0,244142000.0,0.145,244142000.0,171759000.0,152383000.0,2.69,2.66,2.69,644498000.0,613928000.0,644498000.0,1755524614.0,10.0,7.191,83832000.0,2.196,1.0,467963000.0,0.278,194019000.0,19376000.0,1140091000.0,1137093750.0,253203000.0,48036000.0,0.0,48036000.0,722734000.0,366008000.0,356726000.0,1412617614.0,-11350000.0,-88548000.0,7014000.0,8095000.0,-20557000.0,-5448000.0,-184945000.0,0.0,179043000.0,0.0,102450000.0,102450000.0,102450000.0,0.0,0.0,0.061,296204000.0,171759000.0,238548000.0,0.201,2.192,13.788,13.777,483640000.0,0.0,37.06,0.84,0.842,341877000.0,,1680896000.0,1680896000.0,0.0,0.078,0.167,0.151,0.102,0.0,296204000.0,1.0,38117043.0,38180000.0,,44.026,1173213000.0,0.0,49933000.0,130299000.0,30.728,275529000.0
85,TFX,MRT,2000-03-31,2000-03-26,2000-03-26,2021-07-29,0.0,1344989000.0,1282767500.0,649039000.0,695950000.0,1.276,16.34,-95101000.0,35534000.0,35534000.0,1180818000.0,98980000.0,1.767,1.161,378441000.0,110452000.0,267989000.0,378441000.0,0.0,69600000.0,0.0,0.017,0.52,166553000.0,236153000.0,0.144,236153000.0,166553000.0,148103000.0,2.61,2.57,2.61,622475000.0,596059250.0,622475000.0,1464507902.0,9.0,6.202,60655000.0,1.592,1.0,455651000.0,0.278,171105000.0,18450000.0,1149448000.0,1134797250.0,238064000.0,51722000.0,0.0,51722000.0,722514000.0,367343000.0,355171000.0,1148856902.0,-12856000.0,-98739000.0,6615000.0,35418000.0,-19633000.0,22400000.0,-191012000.0,0.0,155756000.0,0.0,98980000.0,98980000.0,98980000.0,0.0,0.0,0.06,289098000.0,166553000.0,225320000.0,0.199,1.846,11.607,11.567,473123000.0,0.0,30.19,0.702,0.703,353255000.0,,1636469000.0,1636469000.0,0.0,0.077,0.166,0.147,0.102,0.0,289098000.0,1.0,38054220.0,38096000.0,,42.956,1173884000.0,0.0,49123000.0,118753000.0,30.814,281696000.0
86,TFX,MRT,1999-12-31,1999-12-26,1999-12-26,2021-07-29,-24724000.0,1263444000.0,1258524250.0,604940000.0,658504000.0,1.272,15.869,-96516000.0,29040000.0,29040000.0,1155879000.0,95220000.0,1.836,1.097,344691000.0,98500000.0,246191000.0,344691000.0,0.0,67389000.0,0.0,0.017,0.51,160488000.0,227877000.0,0.142,227877000.0,160488000.0,142756000.0,2.52,2.47,2.52,602564000.0,578029000.0,602564000.0,1498539607.0,9.0,6.576,37552000.0,0.989,1.0,445190000.0,0.278,136854000.0,17732000.0,1112829000.0,1125412000.0,227486000.0,55749000.0,0.0,55749000.0,660880000.0,329412000.0,331468000.0,1169901607.0,-37649000.0,-66272000.0,5890000.0,5737000.0,-19126000.0,-7499000.0,-164218000.0,0.0,134068000.0,0.0,95220000.0,95220000.0,95220000.0,0.0,0.0,0.059,284702000.0,160488000.0,99968000.0,0.202,1.942,12.286,12.226,465901000.0,0.0,30.81,0.731,0.731,324629000.0,515483000.0,1601069000.0,1601069000.0,0.0,0.076,0.165,0.143,0.1,0.0,284702000.0,1.0,37971490.0,37971490.0,,42.165,1126590000.0,0.0,47536000.0,111607000.0,29.669,275528000.0
87,TFX,MRT,1999-09-30,1999-09-26,1999-09-26,2021-07-29,0.0,1270152000.0,1246642500.0,628983000.0,641169000.0,1.265,15.446,-80474000.0,46200000.0,46200000.0,1131012000.0,93165000.0,1.989,1.167,374838000.0,94574000.0,280264000.0,374838000.0,0.0,65050000.0,0.0,0.013,0.5,157266000.0,222316000.0,0.141,222316000.0,157266000.0,139772000.0,2.48,2.42,2.48,586175000.0,561000500.0,586175000.0,1847669937.0,12.0,8.311,31019000.0,0.817,1.0,445540000.0,0.283,136628000.0,17494000.0,1146007000.0,1119378250.0,239964000.0,50545000.0,0.0,50545000.0,683977000.0,316155000.0,367822000.0,1513341937.0,-29848000.0,-78936000.0,5812000.0,33651000.0,-18507000.0,20956000.0,-162297000.0,0.0,111493000.0,0.0,93165000.0,93165000.0,93165000.0,0.0,0.0,0.059,288274000.0,157266000.0,199722000.0,0.202,2.582,16.244,16.105,453996000.0,0.0,39.94,0.96,0.961,321812000.0,,1576552000.0,1576552000.0,0.0,0.075,0.166,0.14,0.1,0.0,288274000.0,1.0,37890384.0,37951000.0,,41.542,1133524000.0,0.0,46607000.0,109417000.0,29.868,312828000.0
88,TFX,MRT,1999-06-30,1999-06-27,1999-06-27,2021-07-29,0.0,1252485000.0,1223377250.0,618052000.0,634433000.0,1.261,15.182,-74735000.0,32351000.0,32351000.0,1105053000.0,90356000.0,1.946,1.186,366679000.0,91007000.0,275672000.0,366679000.0,0.0,62860000.0,0.0,0.011,0.49,152708000.0,215568000.0,0.14,215568000.0,152708000.0,135583000.0,2.41,2.35,2.41,573023000.0,542462000.0,573023000.0,1964368036.0,13.0,9.113,36751000.0,0.974,1.0,437070000.0,0.283,138316000.0,17125000.0,1130905000.0,1091163750.0,234782000.0,50620000.0,0.0,50620000.0,679462000.0,317592000.0,361870000.0,1649035036.0,-33534000.0,-80010000.0,5652000.0,23407000.0,-17873000.0,11186000.0,-156206000.0,0.0,111486000.0,0.0,90356000.0,90356000.0,90356000.0,0.0,0.0,0.059,284362000.0,152708000.0,201536000.0,0.203,2.878,18.25,18.178,445497000.0,0.0,43.81,1.069,1.072,329418000.0,,1542123000.0,1542123000.0,0.0,0.074,0.167,0.14,0.099,0.0,284362000.0,1.0,37640608.0,37743000.0,,40.859,1114169000.0,0.0,45227000.0,111247000.0,29.52,300460000.0
89,TFX,MRT,1999-03-31,1999-03-28,1999-03-28,2021-07-29,0.0,1248016000.0,1191914750.0,630409000.0,617607000.0,1.245,14.623,-71346000.0,48390000.0,48390000.0,1065162000.0,85746000.0,1.916,1.268,363723000.0,93023000.0,270700000.0,363723000.0,0.0,62081000.0,0.0,0.013,0.48,145709000.0,207790000.0,0.14,207790000.0,145709000.0,128824000.0,2.29,2.23,2.29,550354000.0,524603250.0,550354000.0,1641572199.0,11.0,7.9,47307000.0,1.257,1.0,418846000.0,0.282,122459000.0,16885000.0,1111907000.0,1057321500.0,232893000.0,50002000.0,0.0,50002000.0,697662000.0,328983000.0,368679000.0,1349119199.0,1164000.0,-52005000.0,4822000.0,20676000.0,-17243000.0,8255000.0,-125744000.0,0.0,118653000.0,0.0,85746000.0,85746000.0,85746000.0,0.0,0.0,0.058,273137000.0,145709000.0,206012000.0,0.21,2.451,15.734,15.747,445146000.0,0.0,36.06,0.909,0.915,328233000.0,,1484008000.0,1484008000.0,0.0,0.072,0.163,0.138,0.098,0.0,273137000.0,1.0,37413178.0,37637000.0,,39.429,1125557000.0,0.0,43078000.0,127927000.0,29.906,301426000.0
90,TFX,MRT,1998-12-31,1998-12-27,1998-12-27,2021-07-29,-14634000.0,1215917000.0,1152375250.0,616942000.0,598975000.0,1.247,14.285,-69063000.0,66689000.0,66689000.0,1029658000.0,82550000.0,1.981,1.275,367232000.0,91651000.0,275581000.0,367232000.0,0.0,60105000.0,0.0,0.011,0.46,141814000.0,201919000.0,0.14,201919000.0,141814000.0,124760000.0,2.21,2.15,2.21,534450000.0,508384500.0,534450000.0,1845099887.0,13.0,9.138,62564000.0,1.672,1.0,407920000.0,0.284,116287000.0,17054000.0,1088694000.0,1024488500.0,235869000.0,50932000.0,0.0,50932000.0,681467000.0,311479000.0,369988000.0,1552646887.0,35987000.0,-1849000.0,5918000.0,-15831000.0,-16628000.0,-26541000.0,-69099000.0,0.0,131627000.0,0.0,82550000.0,82550000.0,82550000.0,0.0,0.0,0.057,266106000.0,141814000.0,99207000.0,0.208,2.905,18.809,18.778,431756000.0,0.0,41.5,1.08,1.08,295369000.0,439389000.0,1437578000.0,1437578000.0,0.0,0.072,0.162,0.138,0.099,0.0,266106000.0,1.0,37413178.0,37413178.0,,38.424,1099630000.0,0.0,42210000.0,119710000.0,29.392,305463000.0
91,TFX,MRT,1998-09-30,1998-09-27,1998-09-27,2021-07-29,0.0,1177091000.0,1118187250.0,628968000.0,548123000.0,1.222,13.694,-73987000.0,76048000.0,76048000.0,969998000.0,78497000.0,1.95,1.299,368501000.0,112218000.0,256283000.0,368501000.0,0.0,57288000.0,0.0,0.013,0.44,136156000.0,193444000.0,0.142,193444000.0,136156000.0,119300000.0,2.1,2.05,2.1,512021000.0,490710250.0,512021000.0,1528988338.0,11.0,7.904,63939000.0,1.71,1.0,396144000.0,0.29,113911000.0,16856000.0,1033149000.0,1001235500.0,233757000.0,32227000.0,0.0,32227000.0,665070000.0,322484000.0,342586000.0,1252177338.0,43111000.0,-68144000.0,4355000.0,56409000.0,-16011000.0,44753000.0,-139568000.0,0.0,137926000.0,0.0,78497000.0,78497000.0,78497000.0,0.0,0.0,0.057,259988000.0,136156000.0,181083000.0,0.21,2.446,15.952,15.952,401985000.0,0.0,33.5,0.917,0.917,303096000.0,,1366142000.0,1366142000.0,0.0,0.07,0.16,0.136,0.1,0.0,259988000.0,1.0,37378428.0,37391000.0,,36.537,1063180000.0,0.0,40803000.0,115486000.0,28.434,306484000.0
92,TFX,MRT,1998-06-30,1998-06-28,1998-06-28,2021-07-29,0.0,1126635000.0,,598870000.0,527765000.0,,13.424,-74665000.0,65885000.0,65885000.0,920268000.0,76148000.0,2.035,1.246,342696000.0,94710000.0,247986000.0,342696000.0,0.0,54406000.0,0.0,0.011,0.42,132201000.0,186607000.0,0.143,186607000.0,132201000.0,115854000.0,2.05,1.99,2.05,501588000.0,,501588000.0,1737497278.0,13.0,9.311,30595000.0,0.819,1.0,384669000.0,0.295,113672000.0,16347000.0,995536000.0,,220152000.0,32705000.0,0.0,32705000.0,625047000.0,294238000.0,330809000.0,1455745278.0,5235000.0,-73934000.0,4947000.0,56306000.0,-15408000.0,45845000.0,-145870000.0,0.0,105260000.0,0.0,76148000.0,76148000.0,76148000.0,0.0,0.0,0.058,252468000.0,132201000.0,175256000.0,0.205,2.902,19.117,19.024,381388000.0,0.0,39.0,1.116,1.117,294312000.0,,1304937000.0,1304937000.0,0.0,,,,0.101,0.0,252468000.0,1.0,37326802.0,37365000.0,,34.924,1012963000.0,0.0,39706000.0,107095000.0,27.11,304632000.0
93,TFX,MRT,1998-03-31,1998-03-29,1998-03-29,2021-07-29,0.0,1089858000.0,,569378000.0,520480000.0,,13.049,-78753000.0,47226000.0,47226000.0,854376000.0,73253000.0,2.042,1.245,328978000.0,85983000.0,242995000.0,328978000.0,0.0,50507000.0,0.0,0.01,0.4,126942000.0,177449000.0,0.145,177449000.0,126942000.0,111378000.0,1.98,1.93,1.98,485479000.0,,485479000.0,1877580668.0,15.0,10.581,11235000.0,0.302,1.0,367813000.0,0.301,112146000.0,15564000.0,980575000.0,,215301000.0,37946000.0,0.0,37946000.0,604379000.0,278889000.0,325490000.0,1554991668.0,-20659000.0,-70003000.0,4981000.0,49318000.0,-14749000.0,39550000.0,-150197000.0,0.0,89988000.0,0.0,73253000.0,73253000.0,73253000.0,0.0,0.0,0.06,240871000.0,126942000.0,161640000.0,0.202,3.203,21.228,21.152,370388000.0,0.0,41.88,1.272,1.275,286803000.0,,1222189000.0,1222189000.0,0.0,,,,0.104,0.0,240871000.0,1.0,37129696.0,37204000.0,,32.851,977712000.0,0.0,38125000.0,113761000.0,26.28,290489000.0
94,TFX,MRT,1997-12-31,1997-12-28,1997-12-28,2021-07-29,-9990000.0,1079165000.0,968509500.0,566477000.0,512688000.0,1.183,12.49,-74622000.0,30702000.0,30702000.0,794780000.0,70072000.0,1.921,1.327,353291000.0,115729000.0,237562000.0,353291000.0,0.0,47940000.0,0.0,0.011,0.39,120840000.0,168780000.0,0.147,168780000.0,120840000.0,106405000.0,1.91,1.86,1.91,463753000.0,436464500.0,463753000.0,,,,6168000.0,0.166,1.0,350993000.0,0.306,111165000.0,14435000.0,995682000.0,886047000.0,218538000.0,37510000.0,0.0,37510000.0,615412000.0,294907000.0,320505000.0,1359689468.0,-37916000.0,-111268000.0,4362000.0,78719000.0,-14258000.0,68823000.0,-187529000.0,0.0,80790000.0,0.0,70072000.0,70072000.0,70072000.0,0.0,0.0,0.061,230153000.0,120840000.0,80437000.0,0.204,2.932,19.404,19.173,364013000.0,0.0,36.62,1.187,1.187,260187000.0,373467000.0,1145773000.0,1145773000.0,0.0,0.072,0.161,0.136,0.105,0.0,230153000.0,1.0,37129696.0,37129696.0,,30.859,968000000.0,0.0,36333000.0,103735000.0,26.071,271570000.0
95,TFX,MRT,1997-09-30,1997-09-28,1997-09-28,2021-07-29,,,,,,,,,,,,,,,,,,,,,,0.011,0.38,,,,,,,,,,,,,,,,,,1.0,,,,,,,,,,,,,,,,,,,,,,,,,,,,,,,,,,,,,,,,34.38,,,,,,,,,,,,,,1.0,,36784000.0,,,,,,,,
96,TFX,MRT,1997-06-30,1997-06-29,1997-06-29,2021-07-29,,,,,,,,,,,,,,,,,,,,,,0.011,0.37,,,,,,,,,,,,,,,,,,1.0,,,,,,,,,,,,,,,,,,,,,,,,,,,,,,,,,,,,,,,,32.19,,,,,,,,,,,,,,1.0,,36706000.0,,,,,,,,
97,TFX,MRT,1997-03-31,1997-03-30,1997-03-30,2021-07-29,,,,,,,,,,,,,,,,,,,,,,0.014,0.36,,,,,,,,,,,,,,,,,,1.0,,,,,,,,,,,,,,,,,,,,,,,,,,,,,,,,,,,,,,,,26.125,,,,,,,,,,,,,,1.0,,36254000.0,,,,,,,,
98,TFX,MRT,1996-12-31,1996-12-29,1996-12-29,2021-07-29,-4049000.0,857854000.0,,466021000.0,391833000.0,,,-40500000.0,68618000.0,68618000.0,640187000.0,57162000.0,2.37,1.097,266532000.0,70587000.0,195945000.0,266532000.0,0.0,38751000.0,0.0,0.013,0.35,100655000.0,139406000.0,0.15,139406000.0,100655000.0,86779000.0,1.61,1.58,1.61,409176000.0,,409176000.0,,,,31107000.0,,1.0,290996000.0,0.313,82690000.0,13876000.0,776412000.0,,190696000.0,17356000.0,0.0,17356000.0,448678000.0,196666000.0,252012000.0,,12964000.0,2973000.0,5523000.0,-11961000.0,-12056000.0,-18494000.0,-40149000.0,0.0,71607000.0,0.0,57162000.0,57162000.0,57162000.0,0.0,0.0,0.061,190341000.0,100655000.0,53728000.0,0.217,,,16.149,291787000.0,0.0,26.0,,,193587000.0,336173000.0,931183000.0,931183000.0,0.0,,,,0.108,0.0,190341000.0,1.0,,,,,775164000.0,0.0,29617000.0,73224000.0,,269355000.0
99,TFX,MRT,1995-12-31,1995-12-31,1995-12-31,2021-07-29,,,,,,,,-30708000.0,,,628027000.0,48870000.0,,,,,,,,37740000.0,,0.015,0.31,92232000.0,129972000.0,0.142,129972000.0,92232000.0,73600000.0,1.4,1.37,1.4,,,,,,,40107000.0,,1.0,284662000.0,0.312,,18632000.0,,,,,,,,,,,31560000.0,-8336000.0,7011000.0,5378000.0,-10453000.0,1936000.0,-41191000.0,0.0,70815000.0,0.0,48870000.0,48870000.0,48870000.0,0.0,0.0,0.054,192430000.0,92232000.0,,0.221,,,14.643,,0.0,20.5,,,,,912689000.0,912689000.0,0.0,,,,0.101,0.0,192430000.0,1.0,,,,,,,24730000.0,,,
