None,ticker,dimension,calendardate,datekey,reportperiod,lastupdated,accoci,assets,assetsavg,assetsc,assetsnc,assetturnover,bvps,capex,cashneq,cashnequsd,cor,consolinc,currentratio,de,debt,debtc,debtnc,debtusd,deferredrev,depamor,deposits,divyield,dps,ebit,ebitda,ebitdamargin,ebitdausd,ebitusd,ebt,eps,epsdil,epsusd,equity,equityavg,equityusd,ev,evebit,evebitda,fcf,fcfps,fxusd,gp,grossmargin,intangibles,intexp,invcap,invcapavg,inventory,investments,investmentsc,investmentsnc,liabilities,liabilitiesc,liabilitiesnc,marketcap,ncf,ncfbus,ncfcommon,ncfdebt,ncfdiv,ncff,ncfi,ncfinv,ncfo,ncfx,netinc,netinccmn,netinccmnusd,netincdis,netincnci,netmargin,opex,opinc,payables,payoutratio,pb,pe,pe1,ppnenet,prefdivis,price,ps,ps1,receivables,retearn,revenue,revenueusd,rnd,roa,roe,roic,ros,sbcomp,sgna,sharefactor,sharesbas,shareswa,shareswadil,sps,tangibles,taxassets,taxexp,taxliabilities,tbvps,workingcapital
0,NVDA,MRY,2020-12-31,2021-01-31,2021-01-31,2021-08-20,19000000.0,28791000000.0,26026500000.0,16055000000.0,12736000000.0,0.641,6.845,-1128000000.0,847000000.0,847000000.0,6279000000.0,4332000000.0,4.09,0.704,7597000000.0,999000000.0,6598000000.0,7597000000.0,0.0,1098000000.0,0.0,0.001,0.16,4593000000.0,5691000000.0,0.341,5691000000.0,4593000000.0,4409000000.0,1.755,1.725,1.755,16893000000.0,14810000000.0,16893000000.0,326940210000.0,71.0,57.449,4694000000.0,1.902,1.0,10396000000.0,0.623,6930000000.0,184000000.0,24686000000.0,19701250000.0,1826000000.0,10714000000.0,10714000000.0,0.0,11898000000.0,3925000000.0,7973000000.0,321626210000.0,-10049000000.0,-8524000000.0,194000000.0,4951000000.0,-395000000.0,3804000000.0,-19675000000.0,-10023000000.0,5822000000.0,0.0,4332000000.0,4332000000.0,4332000000.0,0.0,0.0,0.26,5864000000.0,4532000000.0,1201000000.0,0.091,19.039,74.244,74.016,2856000000.0,0.0,129.898,19.288,19.226,2429000000.0,18908000000.0,16675000000.0,16675000000.0,3924000000.0,0.166,0.293,0.233,0.275,1397000000.0,1940000000.0,1.0,2476000000.0,2468000000,2512000000.0,6.756,21861000000.0,806000000.0,77000000.0,0.0,8.858,12130000000.0
1,NVDA,MRY,2019-12-31,2020-01-26,2020-01-26,2021-08-20,1000000.0,17315000000.0,15480250000.0,13690000000.0,3625000000.0,0.705,5.01,-489000000.0,10896000000.0,10896000000.0,4150000000.0,2796000000.0,7.674,0.419,2552000000.0,0.0,2552000000.0,2552000000.0,0.0,381000000.0,0.0,0.003,0.16,3022000000.0,3403000000.0,0.312,3403000000.0,3022000000.0,2970000000.0,1.147,1.13,1.147,12204000000.0,10864500000.0,12204000000.0,145987760000.0,48.0,42.9,4272000000.0,1.754,1.0,6768000000.0,0.62,667000000.0,52000000.0,6520000000.0,8228500000.0,979000000.0,1000000.0,1000000.0,0.0,5111000000.0,1784000000.0,3327000000.0,153293760000.0,10114000000.0,-4000000.0,149000000.0,0.0,-390000000.0,-792000000.0,6145000000.0,6638000000.0,4761000000.0,0.0,2796000000.0,2796000000.0,2796000000.0,0.0,0.0,0.256,3922000000.0,2846000000.0,687000000.0,0.139,12.561,54.826,54.595,2292000000.0,0.0,62.62,14.04,13.972,1657000000.0,14971000000.0,10918000000.0,10918000000.0,2829000000.0,0.181,0.257,0.367,0.277,844000000.0,1093000000.0,1.0,2448000000.0,2436000000,2472000000.0,4.482,16648000000.0,548000000.0,174000000.0,0.0,6.834,11906000000.0
2,NVDA,MRY,2018-12-31,2019-01-27,2019-01-27,2021-08-20,-12000000.0,13292000000.0,12822750000.0,10557000000.0,2735000000.0,0.914,3.841,-600000000.0,782000000.0,782000000.0,4545000000.0,4141000000.0,7.944,0.423,1988000000.0,0.0,1988000000.0,1988000000.0,0.0,262000000.0,0.0,0.004,0.152,3954000000.0,4216000000.0,0.36,4216000000.0,3954000000.0,3896000000.0,1.702,1.657,1.702,9342000000.0,8832250000.0,9342000000.0,98960500000.0,25.0,23.473,3143000000.0,1.292,1.0,7171000000.0,0.612,663000000.0,58000000.0,12506000000.0,12026750000.0,1575000000.0,6640000000.0,6640000000.0,0.0,3950000000.0,1329000000.0,2621000000.0,97691500000.0,-3220000000.0,0.0,-1442000000.0,-16000000.0,-371000000.0,-2866000000.0,-4097000000.0,-3497000000.0,3743000000.0,0.0,4141000000.0,4141000000.0,4141000000.0,0.0,0.0,0.353,3367000000.0,3804000000.0,511000000.0,0.089,10.457,23.591,23.524,1404000000.0,0.0,40.038,8.338,8.311,1424000000.0,12565000000.0,11716000000.0,11716000000.0,2376000000.0,0.323,0.469,0.329,0.337,557000000.0,991000000.0,1.0,2440000000.0,2432000000,2500000000.0,4.817,12629000000.0,560000000.0,-245000000.0,0.0,5.193,9228000000.0
3,NVDA,MRY,2017-12-31,2018-01-28,2018-01-28,2021-08-20,-18000000.0,11241000000.0,9970750000.0,9255000000.0,1986000000.0,0.974,3.118,-591000000.0,4002000000.0,4002000000.0,3892000000.0,3047000000.0,8.027,0.505,2000000000.0,15000000.0,1985000000.0,2000000000.0,0.0,199000000.0,0.0,0.002,0.143,3257000000.0,3456000000.0,0.356,3456000000.0,3257000000.0,3196000000.0,1.272,1.205,1.272,7471000000.0,6482000000.0,7471000000.0,146665980000.0,45.0,42.438,2911000000.0,1.215,1.0,5822000000.0,0.599,670000000.0,61000000.0,7416000000.0,7611750000.0,796000000.0,3106000000.0,3106000000.0,0.0,3770000000.0,1153000000.0,2617000000.0,147457980000.0,2236000000.0,0.0,-770000000.0,-812000000.0,-341000000.0,-2544000000.0,1278000000.0,1869000000.0,3502000000.0,0.0,3047000000.0,3047000000.0,3047000000.0,0.0,0.0,0.314,2612000000.0,3210000000.0,596000000.0,0.112,19.737,48.394,47.824,997000000.0,0.0,60.833,15.18,15.005,1265000000.0,8787000000.0,9714000000.0,9714000000.0,1797000000.0,0.306,0.47,0.428,0.335,391000000.0,815000000.0,1.0,2424000000.0,2396000000,2528000000.0,4.054,10571000000.0,0.0,149000000.0,0.0,4.412,8102000000.0
4,NVDA,MRY,2016-12-31,2017-01-29,2017-01-29,2021-08-20,-16000000.0,9841000000.0,8505500000.0,8536000000.0,1305000000.0,0.812,2.663,-169000000.0,1766000000.0,1766000000.0,2847000000.0,1666000000.0,4.774,0.703,2810000000.0,796000000.0,2014000000.0,2810000000.0,0.0,187000000.0,0.0,0.004,0.121,1963000000.0,2150000000.0,0.311,2150000000.0,1963000000.0,1905000000.0,0.77,0.642,0.77,5762000000.0,4940500000.0,5762000000.0,61349030000.0,31.0,28.534,1503000000.0,0.695,1.0,4063000000.0,0.588,722000000.0,58000000.0,8375000000.0,6653250000.0,794000000.0,5032000000.0,5032000000.0,0.0,4048000000.0,1788000000.0,2260000000.0,60244030000.0,1170000000.0,0.0,-572000000.0,1315000000.0,-261000000.0,291000000.0,-793000000.0,-624000000.0,1672000000.0,0.0,1666000000.0,1666000000.0,1666000000.0,0.0,0.0,0.241,2129000000.0,1934000000.0,485000000.0,0.157,10.455,36.161,36.289,521000000.0,0.0,27.942,8.718,8.751,826000000.0,6108000000.0,6910000000.0,6910000000.0,1463000000.0,0.196,0.337,0.295,0.284,247000000.0,663000000.0,1.0,2156000000.0,2164000000,2596000000.0,3.193,9119000000.0,0.0,239000000.0,0.0,4.214,6748000000.0
5,NVDA,MRY,2015-12-31,2016-01-31,2016-01-31,2021-08-20,-4000000.0,7370000000.0,7203500000.0,6053000000.0,1317000000.0,0.695,2.058,-79000000.0,596000000.0,596000000.0,2199000000.0,614000000.0,2.575,0.63,1510000000.0,1413000000.0,97000000.0,1510000000.0,0.0,197000000.0,0.0,0.014,0.099,790000000.0,987000000.0,0.197,987000000.0,790000000.0,743000000.0,0.282,0.27,0.282,4469000000.0,4418750000.0,4469000000.0,16704020000.0,21.0,16.924,1096000000.0,0.505,1.0,2811000000.0,0.561,784000000.0,47000000.0,5149000000.0,6090000000.0,418000000.0,4441000000.0,4441000000.0,0.0,2814000000.0,2351000000.0,463000000.0,15758020000.0,99000000.0,0.0,-401000000.0,0.0,-213000000.0,-676000000.0,-400000000.0,-345000000.0,1175000000.0,0.0,614000000.0,614000000.0,614000000.0,0.0,0.0,0.123,2064000000.0,747000000.0,296000000.0,0.351,3.526,25.665,25.966,466000000.0,0.0,7.322,3.145,3.175,505000000.0,4350000000.0,5010000000.0,5010000000.0,1331000000.0,0.085,0.139,0.13,0.158,194000000.0,602000000.0,1.0,2152000000.0,2172000000,2276000000.0,2.307,6586000000.0,0.0,129000000.0,0.0,3.032,3702000000.0
6,NVDA,MRY,2014-12-31,2015-01-25,2015-01-25,2021-08-20,8000000.0,7201000000.0,6971312750.0,5713000000.0,1488000000.0,0.672,2.001,-101000000.0,497000000.0,497000000.0,2083000000.0,631000000.0,6.376,0.63,1398000000.0,0.0,1398000000.0,1398000000.0,0.0,220000000.0,0.0,0.016,0.085,801000000.0,1021000000.0,0.218,1021000000.0,801000000.0,755000000.0,0.285,0.28,0.285,4418000000.0,4273591000.0,4418000000.0,12254202220.0,15.0,12.002,805000000.0,0.365,1.0,2599000000.0,0.555,840000000.0,46000000.0,6366000000.0,6095008750.0,483000000.0,4126000000.0,4126000000.0,0.0,2783000000.0,896000000.0,1887000000.0,11256649220.0,-655000000.0,0.0,-814000000.0,0.0,-186000000.0,-834000000.0,-727000000.0,-625000000.0,906000000.0,0.0,631000000.0,631000000.0,631000000.0,0.0,0.0,0.135,1840000000.0,759000000.0,293000000.0,0.298,2.548,17.839,18.167,557000000.0,0.0,5.178,2.404,2.442,474000000.0,3949000000.0,4682000000.0,4682000000.0,1360000000.0,0.091,0.148,0.131,0.171,140000000.0,480000000.0,1.0,2174147604.0,2208000000,2252000000.0,2.12,6361000000.0,63000000.0,124000000.0,0.0,2.881,4817000000.0
7,NVDA,MRY,2013-12-31,2014-01-26,2014-01-26,2021-08-20,4877000.0,7250894000.0,6202846500.0,5624711000.0,1626183000.0,0.666,1.895,-230000000.0,1151587000.0,1151587000.0,1862000000.0,440000000.0,5.949,0.627,1373875000.0,0.0,1373875000.0,1373875000.0,0.0,239000000.0,0.0,0.02,0.077,520000000.0,759000000.0,0.184,759000000.0,520000000.0,510000000.0,0.188,0.185,0.188,4456398000.0,4443538500.0,4456398000.0,8301345138.0,16.0,10.937,605000000.0,0.257,1.0,2268000000.0,0.549,939191000.0,10000000.0,5588495000.0,3933704000.0,387765000.0,3520223000.0,3520223000.0,0.0,2794496000.0,945496000.0,1849000000.0,8846414138.0,419000000.0,-17000000.0,-759000000.0,1476000000.0,-181000000.0,390000000.0,-806000000.0,-554000000.0,835000000.0,0.0,440000000.0,440000000.0,440000000.0,0.0,0.0,0.107,1772000000.0,496000000.0,324391000.0,0.41,1.985,20.105,20.691,582740000.0,0.0,3.89,2.142,2.215,426357000.0,3504742000.0,4130000000.0,4130000000.0,1336000000.0,0.071,0.099,0.132,0.126,110000000.0,436000000.0,1.0,2274142452.0,2352000000,2380000000.0,1.756,6311703000.0,68494000.0,70000000.0,0.0,2.684,4679215000.0
8,NVDA,MRY,2012-12-31,2013-01-27,2013-01-27,2021-08-20,9981000.0,6412245000.0,6021859250.0,4775258000.0,1636987000.0,0.711,1.949,-183309000.0,732786000.0,732786000.0,2053816000.0,562536000.0,4.892,0.328,18998000.0,0.0,18998000.0,18998000.0,0.0,226235000.0,0.0,0.006,0.019,665333000.0,891568000.0,0.208,891568000.0,665333000.0,662039000.0,0.228,0.225,0.228,4827703000.0,4572910500.0,4827703000.0,7248637403.0,11.0,8.13,640863000.0,0.259,1.0,2226343000.0,0.52,953362000.0,3294000.0,3768872000.0,3546305750.0,412467000.0,2995097000.0,2995097000.0,0.0,1584542000.0,976223000.0,608319000.0,7754398403.0,64910000.0,0.0,-35065000.0,-2049000.0,-46866000.0,-15270000.0,-743992000.0,-561035000.0,824172000.0,0.0,562536000.0,562536000.0,562536000.0,0.0,0.0,0.131,1578104000.0,648239000.0,356428000.0,0.083,1.606,13.785,13.607,576144000.0,0.0,3.103,1.812,1.796,454252000.0,3246088000.0,4280159000.0,4280159000.0,1147282000.0,0.093,0.123,0.188,0.155,67952000.0,430822000.0,1.0,2499403192.0,2477296000,2499828000.0,1.728,5458883000.0,103736000.0,99503000.0,0.0,2.204,3799035000.0
9,NVDA,MRY,2011-12-31,2012-01-29,2012-01-29,2021-08-20,10614000.0,5552928000.0,5060784750.0,3905358000.0,1647570000.0,0.79,1.717,-138735000.0,667876000.0,667876000.0,1941413000.0,581090000.0,4.199,0.339,21439000.0,0.0,21439000.0,21439000.0,0.0,204205000.0,0.0,0.0,0.0,666485000.0,870690000.0,0.218,870690000.0,666485000.0,663396000.0,0.24,0.235,0.24,4145724000.0,3814112750.0,4145724000.0,8559975731.0,13.0,9.831,770421000.0,0.319,1.0,2056517000.0,0.514,967166000.0,3089000.0,3009367000.0,2641154750.0,340297000.0,2461700000.0,2461700000.0,0.0,1407204000.0,929958000.0,477246000.0,9104842731.0,2515000.0,-348884000.0,195857000.0,-1608000.0,0.0,236723000.0,-1143364000.0,-654155000.0,909156000.0,0.0,581090000.0,581090000.0,581090000.0,0.0,0.0,0.145,1408218000.0,648299000.0,335072000.0,0.0,2.196,15.669,15.531,560072000.0,0.0,3.728,2.277,2.251,336143000.0,2730418000.0,3997930000.0,3997930000.0,1002605000.0,0.115,0.152,0.252,0.167,83561000.0,405613000.0,1.0,2442613744.0,2414584000,2465484000.0,1.656,4585762000.0,49931000.0,82306000.0,0.0,1.899,2975400000.0
10,NVDA,MRY,2010-12-31,2011-01-30,2011-01-30,2021-08-20,10272000.0,4495246000.0,3986280750.0,3226950000.0,1268296000.0,0.889,1.383,-97890000.0,665361000.0,665361000.0,2134219000.0,253146000.0,3.423,0.413,23389000.0,0.0,23389000.0,23389000.0,0.0,186989000.0,0.0,0.0,0.0,274296000.0,461285000.0,0.13,461285000.0,274296000.0,271169000.0,0.11,0.107,0.11,3181462000.0,2925125250.0,3181462000.0,13376745000.0,49.0,28.999,577907000.0,0.251,1.0,1409090000.0,0.398,658589000.0,3127000.0,2252003000.0,2160058750.0,345525000.0,1825202000.0,1825202000.0,0.0,1313784000.0,942682000.0,371102000.0,13804560000.0,218140000.0,0.0,177276000.0,-571000.0,0.0,192021000.0,-649678000.0,-549625000.0,675797000.0,0.0,253146000.0,253146000.0,253146000.0,0.0,0.0,0.071,1153343000.0,255747000.0,286138000.0,0.0,4.339,54.532,54.0,568857000.0,0.0,5.94,3.896,3.857,348770000.0,2149328000.0,3543309000.0,3543309000.0,848830000.0,0.064,0.087,0.127,0.077,85037000.0,361513000.0,1.0,2324000000.0,2300708000,2354736000.0,1.54,3836657000.0,9456000.0,18023000.0,0.0,1.668,2284268000.0
11,NVDA,MRY,2009-12-31,2010-01-31,2010-01-31,2021-08-20,12172000.0,3585918000.0,3381651250.0,2480830000.0,1105088000.0,0.984,1.212,-77601000.0,447221000.0,447221000.0,2149522000.0,-67987000.0,3.163,0.345,24450000.0,0.0,24450000.0,24450000.0,0.0,196664000.0,0.0,0.0,0.0,-78974000.0,117690000.0,0.035,117690000.0,-78974000.0,-82294000.0,-0.03,-0.03,-0.03,2665140000.0,2413765000.0,2665140000.0,7950181000.0,-101.0,67.552,410206000.0,0.187,1.0,1176923000.0,0.354,490302000.0,3320000.0,1888467000.0,1564001000.0,330674000.0,1281006000.0,1281006000.0,0.0,920778000.0,784378000.0,136400000.0,8539911000.0,29533000.0,0.0,59954000.0,-929000.0,0.0,61059000.0,-519333000.0,-441514000.0,487807000.0,0.0,-67987000.0,-67987000.0,-67987000.0,0.0,0.0,-0.02,1275868000.0,-98945000.0,344527000.0,0.0,3.204,-125.611,-128.25,571858000.0,0.0,3.848,2.567,2.543,374963000.0,1896182000.0,3326445000.0,3326445000.0,908851000.0,-0.02,-0.028,-0.05,-0.024,240792000.0,367017000.0,1.0,2219600000.0,2198296000,2198296000.0,1.513,3095616000.0,8752000.0,-14307000.0,0.0,1.408,1696452000.0
12,NVDA,MRY,2008-12-31,2009-01-25,2009-01-25,2021-08-20,3865000.0,3350727000.0,3691783000.0,2167958000.0,1182769000.0,0.928,1.092,-407670000.0,417688000.0,417688000.0,2250590000.0,-30041000.0,2.784,0.399,25634000.0,0.0,25634000.0,25634000.0,0.0,185023000.0,0.0,0.0,0.0,-42548000.0,142475000.0,0.042,142475000.0,-42548000.0,-42954000.0,-0.013,-0.013,-0.013,2394652000.0,2570455000.0,2394652000.0,3679503378.0,-86.0,25.826,-158310000.0,-0.072,1.0,1174269000.0,0.343,516945000.0,406000.0,1663137000.0,1637726250.0,537834000.0,837702000.0,837702000.0,0.0,956075000.0,778591000.0,177484000.0,4140756378.0,-309281000.0,-27948000.0,-350089000.0,0.0,0.0,-349274000.0,-209367000.0,226693000.0,249360000.0,0.0,-30041000.0,-30041000.0,-30041000.0,0.0,0.0,-0.009,1244969000.0,-70700000.0,218864000.0,0.0,1.729,-137.837,-148.269,625798000.0,0.0,1.927,1.209,1.234,318435000.0,1964169000.0,3424859000.0,3424859000.0,855879000.0,-0.008,-0.012,-0.026,-0.012,161835000.0,362222000.0,1.0,2148252336.0,2192504000,2192504000.0,1.562,2833782000.0,16505000.0,-12913000.0,0.0,1.292,1389367000.0
13,NVDA,MRY,2007-12-31,2008-01-27,2008-01-27,2021-08-20,8034000.0,3747671000.0,3265017250.0,2888829000.0,858842000.0,1.255,1.19,-187745000.0,726969000.0,726969000.0,2228580000.0,797645000.0,2.987,0.432,0.0,0.0,0.0,0.0,0.0,133192000.0,0.0,0.0,0.0,901395000.0,1034587000.0,0.252,1034587000.0,901395000.0,901341000.0,0.362,0.328,0.362,2617912000.0,2363002500.0,2617912000.0,12804805727.0,14.0,12.377,1082451000.0,0.492,1.0,1869280000.0,0.456,460983000.0,54000.0,1592558000.0,1258058750.0,358521000.0,1082509000.0,1082509000.0,0.0,1129759000.0,967161000.0,162598000.0,13861507727.0,182555000.0,-75542000.0,-326543000.0,0.0,0.0,-326323000.0,-761318000.0,-496409000.0,1270196000.0,0.0,797645000.0,797645000.0,797645000.0,0.0,0.0,0.195,1032934000.0,836346000.0,492099000.0,0.0,5.295,17.378,17.231,359808000.0,0.0,6.237,3.383,3.349,666494000.0,1994210000.0,4097860000.0,4097860000.0,691637000.0,0.244,0.338,0.716,0.22,133365000.0,341297000.0,1.0,2222285808.0,2200432000,2426928000.0,1.862,3286688000.0,11268000.0,103696000.0,0.0,1.494,1921668000.0
14,NVDA,MRY,2006-12-31,2007-01-28,2007-01-28,2021-08-20,1436000.0,2675263000.0,2397768250.0,2031770000.0,643493000.0,1.28,0.949,-130826000.0,544414000.0,544414000.0,1768322000.0,448834000.0,3.181,0.333,0.0,0.0,0.0,0.0,0.0,107562000.0,0.0,0.0,0.0,495205000.0,602767000.0,0.196,602767000.0,495205000.0,495184000.0,0.212,0.19,0.212,2006919000.0,1788951000.0,2006919000.0,10447594804.0,21.0,17.333,441855000.0,0.209,1.0,1300449000.0,0.424,346936000.0,21000.0,1145106000.0,1013772750.0,354680000.0,573436000.0,573436000.0,0.0,668344000.0,638807000.0,29537000.0,11189000804.0,-7342000.0,-401800000.0,-53818000.0,0.0,0.0,-53630000.0,-526393000.0,6233000.0,572681000.0,0.0,448834000.0,448834000.0,448834000.0,0.0,0.0,0.146,846997000.0,453452000.0,272075000.0,0.0,5.575,24.929,24.741,260828000.0,0.0,5.245,3.646,3.614,518680000.0,1196565000.0,3068771000.0,3068771000.0,553467000.0,0.187,0.251,0.488,0.161,108253000.0,293530000.0,1.0,2133269934.0,2114424000,2349024000.0,1.451,2328327000.0,16799000.0,46350000.0,0.0,1.101,1392963000.0
15,NVDA,MRY,2005-12-31,2006-01-29,2006-01-29,2021-08-20,-1957000.0,1954687000.0,1780876750.0,1550299000.0,404388000.0,1.334,0.735,-79600000.0,551756000.0,551756000.0,1465654000.0,301176000.0,3.534,0.307,0.0,0.0,0.0,0.0,0.0,97977000.0,0.0,0.0,0.0,356860000.0,454837000.0,0.191,454837000.0,356860000.0,356788000.0,0.147,0.138,0.147,1495992000.0,1337813250.0,1495992000.0,7552592221.0,21.0,16.605,366808000.0,0.18,1.0,910033000.0,0.383,160738000.0,72000.0,803534000.0,859455000.0,254870000.0,398418000.0,398418000.0,0.0,458695000.0,438659000.0,20036000.0,7916900221.0,343244000.0,-12131000.0,-61012000.0,0.0,0.0,-61377000.0,-41787000.0,49944000.0,446408000.0,0.0,301176000.0,301176000.0,301176000.0,0.0,0.0,0.127,573369000.0,336664000.0,179395000.0,0.0,5.292,26.287,26.219,178152000.0,0.0,3.854,3.332,3.304,318186000.0,747731000.0,2375687000.0,2375687000.0,357123000.0,0.169,0.225,0.415,0.15,32740000.0,202088000.0,1.0,2054114652.0,2036280000,2194224000.0,1.167,1793949000.0,40703000.0,55612000.0,0.0,0.881,1111640000.0
16,NVDA,MRY,2004-12-31,2005-01-30,2005-01-30,2021-08-20,-3463000.0,1663551000.0,1535571500.0,1306906000.0,356645000.0,1.309,0.613,-67261000.0,208512000.0,208512000.0,1362478000.0,88615000.0,3.103,0.362,856000.0,856000.0,0.0,856000.0,0.0,102597000.0,0.0,0.0,0.0,107192000.0,209789000.0,0.104,209789000.0,107192000.0,107028000.0,0.045,0.042,0.045,1221091000.0,1127691750.0,1221091000.0,3647624289.0,34.0,17.387,64939000.0,0.033,1.0,647555000.0,0.322,135621000.0,164000.0,899118000.0,818129000.0,315786000.0,461533000.0,461533000.0,0.0,442460000.0,421156000.0,21304000.0,3802951289.0,-5910000.0,0.0,17858000.0,0.0,0.0,13843000.0,-151953000.0,-84692000.0,132200000.0,0.0,88615000.0,88615000.0,88615000.0,0.0,0.0,0.044,552379000.0,95176000.0,238223000.0,0.0,3.114,42.915,42.37,178955000.0,0.0,1.907,1.892,1.89,296279000.0,446555000.0,2010033000.0,2010033000.0,348220000.0,0.058,0.079,0.131,0.053,29438000.0,204159000.0,1.0,1994554872.0,1992744000,2109744000.0,1.009,1527930000.0,38012000.0,18413000.0,0.0,0.767,885750000.0
17,NVDA,MRY,2003-12-31,2004-01-25,2004-01-25,2021-08-20,850000.0,1399344000.0,1581442500.0,1052712000.0,346632000.0,1.153,0.544,-127604000.0,214422000.0,214422000.0,1297684000.0,48630000.0,3.151,0.331,4871000.0,4015000.0,856000.0,4871000.0,0.0,81944000.0,0.0,0.0,0.0,58314000.0,140258000.0,0.077,140258000.0,58314000.0,46304000.0,0.025,0.023,0.025,1051185000.0,1004387500.0,1051185000.0,3521177821.0,60.0,25.105,-77926000.0,-0.04,1.0,525261000.0,0.288,148872000.0,12010000.0,706809000.0,958499250.0,234238000.0,389621000.0,389621000.0,0.0,348159000.0,334112000.0,14047000.0,3744568821.0,-132572000.0,-71303000.0,0.0,-308048000.0,0.0,-270291000.0,88041000.0,286948000.0,49678000.0,0.0,48630000.0,48630000.0,48630000.0,0.0,0.0,0.027,475473000.0,49788000.0,185342000.0,0.0,3.562,77.001,76.967,190029000.0,0.0,1.924,2.054,2.038,196631000.0,472158000.0,1822945000.0,1822945000.0,292162000.0,0.031,0.048,0.061,0.032,45011000.0,179811000.0,1.0,1946073012.0,1931088000,2064648000.0,0.944,1250472000.0,3261000.0,-2326000.0,8609000.0,0.648,718600000.0
18,NVDA,MRY,2002-12-31,2003-01-26,2003-01-26,2021-08-20,3760000.0,1617015000.0,1615395750.0,1351602000.0,265413000.0,1.182,0.506,-63123000.0,346994000.0,346994000.0,1333435000.0,90799000.0,3.562,0.734,310556000.0,5676000.0,304880000.0,310556000.0,0.0,58216000.0,0.0,0.0,0.0,167024000.0,225240000.0,0.118,225240000.0,167024000.0,150557000.0,0.049,0.045,0.049,932687000.0,891036750.0,932687000.0,1592742869.0,10.0,7.071,201909000.0,0.11,1.0,576012000.0,0.302,76471000.0,16467000.0,1124658000.0,1121169000.0,145046000.0,681419000.0,681419000.0,0.0,684328000.0,379448000.0,304880000.0,1603357869.0,13994000.0,-3901000.0,0.0,799000.0,0.0,26286000.0,-277324000.0,-217300000.0,265032000.0,0.0,90799000.0,90799000.0,90799000.0,0.0,0.0,0.048,432026000.0,143986000.0,141129000.0,0.0,1.719,17.658,17.296,135152000.0,0.0,0.848,0.84,0.818,154501000.0,397739000.0,1909447000.0,1909447000.0,224873000.0,0.056,0.102,0.149,0.087,48930000.0,151485000.0,1.0,1891867692.0,1842156000,2020716000.0,1.037,1540544000.0,54566000.0,59758000.0,0.0,0.836,972154000.0
19,NVDA,MRY,2001-12-31,2002-01-27,2002-01-27,2021-08-20,108000.0,1503174000.0,1255391500.0,1234109000.0,269065000.0,1.091,0.445,-96966000.0,340000000.0,340000000.0,850233000.0,176924000.0,2.847,0.968,309757000.0,3896000.0,305861000.0,309757000.0,70193000.0,43491000.0,0.0,0.0,0.0,268922000.0,312413000.0,0.228,312413000.0,268922000.0,252749000.0,0.103,0.086,0.103,763819000.0,591330500.0,763819000.0,9370662519.0,35.0,29.994,63840000.0,0.037,1.0,519238000.0,0.379,81119000.0,16173000.0,958318000.0,690889000.0,213877000.0,458377000.0,458377000.0,0.0,739355000.0,433494000.0,305861000.0,9465248519.0,-341275000.0,-64109000.0,0.0,8791000.0,0.0,99091000.0,-601172000.0,-457597000.0,160806000.0,0.0,176924000.0,176924000.0,176924000.0,0.0,0.0,0.129,277506000.0,241732000.0,214019000.0,0.0,12.392,53.499,52.969,120128000.0,0.0,5.456,6.912,6.837,147348000.0,306940000.0,1369471000.0,1369471000.0,154752000.0,0.141,0.299,0.389,0.196,89302000.0,98944000.0,1.0,1734885936.0,1716180000,2052888000.0,0.798,1422055000.0,122350000.0,75825000.0,0.0,0.829,800615000.0
20,NVDA,MRY,2000-12-31,2001-01-28,2001-01-28,2021-08-20,0.0,1016902000.0,738805500.0,930884000.0,86018000.0,0.995,0.259,-36329000.0,698775000.0,698775000.0,462385000.0,98469000.0,3.009,1.498,300966000.0,588000.0,300378000.0,300966000.0,200000000.0,15724000.0,0.0,0.0,0.0,144808000.0,160532000.0,0.218,160532000.0,144808000.0,144808000.0,0.062,0.052,0.062,407107000.0,284279000.0,407107000.0,3055915611.0,21.0,19.036,231580000.0,0.147,1.0,272879000.0,0.371,23795000.0,0.0,285881000.0,242404250.0,90380000.0,0.0,0.0,0.0,609795000.0,309417000.0,300378000.0,3449469611.0,612715000.0,0.0,96669000.0,289056000.0,0.0,405635000.0,-60829000.0,0.0,267909000.0,0.0,98469000.0,98469000.0,98469000.0,0.0,0.0,0.134,144744000.0,128135000.0,72301000.0,0.0,8.473,35.031,34.147,47280000.0,0.0,2.117,4.691,4.526,104988000.0,130016000.0,735264000.0,735264000.0,86047000.0,0.133,0.346,0.597,0.197,63316000.0,58697000.0,1.0,1629349944.0,1571976000,1911528000.0,0.468,993107000.0,32420000.0,46339000.0,0.0,0.632,621467000.0
21,NVDA,MRY,1999-12-31,2000-01-30,2000-01-30,2021-08-20,0.0,202250000.0,155215500.0,173175000.0,29075000.0,2.413,0.087,-11589000.0,61560000.0,61560000.0,232662000.0,40959000.0,2.272,0.624,3248000.0,1786000.0,1462000.0,3248000.0,0.0,9006000.0,0.0,0.0,0.0,60703000.0,69709000.0,0.186,69709000.0,60703000.0,60371000.0,0.028,0.023,0.028,124563000.0,95532250.0,124563000.0,1096201262.0,18.0,15.725,4282000.0,0.003,1.0,141843000.0,0.379,0.0,332000.0,67713000.0,51426750.0,37631000.0,0.0,0.0,0.0,77687000.0,76225000.0,1462000.0,1148216262.0,11303000.0,0.0,5741000.0,-6897000.0,0.0,7021000.0,-11589000.0,0.0,15871000.0,0.0,40959000.0,40959000.0,40959000.0,0.0,0.0,0.109,83226000.0,58617000.0,64910000.0,0.0,9.218,28.033,27.812,25886000.0,0.0,0.779,3.066,2.982,67224000.0,28686000.0,374505000.0,374505000.0,46914000.0,0.264,0.429,1.18,0.162,11290000.0,36312000.0,1.0,1474435008.0,1433856000,1732704000.0,0.261,202250000.0,0.0,19412000.0,0.0,0.141,96950000.0
22,NVDA,MRY,1998-12-31,1999-01-31,1999-01-31,2021-08-20,0.0,113332000.0,,101112000.0,12220000.0,,0.092,-7899000.0,50257000.0,50257000.0,109746000.0,4130000.0,2.145,0.765,8381000.0,6386000.0,1995000.0,8381000.0,0.0,4006000.0,0.0,0.0,0.0,4779000.0,8785000.0,0.056,8785000.0,4779000.0,4487000.0,0.006,0.003,0.006,64209000.0,,64209000.0,539737544.0,113.0,61.439,-9766000.0,-0.014,1.0,48491000.0,0.306,0.0,292000.0,24328000.0,,28623000.0,0.0,0.0,0.0,49123000.0,47128000.0,1995000.0,543323544.0,42273000.0,0.0,37539000.0,3152000.0,0.0,52039000.0,-7899000.0,0.0,-1867000.0,0.0,4130000.0,4130000.0,4130000.0,0.0,0.0,0.026,43975000.0,4516000.0,35730000.0,0.0,8.462,131.555,65.972,11650000.0,0.0,0.396,3.434,1.749,20633000.0,-9412000.0,158237000.0,158237000.0,25073000.0,,,,0.03,2582000.0,18902000.0,1.0,1372606848.0,699120000,1314864000.0,0.226,113332000.0,0.0,357000.0,0.0,0.162,53984000.0
23,NVDA,MRY,1997-12-31,1997-12-31,1997-12-31,2021-08-20,0.0,25039000.0,15282000.0,19341000.0,5698000.0,1.902,0.011,-2732000.0,6551000.0,6551000.0,21244000.0,-3589000.0,1.19,2.63,3325000.0,1434000.0,1891000.0,3325000.0,0.0,1363000.0,0.0,,0.0,-3459000.0,-2096000.0,-0.072,-2096000.0,-3459000.0,-3589000.0,-0.006,-0.006,-0.006,6897000.0,3967000.0,6897000.0,,,,-3913000.0,-0.006,1.0,7827000.0,0.269,0.0,130000.0,5562000.0,2711000.0,25000.0,0.0,0.0,0.0,18142000.0,16251000.0,1891000.0,,3418000.0,0.0,0.0,-1037000.0,0.0,7331000.0,-2732000.0,0.0,-1181000.0,0.0,-3589000.0,-3589000.0,-3589000.0,0.0,0.0,-0.123,11286000.0,-3459000.0,11572000.0,0.0,,,,5536000.0,0.0,,,,12487000.0,-14889000.0,29071000.0,29071000.0,7103000.0,-0.235,-0.905,-1.276,-0.119,961000.0,4183000.0,1.0,,608496000,608496000.0,0.048,25039000.0,0.0,0.0,0.0,0.041,3090000.0
24,NVDA,MRY,1996-12-31,1996-12-31,1996-12-31,2021-08-20,0.0,5525000.0,,4278000.0,1247000.0,,0.002,-9000.0,3133000.0,3133000.0,3038000.0,-3077000.0,1.105,4.328,1339000.0,722000.0,617000.0,1339000.0,0.0,802000.0,0.0,,0.0,-2993000.0,-2191000.0,-0.56,-2191000.0,-2993000.0,-3077000.0,-0.006,-0.006,-0.006,1037000.0,,1037000.0,,,,-288000.0,-0.001,1.0,874000.0,0.223,0.0,84000.0,-140000.0,,63000.0,0.0,0.0,0.0,4488000.0,3871000.0,617000.0,,-739000.0,0.0,51000.0,-502000.0,0.0,-451000.0,-9000.0,0.0,-279000.0,0.0,-3077000.0,-3077000.0,-3077000.0,0.0,0.0,-0.787,3867000.0,-2993000.0,277000.0,0.0,,,,1144000.0,0.0,,,,1041000.0,-11300000.0,3912000.0,3912000.0,1218000.0,,,,-0.765,0.0,2649000.0,1.0,,546384000,546384000.0,0.007,5525000.0,0.0,0.0,0.0,0.01,407000.0
25,NVDA,MRY,1995-12-31,1995-12-31,1995-12-31,2021-08-20,,,,,,,,-5000.0,,,1549000.0,-6377000.0,,,,,,,,524000.0,,,0.0,-6470000.0,-5946000.0,-5.03,-5946000.0,-6470000.0,-6377000.0,-0.012,-0.012,-0.012,,,,,,,-6138000.0,-0.011,1.0,-367000.0,-0.31,,-93000.0,,,,,,,,,,,-683000.0,0.0,0.0,-307000.0,0.0,5455000.0,-5000.0,0.0,-6133000.0,0.0,-6377000.0,-6377000.0,-6377000.0,0.0,0.0,-5.395,6103000.0,-6470000.0,,0.0,,,,,0.0,,,,,,1182000.0,1182000.0,2426000.0,,,,-5.474,0.0,3677000.0,1.0,,545520000,545520000.0,0.002,,,0.0,,,
0,NVDA,MRQ,2021-06-30,2021-08-01,2021-08-01,2021-08-20,8000000.0,38650000000.0,,25806000000.0,12844000000.0,,8.483,-183000000.0,5628000000.0,5628000000.0,2292000000.0,2374000000.0,5.802,0.828,12659000000.0,1000000000.0,11659000000.0,12659000000.0,0.0,286000000.0,0.0,0.001,0.04,2454000000.0,2740000000.0,0.421,2740000000.0,2454000000.0,2394000000.0,0.95,0.94,0.95,21147000000.0,,21147000000.0,492540080000.0,66.0,57.08,2499000000.0,1.002,1.0,4215000000.0,0.648,6671000000.0,60000000.0,34562000000.0,,2114000000.0,14026000000.0,14026000000.0,0.0,17503000000.0,4448000000.0,13055000000.0,485915080000.0,4650000000.0,0.0,2000000.0,4964000000.0,-99000000.0,4501000000.0,-2533000000.0,-2350000000.0,2682000000.0,0.0,2374000000.0,2374000000.0,2374000000.0,0.0,0.0,0.365,1771000000.0,2444000000.0,1474000000.0,0.042,22.978,68.642,68.466,3165000000.0,0.0,194.99,22.191,22.2,3586000000.0,22995000000.0,6507000000.0,6507000000.0,1245000000.0,,,,,465000000.0,526000000.0,1.0,2492000000.0,2493000000,2532000000.0,2.61,31979000000.0,958000000.0,20000000.0,0.0,12.828,21358000000.0
1,NVDA,MRQ,2021-03-31,2021-05-02,2021-05-02,2021-08-20,14000000.0,30796000000.0,,18127000000.0,12669000000.0,,7.558,-298000000.0,978000000.0,978000000.0,2032000000.0,1912000000.0,4.527,0.64,7603000000.0,999000000.0,6604000000.0,7603000000.0,0.0,281000000.0,0.0,0.001,0.04,2097000000.0,2378000000.0,0.42,2378000000.0,2097000000.0,2044000000.0,0.77,0.757,0.77,18774000000.0,,18774000000.0,378985600000.0,67.0,54.483,1576000000.0,0.634,1.0,3629000000.0,0.641,6806000000.0,53000000.0,26611000000.0,,1992000000.0,11689000000.0,11689000000.0,0.0,12022000000.0,4004000000.0,8018000000.0,372235600000.0,131000000.0,0.0,126000000.0,-19000000.0,-99000000.0,-471000000.0,-1272000000.0,-974000000.0,1874000000.0,0.0,1912000000.0,1912000000.0,1912000000.0,0.0,0.0,0.338,1673000000.0,1956000000.0,1218000000.0,0.052,19.827,69.877,69.909,2995000000.0,0.0,150.095,19.331,19.362,3024000000.0,20721000000.0,5661000000.0,5661000000.0,1153000000.0,,,,,429000000.0,520000000.0,1.0,2480000000.0,2484000000,2528000000.0,2.279,23990000000.0,778000000.0,132000000.0,0.0,9.658,14123000000.0
2,NVDA,MRQ,2020-12-31,2021-01-31,2021-01-31,2021-08-20,19000000.0,28791000000.0,,16055000000.0,12736000000.0,,6.812,-283000000.0,847000000.0,847000000.0,1847000000.0,1457000000.0,4.09,0.704,7597000000.0,999000000.0,6598000000.0,7597000000.0,0.0,288000000.0,0.0,0.001,0.04,1523000000.0,1811000000.0,0.362,1811000000.0,1523000000.0,1470000000.0,0.587,0.578,0.587,16893000000.0,,16893000000.0,326940210000.0,71.0,57.449,1784000000.0,0.719,1.0,3156000000.0,0.631,6930000000.0,53000000.0,24686000000.0,,1826000000.0,10714000000.0,10714000000.0,0.0,11898000000.0,3925000000.0,7973000000.0,321626210000.0,-1404000000.0,0.0,4000000.0,-20000000.0,-99000000.0,-342000000.0,-3129000000.0,-2846000000.0,2067000000.0,0.0,1457000000.0,1457000000.0,1457000000.0,0.0,0.0,0.291,1649000000.0,1507000000.0,1201000000.0,0.068,19.039,74.244,74.016,2856000000.0,0.0,129.898,19.288,19.226,2429000000.0,18908000000.0,5003000000.0,5003000000.0,1146000000.0,,,,,416000000.0,503000000.0,1.0,2476000000.0,2480000000,2536000000.0,2.017,21861000000.0,806000000.0,13000000.0,0.0,8.815,12130000000.0
3,NVDA,MRQ,2020-09-30,2020-10-25,2020-10-25,2021-08-20,12000000.0,26881000000.0,,14393000000.0,12488000000.0,,6.203,-473000000.0,2251000000.0,2251000000.0,1766000000.0,1336000000.0,3.923,0.753,7565000000.0,998000000.0,6567000000.0,7565000000.0,0.0,299000000.0,0.0,0.001,0.04,1401000000.0,1700000000.0,0.36,1700000000.0,1401000000.0,1348000000.0,0.54,0.53,0.54,15334000000.0,,15334000000.0,339704370000.0,83.0,67.738,806000000.0,0.326,1.0,2960000000.0,0.626,7054000000.0,53000000.0,21472000000.0,,1495000000.0,7888000000.0,7888000000.0,0.0,11547000000.0,3669000000.0,7878000000.0,335407370000.0,-1023000000.0,-1353000000.0,96000000.0,0.0,-99000000.0,-301000000.0,-2001000000.0,-175000000.0,1279000000.0,0.0,1336000000.0,1336000000.0,1336000000.0,0.0,0.0,0.283,1562000000.0,1398000000.0,1097000000.0,0.074,21.873,87.665,87.51,2740000000.0,0.0,135.903,22.698,22.735,2546000000.0,17550000000.0,4726000000.0,4726000000.0,1047000000.0,,,,,383000000.0,515000000.0,1.0,2468000000.0,2472000000,2520000000.0,1.912,19827000000.0,666000000.0,12000000.0,0.0,8.021,10724000000.0
4,NVDA,MRQ,2020-06-30,2020-07-26,2020-07-26,2021-08-20,4000000.0,25180000000.0,,14681000000.0,10499000000.0,,5.647,-217000000.0,3274000000.0,3274000000.0,1591000000.0,622000000.0,6.092,0.81,7571000000.0,0.0,7571000000.0,7571000000.0,0.0,404000000.0,0.0,0.002,0.04,663000000.0,1067000000.0,0.276,1067000000.0,663000000.0,609000000.0,0.25,0.25,0.25,13914000000.0,,13914000000.0,242768700000.0,66.0,55.439,1350000000.0,0.548,1.0,2275000000.0,0.588,7047000000.0,54000000.0,20020000000.0,,1401000000.0,7707000000.0,7707000000.0,0.0,11266000000.0,2410000000.0,8856000000.0,250784700000.0,-12220000000.0,-7137000000.0,6000000.0,-8000000.0,-99000000.0,-297000000.0,-13490000000.0,-6136000000.0,1567000000.0,0.0,622000000.0,622000000.0,622000000.0,0.0,0.0,0.161,1624000000.0,651000000.0,893000000.0,0.16,18.024,74.0,73.873,2665000000.0,0.0,101.945,19.195,19.226,2084000000.0,16313000000.0,3866000000.0,3866000000.0,997000000.0,,,,,374000000.0,627000000.0,1.0,2460000000.0,2464000000,2504000000.0,1.569,18133000000.0,630000000.0,-13000000.0,0.0,7.359,12271000000.0
5,NVDA,MRQ,2020-03-31,2020-04-26,2020-04-26,2021-08-20,-10000000.0,23254000000.0,,19584000000.0,3670000000.0,,5.333,-155000000.0,15494000000.0,15494000000.0,1076000000.0,917000000.0,10.291,0.775,7478000000.0,0.0,7478000000.0,7478000000.0,0.0,107000000.0,0.0,0.002,0.04,1006000000.0,1113000000.0,0.361,1113000000.0,1006000000.0,981000000.0,0.372,0.367,0.372,13099000000.0,,13099000000.0,168885080000.0,47.0,41.98,754000000.0,0.307,1.0,2004000000.0,0.651,708000000.0,25000000.0,12627000000.0,,1128000000.0,860000000.0,860000000.0,0.0,10155000000.0,1903000000.0,8252000000.0,177229080000.0,4598000000.0,-34000000.0,88000000.0,4979000000.0,-98000000.0,4744000000.0,-1055000000.0,-866000000.0,909000000.0,0.0,917000000.0,917000000.0,917000000.0,0.0,0.0,0.298,1028000000.0,976000000.0,761000000.0,0.108,13.53,53.398,53.351,2310000000.0,0.0,72.397,15.047,15.097,1907000000.0,15790000000.0,3080000000.0,3080000000.0,735000000.0,,,,,224000000.0,293000000.0,1.0,2448000000.0,2456000000,2488000000.0,1.254,22546000000.0,533000000.0,64000000.0,0.0,9.18,17681000000.0
6,NVDA,MRQ,2019-12-31,2020-01-26,2020-01-26,2021-08-20,1000000.0,17315000000.0,,13690000000.0,3625000000.0,,5.01,-145000000.0,10896000000.0,10896000000.0,1090000000.0,951000000.0,7.674,0.419,2552000000.0,0.0,2552000000.0,2552000000.0,0.0,106000000.0,0.0,0.003,0.04,1029000000.0,1135000000.0,0.366,1135000000.0,1029000000.0,1016000000.0,0.39,0.382,0.39,12204000000.0,,12204000000.0,145987760000.0,48.0,42.9,1320000000.0,0.542,1.0,2015000000.0,0.649,667000000.0,13000000.0,6520000000.0,,979000000.0,1000000.0,1000000.0,0.0,5111000000.0,1784000000.0,3327000000.0,153293760000.0,1131000000.0,-4000000.0,3000000.0,0.0,-98000000.0,-183000000.0,-151000000.0,-2000000.0,1465000000.0,0.0,951000000.0,951000000.0,951000000.0,0.0,0.0,0.306,1025000000.0,990000000.0,687000000.0,0.103,12.561,54.826,54.595,2292000000.0,0.0,62.62,14.04,13.972,1657000000.0,14971000000.0,3105000000.0,3105000000.0,738000000.0,,,,,220000000.0,287000000.0,1.0,2448000000.0,2436000000,2484000000.0,1.275,16648000000.0,548000000.0,65000000.0,0.0,6.834,11906000000.0
7,NVDA,MRQ,2019-09-30,2019-10-27,2019-10-27,2021-08-20,-3000000.0,15810000000.0,,12420000000.0,3390000000.0,,4.596,-103000000.0,9765000000.0,9765000000.0,1098000000.0,899000000.0,8.42,0.41,2459000000.0,0.0,2459000000.0,2459000000.0,0.0,92000000.0,0.0,0.003,0.04,972000000.0,1064000000.0,0.353,1064000000.0,972000000.0,959000000.0,0.367,0.362,0.367,11214000000.0,,11214000000.0,119931860000.0,51.0,44.684,1537000000.0,0.63,1.0,1916000000.0,0.636,661000000.0,13000000.0,6368000000.0,,1047000000.0,4000000.0,4000000.0,0.0,4596000000.0,1475000000.0,3121000000.0,124564860000.0,2660000000.0,0.0,63000000.0,0.0,-97000000.0,-236000000.0,1256000000.0,1359000000.0,1640000000.0,0.0,899000000.0,899000000.0,899000000.0,0.0,0.0,0.298,989000000.0,927000000.0,591000000.0,0.109,11.108,51.665,51.652,2044000000.0,0.0,51.135,12.434,12.455,1455000000.0,14118000000.0,3014000000.0,3014000000.0,712000000.0,,,,,223000000.0,277000000.0,1.0,2436000000.0,2440000000,2472000000.0,1.235,15149000000.0,569000000.0,60000000.0,0.0,6.209,10945000000.0
8,NVDA,MRQ,2019-06-30,2019-07-28,2019-07-28,2021-08-20,-1000000.0,14775000000.0,,11391000000.0,3384000000.0,,4.243,-113000000.0,7105000000.0,7105000000.0,1038000000.0,552000000.0,8.649,0.429,2472000000.0,0.0,2472000000.0,2472000000.0,0.0,92000000.0,0.0,0.004,0.04,619000000.0,711000000.0,0.276,711000000.0,619000000.0,606000000.0,0.228,0.225,0.228,10336000000.0,,10336000000.0,106319630000.0,43.0,38.19,823000000.0,0.338,1.0,1541000000.0,0.598,667000000.0,13000000.0,8158000000.0,,1204000000.0,1370000000.0,1370000000.0,0.0,4439000000.0,1317000000.0,3122000000.0,106617630000.0,4333000000.0,0.0,0.0,0.0,-98000000.0,-148000000.0,3545000000.0,3658000000.0,936000000.0,0.0,552000000.0,552000000.0,552000000.0,0.0,0.0,0.214,970000000.0,571000000.0,437000000.0,0.175,10.315,38.883,38.835,2019000000.0,0.0,43.767,10.468,10.468,1561000000.0,13317000000.0,2579000000.0,2579000000.0,704000000.0,,,,,223000000.0,266000000.0,1.0,2436000000.0,2436000000,2464000000.0,1.059,14108000000.0,588000000.0,54000000.0,0.0,5.791,10074000000.0
9,NVDA,MRQ,2019-03-31,2019-04-28,2019-04-28,2021-08-20,-2000000.0,14021000000.0,,10629000000.0,3392000000.0,,3.997,-128000000.0,2772000000.0,2772000000.0,924000000.0,394000000.0,8.985,0.445,2474000000.0,0.0,2474000000.0,2474000000.0,0.0,91000000.0,0.0,0.003,0.04,402000000.0,493000000.0,0.222,493000000.0,402000000.0,389000000.0,0.163,0.16,0.163,9704000000.0,,9704000000.0,109128540000.0,36.0,32.811,592000000.0,0.244,1.0,1296000000.0,0.584,672000000.0,13000000.0,11868000000.0,,1426000000.0,5030000000.0,5030000000.0,0.0,4317000000.0,1183000000.0,3134000000.0,107922540000.0,1990000000.0,0.0,83000000.0,0.0,-97000000.0,-225000000.0,1495000000.0,1623000000.0,720000000.0,0.0,394000000.0,394000000.0,394000000.0,0.0,0.0,0.177,938000000.0,358000000.0,368000000.0,0.245,11.121,32.793,32.907,2009000000.0,0.0,44.523,10.059,10.076,1242000000.0,12862000000.0,2220000000.0,2220000000.0,674000000.0,,,,,178000000.0,264000000.0,1.0,2424000000.0,2428000000,2464000000.0,0.914,13349000000.0,601000000.0,-5000000.0,0.0,5.498,9446000000.0
10,NVDA,MRQ,2018-12-31,2019-01-27,2019-01-27,2021-08-20,-12000000.0,13292000000.0,,10557000000.0,2735000000.0,,3.841,-203000000.0,782000000.0,782000000.0,998000000.0,566000000.0,7.944,0.423,1988000000.0,0.0,1988000000.0,1988000000.0,0.0,78000000.0,0.0,0.004,0.04,338000000.0,416000000.0,0.189,416000000.0,338000000.0,324000000.0,0.232,0.23,0.232,9342000000.0,,9342000000.0,98960500000.0,25.0,23.473,695000000.0,0.286,1.0,1207000000.0,0.547,663000000.0,14000000.0,12506000000.0,,1575000000.0,6640000000.0,6640000000.0,0.0,3950000000.0,1329000000.0,2621000000.0,97691500000.0,61000000.0,0.0,-722000000.0,-4000000.0,-98000000.0,-877000000.0,40000000.0,243000000.0,898000000.0,0.0,566000000.0,566000000.0,566000000.0,0.0,0.0,0.257,913000000.0,294000000.0,511000000.0,0.172,10.457,23.591,23.524,1404000000.0,0.0,40.038,8.338,8.311,1424000000.0,12565000000.0,2205000000.0,2205000000.0,647000000.0,,,,,157000000.0,266000000.0,1.0,2440000000.0,2432000000,2488000000.0,0.907,12629000000.0,560000000.0,-242000000.0,0.0,5.193,9228000000.0
11,NVDA,MRQ,2018-09-30,2018-10-28,2018-10-28,2021-08-20,-24000000.0,13657000000.0,,11386000000.0,2271000000.0,,3.89,-150000000.0,721000000.0,721000000.0,1260000000.0,1230000000.0,7.081,0.441,1990000000.0,3000000.0,1987000000.0,1990000000.0,0.0,68000000.0,0.0,0.003,0.037,1096000000.0,1164000000.0,0.366,1164000000.0,1096000000.0,1081000000.0,0.505,0.492,0.505,9475000000.0,,9475000000.0,121843320000.0,26.0,24.625,337000000.0,0.138,1.0,1921000000.0,0.604,667000000.0,15000000.0,12651000000.0,,1417000000.0,6870000000.0,6870000000.0,0.0,4182000000.0,1608000000.0,2574000000.0,120560320000.0,3000000.0,0.0,-134000000.0,-10000000.0,-91000000.0,-703000000.0,219000000.0,369000000.0,487000000.0,0.0,1230000000.0,1230000000.0,1230000000.0,0.0,0.0,0.387,863000000.0,1058000000.0,902000000.0,0.073,12.724,25.684,25.619,1292000000.0,0.0,49.572,9.705,9.721,2219000000.0,12096000000.0,3181000000.0,3181000000.0,605000000.0,,,,,138000000.0,258000000.0,1.0,2432000000.0,2436000000,2500000000.0,1.306,12990000000.0,0.0,-149000000.0,0.0,5.333,9778000000.0
12,NVDA,MRQ,2018-06-30,2018-07-29,2018-07-29,2021-08-20,-23000000.0,12882000000.0,,10831000000.0,2051000000.0,,3.622,-129000000.0,718000000.0,718000000.0,1148000000.0,1101000000.0,7.408,0.465,2001000000.0,14000000.0,1987000000.0,2001000000.0,0.0,59000000.0,0.0,0.002,0.037,1194000000.0,1253000000.0,0.401,1253000000.0,1194000000.0,1180000000.0,0.453,0.44,0.453,8795000000.0,,8795000000.0,154211140000.0,34.0,32.507,784000000.0,0.323,1.0,1975000000.0,0.632,669000000.0,14000000.0,12034000000.0,,1090000000.0,7225000000.0,7225000000.0,0.0,4087000000.0,1462000000.0,2625000000.0,152976140000.0,-47000000.0,0.0,3000000.0,0.0,-91000000.0,-155000000.0,-805000000.0,-676000000.0,913000000.0,0.0,1101000000.0,1101000000.0,1101000000.0,0.0,0.0,0.353,818000000.0,1157000000.0,800000000.0,0.082,17.394,35.559,35.456,1162000000.0,0.0,63.005,12.88,12.88,1662000000.0,10957000000.0,3123000000.0,3123000000.0,581000000.0,,,,,133000000.0,237000000.0,1.0,2428000000.0,2428000000,2504000000.0,1.286,12213000000.0,0.0,79000000.0,0.0,5.03,9369000000.0
13,NVDA,MRQ,2018-03-31,2018-04-29,2018-04-29,2021-08-20,-23000000.0,11460000000.0,,9448000000.0,2012000000.0,,3.184,-118000000.0,765000000.0,765000000.0,1139000000.0,1244000000.0,8.542,0.485,2000000000.0,14000000.0,1986000000.0,2000000000.0,0.0,57000000.0,0.0,0.003,0.037,1326000000.0,1383000000.0,0.431,1383000000.0,1326000000.0,1311000000.0,0.512,0.495,0.512,7717000000.0,,7717000000.0,134927650000.0,33.0,31.83,1327000000.0,0.547,1.0,2068000000.0,0.645,673000000.0,15000000.0,10916000000.0,,797000000.0,6535000000.0,6535000000.0,0.0,3743000000.0,1106000000.0,2637000000.0,136929650000.0,-3237000000.0,0.0,-589000000.0,-2000000.0,-91000000.0,-1131000000.0,-3551000000.0,-3433000000.0,1445000000.0,0.0,1244000000.0,1244000000.0,1244000000.0,0.0,0.0,0.388,773000000.0,1295000000.0,623000000.0,0.072,17.744,36.186,36.04,1066000000.0,0.0,56.583,12.466,12.487,1220000000.0,9948000000.0,3207000000.0,3207000000.0,542000000.0,,,,,129000000.0,231000000.0,1.0,2420000000.0,2424000000,2508000000.0,1.323,10787000000.0,0.0,67000000.0,0.0,4.45,8342000000.0
14,NVDA,MRQ,2017-12-31,2018-01-28,2018-01-28,2021-08-20,-18000000.0,11241000000.0,,9255000000.0,1986000000.0,,3.087,-414000000.0,4002000000.0,4002000000.0,1110000000.0,1119000000.0,8.027,0.505,2000000000.0,15000000.0,1985000000.0,2000000000.0,0.0,54000000.0,0.0,0.002,0.037,1094000000.0,1148000000.0,0.394,1148000000.0,1094000000.0,1079000000.0,0.465,0.443,0.465,7471000000.0,,7471000000.0,146665980000.0,45.0,42.438,944000000.0,0.39,1.0,1801000000.0,0.619,670000000.0,15000000.0,7416000000.0,,796000000.0,3106000000.0,3106000000.0,0.0,3770000000.0,1153000000.0,2617000000.0,147457980000.0,1200000000.0,0.0,7000000.0,-9000000.0,-91000000.0,-134000000.0,-24000000.0,390000000.0,1358000000.0,0.0,1119000000.0,1119000000.0,1119000000.0,0.0,0.0,0.384,728000000.0,1073000000.0,596000000.0,0.08,19.737,48.394,47.824,997000000.0,0.0,60.833,15.18,15.005,1265000000.0,8787000000.0,2911000000.0,2911000000.0,507000000.0,,,,,126000000.0,221000000.0,1.0,2424000000.0,2420000000,2516000000.0,1.203,10571000000.0,0.0,-40000000.0,0.0,4.368,8102000000.0
15,NVDA,MRQ,2017-09-30,2017-10-29,2017-10-29,2021-08-20,-14000000.0,9830000000.0,,8479000000.0,1351000000.0,,2.633,-69000000.0,2802000000.0,2802000000.0,1067000000.0,838000000.0,8.256,0.547,2010000000.0,23000000.0,1987000000.0,2010000000.0,0.0,49000000.0,0.0,0.003,0.035,911000000.0,960000000.0,0.364,960000000.0,911000000.0,896000000.0,0.347,0.333,0.347,6352000000.0,,6352000000.0,121201000000.0,42.0,39.122,1088000000.0,0.451,1.0,1569000000.0,0.595,681000000.0,15000000.0,7330000000.0,,857000000.0,3518000000.0,3518000000.0,0.0,3477000000.0,1027000000.0,2450000000.0,121116000000.0,814000000.0,0.0,-95000000.0,-62000000.0,-84000000.0,-629000000.0,286000000.0,355000000.0,1157000000.0,0.0,838000000.0,838000000.0,838000000.0,0.0,0.0,0.318,674000000.0,895000000.0,511000000.0,0.101,19.067,46.908,45.67,600000000.0,0.0,50.465,13.493,13.561,1167000000.0,7760000000.0,2636000000.0,2636000000.0,462000000.0,,,,,107000000.0,212000000.0,1.0,2400000000.0,2412000000,2512000000.0,1.093,9149000000.0,0.0,58000000.0,0.0,3.793,7452000000.0
16,NVDA,MRQ,2017-06-30,2017-07-30,2017-07-30,2021-08-20,-12000000.0,9402000000.0,,8070000000.0,1332000000.0,,2.501,-54000000.0,1988000000.0,1988000000.0,928000000.0,583000000.0,7.82,0.574,2073000000.0,84000000.0,1989000000.0,2073000000.0,0.0,49000000.0,0.0,0.003,0.035,699000000.0,748000000.0,0.335,748000000.0,699000000.0,684000000.0,0.245,0.23,0.245,5973000000.0,,5973000000.0,98033050000.0,37.0,34.727,651000000.0,0.273,1.0,1302000000.0,0.584,694000000.0,15000000.0,7761000000.0,,855000000.0,3889000000.0,3889000000.0,0.0,3427000000.0,1032000000.0,2395000000.0,97812050000.0,-1000000.0,0.0,-747000000.0,-136000000.0,-84000000.0,-968000000.0,262000000.0,316000000.0,705000000.0,0.0,583000000.0,583000000.0,583000000.0,0.0,0.0,0.261,614000000.0,688000000.0,431000000.0,0.143,16.376,42.787,40.691,578000000.0,0.0,41.097,11.722,11.762,1213000000.0,7006000000.0,2230000000.0,2230000000.0,416000000.0,,,,,82000000.0,198000000.0,1.0,2380000000.0,2388000000,2532000000.0,0.934,8708000000.0,0.0,101000000.0,0.0,3.647,7038000000.0
17,NVDA,MRQ,2017-03-31,2017-04-30,2017-04-30,2021-08-20,-14000000.0,9410000000.0,,8116000000.0,1294000000.0,,2.59,-54000000.0,1989000000.0,1989000000.0,787000000.0,507000000.0,8.256,0.533,2210000000.0,215000000.0,1995000000.0,2210000000.0,0.0,47000000.0,0.0,0.005,0.035,552000000.0,599000000.0,0.309,599000000.0,552000000.0,536000000.0,0.215,0.198,0.215,6132000000.0,,6132000000.0,62482700000.0,28.0,25.493,228000000.0,0.096,1.0,1150000000.0,0.594,708000000.0,16000000.0,7940000000.0,,821000000.0,4217000000.0,4217000000.0,0.0,3271000000.0,983000000.0,2288000000.0,61432700000.0,223000000.0,0.0,65000000.0,-605000000.0,-82000000.0,-813000000.0,754000000.0,808000000.0,282000000.0,0.0,507000000.0,507000000.0,507000000.0,0.0,0.0,0.262,596000000.0,554000000.0,348000000.0,0.163,10.018,31.279,29.364,539000000.0,0.0,26.075,8.145,8.187,976000000.0,6506000000.0,1937000000.0,1937000000.0,411000000.0,,,,,76000000.0,185000000.0,1.0,2356000000.0,2368000000,2564000000.0,0.818,8702000000.0,0.0,29000000.0,0.0,3.675,7133000000.0
18,NVDA,MRQ,2016-12-31,2017-01-29,2017-01-29,2021-08-20,-16000000.0,9841000000.0,,8536000000.0,1305000000.0,,2.591,-50000000.0,1766000000.0,1766000000.0,870000000.0,654000000.0,4.774,0.703,2810000000.0,796000000.0,2014000000.0,2810000000.0,0.0,47000000.0,0.0,0.004,0.035,744000000.0,791000000.0,0.364,791000000.0,744000000.0,725000000.0,0.298,0.245,0.298,5762000000.0,,5762000000.0,61349030000.0,31.0,28.534,671000000.0,0.302,1.0,1303000000.0,0.6,722000000.0,19000000.0,8375000000.0,,794000000.0,5032000000.0,5032000000.0,0.0,4048000000.0,1788000000.0,2260000000.0,60244030000.0,-174000000.0,0.0,-211000000.0,-229000000.0,-76000000.0,-522000000.0,-373000000.0,-323000000.0,721000000.0,0.0,654000000.0,654000000.0,654000000.0,0.0,0.0,0.301,570000000.0,733000000.0,485000000.0,0.117,10.455,36.161,36.289,521000000.0,0.0,27.942,8.718,8.751,826000000.0,6108000000.0,2173000000.0,2173000000.0,394000000.0,,,,,71000000.0,176000000.0,1.0,2156000000.0,2224000000,2752000000.0,0.977,9119000000.0,0.0,71000000.0,0.0,4.1,6748000000.0
19,NVDA,MRQ,2016-09-30,2016-10-30,2016-10-30,2021-08-20,-4000000.0,9612000000.0,,8307000000.0,1305000000.0,,2.474,-38000000.0,1940000000.0,1940000000.0,821000000.0,542000000.0,4.07,0.797,3045000000.0,1011000000.0,2034000000.0,3045000000.0,0.0,48000000.0,0.0,0.007,0.029,637000000.0,685000000.0,0.342,685000000.0,637000000.0,621000000.0,0.253,0.207,0.253,5324000000.0,,5324000000.0,38831600000.0,26.0,23.239,394000000.0,0.183,1.0,1183000000.0,0.59,738000000.0,16000000.0,7938000000.0,,679000000.0,4731000000.0,4731000000.0,0.0,4243000000.0,2041000000.0,2202000000.0,37749600000.0,1514000000.0,0.0,57000000.0,1544000000.0,-61000000.0,1409000000.0,-327000000.0,-289000000.0,432000000.0,0.0,542000000.0,542000000.0,542000000.0,0.0,0.0,0.27,544000000.0,639000000.0,523000000.0,0.115,7.09,30.968,31.056,503000000.0,0.0,17.64,6.15,6.185,833000000.0,5529000000.0,2004000000.0,2004000000.0,373000000.0,,,,,65000000.0,171000000.0,1.0,2140000000.0,2152000000,2612000000.0,0.931,8874000000.0,0.0,79000000.0,0.0,4.124,6266000000.0
20,NVDA,MRQ,2016-06-30,2016-07-31,2016-07-31,2021-08-20,4000000.0,7461000000.0,,6156000000.0,1305000000.0,,2.097,-26000000.0,426000000.0,426000000.0,602000000.0,261000000.0,2.558,0.649,1508000000.0,1428000000.0,80000000.0,1508000000.0,0.0,47000000.0,0.0,0.008,0.029,329000000.0,376000000.0,0.263,376000000.0,329000000.0,317000000.0,0.122,0.102,0.122,4480000000.0,,4480000000.0,31453400000.0,28.0,24.364,174000000.0,0.081,1.0,826000000.0,0.578,756000000.0,12000000.0,5380000000.0,,521000000.0,4453000000.0,4453000000.0,0.0,2909000000.0,2407000000.0,502000000.0,30491400000.0,-121000000.0,0.0,12000000.0,0.0,-62000000.0,-52000000.0,-269000000.0,-243000000.0,200000000.0,0.0,261000000.0,261000000.0,261000000.0,0.0,0.0,0.183,509000000.0,317000000.0,423000000.0,0.238,6.806,33.035,33.431,485000000.0,0.0,14.275,5.606,5.606,644000000.0,4675000000.0,1428000000.0,1428000000.0,350000000.0,,,,,58000000.0,157000000.0,1.0,2136000000.0,2136000000,2536000000.0,0.669,6705000000.0,0.0,56000000.0,0.0,3.139,3749000000.0
21,NVDA,MRQ,2016-03-31,2016-05-01,2016-05-01,2021-08-20,1000000.0,7108000000.0,,5790000000.0,1318000000.0,,1.953,-55000000.0,547000000.0,547000000.0,554000000.0,208000000.0,2.436,0.675,1509000000.0,1421000000.0,88000000.0,1509000000.0,0.0,45000000.0,0.0,0.012,0.029,253000000.0,298000000.0,0.228,298000000.0,253000000.0,241000000.0,0.098,0.087,0.098,4196000000.0,,4196000000.0,20171260000.0,23.0,19.247,264000000.0,0.123,1.0,751000000.0,0.575,773000000.0,12000000.0,4920000000.0,,394000000.0,4207000000.0,4207000000.0,0.0,2833000000.0,2377000000.0,456000000.0,19257260000.0,-49000000.0,0.0,-430000000.0,0.0,-62000000.0,-544000000.0,176000000.0,231000000.0,319000000.0,0.0,208000000.0,208000000.0,208000000.0,0.0,0.0,0.159,506000000.0,245000000.0,320000000.0,0.296,4.589,27.99,27.932,479000000.0,0.0,8.883,3.729,3.695,523000000.0,4484000000.0,1305000000.0,1305000000.0,346000000.0,,,,,53000000.0,159000000.0,1.0,2168000000.0,2148000000,2396000000.0,0.608,6335000000.0,0.0,33000000.0,0.0,2.949,3413000000.0
22,NVDA,MRQ,2015-12-31,2016-01-31,2016-01-31,2021-08-20,-4000000.0,7370000000.0,,6053000000.0,1317000000.0,,2.069,-15000000.0,596000000.0,596000000.0,610000000.0,208000000.0,2.575,0.63,1510000000.0,1413000000.0,97000000.0,1510000000.0,0.0,46000000.0,0.0,0.014,0.029,266000000.0,312000000.0,0.223,312000000.0,266000000.0,254000000.0,0.095,0.09,0.095,4469000000.0,,4469000000.0,16704020000.0,21.0,16.924,496000000.0,0.23,1.0,791000000.0,0.565,784000000.0,12000000.0,5149000000.0,,418000000.0,4441000000.0,4441000000.0,0.0,2814000000.0,2351000000.0,463000000.0,15758020000.0,125000000.0,0.0,51000000.0,3000000.0,-61000000.0,-173000000.0,-213000000.0,-199000000.0,511000000.0,0.0,208000000.0,208000000.0,208000000.0,0.0,0.0,0.148,539000000.0,252000000.0,296000000.0,0.305,3.526,25.665,25.966,466000000.0,0.0,7.322,3.145,3.175,505000000.0,4350000000.0,1401000000.0,1401000000.0,344000000.0,,,,,49000000.0,161000000.0,1.0,2152000000.0,2160000000,2348000000.0,0.649,6586000000.0,0.0,46000000.0,0.0,3.049,3702000000.0
23,NVDA,MRQ,2015-09-30,2015-10-25,2015-10-25,2021-08-20,2000000.0,7174000000.0,,5834000000.0,1340000000.0,,2.06,-12000000.0,471000000.0,471000000.0,571000000.0,246000000.0,6.823,0.607,1417000000.0,0.0,1417000000.0,1417000000.0,0.0,48000000.0,0.0,0.013,0.024,257000000.0,305000000.0,0.234,305000000.0,257000000.0,245000000.0,0.113,0.11,0.113,4465000000.0,,4465000000.0,16386010000.0,21.0,16.91,243000000.0,0.112,1.0,734000000.0,0.562,790000000.0,12000000.0,6475000000.0,,425000000.0,4257000000.0,4257000000.0,0.0,2709000000.0,855000000.0,1854000000.0,15410010000.0,36000000.0,0.0,-64000000.0,-1000000.0,-53000000.0,-20000000.0,-199000000.0,-187000000.0,255000000.0,0.0,246000000.0,246000000.0,246000000.0,0.0,0.0,0.189,489000000.0,245000000.0,295000000.0,0.212,3.451,25.683,26.278,477000000.0,0.0,7.147,3.171,3.188,536000000.0,4204000000.0,1305000000.0,1305000000.0,329000000.0,,,,,58000000.0,152000000.0,1.0,2156000000.0,2168000000,2260000000.0,0.602,6384000000.0,52000000.0,-1000000.0,0.0,2.945,4979000000.0
24,NVDA,MRQ,2015-06-30,2015-07-26,2015-07-26,2021-08-20,1000000.0,6979000000.0,,5608000000.0,1371000000.0,,1.934,-22000000.0,435000000.0,435000000.0,519000000.0,26000000.0,5.991,0.668,1411000000.0,0.0,1411000000.0,1411000000.0,0.0,49000000.0,0.0,0.018,0.024,84000000.0,133000000.0,0.115,133000000.0,84000000.0,72000000.0,0.013,0.013,0.013,4185000000.0,,4185000000.0,11387960000.0,16.0,12.128,141000000.0,0.065,1.0,634000000.0,0.55,808000000.0,12000000.0,6211000000.0,,441000000.0,4070000000.0,4070000000.0,0.0,2794000000.0,936000000.0,1858000000.0,10447960000.0,-29000000.0,0.0,-385000000.0,-1000000.0,-53000000.0,-439000000.0,247000000.0,245000000.0,163000000.0,0.0,26000000.0,26000000.0,26000000.0,0.0,0.0,0.023,558000000.0,76000000.0,277000000.0,1.846,2.497,19.825,20.229,497000000.0,0.0,4.855,2.186,2.198,514000000.0,4010000000.0,1153000000.0,1153000000.0,320000000.0,,,,,48000000.0,149000000.0,1.0,2152000000.0,2164000000,2224000000.0,0.533,6171000000.0,59000000.0,46000000.0,0.0,2.852,4672000000.0
25,NVDA,MRQ,2015-03-31,2015-04-26,2015-04-26,2021-08-20,8000000.0,7291000000.0,,5832000000.0,1459000000.0,,2.075,-30000000.0,464000000.0,464000000.0,498000000.0,134000000.0,6.605,0.6,1404000000.0,0.0,1404000000.0,1404000000.0,0.0,54000000.0,0.0,0.015,0.021,184000000.0,238000000.0,0.207,238000000.0,184000000.0,172000000.0,0.06,0.06,0.06,4556000000.0,,4556000000.0,13014753848.0,16.0,12.648,216000000.0,0.098,1.0,653000000.0,0.567,823000000.0,12000000.0,6525000000.0,,438000000.0,4328000000.0,4328000000.0,0.0,2735000000.0,883000000.0,1852000000.0,12112979848.0,-33000000.0,0.0,-3000000.0,-1000000.0,-46000000.0,-44000000.0,-235000000.0,-204000000.0,246000000.0,0.0,134000000.0,134000000.0,134000000.0,0.0,0.0,0.116,477000000.0,176000000.0,222000000.0,0.35,2.659,19.258,19.325,547000000.0,0.0,5.508,2.561,2.557,455000000.0,4037000000.0,1151000000.0,1151000000.0,339000000.0,,,,,39000000.0,138000000.0,1.0,2199360844.0,2196000000,2272000000.0,0.524,6468000000.0,58000000.0,38000000.0,0.0,2.945,4949000000.0
26,NVDA,MRQ,2014-12-31,2015-01-25,2015-01-25,2021-08-20,8000000.0,7201000000.0,,5713000000.0,1488000000.0,,2.034,-31000000.0,497000000.0,497000000.0,552000000.0,194000000.0,6.376,0.63,1398000000.0,0.0,1398000000.0,1398000000.0,0.0,54000000.0,0.0,0.016,0.021,239000000.0,293000000.0,0.234,293000000.0,239000000.0,228000000.0,0.087,0.088,0.087,4418000000.0,,4418000000.0,12254202220.0,15.0,12.002,412000000.0,0.19,1.0,699000000.0,0.559,840000000.0,11000000.0,6366000000.0,,483000000.0,4126000000.0,4126000000.0,0.0,2783000000.0,896000000.0,1887000000.0,11256649220.0,102000000.0,0.0,-133000000.0,2000000.0,-46000000.0,-23000000.0,-318000000.0,-287000000.0,443000000.0,0.0,194000000.0,194000000.0,194000000.0,0.0,0.0,0.155,468000000.0,231000000.0,293000000.0,0.241,2.548,17.839,18.167,557000000.0,0.0,5.178,2.404,2.442,474000000.0,3949000000.0,1251000000.0,1251000000.0,349000000.0,,,,,37000000.0,119000000.0,1.0,2174147604.0,2172000000,2216000000.0,0.576,6361000000.0,63000000.0,34000000.0,0.0,2.929,4817000000.0
27,NVDA,MRQ,2014-09-30,2014-10-26,2014-10-26,2021-08-20,9761000.0,6885869000.0,,5341109000.0,1544760000.0,,1.918,-39000000.0,394683000.0,394683000.0,549000000.0,173000000.0,5.719,0.638,1392236000.0,0.0,1392236000.0,1392236000.0,0.0,55000000.0,0.0,0.018,0.021,220000000.0,275000000.0,0.224,275000000.0,220000000.0,209000000.0,0.08,0.077,0.08,4204593000.0,,4204593000.0,10885590140.0,15.0,11.365,177000000.0,0.081,1.0,676000000.0,0.552,884480000.0,11000000.0,6065035000.0,,408081000.0,3846114000.0,3846114000.0,0.0,2681276000.0,933907000.0,1747369000.0,10014591140.0,-120000000.0,0.0,-279000000.0,-1000000.0,-46000000.0,-321000000.0,-15000000.0,25000000.0,216000000.0,0.0,173000000.0,173000000.0,173000000.0,0.0,0.0,0.141,463000000.0,213000000.0,328097000.0,0.263,2.382,17.121,17.567,566601000.0,0.0,4.62,2.189,2.214,563400000.0,3801966000.0,1225000000.0,1225000000.0,340000000.0,,,,,36000000.0,123000000.0,1.0,2167660420.0,2192000000,2232000000.0,0.559,6001389000.0,61498000.0,36000000.0,0.0,2.738,4407202000.0
28,NVDA,MRQ,2014-06-30,2014-07-27,2014-07-27,2021-08-20,4378000.0,6933719000.0,,5377586000.0,1556133000.0,,1.929,-23000000.0,515092000.0,515092000.0,484000000.0,128000000.0,6.19,0.611,1386091000.0,0.0,1386091000.0,1386091000.0,0.0,56000000.0,0.0,0.019,0.021,167000000.0,223000000.0,0.202,223000000.0,167000000.0,155000000.0,0.058,0.055,0.058,4304786000.0,,4304786000.0,10797013872.0,16.0,12.161,73000000.0,0.033,1.0,619000000.0,0.561,903792000.0,12000000.0,6032197000.0,,387434000.0,3870962000.0,3870962000.0,0.0,2628933000.0,868729000.0,1760204000.0,9926219872.0,6000000.0,0.0,18000000.0,0.0,-47000000.0,-26000000.0,-64000000.0,-41000000.0,96000000.0,0.0,128000000.0,128000000.0,128000000.0,0.0,0.0,0.116,456000000.0,163000000.0,261627000.0,0.362,2.306,18.705,19.17,556911000.0,0.0,4.447,2.254,2.254,469625000.0,3675071000.0,1103000000.0,1103000000.0,337000000.0,,,,,35000000.0,119000000.0,1.0,2231865064.0,2232000000,2284000000.0,0.494,6029927000.0,66697000.0,27000000.0,0.0,2.702,4508857000.0
29,NVDA,MRQ,2014-03-31,2014-04-27,2014-04-27,2021-08-20,6364000.0,6864663000.0,,5273798000.0,1590865000.0,,1.864,-8000000.0,509165000.0,509165000.0,499000000.0,137000000.0,5.873,0.647,1379959000.0,0.0,1379959000.0,1379959000.0,0.0,55000000.0,0.0,0.017,0.021,174000000.0,229000000.0,0.208,229000000.0,174000000.0,163000000.0,0.06,0.06,0.06,4166985000.0,,4166985000.0,10603229647.0,18.0,12.633,143000000.0,0.064,1.0,604000000.0,0.548,920709000.0,11000000.0,5916803000.0,,393280000.0,3838652000.0,3838652000.0,0.0,2697678000.0,897945000.0,1799733000.0,10380941647.0,-643000000.0,0.0,-420000000.0,-1000000.0,-47000000.0,-464000000.0,-330000000.0,-322000000.0,151000000.0,0.0,137000000.0,137000000.0,137000000.0,0.0,0.0,0.124,453000000.0,151000000.0,309008000.0,0.35,2.491,20.799,21.779,570802000.0,0.0,4.683,2.426,2.447,396438000.0,3594527000.0,1103000000.0,1103000000.0,334000000.0,,,,,32000000.0,119000000.0,1.0,2216965648.0,2236000000,2280000000.0,0.493,5943954000.0,65196000.0,26000000.0,0.0,2.658,4375853000.0
30,NVDA,MRQ,2013-12-31,2014-01-26,2014-01-26,2021-08-20,4877000.0,7250894000.0,,5624711000.0,1626183000.0,,1.958,-41188000.0,1151587000.0,1151587000.0,524577000.0,146927000.0,5.949,0.627,1373875000.0,0.0,1373875000.0,1373875000.0,0.0,54690000.0,0.0,0.02,0.021,176126000.0,230816000.0,0.202,230816000.0,176126000.0,168634000.0,0.065,0.062,0.065,4456398000.0,,4456398000.0,8301345138.0,16.0,10.937,359378000.0,0.158,1.0,619479000.0,0.541,939191000.0,7492000.0,5588495000.0,,387765000.0,3520223000.0,3520223000.0,0.0,2794496000.0,945496000.0,1849000000.0,8846414138.0,589702000.0,145000.0,26251000.0,1477780000.0,-47993000.0,1288795000.0,-1099659000.0,-1056066000.0,400566000.0,0.0,146927000.0,146927000.0,146927000.0,0.0,0.0,0.128,452782000.0,166697000.0,324391000.0,0.323,1.985,20.105,20.691,582740000.0,0.0,3.89,2.142,2.215,426357000.0,3504742000.0,1144056000.0,1144056000.0,336807000.0,,,,,33652000.0,115975000.0,1.0,2274142452.0,2275644000,2318704000.0,0.503,6311703000.0,68494000.0,21707000.0,0.0,2.774,4679215000.0
31,NVDA,MRQ,2013-09-30,2013-10-27,2013-10-27,2021-08-20,5862000.0,5711373000.0,,4049841000.0,1661532000.0,,1.86,-38159000.0,562084000.0,562084000.0,469552000.0,118734000.0,4.108,0.322,17015000.0,0.0,17015000.0,17015000.0,0.0,62726000.0,0.0,0.02,0.019,142303000.0,205029000.0,0.195,205029000.0,142303000.0,141484000.0,0.05,0.05,0.05,4320647000.0,,4320647000.0,8244198099.0,15.0,10.624,124156000.0,0.053,1.0,584415000.0,0.554,963768000.0,819000.0,3216609000.0,,380319000.0,2470870000.0,2470870000.0,0.0,1390726000.0,985927000.0,404799000.0,8817834099.0,-29237000.0,-17145000.0,33446000.0,-611000.0,-43397000.0,-4179000.0,-187373000.0,-131069000.0,162315000.0,0.0,118734000.0,118734000.0,118734000.0,0.0,0.0,0.113,443427000.0,140988000.0,333283000.0,0.38,2.041,18.88,19.741,595418000.0,0.0,3.81,2.154,2.163,447631000.0,3406154000.0,1053967000.0,1053967000.0,340294000.0,,,,,27916000.0,103133000.0,1.0,2314392152.0,2323480000,2355008000.0,0.454,4747605000.0,107236000.0,22750000.0,0.0,2.043,3063914000.0
32,NVDA,MRQ,2013-06-30,2013-07-28,2013-07-28,2021-08-20,5897000.0,5569592000.0,,3922608000.0,1646984000.0,,1.782,-84986000.0,591321000.0,591321000.0,431700000.0,96448000.0,4.192,0.335,17685000.0,0.0,17685000.0,17685000.0,0.0,61840000.0,0.0,0.016,0.019,112656000.0,174496000.0,0.179,174496000.0,112656000.0,111820000.0,0.04,0.04,0.04,4172173000.0,,4172173000.0,7663323022.0,12.0,8.691,11483000.0,0.005,1.0,545538000.0,0.558,963550000.0,836000.0,3096615000.0,,378280000.0,2344572000.0,2344572000.0,0.0,1397419000.0,935791000.0,461628000.0,8206413022.0,29898000.0,0.0,-741693000.0,-593000.0,-43343000.0,-778389000.0,711818000.0,796804000.0,96469000.0,0.0,96448000.0,96448000.0,96448000.0,0.0,0.0,0.099,440004000.0,105534000.0,310271000.0,0.475,1.967,14.723,15.57,578948000.0,0.0,3.55,1.934,1.959,418123000.0,3330815000.0,977238000.0,977238000.0,331738000.0,,,,,25155000.0,108266000.0,1.0,2311665640.0,2341380000,2368024000.0,0.417,4606042000.0,108436000.0,15372000.0,0.0,1.967,2986817000.0
33,NVDA,MRQ,2013-03-31,2013-04-28,2013-04-28,2021-08-20,10293000.0,6279527000.0,,4606616000.0,1672911000.0,,1.955,-65667000.0,561423000.0,561423000.0,436171000.0,77891000.0,4.977,0.301,18333000.0,0.0,18333000.0,18333000.0,0.0,59744000.0,0.0,0.011,0.019,88915000.0,148659000.0,0.156,148659000.0,88915000.0,88062000.0,0.033,0.033,0.033,4824936000.0,,4824936000.0,7546506107.0,11.0,8.305,109983000.0,0.045,1.0,518568000.0,0.543,977763000.0,853000.0,3833097000.0,,377597000.0,3151928000.0,3151928000.0,0.0,1454591000.0,925577000.0,529014000.0,8260294107.0,-171363000.0,0.0,-77004000.0,-576000.0,-46267000.0,-116227000.0,-230786000.0,-163669000.0,175650000.0,0.0,77891000.0,77891000.0,77891000.0,0.0,0.0,0.082,435787000.0,82781000.0,328259000.0,0.576,1.712,14.242,14.266,588023000.0,0.0,3.353,1.917,1.919,346998000.0,3277713000.0,954739000.0,954739000.0,327161000.0,,,,,23277000.0,108626000.0,1.0,2463920688.0,2467488000,2477208000.0,0.387,5301764000.0,106336000.0,10171000.0,0.0,2.149,3681039000.0
34,NVDA,MRQ,2012-12-31,2013-01-27,2013-01-27,2021-08-20,9981000.0,6412245000.0,,4775258000.0,1636987000.0,,1.946,-47758000.0,732786000.0,732786000.0,521300000.0,173973000.0,4.892,0.328,18998000.0,0.0,18998000.0,18998000.0,0.0,58401000.0,0.0,0.006,0.019,189402000.0,247803000.0,0.224,247803000.0,189402000.0,186108000.0,0.07,0.07,0.07,4827703000.0,,4827703000.0,7248637403.0,11.0,8.13,403251000.0,0.163,1.0,585602000.0,0.529,953362000.0,3294000.0,3768872000.0,,412467000.0,2995097000.0,2995097000.0,0.0,1584542000.0,976223000.0,608319000.0,7754398403.0,207398000.0,0.0,-97846000.0,-2049000.0,-46866000.0,-102175000.0,-141436000.0,-93895000.0,451009000.0,0.0,173973000.0,173973000.0,173973000.0,0.0,0.0,0.157,402029000.0,183573000.0,356428000.0,0.271,1.606,13.785,13.607,576144000.0,0.0,3.103,1.812,1.796,454252000.0,3246088000.0,1106902000.0,1106902000.0,298007000.0,,,,,-7295000.0,104022000.0,1.0,2499403192.0,2480668000,2487636000.0,0.446,5458883000.0,103736000.0,12135000.0,0.0,2.201,3799035000.0
35,NVDA,MRQ,2012-09-30,2012-10-28,2012-10-28,2021-08-20,10860000.0,6075144000.0,,4424827000.0,1650317000.0,,1.897,-44684000.0,525388000.0,525388000.0,567452000.0,209080000.0,4.463,0.286,19627000.0,0.0,19627000.0,19627000.0,0.0,57148000.0,0.0,0.0,0.0,253628000.0,310776000.0,0.258,310776000.0,253628000.0,253628000.0,0.085,0.083,0.085,4722846000.0,,4722846000.0,6985307716.0,12.0,8.484,136801000.0,0.055,1.0,636658000.0,0.529,972278000.0,0.0,3605746000.0,,428983000.0,2909384000.0,2909384000.0,0.0,1352298000.0,991359000.0,360939000.0,7464688716.0,25770000.0,0.0,20103000.0,1011000.0,0.0,27084000.0,-182799000.0,-138332000.0,181485000.0,0.0,209080000.0,209080000.0,209080000.0,0.0,0.0,0.174,384441000.0,252217000.0,390265000.0,0.0,1.581,14.794,14.695,566540000.0,0.0,3.013,1.809,1.817,444944000.0,3118981000.0,1204110000.0,1204110000.0,284180000.0,,,,,25577000.0,100261000.0,1.0,2477904968.0,2489408000,2515380000.0,0.484,5102866000.0,49931000.0,44548000.0,0.0,2.05,3433468000.0
36,NVDA,MRQ,2012-06-30,2012-07-29,2012-07-29,2021-08-20,11159000.0,5891881000.0,,4213851000.0,1678030000.0,,1.799,-61944000.0,499618000.0,499618000.0,503551000.0,119046000.0,4.123,0.323,20237000.0,0.0,20237000.0,20237000.0,0.0,56195000.0,0.0,0.0,0.0,145208000.0,201403000.0,0.193,201403000.0,145208000.0,145208000.0,0.048,0.048,0.048,4453665000.0,,4453665000.0,7990080369.0,14.0,10.38,138942000.0,0.056,1.0,540719000.0,0.518,987968000.0,0.0,3402572000.0,,387185000.0,2778482000.0,2778482000.0,0.0,1438216000.0,1021960000.0,416256000.0,8338385369.0,130483000.0,0.0,5317000.0,-496000.0,0.0,14300000.0,-84703000.0,-22461000.0,200886000.0,0.0,119046000.0,119046000.0,119046000.0,0.0,0.0,0.114,401096000.0,139623000.0,417250000.0,0.0,1.872,17.6,17.455,574056000.0,0.0,3.369,2.091,2.091,445312000.0,2909901000.0,1044270000.0,1044270000.0,281193000.0,,,,,22776000.0,119903000.0,1.0,2475216436.0,2475984000,2492572000.0,0.422,4903913000.0,49931000.0,26162000.0,0.0,1.981,3191891000.0
37,NVDA,MRQ,2012-03-31,2012-04-29,2012-04-29,2021-08-20,10447000.0,5708167000.0,,4032116000.0,1676051000.0,,1.741,-28923000.0,369135000.0,369135000.0,461513000.0,60437000.0,4.256,0.331,20830000.0,0.0,20830000.0,20830000.0,0.0,54491000.0,0.0,0.0,0.0,77095000.0,131586000.0,0.142,131586000.0,77095000.0,77095000.0,0.025,0.025,0.025,4287428000.0,,4287428000.0,7349607829.0,13.0,9.21,-38131000.0,-0.015,1.0,463364000.0,0.501,1004425000.0,0.0,3408033000.0,,342707000.0,2761677000.0,2761677000.0,0.0,1420739000.0,947404000.0,473335000.0,7996044829.0,-298741000.0,0.0,37361000.0,-515000.0,0.0,45521000.0,-335054000.0,-306347000.0,-9208000.0,0.0,60437000.0,60437000.0,60437000.0,0.0,0.0,0.065,390538000.0,72826000.0,395578000.0,0.0,1.865,15.793,15.676,553541000.0,0.0,3.245,2.019,2.018,411155000.0,2790855000.0,924877000.0,924877000.0,283902000.0,,,,,26894000.0,106636000.0,1.0,2464112428.0,2463120000,2495144000.0,0.375,4703742000.0,49931000.0,16658000.0,0.0,1.91,3084712000.0
38,NVDA,MRQ,2011-12-31,2012-01-29,2012-01-29,2021-08-20,10614000.0,5552928000.0,,3905358000.0,1647570000.0,,1.691,-45182000.0,667876000.0,667876000.0,463181000.0,116025000.0,4.199,0.339,21439000.0,0.0,21439000.0,21439000.0,0.0,51895000.0,0.0,0.0,0.0,127666000.0,179561000.0,0.188,179561000.0,127666000.0,124577000.0,0.047,0.045,0.047,4145724000.0,,4145724000.0,8559975731.0,13.0,9.831,365336000.0,0.149,1.0,490013000.0,0.514,967166000.0,3089000.0,3009367000.0,,340297000.0,2461700000.0,2461700000.0,0.0,1407204000.0,929958000.0,477246000.0,9104842731.0,101060000.0,0.0,19367000.0,9899000.0,0.0,19037000.0,-328495000.0,-283613000.0,410518000.0,0.0,116025000.0,116025000.0,116025000.0,0.0,0.0,0.122,367696000.0,122317000.0,335072000.0,0.0,2.196,15.669,15.531,560072000.0,0.0,3.728,2.277,2.251,336143000.0,2730418000.0,953194000.0,953194000.0,266862000.0,,,,,35346000.0,100834000.0,1.0,2442613744.0,2451580000,2485680000.0,0.389,4585762000.0,49931000.0,8552000.0,0.0,1.871,2975400000.0
39,NVDA,MRQ,2011-09-30,2011-10-30,2011-10-30,2021-08-20,8997000.0,5089043000.0,,3500071000.0,1588972000.0,,1.636,-39035000.0,566816000.0,566816000.0,509463000.0,178273000.0,3.947,0.281,21949000.0,0.0,21949000.0,21949000.0,0.0,52387000.0,0.0,0.0,0.0,204787000.0,257174000.0,0.241,257174000.0,204787000.0,204787000.0,0.072,0.072,0.072,3973450000.0,,3973450000.0,8908025894.0,12.0,9.614,205382000.0,0.085,1.0,556717000.0,0.522,990892000.0,0.0,2666600000.0,,319602000.0,2181538000.0,2181538000.0,0.0,1115593000.0,886684000.0,228909000.0,9418146894.0,34202000.0,0.0,51705000.0,-457000.0,0.0,78930000.0,-289145000.0,-250110000.0,244417000.0,0.0,178273000.0,178273000.0,178273000.0,0.0,0.0,0.167,359627000.0,197090000.0,307943000.0,0.0,2.37,14.792,14.552,551757000.0,0.0,3.9,2.396,2.409,371261000.0,2614393000.0,1066180000.0,1066180000.0,256498000.0,,,,,5547000.0,103129000.0,1.0,2414909460.0,2428252000,2454240000.0,0.439,4098151000.0,26281000.0,26514000.0,0.0,1.688,2613387000.0
40,NVDA,MRQ,2011-06-30,2011-07-31,2011-07-31,2021-08-20,14434000.0,4864424000.0,,3317557000.0,1546867000.0,,1.534,-23323000.0,532614000.0,532614000.0,491233000.0,151573000.0,3.455,0.318,22493000.0,0.0,22493000.0,22493000.0,0.0,52159000.0,0.0,0.0,0.0,177547000.0,229706000.0,0.226,229706000.0,177547000.0,177547000.0,0.062,0.062,0.062,3689469000.0,,3689469000.0,7641312420.0,12.0,9.32,58698000.0,0.024,1.0,525284000.0,0.517,951649000.0,0.0,2442355000.0,,361911000.0,1941882000.0,1941882000.0,0.0,1174955000.0,960299000.0,214656000.0,8301988420.0,-151019000.0,-348884000.0,39499000.0,-10698000.0,0.0,40178000.0,-273218000.0,100496000.0,82021000.0,0.0,151573000.0,151573000.0,151573000.0,0.0,0.0,0.149,351254000.0,174030000.0,297813000.0,0.0,2.25,15.281,14.839,550896000.0,0.0,3.458,2.238,2.242,419944000.0,2436120000.0,1016517000.0,1016517000.0,247721000.0,,,,,24573000.0,103533000.0,1.0,2401153556.0,2405360000,2455736000.0,0.423,3912775000.0,26281000.0,25974000.0,0.0,1.627,2357258000.0
41,NVDA,MRQ,2011-03-31,2011-05-01,2011-05-01,2021-08-20,11121000.0,4736744000.0,,3496763000.0,1239981000.0,,1.449,-31195000.0,683633000.0,683633000.0,477536000.0,135219000.0,3.564,0.374,22957000.0,0.0,22957000.0,22957000.0,0.0,47764000.0,0.0,0.0,0.0,156485000.0,204249000.0,0.212,204249000.0,156485000.0,156485000.0,0.058,0.055,0.058,3447808000.0,,3447808000.0,11186028000.0,40.0,23.919,141005000.0,0.059,1.0,484503000.0,0.504,648605000.0,0.0,2446297000.0,,380964000.0,2042908000.0,2042908000.0,0.0,1288936000.0,981166000.0,307770000.0,11828000000.0,18272000.0,0.0,85286000.0,-352000.0,0.0,98578000.0,-252506000.0,-220928000.0,172200000.0,0.0,135219000.0,135219000.0,135219000.0,0.0,0.0,0.141,333331000.0,151172000.0,346295000.0,0.0,3.431,47.167,46.296,553366000.0,0.0,5.0,3.376,3.395,343202000.0,2284547000.0,962039000.0,962039000.0,231524000.0,,,,,18095000.0,98117000.0,1.0,2365600000.0,2379208000,2453896000.0,0.404,4088139000.0,9456000.0,21266000.0,0.0,1.718,2515597000.0
42,NVDA,MRQ,2010-12-31,2011-01-30,2011-01-30,2021-08-20,10272000.0,4495246000.0,,3226950000.0,1268296000.0,,1.363,-21343000.0,665361000.0,665361000.0,460017000.0,171651000.0,3.423,0.413,23389000.0,0.0,23389000.0,23389000.0,0.0,46393000.0,0.0,0.0,0.0,189033000.0,235426000.0,0.266,235426000.0,189033000.0,185906000.0,0.075,0.072,0.075,3181462000.0,,3181462000.0,13376745000.0,49.0,28.999,413330000.0,0.177,1.0,426359000.0,0.481,658589000.0,3127000.0,2252003000.0,,345525000.0,1825202000.0,1825202000.0,0.0,1313784000.0,942682000.0,371102000.0,13804560000.0,214187000.0,0.0,73145000.0,304000.0,0.0,88765000.0,-309251000.0,-287401000.0,434673000.0,0.0,171651000.0,171651000.0,171651000.0,0.0,0.0,0.194,246581000.0,179778000.0,286138000.0,0.0,4.339,54.532,54.0,568857000.0,0.0,5.94,3.896,3.857,348770000.0,2149328000.0,886376000.0,886376000.0,215563000.0,,,,,10052000.0,88018000.0,1.0,2324000000.0,2333792000,2404944000.0,0.38,3836657000.0,9456000.0,14255000.0,0.0,1.644,2284268000.0
43,NVDA,MRQ,2010-09-30,2010-10-31,2010-10-31,2021-08-20,12667000.0,3915579000.0,,2807702000.0,1107877000.0,,1.255,-21823000.0,451174000.0,451174000.0,451850000.0,84862000.0,3.439,0.351,23359000.0,0.0,23359000.0,23359000.0,0.0,46876000.0,0.0,0.0,0.0,103585000.0,150461000.0,0.178,150461000.0,103585000.0,103585000.0,0.037,0.037,0.037,2897880000.0,,2897880000.0,6546498000.0,29.0,15.717,190354000.0,0.082,1.0,392062000.0,0.465,482486000.0,0.0,2188789000.0,,377812000.0,1536046000.0,1536046000.0,0.0,1017699000.0,816489000.0,201210000.0,6899767000.0,74171000.0,0.0,26279000.0,-301000.0,0.0,25978000.0,-163984000.0,-142030000.0,212177000.0,0.0,84862000.0,84862000.0,84862000.0,0.0,0.0,0.101,288279000.0,103783000.0,324770000.0,0.0,2.381,32.459,31.633,585672000.0,0.0,3.005,1.896,1.907,399502000.0,1977677000.0,843912000.0,843912000.0,204527000.0,,,,,25177000.0,83752000.0,1.0,2296000000.0,2309292000,2330592000.0,0.365,3433093000.0,8752000.0,18723000.0,0.0,1.487,1991213000.0
44,NVDA,MRQ,2010-06-30,2010-08-01,2010-08-01,2021-08-20,11234000.0,3731268000.0,,2655962000.0,1075306000.0,,1.205,-37644000.0,377003000.0,377003000.0,676916000.0,-140961000.0,3.242,0.352,23734000.0,0.0,23734000.0,23734000.0,0.0,46573000.0,0.0,0.0,0.0,-169047000.0,-122474000.0,-0.151,-122474000.0,-169047000.0,-169047000.0,-0.062,-0.062,-0.062,2760514000.0,,2760514000.0,4835354000.0,21.0,11.377,-3300000.0,-0.001,1.0,134292000.0,0.166,488723000.0,0.0,2070137000.0,,434227000.0,1395497000.0,1395497000.0,0.0,970754000.0,819139000.0,151615000.0,5258518000.0,-70259000.0,0.0,14790000.0,-292000.0,0.0,14498000.0,-119101000.0,-79932000.0,34344000.0,0.0,-140961000.0,-140961000.0,-140961000.0,0.0,0.0,-0.174,309499000.0,-175207000.0,280041000.0,0.0,1.905,22.349,21.472,542216000.0,0.0,2.297,1.422,1.423,395934000.0,1892815000.0,811208000.0,811208000.0,210635000.0,,,,,24631000.0,98864000.0,1.0,2288800000.0,2291056000,2291056000.0,0.354,3242545000.0,8752000.0,-28086000.0,0.0,1.415,1836823000.0
45,NVDA,MRQ,2010-03-31,2010-05-02,2010-05-02,2021-08-20,10872000.0,3803030000.0,,2726980000.0,1076050000.0,,1.261,-17080000.0,447262000.0,447262000.0,545436000.0,137594000.0,3.563,0.329,24098000.0,0.0,24098000.0,24098000.0,0.0,47147000.0,0.0,0.0,0.0,150725000.0,197872000.0,0.198,197872000.0,150725000.0,150725000.0,0.06,0.058,0.06,2860645000.0,,2860645000.0,8476944000.0,29.0,17.31,-22477000.0,-0.01,1.0,456377000.0,0.456,485267000.0,0.0,2129306000.0,,388139000.0,1317634000.0,1317634000.0,0.0,942385000.0,765293000.0,177092000.0,8899715000.0,41000.0,0.0,63062000.0,-282000.0,0.0,62780000.0,-57342000.0,-40262000.0,-5397000.0,0.0,137594000.0,137594000.0,137594000.0,0.0,0.0,0.137,308984000.0,147393000.0,362740000.0,0.0,3.111,32.847,32.193,548916000.0,0.0,3.928,2.429,2.432,529663000.0,2033776000.0,1001813000.0,1001813000.0,218105000.0,,,,,25177000.0,90879000.0,1.0,2266000000.0,2268732000,2363988000.0,0.442,3317763000.0,8752000.0,13131000.0,0.0,1.462,1961687000.0
46,NVDA,MRQ,2009-12-31,2010-01-31,2010-01-31,2021-08-20,12172000.0,3585918000.0,,2480830000.0,1105088000.0,,1.194,-22575000.0,447221000.0,447221000.0,543767000.0,131076000.0,3.163,0.345,24450000.0,0.0,24450000.0,24450000.0,0.0,47914000.0,0.0,0.0,0.0,142741000.0,190655000.0,0.194,190655000.0,142741000.0,139421000.0,0.06,0.06,0.06,2665140000.0,,2665140000.0,7950181000.0,-101.0,67.552,46670000.0,0.021,1.0,438721000.0,0.447,490302000.0,3320000.0,1888467000.0,,330674000.0,1281006000.0,1281006000.0,0.0,920778000.0,784378000.0,136400000.0,8539911000.0,-167269000.0,0.0,45837000.0,-611000.0,0.0,47260000.0,-283774000.0,-261199000.0,69245000.0,0.0,131076000.0,131076000.0,131076000.0,0.0,0.0,0.133,304439000.0,134282000.0,344527000.0,0.0,3.204,-125.611,-128.25,571858000.0,0.0,3.848,2.567,2.543,374963000.0,1896182000.0,982488000.0,982488000.0,216251000.0,,,,,22586000.0,88188000.0,1.0,2219600000.0,2232340000,2232340000.0,0.44,3095616000.0,8752000.0,8345000.0,0.0,1.387,1696452000.0
47,NVDA,MRQ,2009-09-30,2009-10-25,2009-10-25,2021-08-20,9645000.0,3463574000.0,,2357716000.0,1105858000.0,,1.099,-16593000.0,614490000.0,614490000.0,511423000.0,107577000.0,2.653,0.429,24760000.0,0.0,24760000.0,24760000.0,0.0,48770000.0,0.0,0.0,0.0,110207000.0,158977000.0,0.176,158977000.0,110207000.0,110207000.0,0.05,0.048,0.05,2423635000.0,,2423635000.0,6704845000.0,-17.0,-34.405,124724000.0,0.057,1.0,391783000.0,0.434,497661000.0,0.0,1487377000.0,,277643000.0,1019589000.0,1019589000.0,0.0,1039939000.0,888806000.0,151133000.0,7203570000.0,90705000.0,0.0,45100000.0,-215000.0,0.0,44885000.0,-95497000.0,-77904000.0,141317000.0,0.0,107577000.0,107577000.0,107577000.0,0.0,0.0,0.119,283938000.0,107845000.0,321530000.0,0.0,2.972,-20.776,-21.21,565296000.0,0.0,3.288,2.55,2.566,397820000.0,1765106000.0,903206000.0,903206000.0,197948000.0,,,,,22982000.0,85990000.0,1.0,2191200000.0,2205132000,2297524000.0,0.41,2965913000.0,16505000.0,2630000.0,0.0,1.345,1468910000.0
48,NVDA,MRQ,2009-06-30,2009-07-26,2009-07-26,2021-08-20,8670000.0,3298409000.0,,2167905000.0,1130504000.0,,1.028,-17656000.0,523785000.0,523785000.0,619797000.0,-105302000.0,2.432,0.468,25060000.0,0.0,25060000.0,25060000.0,0.0,49322000.0,0.0,0.0,0.0,-107101000.0,-57779000.0,-0.074,-57779000.0,-107101000.0,-107101000.0,-0.048,-0.048,-0.048,2247409000.0,,2247409000.0,6591829000.0,-15.0,-27.066,117461000.0,0.054,1.0,156723000.0,0.202,505522000.0,0.0,1402841000.0,,279216000.0,942320000.0,942320000.0,0.0,1051000000.0,891321000.0,159679000.0,7078752000.0,11511000.0,0.0,7432000.0,119000.0,0.0,7551000.0,-131157000.0,-114283000.0,135117000.0,0.0,-105302000.0,-105302000.0,-105302000.0,0.0,0.0,-0.136,266830000.0,-110107000.0,275978000.0,0.0,3.15,-18.032,-18.202,582914000.0,0.0,3.24,2.511,2.513,351960000.0,1657529000.0,776520000.0,776520000.0,192855000.0,,,,,32971000.0,73975000.0,1.0,2184800000.0,2186556000,2186556000.0,0.355,2792887000.0,20076000.0,-1799000.0,0.0,1.277,1276584000.0
49,NVDA,MRQ,2009-03-31,2009-04-26,2009-04-26,2021-08-20,4931000.0,3178704000.0,,2020684000.0,1158020000.0,,1.069,-20777000.0,512274000.0,512274000.0,474535000.0,-201338000.0,2.878,0.371,25351000.0,0.0,25351000.0,25351000.0,0.0,50658000.0,0.0,0.0,0.0,-224821000.0,-174163000.0,-0.262,-174163000.0,-224821000.0,-224821000.0,-0.092,-0.092,-0.092,2318876000.0,,2318876000.0,5808190042.0,-12.0,-20.304,121351000.0,0.056,1.0,189696000.0,0.286,512290000.0,0.0,1477319000.0,,327259000.0,825873000.0,825873000.0,0.0,859828000.0,702172000.0,157656000.0,6200244042.0,94586000.0,0.0,-38415000.0,-222000.0,0.0,-38637000.0,-8905000.0,11872000.0,142128000.0,0.0,-201338000.0,-201338000.0,-201338000.0,0.0,0.0,-0.303,420661000.0,-230965000.0,226114000.0,0.0,2.674,-15.19,-15.446,601053000.0,0.0,2.857,2.112,2.111,304393000.0,1762831000.0,664231000.0,664231000.0,301797000.0,,,,,162253000.0,118864000.0,1.0,2169814188.0,2169228000,2169228000.0,0.306,2666414000.0,0.0,-23483000.0,0.0,1.229,1318512000.0
50,NVDA,MRQ,2008-12-31,2009-01-25,2009-01-25,2021-08-20,3865000.0,3350727000.0,,2167958000.0,1182769000.0,,1.114,-42975000.0,417688000.0,417688000.0,339474000.0,-147665000.0,2.784,0.399,25634000.0,0.0,25634000.0,25634000.0,0.0,48055000.0,0.0,0.0,0.0,-169969000.0,-121914000.0,-0.253,-121914000.0,-169969000.0,-170375000.0,-0.065,-0.062,-0.065,2394652000.0,,2394652000.0,3679503378.0,-86.0,25.826,-62820000.0,-0.029,1.0,141666000.0,0.294,516945000.0,406000.0,1663137000.0,,537834000.0,837702000.0,837702000.0,0.0,956075000.0,778591000.0,177484000.0,4140756378.0,-43565000.0,0.0,6817000.0,0.0,0.0,7632000.0,-31352000.0,13533000.0,-19845000.0,0.0,-147665000.0,-147665000.0,-147665000.0,0.0,0.0,-0.307,316749000.0,-175083000.0,218864000.0,0.0,1.729,-137.837,-148.269,625798000.0,0.0,1.927,1.209,1.234,318435000.0,1964169000.0,481140000.0,481140000.0,211779000.0,,,,,40962000.0,86440000.0,1.0,2148252336.0,2150540000,2192504000.0,0.224,2833782000.0,16505000.0,-22710000.0,0.0,1.318,1389367000.0
51,NVDA,MRQ,2008-09-30,2008-10-26,2008-10-26,2021-08-20,-3970000.0,3648898000.0,,2480099000.0,1168799000.0,,1.143,-109008000.0,461253000.0,461253000.0,529812000.0,61748000.0,2.469,0.467,0.0,0.0,0.0,0.0,0.0,49304000.0,0.0,0.0,0.0,61003000.0,110307000.0,0.123,110307000.0,61003000.0,61003000.0,0.028,0.028,0.028,2487075000.0,,2487075000.0,2959863498.0,7.0,5.092,-66005000.0,-0.03,1.0,367843000.0,0.41,521932000.0,0.0,1661248000.0,,523988000.0,843635000.0,843635000.0,0.0,1161823000.0,1004465000.0,157358000.0,3679006498.0,-257890000.0,0.0,-272991000.0,0.0,0.0,-272991000.0,-27902000.0,81356000.0,43003000.0,0.0,61748000.0,61748000.0,61748000.0,0.0,0.0,0.069,311047000.0,56796000.0,387252000.0,0.0,1.479,9.821,9.895,609674000.0,0.0,1.653,0.887,0.867,607834000.0,2111834000.0,897655000.0,897655000.0,212360000.0,,,,,39450000.0,90349000.0,1.0,2226327684.0,2175228000,2258144000.0,0.413,3126966000.0,0.0,-745000.0,0.0,1.438,1475634000.0
52,NVDA,MRQ,2008-06-30,2008-07-27,2008-07-27,2021-08-20,-966000.0,3960049000.0,,2814219000.0,1145830000.0,,1.199,-53514000.0,719143000.0,719143000.0,742759000.0,-120929000.0,2.479,0.487,0.0,0.0,0.0,0.0,0.0,46306000.0,0.0,0.0,0.0,-146600000.0,-100294000.0,-0.112,-100294000.0,-146600000.0,-146600000.0,-0.055,-0.055,-0.055,2662915000.0,,2662915000.0,5609413399.0,9.0,7.277,27443000.0,0.012,1.0,149917000.0,0.168,510948000.0,0.0,1594942000.0,,432279000.0,938087000.0,938087000.0,0.0,1297134000.0,1135016000.0,162118000.0,6412721399.0,-84165000.0,0.0,9524000.0,0.0,0.0,9524000.0,-174646000.0,-124350000.0,80957000.0,0.0,-120929000.0,-120929000.0,-120929000.0,0.0,0.0,-0.135,305309000.0,-155392000.0,438892000.0,0.0,2.408,11.691,11.796,599478000.0,0.0,2.89,1.469,1.471,679416000.0,2050086000.0,892676000.0,892676000.0,212910000.0,,,,,39299000.0,92399000.0,1.0,2218934740.0,2221668000,2221668000.0,0.402,3449101000.0,0.0,-25671000.0,0.0,1.552,1679203000.0
53,NVDA,MRQ,2008-03-31,2008-04-27,2008-04-27,2021-08-20,1549000.0,3807458000.0,,2748993000.0,1058465000.0,,1.231,-202173000.0,803308000.0,803308000.0,638545000.0,176805000.0,3.136,0.391,0.0,0.0,0.0,0.0,0.0,41358000.0,0.0,0.0,0.0,213018000.0,254376000.0,0.221,254376000.0,213018000.0,213018000.0,0.08,0.075,0.08,2737178000.0,,2737178000.0,10451890617.0,11.0,9.469,-56928000.0,-0.026,1.0,514843000.0,0.446,496020000.0,0.0,1631578000.0,,420126000.0,818331000.0,818331000.0,0.0,1070280000.0,876552000.0,193728000.0,11178859617.0,76339000.0,-27948000.0,-93439000.0,0.0,0.0,-93439000.0,24533000.0,256154000.0,145245000.0,0.0,176805000.0,176805000.0,176805000.0,0.0,0.0,0.153,311864000.0,202979000.0,427855000.0,0.0,4.084,13.274,13.257,522056000.0,0.0,5.037,2.537,2.541,651800000.0,2171015000.0,1153388000.0,1153388000.0,218830000.0,,,,,42124000.0,93034000.0,1.0,2219128460.0,2222692000,2367956000.0,0.519,3311438000.0,0.0,36213000.0,0.0,1.49,1872441000.0
54,NVDA,MRQ,2007-12-31,2008-01-27,2008-01-27,2021-08-20,8034000.0,3747671000.0,,2888829000.0,858842000.0,,1.175,-70339000.0,726969000.0,726969000.0,653133000.0,256993000.0,2.987,0.432,0.0,0.0,0.0,0.0,0.0,36936000.0,0.0,0.0,0.0,279956000.0,316892000.0,0.263,316892000.0,279956000.0,279902000.0,0.115,0.105,0.115,2617912000.0,,2617912000.0,12804805727.0,14.0,12.377,182132000.0,0.082,1.0,549597000.0,0.457,460983000.0,54000.0,1592558000.0,,358521000.0,1082509000.0,1082509000.0,0.0,1129759000.0,967161000.0,162598000.0,13861507727.0,-329733000.0,-75542000.0,-156506000.0,0.0,0.0,-156286000.0,-425918000.0,-278415000.0,252471000.0,0.0,256993000.0,256993000.0,256993000.0,0.0,0.0,0.214,287098000.0,262499000.0,492099000.0,0.0,5.295,17.378,17.231,359808000.0,0.0,6.237,3.383,3.349,666494000.0,1994210000.0,1202730000.0,1202730000.0,195835000.0,,,,,34497000.0,91263000.0,1.0,2222285808.0,2228176000,2438916000.0,0.54,3286688000.0,11268000.0,22909000.0,0.0,1.475,1921668000.0
55,NVDA,MRQ,2007-09-30,2007-10-28,2007-10-28,2021-08-20,3350000.0,3475263000.0,,2756054000.0,719209000.0,,1.116,-70426000.0,1056702000.0,1056702000.0,600044000.0,235661000.0,3.218,0.402,0.0,0.0,0.0,0.0,0.0,33030000.0,0.0,0.0,0.0,266799000.0,299829000.0,0.269,299829000.0,266799000.0,266799000.0,0.105,0.095,0.105,2477926000.0,,2477926000.0,17964398395.0,23.0,19.882,330422000.0,0.149,1.0,515553000.0,0.462,371107000.0,0.0,1191012000.0,,306143000.0,796251000.0,796251000.0,0.0,997337000.0,856442000.0,140895000.0,18879143395.0,141957000.0,0.0,-51719000.0,0.0,0.0,-51719000.0,-207172000.0,-136746000.0,400848000.0,0.0,235661000.0,235661000.0,235661000.0,0.0,0.0,0.211,267712000.0,247841000.0,449792000.0,0.0,7.619,26.811,26.875,322946000.0,0.0,8.6,5.002,5.059,552407000.0,1737217000.0,1115597000.0,1115597000.0,179529000.0,,,,,32003000.0,88183000.0,1.0,2195249232.0,2219864000,2451940000.0,0.503,3104156000.0,0.0,31138000.0,140895000.0,1.398,1899612000.0
56,NVDA,MRQ,2007-06-30,2007-07-29,2007-07-29,2021-08-20,1586000.0,3036267000.0,,2397405000.0,638862000.0,,1.032,-20644000.0,914745000.0,914745000.0,511261000.0,172732000.0,3.521,0.343,0.0,0.0,0.0,0.0,0.0,31892000.0,0.0,0.0,0.0,200851000.0,232743000.0,0.249,232743000.0,200851000.0,200851000.0,0.08,0.072,0.08,2260278000.0,,2260278000.0,15379967879.0,24.0,20.315,301035000.0,0.138,1.0,423992000.0,0.453,348118000.0,0.0,1092606000.0,,276305000.0,656818000.0,656818000.0,0.0,775989000.0,680798000.0,95191000.0,16058918879.0,235794000.0,0.0,-37429000.0,0.0,0.0,-37429000.0,-48456000.0,-27812000.0,321679000.0,0.0,172732000.0,172732000.0,172732000.0,0.0,0.0,0.185,239232000.0,184760000.0,323381000.0,0.0,7.105,27.928,27.83,264832000.0,0.0,7.375,4.616,4.641,508435000.0,1501556000.0,935253000.0,935253000.0,157952000.0,,,,,29460000.0,81280000.0,1.0,2177480526.0,2189220000,2415320000.0,0.427,2688149000.0,0.0,28119000.0,95191000.0,1.228,1716607000.0
57,NVDA,MRQ,2007-03-31,2007-04-29,2007-04-29,2021-08-20,1284000.0,2800868000.0,,2154233000.0,646635000.0,,0.968,-26336000.0,678951000.0,678951000.0,464142000.0,132259000.0,3.453,0.336,0.0,0.0,0.0,0.0,0.0,31334000.0,0.0,0.0,0.0,153789000.0,185123000.0,0.219,185123000.0,153789000.0,153789000.0,0.06,0.055,0.06,2095894000.0,,2095894000.0,11362052680.0,21.0,17.398,268862000.0,0.124,1.0,380138000.0,0.45,341991000.0,0.0,1156059000.0,,332635000.0,628073000.0,628073000.0,0.0,704974000.0,623867000.0,81107000.0,11906466680.0,134537000.0,0.0,-80889000.0,0.0,0.0,-80889000.0,-79772000.0,-53436000.0,295198000.0,0.0,132259000.0,132259000.0,132259000.0,0.0,0.0,0.157,238892000.0,141246000.0,334046000.0,0.0,5.681,24.347,24.28,271190000.0,0.0,5.512,3.685,3.693,471519000.0,1328824000.0,844280000.0,844280000.0,158321000.0,,,,,37405000.0,80571000.0,1.0,2160229818.0,2164988000,2393196000.0,0.39,2458877000.0,0.0,21530000.0,0.0,1.136,1530366000.0
58,NVDA,MRQ,2006-12-31,2007-01-28,2007-01-28,2021-08-20,1436000.0,2675263000.0,,2031770000.0,643493000.0,,0.877,-61262000.0,544414000.0,544414000.0,493167000.0,163506000.0,3.181,0.333,0.0,0.0,0.0,0.0,0.0,34292000.0,0.0,0.0,0.0,151551000.0,185843000.0,0.211,185843000.0,151551000.0,151559000.0,0.075,0.065,0.075,2006919000.0,,2006919000.0,10447594804.0,21.0,17.333,154703000.0,0.068,1.0,385706000.0,0.439,346936000.0,-8000.0,1145106000.0,,354680000.0,573436000.0,573436000.0,0.0,668344000.0,638807000.0,29537000.0,11189000804.0,-197332000.0,-334763000.0,121160000.0,0.0,0.0,-55818000.0,-357479000.0,38546000.0,215965000.0,0.0,163506000.0,163506000.0,163506000.0,0.0,0.0,0.186,247192000.0,138514000.0,272075000.0,0.0,5.575,24.929,24.741,260828000.0,0.0,5.245,3.646,3.614,518680000.0,1196565000.0,878873000.0,878873000.0,162276000.0,,,,,47568000.0,84916000.0,1.0,2133269934.0,2288352000,2551032000.0,0.384,2328327000.0,16799000.0,-11947000.0,0.0,1.017,1392963000.0
59,NVDA,MRQ,2006-09-30,2006-10-29,2006-10-29,2021-08-20,-1325000.0,2531153000.0,,2025888000.0,505265000.0,,0.872,-28786000.0,741746000.0,741746000.0,486630000.0,106511000.0,3.08,0.371,340000.0,340000.0,0.0,340000.0,0.0,25031000.0,0.0,0.0,0.0,128349000.0,153380000.0,0.187,153380000.0,128349000.0,128327000.0,0.05,0.045,0.05,1845717000.0,,1845717000.0,10926609170.0,24.0,19.658,260532000.0,0.123,1.0,333942000.0,0.407,230217000.0,22000.0,901761000.0,,373558000.0,431849000.0,431849000.0,0.0,685436000.0,657769000.0,27667000.0,11414372170.0,353323000.0,-11000.0,0.0,0.0,0.0,60374000.0,3631000.0,32428000.0,289318000.0,0.0,106511000.0,106511000.0,106511000.0,0.0,0.0,0.13,216329000.0,117613000.0,324396000.0,0.0,6.184,29.826,29.652,220540000.0,0.0,5.397,4.043,4.044,439252000.0,1033059000.0,820572000.0,820572000.0,140732000.0,,,,,23094000.0,75597000.0,1.0,2115078228.0,2115944000,2346932000.0,0.388,2300936000.0,15086000.0,21816000.0,0.0,1.087,1368119000.0
60,NVDA,MRQ,2006-06-30,2006-07-30,2006-07-30,2021-08-20,-2374000.0,2183829000.0,,1726289000.0,457540000.0,,0.787,26248000.0,388423000.0,388423000.0,395391000.0,86753000.0,3.418,0.32,0.0,0.0,0.0,0.0,0.0,24208000.0,0.0,0.0,0.0,104528000.0,128736000.0,0.187,128736000.0,104528000.0,104522000.0,0.042,0.037,0.042,1654548000.0,,1654548000.0,7503707571.0,18.0,14.927,44110000.0,0.021,1.0,292128000.0,0.425,233085000.0,6000.0,1057277000.0,,378661000.0,462744000.0,462744000.0,0.0,529281000.0,505044000.0,24237000.0,7991470571.0,-99340000.0,-46359000.0,-211633000.0,0.0,0.0,-102171000.0,-15031000.0,5080000.0,17862000.0,0.0,86753000.0,86753000.0,86753000.0,0.0,0.0,0.126,196312000.0,95816000.0,230916000.0,0.0,4.83,23.46,23.039,177144000.0,0.0,3.778,3.09,3.07,459636000.0,926548000.0,687519000.0,687519000.0,127257000.0,,,,,20810000.0,69055000.0,1.0,2115078228.0,2101464000,2313534000.0,0.327,1950744000.0,12466000.0,17769000.0,0.0,0.928,1221245000.0
61,NVDA,MRQ,2006-03-31,2006-04-30,2006-04-30,2021-08-20,-2451000.0,2200828000.0,,1723981000.0,476847000.0,,0.79,-67026000.0,487763000.0,487763000.0,393134000.0,92064000.0,3.225,0.335,0.0,0.0,0.0,0.0,0.0,24031000.0,0.0,0.0,0.0,110776000.0,134807000.0,0.198,134807000.0,110776000.0,110776000.0,0.043,0.04,0.043,1648620000.0,,1648620000.0,9645170542.0,25.0,20.029,-17490000.0,-0.008,1.0,288673000.0,0.423,227592000.0,0.0,950947000.0,,346431000.0,467290000.0,467290000.0,0.0,552208000.0,534526000.0,17682000.0,10196926542.0,-63993000.0,-20667000.0,36655000.0,0.0,0.0,43985000.0,-157514000.0,-69821000.0,49536000.0,0.0,92064000.0,92064000.0,92064000.0,0.0,0.0,0.135,187164000.0,101509000.0,298147000.0,0.0,6.185,31.115,30.629,180206000.0,0.0,4.87,4.122,4.11,391270000.0,839795000.0,681807000.0,681807000.0,123202000.0,,,,,16781000.0,63962000.0,1.0,2093824752.0,2087622000,2336568000.0,0.327,1973236000.0,40703000.0,18712000.0,0.0,0.945,1189455000.0
62,NVDA,MRQ,2005-12-31,2006-01-29,2006-01-29,2021-08-20,-1957000.0,1954687000.0,,1550299000.0,404388000.0,,0.729,-23445000.0,551756000.0,551756000.0,378812000.0,97374000.0,3.534,0.307,0.0,0.0,0.0,0.0,0.0,23788000.0,0.0,0.0,0.0,115135000.0,138923000.0,0.219,138923000.0,115135000.0,115076000.0,0.047,0.044,0.047,1495992000.0,,1495992000.0,7552592221.0,21.0,16.605,201938000.0,0.098,1.0,254802000.0,0.402,160738000.0,59000.0,803534000.0,,254870000.0,398418000.0,398418000.0,0.0,458695000.0,438659000.0,20036000.0,7916900221.0,187448000.0,-12131000.0,77006000.0,856000.0,0.0,-27232000.0,-10703000.0,24873000.0,225383000.0,0.0,97374000.0,97374000.0,97374000.0,0.0,0.0,0.154,144112000.0,110690000.0,179395000.0,0.0,5.292,26.287,26.219,178152000.0,0.0,3.854,3.332,3.304,318186000.0,747731000.0,633614000.0,633614000.0,93346000.0,,,,,25977000.0,50766000.0,1.0,2054114652.0,2052516000,2239008000.0,0.309,1793949000.0,40703000.0,17702000.0,0.0,0.874,1111640000.0
63,NVDA,MRQ,2005-09-30,2005-10-30,2005-10-30,2021-08-20,-4365000.0,1805508000.0,,1449976000.0,355532000.0,,0.661,-13466000.0,364308000.0,364308000.0,355420000.0,64447000.0,3.394,0.338,0.0,0.0,0.0,0.0,0.0,24522000.0,0.0,0.0,0.0,75718000.0,100240000.0,0.172,100240000.0,75718000.0,75718000.0,0.032,0.03,0.032,1349441000.0,,1349441000.0,5226826942.0,18.0,13.45,70633000.0,0.035,1.0,227995000.0,0.391,152314000.0,0.0,861719000.0,,284847000.0,421870000.0,421870000.0,0.0,456067000.0,427167000.0,28900000.0,5468996942.0,122138000.0,0.0,-39509000.0,-856000.0,0.0,8834000.0,29205000.0,42671000.0,84099000.0,0.0,64447000.0,64447000.0,64447000.0,0.0,0.0,0.11,158423000.0,69572000.0,179777000.0,0.0,4.053,22.781,22.895,178505000.0,0.0,2.702,2.369,2.389,351737000.0,777048000.0,583415000.0,583415000.0,88829000.0,,,,,1658000.0,55436000.0,1.0,2024304852.0,2041524000,2201142000.0,0.286,1653194000.0,3265000.0,11271000.0,20754000.0,0.81,1022809000.0
64,NVDA,MRQ,2005-06-30,2005-07-31,2005-07-31,2021-08-20,-4218000.0,1728218000.0,,1401915000.0,326303000.0,,0.629,-29185000.0,242170000.0,242170000.0,357437000.0,73833000.0,3.295,0.355,0.0,0.0,0.0,0.0,0.0,24770000.0,0.0,0.0,0.0,82814000.0,107584000.0,0.187,107584000.0,82814000.0,82812000.0,0.037,0.033,0.037,1275233000.0,,1275233000.0,4291354438.0,18.0,12.447,18162000.0,0.009,1.0,217375000.0,0.378,131375000.0,2000.0,929175000.0,,300955000.0,475376000.0,475376000.0,0.0,452985000.0,425498000.0,27487000.0,4572013438.0,-38834000.0,0.0,-50042000.0,0.0,0.0,-30503000.0,-55678000.0,-26493000.0,47347000.0,0.0,73833000.0,73833000.0,73833000.0,0.0,0.0,0.128,139782000.0,77593000.0,221047000.0,0.0,3.585,22.69,22.55,178951000.0,0.0,2.255,2.04,2.04,355393000.0,711795000.0,574812000.0,574812000.0,87113000.0,,,,,2355000.0,52669000.0,1.0,2027500416.0,2027316000,2170044000.0,0.284,1596843000.0,3265000.0,8979000.0,20754000.0,0.788,976417000.0
65,NVDA,MRQ,2005-03-31,2005-05-01,2005-05-01,2021-08-20,-3908000.0,1635094000.0,,1319657000.0,315437000.0,,0.608,-13504000.0,281004000.0,281004000.0,373985000.0,65522000.0,3.514,0.329,345000.0,345000.0,0.0,345000.0,0.0,24897000.0,0.0,0.0,0.0,83192000.0,108089000.0,0.185,108089000.0,83192000.0,83182000.0,0.032,0.03,0.032,1230587000.0,,1230587000.0,3518827364.0,22.0,13.145,76075000.0,0.038,1.0,209861000.0,0.359,135523000.0,10000.0,843392000.0,,307759000.0,450508000.0,450508000.0,0.0,404507000.0,375520000.0,28987000.0,3726483364.0,72492000.0,0.0,-48467000.0,0.0,0.0,-12476000.0,-4611000.0,8893000.0,89579000.0,0.0,65522000.0,65522000.0,65522000.0,0.0,0.0,0.112,131052000.0,78809000.0,182146000.0,0.0,3.028,28.063,27.689,169236000.0,0.0,1.827,1.756,1.743,255252000.0,636958000.0,583846000.0,583846000.0,87835000.0,,,,,2750000.0,43217000.0,1.0,2039115384.0,2023764000,2166174000.0,0.288,1499571000.0,3265000.0,17660000.0,20754000.0,0.741,944137000.0
66,NVDA,MRQ,2004-12-31,2005-01-30,2005-01-30,2021-08-20,-3463000.0,1663551000.0,,1306906000.0,356645000.0,,0.61,-17977000.0,208512000.0,208512000.0,374592000.0,36268000.0,3.103,0.362,856000.0,856000.0,0.0,856000.0,0.0,31085000.0,0.0,0.0,0.0,41610000.0,72695000.0,0.128,72695000.0,41610000.0,41593000.0,0.018,0.017,0.018,1221091000.0,,1221091000.0,3647624289.0,34.0,17.387,81194000.0,0.041,1.0,191884000.0,0.339,135621000.0,17000.0,899118000.0,,315786000.0,461533000.0,461533000.0,0.0,442460000.0,421156000.0,21304000.0,3802951289.0,51825000.0,0.0,42502000.0,3511000.0,0.0,11175000.0,-58521000.0,-40544000.0,99171000.0,0.0,36268000.0,36268000.0,36268000.0,0.0,0.0,0.064,153145000.0,38739000.0,238223000.0,0.0,3.114,42.915,42.37,178955000.0,0.0,1.907,1.892,1.89,296279000.0,446555000.0,566476000.0,566476000.0,97170000.0,,,,,28386000.0,55975000.0,1.0,1994554872.0,2000448000,2092428000.0,0.283,1527930000.0,38012000.0,5325000.0,0.0,0.764,885750000.0
67,NVDA,MRQ,2004-09-30,2004-10-24,2004-10-24,2021-08-20,-1502000.0,1539656000.0,,1211151000.0,328505000.0,,0.556,-14057000.0,156687000.0,156687000.0,348849000.0,25879000.0,2.917,0.389,1360000.0,1360000.0,0.0,1360000.0,0.0,24026000.0,0.0,0.0,0.0,32374000.0,56400000.0,0.109,56400000.0,32374000.0,32349000.0,0.013,0.013,0.013,1108411000.0,,1108411000.0,2033126348.0,39.0,13.868,-13623000.0,-0.007,1.0,166742000.0,0.323,138175000.0,25000.0,831001000.0,,297551000.0,431163000.0,431163000.0,0.0,431245000.0,415153000.0,16092000.0,2211667348.0,-23892000.0,0.0,-24644000.0,-678000.0,0.0,-14286000.0,-10040000.0,4017000.0,434000.0,0.0,25879000.0,25879000.0,25879000.0,0.0,0.0,0.05,137984000.0,28758000.0,262960000.0,0.0,1.995,43.602,42.564,182198000.0,0.0,1.107,1.155,1.152,307409000.0,524505000.0,515591000.0,515591000.0,87880000.0,,,,,305000.0,50104000.0,1.0,1998494592.0,1993464000,2074428000.0,0.259,1401481000.0,3261000.0,6470000.0,8609000.0,0.703,795998000.0
68,NVDA,MRQ,2004-06-30,2004-07-25,2004-07-25,2021-08-20,-2175000.0,1480889000.0,,1146294000.0,334595000.0,,0.549,-16628000.0,180579000.0,180579000.0,315968000.0,5119000.0,3.065,0.352,2038000.0,2038000.0,0.0,2038000.0,0.0,24074000.0,0.0,0.0,0.0,6445000.0,30519000.0,0.067,30519000.0,6445000.0,6399000.0,0.003,0.003,0.003,1095162000.0,,1095162000.0,2232624220.0,78.0,18.242,-45519000.0,-0.023,1.0,140093000.0,0.307,143330000.0,46000.0,784982000.0,,266985000.0,432745000.0,432745000.0,0.0,385727000.0,374036000.0,11691000.0,2425911220.0,-16096000.0,0.0,0.0,-1350000.0,0.0,3256000.0,9539000.0,26167000.0,-28891000.0,0.0,5119000.0,5119000.0,5119000.0,0.0,0.0,0.011,136294000.0,3799000.0,223201000.0,0.0,2.215,77.751,76.146,182988000.0,0.0,1.218,1.286,1.289,246396000.0,498626000.0,456061000.0,456061000.0,85420000.0,,,,,364000.0,50874000.0,1.0,1991172000.0,1995024000,2129028000.0,0.229,1337559000.0,3261000.0,1280000.0,8609000.0,0.67,772258000.0
69,NVDA,MRQ,2004-03-31,2004-04-25,2004-04-25,2021-08-20,-1145000.0,1458190000.0,,1116957000.0,341233000.0,,0.548,-18599000.0,196675000.0,196675000.0,323069000.0,21349000.0,3.115,0.343,3388000.0,3043000.0,345000.0,3388000.0,0.0,23412000.0,0.0,0.0,0.0,26763000.0,50175000.0,0.106,50175000.0,26763000.0,26687000.0,0.011,0.01,0.011,1086103000.0,,1086103000.0,3635573954.0,69.0,25.554,42887000.0,0.022,1.0,148836000.0,0.315,148937000.0,76000.0,757415000.0,,234796000.0,460628000.0,460628000.0,0.0,372087000.0,358551000.0,13536000.0,3845124954.0,-17747000.0,0.0,0.0,-1483000.0,0.0,13698000.0,-92931000.0,-74332000.0,61486000.0,0.0,21349000.0,21349000.0,21349000.0,0.0,0.0,0.045,124956000.0,23880000.0,214618000.0,0.0,3.54,76.547,74.487,185041000.0,0.0,1.937,2.035,2.031,205308000.0,493507000.0,471905000.0,471905000.0,77750000.0,,,,,383000.0,47206000.0,1.0,1985434572.0,1982052000,2141748000.0,0.238,1309253000.0,3261000.0,5338000.0,8609000.0,0.661,758406000.0
70,NVDA,MRQ,2003-12-31,2004-01-25,2004-01-25,2021-08-20,850000.0,1399344000.0,,1052712000.0,346632000.0,,0.536,-12356000.0,214422000.0,214422000.0,337531000.0,-1623000.0,3.151,0.331,4871000.0,4015000.0,856000.0,4871000.0,0.0,23534000.0,0.0,0.0,0.0,-14025000.0,9509000.0,0.02,9509000.0,-14025000.0,-14120000.0,-0.001,-0.001,-0.001,1051185000.0,,1051185000.0,3521177821.0,60.0,25.105,-13305000.0,-0.007,1.0,134588000.0,0.285,148872000.0,95000.0,706809000.0,,234238000.0,389621000.0,389621000.0,0.0,348159000.0,334112000.0,14047000.0,3744568821.0,-17391000.0,0.0,0.0,-3551000.0,0.0,4454000.0,-20896000.0,-8540000.0,-949000.0,0.0,-1623000.0,-1623000.0,-1623000.0,0.0,0.0,-0.003,151141000.0,-16553000.0,185342000.0,0.0,3.562,77.001,76.967,190029000.0,0.0,1.924,2.054,2.038,196631000.0,472158000.0,472119000.0,472119000.0,94180000.0,,,,,44650000.0,56961000.0,1.0,1946073012.0,1961004000,2086284000.0,0.241,1250472000.0,3261000.0,-12497000.0,8609000.0,0.638,718600000.0
71,NVDA,MRQ,2003-09-30,2003-10-26,2003-10-26,2021-08-20,389000.0,1458780000.0,,1058104000.0,400676000.0,,0.521,-23385000.0,231813000.0,231813000.0,351938000.0,6356000.0,2.43,0.445,8422000.0,5788000.0,2634000.0,8422000.0,0.0,22842000.0,0.0,0.0,0.0,9347000.0,32189000.0,0.066,32189000.0,9347000.0,5553000.0,0.003,0.003,0.003,1009682000.0,,1009682000.0,2783533672.0,19.0,12.493,-32000000.0,-0.017,1.0,134131000.0,0.276,153512000.0,3794000.0,646375000.0,,260819000.0,380313000.0,380313000.0,0.0,449098000.0,435502000.0,13596000.0,2747780672.0,-42484000.0,-71303000.0,0.0,-301693000.0,0.0,-291825000.0,257956000.0,352644000.0,-8615000.0,0.0,6356000.0,6356000.0,6356000.0,0.0,0.0,0.013,118770000.0,15361000.0,242309000.0,0.0,2.721,27.155,26.903,196230000.0,0.0,1.426,1.51,1.519,157839000.0,447992000.0,486069000.0,486069000.0,73052000.0,,,,,205000.0,42218000.0,1.0,1927140156.0,1938984000,2077788000.0,0.251,1305268000.0,56167000.0,-803000.0,6380000.0,0.673,622602000.0
72,NVDA,MRQ,2003-06-30,2003-07-27,2003-07-27,2021-08-20,2989000.0,1780113000.0,,1446043000.0,334070000.0,,0.518,-66271000.0,274297000.0,274297000.0,329800000.0,24150000.0,3.036,0.788,310050000.0,6528000.0,303522000.0,310050000.0,0.0,19610000.0,0.0,0.0,0.0,30789000.0,50399000.0,0.11,50399000.0,30789000.0,26661000.0,0.013,0.012,0.013,995853000.0,,995853000.0,3381555600.0,35.0,20.828,-47457000.0,-0.025,1.0,129974000.0,0.283,79088000.0,4128000.0,1260540000.0,,217859000.0,737290000.0,737290000.0,0.0,784260000.0,476238000.0,308022000.0,3349954600.0,-4499000.0,0.0,0.0,-1390000.0,0.0,10648000.0,-33961000.0,32310000.0,18814000.0,0.0,24150000.0,24150000.0,24150000.0,0.0,0.0,0.053,105342000.0,24632000.0,282397000.0,0.0,3.364,72.515,76.304,198945000.0,0.0,1.755,1.899,1.911,190213000.0,441636000.0,459774000.0,459774000.0,65620000.0,,,,,0.0,39722000.0,1.0,1908806040.0,1920924000,2094612000.0,0.239,1701025000.0,54566000.0,2511000.0,0.0,0.886,969805000.0
73,NVDA,MRQ,2003-03-31,2003-04-27,2003-04-27,2021-08-20,4154000.0,1687533000.0,,1400789000.0,286744000.0,,0.505,-25592000.0,278796000.0,278796000.0,278415000.0,19747000.0,3.363,0.756,310397000.0,6203000.0,304194000.0,310397000.0,0.0,15958000.0,0.0,0.0,0.0,32204000.0,48162000.0,0.119,48162000.0,32204000.0,28210000.0,0.01,0.01,0.01,960830000.0,,960830000.0,2118504800.0,29.0,15.866,14836000.0,0.008,1.0,126568000.0,0.313,82352000.0,3994000.0,1220273000.0,,165785000.0,771542000.0,771542000.0,0.0,726703000.0,416509000.0,310194000.0,2154942800.0,-68198000.0,0.0,0.0,-1414000.0,0.0,6432000.0,-115058000.0,-89466000.0,40428000.0,0.0,19747000.0,19747000.0,19747000.0,0.0,0.0,0.049,100220000.0,26348000.0,234437000.0,0.0,2.243,78.933,86.859,148904000.0,0.0,1.129,1.245,1.241,155751000.0,417486000.0,404983000.0,404983000.0,59310000.0,,,,,156000.0,40910000.0,1.0,1908436428.0,1903464000,2015100000.0,0.213,1605181000.0,54566000.0,8463000.0,0.0,0.843,984280000.0
74,NVDA,MRQ,2002-12-31,2003-01-26,2003-01-26,2021-08-20,3760000.0,1617015000.0,,1351602000.0,265413000.0,,0.493,-9940000.0,346994000.0,346994000.0,301442000.0,50936000.0,3.562,0.734,310556000.0,5676000.0,304880000.0,310556000.0,0.0,15151000.0,0.0,0.0,0.0,76915000.0,92066000.0,0.196,92066000.0,76915000.0,72766000.0,0.028,0.025,0.028,932687000.0,,932687000.0,1592742869.0,10.0,7.071,114385000.0,0.06,1.0,167511000.0,0.357,76471000.0,4149000.0,1124658000.0,,145046000.0,681419000.0,681419000.0,0.0,684328000.0,379448000.0,304880000.0,1603357869.0,24459000.0,0.0,0.0,-1364000.0,0.0,-384000.0,-99482000.0,-89542000.0,124325000.0,0.0,50936000.0,50936000.0,50936000.0,0.0,0.0,0.109,96775000.0,70736000.0,141129000.0,0.0,1.719,17.658,17.296,135152000.0,0.0,0.848,0.84,0.818,154501000.0,397739000.0,468953000.0,468953000.0,57373000.0,,,,,60000.0,39402000.0,1.0,1891867692.0,1891980000,2023776000.0,0.248,1540544000.0,54566000.0,21830000.0,0.0,0.814,972154000.0
75,NVDA,MRQ,2002-09-30,2002-10-27,2002-10-27,2021-08-20,2326000.0,1629697000.0,,1346296000.0,283401000.0,,0.478,-8060000.0,322535000.0,322535000.0,328270000.0,-48636000.0,3.032,0.853,311920000.0,5580000.0,306340000.0,311920000.0,63495000.0,16166000.0,0.0,0.0,0.0,-44440000.0,-28274000.0,-0.066,-28274000.0,-44440000.0,-48636000.0,-0.027,-0.027,-0.027,879277000.0,,879277000.0,1765319075.0,9.0,6.672,83204000.0,0.045,1.0,102034000.0,0.237,78158000.0,4196000.0,1096844000.0,,205043000.0,589042000.0,589042000.0,0.0,750420000.0,444080000.0,306340000.0,1698602075.0,75719000.0,0.0,0.0,-1613000.0,0.0,2713000.0,-18258000.0,-10198000.0,91264000.0,0.0,-48636000.0,-48636000.0,-48636000.0,0.0,0.0,-0.113,152140000.0,-50106000.0,170589000.0,0.0,1.932,14.656,14.015,138778000.0,0.0,0.925,0.874,0.876,149861000.0,346802000.0,430304000.0,430304000.0,57779000.0,,,,,39906000.0,38693000.0,1.0,1836326568.0,1840896000,1840896000.0,0.234,1551539000.0,122470000.0,0.0,0.0,0.843,902216000.0
76,NVDA,MRQ,2002-06-30,2002-07-28,2002-07-28,2021-08-20,2179000.0,1615154000.0,,1324480000.0,290674000.0,,0.483,-23931000.0,246816000.0,246816000.0,327983000.0,5254000.0,3.126,0.828,313533000.0,5607000.0,307926000.0,313533000.0,62420000.0,14069000.0,0.0,0.0,0.0,7505000.0,21574000.0,0.05,21574000.0,7505000.0,7505000.0,0.003,0.003,0.003,883532000.0,,883532000.0,2236176826.0,7.0,6.146,-23263000.0,-0.013,1.0,99302000.0,0.232,80462000.0,0.0,1177713000.0,,285350000.0,579595000.0,579595000.0,0.0,731622000.0,423696000.0,307926000.0,2241446826.0,-60335000.0,79000.0,0.0,4646000.0,0.0,9846000.0,-70849000.0,-53997000.0,668000.0,0.0,5254000.0,5254000.0,5254000.0,0.0,0.0,0.012,93137000.0,6165000.0,165395000.0,0.0,2.537,10.889,10.477,143578000.0,0.0,1.226,1.193,1.192,133038000.0,395438000.0,427285000.0,427285000.0,57229000.0,,,,,2090000.0,35908000.0,1.0,1828508628.0,1827552000,2025240000.0,0.234,1534692000.0,122470000.0,2251000.0,0.0,0.84,900784000.0
77,NVDA,MRQ,2002-03-31,2002-04-28,2002-04-28,2021-08-20,-166000.0,1599717000.0,,1319064000.0,280653000.0,,0.48,-21192000.0,314151000.0,314151000.0,375740000.0,83245000.0,3.095,0.842,308881000.0,3944000.0,304937000.0,308881000.0,49369000.0,12830000.0,0.0,0.0,0.0,118922000.0,131752000.0,0.226,131752000.0,118922000.0,118922000.0,0.046,0.039,0.046,868651000.0,,868651000.0,4296121156.0,12.0,10.743,27583000.0,0.015,1.0,207165000.0,0.355,82857000.0,0.0,1085461000.0,,253927000.0,521246000.0,521246000.0,0.0,731066000.0,426129000.0,304937000.0,4390707156.0,-25849000.0,-3980000.0,0.0,-870000.0,0.0,14111000.0,-88735000.0,-63563000.0,48775000.0,0.0,83245000.0,83245000.0,83245000.0,0.0,0.0,0.143,89974000.0,117191000.0,190360000.0,0.0,5.055,18.802,19.029,131267000.0,0.0,2.531,2.565,2.674,151429000.0,390185000.0,582905000.0,582905000.0,52492000.0,,,,,6874000.0,37482000.0,1.0,1734885936.0,1808208000,2190780000.0,0.322,1516860000.0,122470000.0,35677000.0,0.0,0.839,892935000.0
78,NVDA,MRQ,2001-12-31,2002-01-27,2002-01-27,2021-08-20,108000.0,1503174000.0,,1234109000.0,269065000.0,,0.431,-20151000.0,340000000.0,340000000.0,314377000.0,76033000.0,2.847,0.968,309757000.0,3896000.0,305861000.0,309757000.0,70193000.0,14759000.0,0.0,0.0,0.0,124792000.0,139551000.0,0.277,139551000.0,124792000.0,108619000.0,0.044,0.036,0.044,763819000.0,,763819000.0,9370662519.0,35.0,29.994,27398000.0,0.015,1.0,189311000.0,0.376,81119000.0,16173000.0,958318000.0,,213877000.0,458377000.0,458377000.0,0.0,739355000.0,433494000.0,305861000.0,9465248519.0,-65491000.0,0.0,0.0,-1198000.0,0.0,47846000.0,-160886000.0,-140785000.0,47549000.0,0.0,76033000.0,76033000.0,76033000.0,0.0,0.0,0.151,81849000.0,107462000.0,214019000.0,0.0,12.392,53.499,52.969,120128000.0,0.0,5.456,6.912,6.837,147348000.0,306940000.0,503688000.0,503688000.0,43957000.0,,,,,30633000.0,34647000.0,1.0,1734885936.0,1770288000,2132808000.0,0.285,1422055000.0,122350000.0,32586000.0,0.0,0.803,800615000.0
79,NVDA,MRQ,2001-09-30,2001-10-28,2001-10-28,2021-08-20,818000.0,1247350000.0,,1006937000.0,240413000.0,,0.353,-21245000.0,405541000.0,405541000.0,231508000.0,41315000.0,3.053,1.043,310955000.0,4014000.0,306941000.0,310955000.0,143181000.0,11917000.0,0.0,0.0,0.0,59021000.0,70938000.0,0.194,70938000.0,59021000.0,59021000.0,0.024,0.02,0.024,610636000.0,,610636000.0,6168651784.0,33.0,27.864,-1782000.0,-0.001,1.0,133468000.0,0.366,85210000.0,0.0,737781000.0,,120488000.0,318674000.0,318674000.0,0.0,636714000.0,329773000.0,306941000.0,6572088784.0,-282587000.0,0.0,75000.0,5339000.0,0.0,15007000.0,-317057000.0,-316812000.0,19463000.0,0.0,41315000.0,41315000.0,41315000.0,0.0,0.0,0.113,76129000.0,57339000.0,108953000.0,0.0,10.763,50.367,49.556,108695000.0,0.0,3.816,6.063,6.084,117664000.0,232727000.0,364976000.0,364976000.0,44308000.0,,,,,27843000.0,24897000.0,1.0,1722320712.0,1728204000,2041908000.0,0.211,1162140000.0,70332000.0,17706000.0,0.0,0.672,677164000.0
80,NVDA,MRQ,2001-06-30,2001-07-29,2001-07-29,2021-08-20,0.0,1189258000.0,,965730000.0,223528000.0,,0.31,-23829000.0,709128000.0,709128000.0,157636000.0,32926000.0,6.03,1.254,305691000.0,2019000.0,303672000.0,305691000.0,197864000.0,10620000.0,0.0,0.0,0.0,47037000.0,57657000.0,0.222,57657000.0,47037000.0,47037000.0,0.019,0.016,0.019,527571000.0,,527571000.0,5328454593.0,31.0,27.174,34287000.0,0.02,1.0,102239000.0,0.393,80969000.0,0.0,544701000.0,,89610000.0,0.0,0.0,0.0,661687000.0,160151000.0,501536000.0,5683069593.0,53778000.0,-499000.0,-57000.0,4898000.0,0.0,19990000.0,-24328000.0,0.0,58116000.0,0.0,32926000.0,32926000.0,32926000.0,0.0,0.0,0.127,57865000.0,44374000.0,88737000.0,0.0,10.772,48.475,47.535,94863000.0,0.0,3.375,6.196,6.265,112846000.0,188066000.0,259875000.0,259875000.0,33894000.0,,,,,15608000.0,20278000.0,1.0,1683872472.0,1702512000,2043624000.0,0.153,1108289000.0,77926000.0,14111000.0,0.0,0.651,805579000.0
81,NVDA,MRQ,2001-03-31,2001-04-29,2001-04-29,2021-08-20,0.0,1081784000.0,,880653000.0,201131000.0,,0.278,-31741000.0,655351000.0,655351000.0,146712000.0,26650000.0,7.452,1.335,300736000.0,429000.0,300307000.0,300736000.0,200000000.0,6195000.0,0.0,0.0,0.0,38072000.0,44267000.0,0.184,44267000.0,38072000.0,38072000.0,0.016,0.013,0.016,463296000.0,,463296000.0,5125975833.0,33.0,29.315,3937000.0,0.002,1.0,94220000.0,0.391,86232000.0,0.0,522756000.0,,86770000.0,0.0,0.0,0.0,618488000.0,118181000.0,500307000.0,5523784833.0,-46975000.0,-63610000.0,-18000.0,-248000.0,0.0,16248000.0,-98901000.0,0.0,35678000.0,0.0,26650000.0,26650000.0,26650000.0,0.0,0.0,0.111,61663000.0,32557000.0,72048000.0,0.0,11.923,51.705,49.874,74333000.0,0.0,3.292,6.674,6.616,86629000.0,154490000.0,240932000.0,240932000.0,32593000.0,,,,,15218000.0,19122000.0,1.0,1678111848.0,1663716000,1988532000.0,0.145,995552000.0,70784000.0,11422000.0,0.0,0.598,762472000.0
82,NVDA,MRQ,2000-12-31,2001-01-28,2001-01-28,2021-08-20,0.0,1016902000.0,,930884000.0,86018000.0,,0.249,-14735000.0,698775000.0,698775000.0,138136000.0,29592000.0,3.009,1.498,300966000.0,588000.0,300378000.0,300966000.0,200000000.0,5003000.0,0.0,0.0,0.0,43518000.0,48521000.0,0.222,48521000.0,43518000.0,43518000.0,0.018,0.016,0.018,407107000.0,,407107000.0,3055915611.0,21.0,19.036,200800000.0,0.123,1.0,80082000.0,0.367,23795000.0,0.0,285881000.0,,90380000.0,0.0,0.0,0.0,609795000.0,309417000.0,300378000.0,3449469611.0,-20608000.0,0.0,58000.0,-363000.0,0.0,-196908000.0,-39235000.0,0.0,215535000.0,0.0,29592000.0,29592000.0,29592000.0,0.0,0.0,0.136,43181000.0,36901000.0,72301000.0,0.0,8.473,35.031,34.147,47280000.0,0.0,2.117,4.691,4.526,104988000.0,130016000.0,218218000.0,218218000.0,26053000.0,,,,,9789000.0,17128000.0,1.0,1629349944.0,1632420000,1941300000.0,0.134,993107000.0,32420000.0,13926000.0,0.0,0.608,621467000.0
83,NVDA,MRQ,2000-09-30,2000-10-29,2000-10-29,2021-08-20,0.0,983346000.0,,925740000.0,57606000.0,,0.228,-6534000.0,694883000.0,694883000.0,124643000.0,28068000.0,7.636,1.72,301329000.0,685000.0,300644000.0,301329000.0,200000000.0,4362000.0,0.0,0.0,0.0,41277000.0,45639000.0,0.23,45639000.0,41277000.0,41277000.0,0.018,0.014,0.018,361473000.0,,361473000.0,3721624151.0,29.0,26.42,11147000.0,0.007,1.0,73522000.0,0.371,0.0,0.0,468563000.0,,93192000.0,0.0,0.0,0.0,621873000.0,121229000.0,500644000.0,4009053151.0,405678000.0,0.0,96611000.0,290391000.0,0.0,394531000.0,-6534000.0,0.0,17681000.0,0.0,28068000.0,28068000.0,28068000.0,0.0,0.0,0.142,36875000.0,36647000.0,86716000.0,0.0,11.091,46.441,45.573,37425000.0,0.0,2.552,6.211,6.263,104352000.0,97563000.0,198165000.0,198165000.0,22023000.0,,,,,23117000.0,14852000.0,1.0,1570894296.0,1584060000,1930440000.0,0.125,983346000.0,0.0,13209000.0,0.0,0.621,804511000.0
84,NVDA,MRQ,2000-06-30,2000-07-30,2000-07-30,2021-08-20,0.0,507183000.0,,466936000.0,40247000.0,,0.133,-7609000.0,289205000.0,289205000.0,106631000.0,22522000.0,4.65,1.461,1776000.0,1104000.0,672000.0,1776000.0,200000000.0,3311000.0,0.0,0.0,0.0,33121000.0,36432000.0,0.214,36432000.0,33121000.0,33121000.0,0.015,0.012,0.015,206090000.0,,206090000.0,3212417924.0,32.0,28.362,16458000.0,0.011,1.0,63767000.0,0.374,0.0,0.0,119333000.0,,68135000.0,0.0,0.0,0.0,301093000.0,100421000.0,200672000.0,3479970924.0,19405000.0,0.0,0.0,-471000.0,0.0,2947000.0,-7609000.0,0.0,24067000.0,0.0,22522000.0,22522000.0,22522000.0,0.0,0.0,0.132,34744000.0,29023000.0,75887000.0,0.0,16.886,50.566,48.913,34908000.0,0.0,2.25,6.393,6.41,85092000.0,69495000.0,170398000.0,170398000.0,20141000.0,,,,,16380000.0,14603000.0,1.0,1546653744.0,1550808000,1907688000.0,0.11,507183000.0,0.0,10599000.0,0.0,0.327,366515000.0
85,NVDA,MRQ,2000-03-31,2000-04-30,2000-04-30,2021-08-20,0.0,447791000.0,,413226000.0,34565000.0,,0.107,-7451000.0,269800000.0,269800000.0,92975000.0,18287000.0,4.896,1.757,2247000.0,1550000.0,697000.0,2247000.0,200000000.0,3048000.0,0.0,0.0,0.0,26892000.0,29940000.0,0.202,29940000.0,26892000.0,26892000.0,0.012,0.01,0.012,162446000.0,,162446000.0,2721561005.0,35.0,30.632,3175000.0,0.002,1.0,55508000.0,0.374,0.0,0.0,95840000.0,,55241000.0,0.0,0.0,0.0,285345000.0,84398000.0,200947000.0,2780373005.0,208240000.0,0.0,0.0,-501000.0,0.0,205065000.0,-7451000.0,0.0,10626000.0,0.0,18287000.0,18287000.0,18287000.0,0.0,0.0,0.123,29944000.0,25564000.0,68777000.0,0.0,17.116,52.475,51.58,30443000.0,0.0,1.857,6.152,6.247,71998000.0,46973000.0,148483000.0,148483000.0,17830000.0,,,,,14030000.0,12114000.0,1.0,1497339888.0,1520640000,1866672000.0,0.098,447791000.0,0.0,8605000.0,0.0,0.294,328828000.0
86,NVDA,MRQ,1999-12-31,2000-01-30,2000-01-30,2021-08-20,0.0,202250000.0,,173175000.0,29075000.0,,0.084,-1640000.0,61560000.0,61560000.0,76896000.0,17448000.0,2.272,0.624,3248000.0,1786000.0,1462000.0,3248000.0,0.0,2863000.0,0.0,0.0,0.0,25989000.0,28852000.0,0.225,28852000.0,25989000.0,25657000.0,0.012,0.01,0.012,124563000.0,,124563000.0,1096201262.0,18.0,15.725,3663000.0,0.002,1.0,51559000.0,0.401,0.0,332000.0,67713000.0,,37631000.0,0.0,0.0,0.0,77687000.0,76225000.0,1462000.0,1148216262.0,6360000.0,0.0,-4948000.0,-532000.0,0.0,2697000.0,-1640000.0,0.0,5303000.0,0.0,17448000.0,17448000.0,17448000.0,0.0,0.0,0.136,26515000.0,25044000.0,64910000.0,0.0,9.218,28.033,27.812,25886000.0,0.0,0.779,3.066,2.982,67224000.0,28686000.0,128455000.0,128455000.0,14896000.0,,,,,8855000.0,11619000.0,1.0,1474435008.0,1480944000,1802544000.0,0.087,202250000.0,0.0,8209000.0,0.0,0.137,96950000.0
87,NVDA,MRQ,1999-09-30,1999-10-31,1999-10-31,2021-08-20,0.0,157553000.0,,127562000.0,29991000.0,,0.068,-5233000.0,55200000.0,55200000.0,60195000.0,10564000.0,2.442,0.601,3185000.0,2016000.0,1169000.0,3185000.0,0.0,2503000.0,0.0,0.0,0.0,15537000.0,18040000.0,0.186,18040000.0,15537000.0,15537000.0,0.007,0.006,0.007,98400000.0,,98400000.0,610072417.0,14.0,12.036,6230000.0,0.004,1.0,36820000.0,0.38,0.0,0.0,53304000.0,,11734000.0,0.0,0.0,0.0,59153000.0,52234000.0,6919000.0,654121417.0,8443000.0,0.0,4879000.0,-676000.0,0.0,2213000.0,-5233000.0,0.0,11463000.0,0.0,10564000.0,10564000.0,10564000.0,0.0,0.0,0.109,21713000.0,15107000.0,48777000.0,0.0,6.648,20.984,17.076,26624000.0,0.0,0.461,2.099,2.132,56419000.0,14099000.0,97015000.0,97015000.0,12420000.0,,,,,1480000.0,9293000.0,1.0,1418790240.0,1440720000,1724712000.0,0.067,157553000.0,0.0,4973000.0,0.0,0.109,75328000.0
88,NVDA,MRQ,1999-06-30,1999-08-01,1999-08-01,2021-08-20,0.0,134403000.0,,108123000.0,26280000.0,,0.059,-2233000.0,46757000.0,46757000.0,49625000.0,6686000.0,2.403,0.63,2708000.0,1766000.0,942000.0,2708000.0,0.0,2182000.0,0.0,0.0,0.0,9832000.0,12014000.0,0.154,12014000.0,9832000.0,9832000.0,0.005,0.004,0.005,82464000.0,,82464000.0,543713346.0,15.0,13.112,-6488000.0,-0.005,1.0,28392000.0,0.364,0.0,0.0,45357000.0,,8441000.0,0.0,0.0,0.0,51939000.0,44997000.0,6942000.0,592380346.0,-5066000.0,0.0,0.0,-448000.0,0.0,1422000.0,-2233000.0,0.0,-4255000.0,0.0,6686000.0,6686000.0,6686000.0,0.0,0.0,0.086,18929000.0,9463000.0,40779000.0,0.0,7.184,21.347,13.528,22742000.0,0.0,0.419,2.22,2.213,50179000.0,3535000.0,78017000.0,78017000.0,10813000.0,,,,,653000.0,8116000.0,1.0,1412531376.0,1408488000,1701840000.0,0.055,134403000.0,0.0,3146000.0,0.0,0.095,63126000.0
89,NVDA,MRQ,1999-03-31,1999-05-02,1999-05-02,2021-08-20,0.0,126656000.0,,103375000.0,23281000.0,,0.055,-2483000.0,51823000.0,51823000.0,45946000.0,6261000.0,2.674,0.651,3156000.0,1858000.0,1298000.0,3156000.0,0.0,1458000.0,0.0,0.0,0.0,9345000.0,10803000.0,0.152,10803000.0,9345000.0,9345000.0,0.004,0.004,0.004,76702000.0,,76702000.0,493012958.0,32.0,24.706,877000.0,0.001,1.0,25072000.0,0.353,0.0,0.0,39333000.0,,15193000.0,0.0,0.0,0.0,49954000.0,38656000.0,11298000.0,534888958.0,1566000.0,0.0,5810000.0,-5241000.0,0.0,689000.0,-2483000.0,0.0,3360000.0,0.0,6261000.0,6261000.0,6261000.0,0.0,0.0,0.088,16069000.0,9003000.0,37509000.0,0.0,6.974,46.871,31.684,22691000.0,0.0,0.38,2.661,2.658,34199000.0,-3151000.0,71018000.0,71018000.0,8785000.0,,,,,302000.0,7284000.0,1.0,1406831232.0,1405296000,1701792000.0,0.051,126656000.0,0.0,3084000.0,0.0,0.09,64719000.0
90,NVDA,MRQ,1998-12-31,1999-01-31,1999-01-31,2021-08-20,0.0,113332000.0,,101112000.0,12220000.0,,0.085,-3594000.0,50257000.0,50257000.0,42346000.0,7662000.0,2.145,0.765,8381000.0,6386000.0,1995000.0,8381000.0,0.0,1210000.0,0.0,0.0,0.0,8619000.0,9829000.0,0.15,9829000.0,8619000.0,8327000.0,0.011,0.009,0.011,64209000.0,,64209000.0,539737544.0,113.0,61.439,476000.0,0.001,1.0,23191000.0,0.354,0.0,292000.0,24328000.0,,28623000.0,0.0,0.0,0.0,49123000.0,47128000.0,1995000.0,543323544.0,37796000.0,0.0,37514000.0,-542000.0,0.0,37320000.0,-3594000.0,0.0,4070000.0,0.0,7662000.0,7662000.0,7662000.0,0.0,0.0,0.117,14775000.0,8416000.0,35730000.0,0.0,8.462,131.555,65.972,11650000.0,0.0,0.396,3.434,1.749,20633000.0,-9412000.0,65537000.0,65537000.0,8417000.0,,,,,391000.0,6358000.0,1.0,1372606848.0,758592000,1314864000.0,0.086,113332000.0,0.0,665000.0,0.0,0.149,53984000.0
91,NVDA,MRQ,1998-09-30,1998-10-25,1998-10-25,2021-08-20,0.0,76502000.0,,66735000.0,9767000.0,,0.027,-1062000.0,12461000.0,12461000.0,33566000.0,7141000.0,1.188,3.182,8875000.0,6843000.0,2032000.0,8875000.0,0.0,1059000.0,0.0,,0.0,7761000.0,8820000.0,0.169,8820000.0,7761000.0,7761000.0,0.01,0.005,0.01,18294000.0,,18294000.0,,,,-7367000.0,-0.011,1.0,18737000.0,0.358,0.0,0.0,16740000.0,,17193000.0,0.0,0.0,0.0,58208000.0,56176000.0,2032000.0,,2053000.0,0.0,-1000.0,4421000.0,0.0,20018000.0,-1062000.0,0.0,-6305000.0,0.0,7141000.0,7141000.0,7141000.0,0.0,0.0,0.137,10987000.0,7750000.0,46370000.0,0.0,,,,9218000.0,0.0,,,,35918000.0,-17074000.0,52303000.0,52303000.0,6290000.0,,,,,526000.0,4697000.0,1.0,1372606848.0,679920000,1333152000.0,0.077,76502000.0,0.0,620000.0,0.0,0.113,10559000.0
92,NVDA,MRQ,1998-06-30,1998-07-26,1998-07-26,2021-08-20,,,,,,,,-1117000.0,,,12961000.0,-9652000.0,,,,,,,,994000.0,,,0.0,-10491000.0,-9497000.0,-0.783,-9497000.0,-10491000.0,-10491000.0,-0.014,-0.014,-0.014,,,,,,,-2159000.0,-0.003,1.0,-827000.0,-0.068,,0.0,,,,,,,,,,,3410000.0,0.0,26000.0,-457000.0,0.0,-5029000.0,-1117000.0,0.0,-1042000.0,0.0,-9652000.0,-9652000.0,-9652000.0,0.0,0.0,-0.795,9686000.0,-10513000.0,,0.0,,,,,0.0,,,,,,12134000.0,12134000.0,5724000.0,,,,,722000.0,3962000.0,1.0,,679104000,679104000.0,0.018,,,-839000.0,,,
93,NVDA,MRQ,1998-03-31,1998-04-02,1998-04-02,2021-08-20,,,,,,,,-2126000.0,,,20873000.0,-1021000.0,,,,,,,,743000.0,,,0.0,-1110000.0,-367000.0,-0.013,-367000.0,-1110000.0,-1110000.0,-0.001,-0.001,-0.001,,,,,,,-716000.0,-0.001,1.0,7390000.0,0.261,,0.0,,,,,,,,,,,-986000.0,0.0,0.0,-270000.0,0.0,-270000.0,-2126000.0,0.0,1410000.0,0.0,-1021000.0,-1021000.0,-1021000.0,0.0,0.0,-0.036,8527000.0,-1137000.0,,0.0,,,,,0.0,,,,,,28263000.0,28263000.0,4642000.0,,,,,943000.0,3885000.0,1.0,,678768000,678768000.0,0.042,,,-89000.0,,,
94,NVDA,MRQ,1997-12-31,1997-12-31,1997-12-31,2021-08-20,0.0,25039000.0,,19341000.0,5698000.0,,0.01,-1011000.0,6551000.0,6551000.0,16338000.0,1424000.0,1.19,2.63,3325000.0,1434000.0,1891000.0,3325000.0,0.0,765000.0,0.0,,0.0,1452000.0,2217000.0,0.094,2217000.0,1452000.0,1424000.0,0.003,0.003,0.003,6897000.0,,6897000.0,,,,1977000.0,0.003,1.0,7196000.0,0.306,0.0,28000.0,5562000.0,,25000.0,0.0,0.0,0.0,18142000.0,16251000.0,1891000.0,,1081000.0,0.0,-744000.0,-982000.0,0.0,-896000.0,-1011000.0,0.0,2988000.0,0.0,1424000.0,1424000.0,1424000.0,0.0,0.0,0.061,5744000.0,1452000.0,11572000.0,0.0,,,,5536000.0,0.0,,,,12487000.0,-14889000.0,23534000.0,23534000.0,3585000.0,,,,,802000.0,2159000.0,1.0,,688272000,688272000.0,0.034,25039000.0,0.0,0.0,0.0,0.036,3090000.0
95,NVDA,MRQ,1996-12-31,1996-12-31,1996-12-31,2021-08-20,0.0,5525000.0,,4278000.0,1247000.0,,0.002,,3133000.0,3133000.0,,,1.105,4.328,1339000.0,722000.0,617000.0,1339000.0,0.0,,0.0,,0.0,,,,,,,,,,1037000.0,,1037000.0,,,,,,1.0,,,0.0,,-140000.0,,63000.0,0.0,0.0,0.0,4488000.0,3871000.0,617000.0,,,,,,,,,,,,,,,,,,,,277000.0,,,,,1144000.0,,,,,1041000.0,-11300000.0,,,,,,,,,,1.0,,546384000,,,5525000.0,0.0,,0.0,0.01,407000.0
0,NVDA,MRT,2021-06-30,2021-08-01,2021-08-01,2021-08-20,8000000.0,38650000000.0,31279500000.0,25806000000.0,12844000000.0,0.7,8.483,-1237000000.0,5628000000.0,5628000000.0,7937000000.0,7079000000.0,5.802,0.828,12659000000.0,1000000000.0,11659000000.0,12659000000.0,0.0,1154000000.0,0.0,0.001,0.16,7475000000.0,8629000000.0,0.394,8629000000.0,7475000000.0,7256000000.0,2.848,2.805,2.848,21147000000.0,18037000000.0,21147000000.0,492540080000.0,66.0,57.08,6665000000.0,2.673,1.0,13960000000.0,0.638,6671000000.0,219000000.0,34562000000.0,26832750000.0,2114000000.0,14026000000.0,14026000000.0,0.0,17503000000.0,4448000000.0,13055000000.0,485915080000.0,2354000000.0,-1353000000.0,228000000.0,4925000000.0,-396000000.0,3387000000.0,-8935000000.0,-6345000000.0,7902000000.0,0.0,7079000000.0,7079000000.0,7079000000.0,0.0,0.0,0.323,6655000000.0,7305000000.0,1474000000.0,0.056,22.978,68.642,68.466,3165000000.0,0.0,194.99,22.191,22.2,3586000000.0,22995000000.0,21897000000.0,21897000000.0,4591000000.0,0.226,0.392,0.279,0.341,1693000000.0,2064000000.0,1.0,2492000000.0,2493000000,2532000000.0,8.783,31979000000.0,958000000.0,177000000.0,0.0,12.828,21358000000.0
1,NVDA,MRT,2021-03-31,2021-05-02,2021-05-02,2021-08-20,14000000.0,30796000000.0,27912000000.0,18127000000.0,12669000000.0,0.69,7.558,-1271000000.0,978000000.0,978000000.0,7236000000.0,5327000000.0,4.527,0.64,7603000000.0,999000000.0,6604000000.0,7603000000.0,0.0,1272000000.0,0.0,0.001,0.16,5684000000.0,6956000000.0,0.361,6956000000.0,5684000000.0,5471000000.0,2.147,2.115,2.147,18774000000.0,16228750000.0,18774000000.0,378985600000.0,67.0,54.483,5516000000.0,2.221,1.0,12020000000.0,0.624,6806000000.0,213000000.0,26611000000.0,23197250000.0,1992000000.0,11689000000.0,11689000000.0,0.0,12022000000.0,4004000000.0,8018000000.0,372235600000.0,-14516000000.0,-8490000000.0,232000000.0,-47000000.0,-396000000.0,-1411000000.0,-19892000000.0,-10131000000.0,6787000000.0,0.0,5327000000.0,5327000000.0,5327000000.0,0.0,0.0,0.277,6508000000.0,5512000000.0,1218000000.0,0.075,19.827,69.877,69.909,2995000000.0,0.0,150.095,19.331,19.362,3024000000.0,20721000000.0,19256000000.0,19256000000.0,4343000000.0,0.191,0.328,0.245,0.295,1602000000.0,2165000000.0,1.0,2480000000.0,2484000000,2528000000.0,7.752,23990000000.0,778000000.0,144000000.0,0.0,9.658,14123000000.0
2,NVDA,MRT,2020-12-31,2021-01-31,2021-01-31,2021-08-20,19000000.0,28791000000.0,26026500000.0,16055000000.0,12736000000.0,0.641,6.845,-1128000000.0,847000000.0,847000000.0,6279000000.0,4332000000.0,4.09,0.704,7597000000.0,999000000.0,6598000000.0,7597000000.0,0.0,1098000000.0,0.0,0.001,0.16,4593000000.0,5691000000.0,0.341,5691000000.0,4593000000.0,4409000000.0,1.755,1.725,1.755,16893000000.0,14810000000.0,16893000000.0,326940210000.0,71.0,57.449,4694000000.0,1.902,1.0,10396000000.0,0.623,6930000000.0,184000000.0,24686000000.0,19701250000.0,1826000000.0,10714000000.0,10714000000.0,0.0,11898000000.0,3925000000.0,7973000000.0,321626210000.0,-10049000000.0,-8524000000.0,194000000.0,4951000000.0,-395000000.0,3804000000.0,-19675000000.0,-10023000000.0,5822000000.0,0.0,4332000000.0,4332000000.0,4332000000.0,0.0,0.0,0.26,5864000000.0,4532000000.0,1201000000.0,0.091,19.039,74.244,74.016,2856000000.0,0.0,129.898,19.288,19.226,2429000000.0,18908000000.0,16675000000.0,16675000000.0,3924000000.0,0.166,0.293,0.233,0.275,1397000000.0,1940000000.0,1.0,2476000000.0,2468000000,2512000000.0,6.756,21861000000.0,806000000.0,77000000.0,0.0,8.858,12130000000.0
3,NVDA,MRT,2020-09-30,2020-10-25,2020-10-25,2021-08-20,12000000.0,26881000000.0,23157500000.0,14393000000.0,12488000000.0,0.638,6.203,-990000000.0,2251000000.0,2251000000.0,5523000000.0,3826000000.0,3.923,0.753,7565000000.0,998000000.0,6567000000.0,7565000000.0,0.0,916000000.0,0.0,0.001,0.16,4099000000.0,5015000000.0,0.339,5015000000.0,4099000000.0,3954000000.0,1.553,1.53,1.553,15334000000.0,13637750000.0,15334000000.0,339704370000.0,83.0,67.738,4230000000.0,1.711,1.0,9254000000.0,0.626,7054000000.0,145000000.0,21472000000.0,15159750000.0,1495000000.0,7888000000.0,7888000000.0,0.0,11547000000.0,3669000000.0,7878000000.0,335407370000.0,-7514000000.0,-8528000000.0,193000000.0,4971000000.0,-394000000.0,3963000000.0,-16697000000.0,-7179000000.0,5220000000.0,0.0,3826000000.0,3826000000.0,3826000000.0,0.0,0.0,0.259,5239000000.0,4015000000.0,1097000000.0,0.103,21.873,87.665,87.51,2740000000.0,0.0,135.903,22.698,22.735,2546000000.0,17550000000.0,14777000000.0,14777000000.0,3517000000.0,0.165,0.281,0.27,0.277,1201000000.0,1722000000.0,1.0,2468000000.0,2472000000,2520000000.0,5.978,19827000000.0,666000000.0,128000000.0,0.0,8.021,10724000000.0
4,NVDA,MRT,2020-06-30,2020-07-26,2020-07-26,2021-08-20,4000000.0,25180000000.0,20389750000.0,14681000000.0,10499000000.0,0.641,5.647,-620000000.0,3274000000.0,3274000000.0,4855000000.0,3389000000.0,6.092,0.81,7571000000.0,0.0,7571000000.0,7571000000.0,0.0,709000000.0,0.0,0.002,0.16,3670000000.0,4379000000.0,0.335,4379000000.0,3670000000.0,3565000000.0,1.38,1.362,1.38,13914000000.0,12607750000.0,13914000000.0,242768700000.0,66.0,55.439,4961000000.0,2.013,1.0,8210000000.0,0.628,7047000000.0,105000000.0,20020000000.0,11383750000.0,1401000000.0,7707000000.0,7707000000.0,0.0,11266000000.0,2410000000.0,8856000000.0,250784700000.0,-3831000000.0,-7175000000.0,160000000.0,4971000000.0,-392000000.0,4028000000.0,-13440000000.0,-5645000000.0,5581000000.0,0.0,3389000000.0,3389000000.0,3389000000.0,0.0,0.0,0.259,4666000000.0,3544000000.0,893000000.0,0.116,18.024,74.0,73.873,2665000000.0,0.0,101.945,19.195,19.226,2084000000.0,16313000000.0,13065000000.0,13065000000.0,3182000000.0,0.166,0.269,0.322,0.281,1041000000.0,1484000000.0,1.0,2460000000.0,2464000000,2504000000.0,5.302,18133000000.0,630000000.0,176000000.0,0.0,7.359,12271000000.0
5,NVDA,MRT,2020-03-31,2020-04-26,2020-04-26,2021-08-20,-10000000.0,23254000000.0,17788500000.0,19584000000.0,3670000000.0,0.662,5.333,-516000000.0,15494000000.0,15494000000.0,4302000000.0,3319000000.0,10.291,0.775,7478000000.0,0.0,7478000000.0,7478000000.0,0.0,397000000.0,0.0,0.002,0.16,3626000000.0,4023000000.0,0.342,4023000000.0,3626000000.0,3562000000.0,1.357,1.337,1.357,13099000000.0,11713250000.0,13099000000.0,168885080000.0,47.0,41.98,4434000000.0,1.805,1.0,7476000000.0,0.635,708000000.0,64000000.0,12627000000.0,8418250000.0,1128000000.0,860000000.0,860000000.0,0.0,10155000000.0,1903000000.0,8252000000.0,177229080000.0,12722000000.0,-38000000.0,154000000.0,4979000000.0,-391000000.0,4177000000.0,3595000000.0,4149000000.0,4950000000.0,0.0,3319000000.0,3319000000.0,3319000000.0,0.0,0.0,0.282,4012000000.0,3464000000.0,761000000.0,0.118,13.53,53.398,53.351,2310000000.0,0.0,72.397,15.047,15.097,1907000000.0,15790000000.0,11778000000.0,11778000000.0,2889000000.0,0.187,0.283,0.431,0.308,890000000.0,1123000000.0,1.0,2448000000.0,2456000000,2488000000.0,4.796,22546000000.0,533000000.0,243000000.0,0.0,9.18,17681000000.0
6,NVDA,MRT,2019-12-31,2020-01-26,2020-01-26,2021-08-20,1000000.0,17315000000.0,15480250000.0,13690000000.0,3625000000.0,0.705,5.01,-489000000.0,10896000000.0,10896000000.0,4150000000.0,2796000000.0,7.674,0.419,2552000000.0,0.0,2552000000.0,2552000000.0,0.0,381000000.0,0.0,0.003,0.16,3022000000.0,3403000000.0,0.312,3403000000.0,3022000000.0,2970000000.0,1.147,1.13,1.147,12204000000.0,10864500000.0,12204000000.0,145987760000.0,48.0,42.9,4272000000.0,1.754,1.0,6768000000.0,0.62,667000000.0,52000000.0,6520000000.0,8228500000.0,979000000.0,1000000.0,1000000.0,0.0,5111000000.0,1784000000.0,3327000000.0,153293760000.0,10114000000.0,-4000000.0,149000000.0,0.0,-390000000.0,-792000000.0,6145000000.0,6638000000.0,4761000000.0,0.0,2796000000.0,2796000000.0,2796000000.0,0.0,0.0,0.256,3922000000.0,2846000000.0,687000000.0,0.139,12.561,54.826,54.595,2292000000.0,0.0,62.62,14.04,13.972,1657000000.0,14971000000.0,10918000000.0,10918000000.0,2829000000.0,0.181,0.257,0.367,0.277,844000000.0,1093000000.0,1.0,2448000000.0,2436000000,2472000000.0,4.482,16648000000.0,548000000.0,174000000.0,0.0,6.834,11906000000.0
7,NVDA,MRT,2019-09-30,2019-10-27,2019-10-27,2021-08-20,-3000000.0,15810000000.0,14474500000.0,12420000000.0,3390000000.0,0.692,4.596,-547000000.0,9765000000.0,9765000000.0,4058000000.0,2411000000.0,8.42,0.41,2459000000.0,0.0,2459000000.0,2459000000.0,0.0,353000000.0,0.0,0.003,0.16,2331000000.0,2684000000.0,0.268,2684000000.0,2331000000.0,2278000000.0,0.99,0.978,0.99,11214000000.0,10149000000.0,11214000000.0,119931860000.0,51.0,44.684,3647000000.0,1.495,1.0,5960000000.0,0.595,661000000.0,53000000.0,6368000000.0,9725000000.0,1047000000.0,4000000.0,4000000.0,0.0,4596000000.0,1475000000.0,3121000000.0,124564860000.0,9044000000.0,0.0,-576000000.0,-4000000.0,-390000000.0,-1486000000.0,6336000000.0,6883000000.0,4194000000.0,0.0,2411000000.0,2411000000.0,2411000000.0,0.0,0.0,0.241,3810000000.0,2150000000.0,591000000.0,0.162,11.108,51.665,51.652,2044000000.0,0.0,51.135,12.434,12.455,1455000000.0,14118000000.0,10018000000.0,10018000000.0,2737000000.0,0.167,0.238,0.24,0.233,781000000.0,1073000000.0,1.0,2436000000.0,2440000000,2472000000.0,4.106,15149000000.0,569000000.0,-133000000.0,0.0,6.209,10945000000.0
8,NVDA,MRT,2019-06-30,2019-07-28,2019-07-28,2021-08-20,-1000000.0,14775000000.0,13936250000.0,11391000000.0,3384000000.0,0.731,4.243,-594000000.0,7105000000.0,7105000000.0,4220000000.0,2742000000.0,8.649,0.429,2472000000.0,0.0,2472000000.0,2472000000.0,0.0,329000000.0,0.0,0.004,0.158,2455000000.0,2784000000.0,0.273,2784000000.0,2455000000.0,2400000000.0,1.127,1.107,1.127,10336000000.0,9714250000.0,10336000000.0,106319630000.0,43.0,38.19,2447000000.0,1.005,1.0,5965000000.0,0.586,667000000.0,55000000.0,8158000000.0,11295750000.0,1204000000.0,1370000000.0,1370000000.0,0.0,4439000000.0,1317000000.0,3122000000.0,106617630000.0,6387000000.0,0.0,-773000000.0,-14000000.0,-384000000.0,-1953000000.0,5299000000.0,5893000000.0,3041000000.0,0.0,2742000000.0,2742000000.0,2742000000.0,0.0,0.0,0.269,3684000000.0,2281000000.0,437000000.0,0.14,10.315,38.883,38.835,2019000000.0,0.0,43.767,10.468,10.468,1561000000.0,13317000000.0,10185000000.0,10185000000.0,2630000000.0,0.197,0.282,0.217,0.241,696000000.0,1054000000.0,1.0,2436000000.0,2436000000,2464000000.0,4.181,14108000000.0,588000000.0,-342000000.0,0.0,5.791,10074000000.0
9,NVDA,MRT,2019-03-31,2019-04-28,2019-04-28,2021-08-20,-2000000.0,14021000000.0,13463000000.0,10629000000.0,3392000000.0,0.797,3.997,-610000000.0,2772000000.0,2772000000.0,4330000000.0,3291000000.0,8.985,0.445,2474000000.0,0.0,2474000000.0,2474000000.0,0.0,296000000.0,0.0,0.003,0.155,3030000000.0,3326000000.0,0.31,3326000000.0,3030000000.0,2974000000.0,1.353,1.323,1.353,9704000000.0,9329000000.0,9704000000.0,109128540000.0,36.0,32.811,2408000000.0,0.992,1.0,6399000000.0,0.596,672000000.0,56000000.0,11868000000.0,12264750000.0,1426000000.0,5030000000.0,5030000000.0,0.0,4317000000.0,1183000000.0,3134000000.0,107922540000.0,2007000000.0,0.0,-770000000.0,-14000000.0,-377000000.0,-1960000000.0,949000000.0,1559000000.0,3018000000.0,0.0,3291000000.0,3291000000.0,3291000000.0,0.0,0.0,0.307,3532000000.0,2867000000.0,368000000.0,0.115,11.121,32.793,32.907,2009000000.0,0.0,44.523,10.059,10.076,1242000000.0,12862000000.0,10729000000.0,10729000000.0,2507000000.0,0.244,0.353,0.247,0.282,606000000.0,1025000000.0,1.0,2424000000.0,2428000000,2464000000.0,4.419,13349000000.0,601000000.0,-317000000.0,0.0,5.498,9446000000.0
10,NVDA,MRT,2018-12-31,2019-01-27,2019-01-27,2021-08-20,-12000000.0,13292000000.0,12822750000.0,10557000000.0,2735000000.0,0.914,3.841,-600000000.0,782000000.0,782000000.0,4545000000.0,4141000000.0,7.944,0.423,1988000000.0,0.0,1988000000.0,1988000000.0,0.0,262000000.0,0.0,0.004,0.152,3954000000.0,4216000000.0,0.36,4216000000.0,3954000000.0,3896000000.0,1.702,1.657,1.702,9342000000.0,8832250000.0,9342000000.0,98960500000.0,25.0,23.473,3143000000.0,1.292,1.0,7171000000.0,0.612,663000000.0,58000000.0,12506000000.0,12026750000.0,1575000000.0,6640000000.0,6640000000.0,0.0,3950000000.0,1329000000.0,2621000000.0,97691500000.0,-3220000000.0,0.0,-1442000000.0,-16000000.0,-371000000.0,-2866000000.0,-4097000000.0,-3497000000.0,3743000000.0,0.0,4141000000.0,4141000000.0,4141000000.0,0.0,0.0,0.353,3367000000.0,3804000000.0,511000000.0,0.089,10.457,23.591,23.524,1404000000.0,0.0,40.038,8.338,8.311,1424000000.0,12565000000.0,11716000000.0,11716000000.0,2376000000.0,0.323,0.469,0.329,0.337,557000000.0,991000000.0,1.0,2440000000.0,2432000000,2500000000.0,4.817,12629000000.0,560000000.0,-245000000.0,0.0,5.193,9228000000.0
11,NVDA,MRT,2018-09-30,2018-10-28,2018-10-28,2021-08-20,-24000000.0,13657000000.0,12310000000.0,11386000000.0,2271000000.0,1.009,3.89,-811000000.0,721000000.0,721000000.0,4657000000.0,4694000000.0,7.081,0.441,1990000000.0,3000000.0,1987000000.0,1990000000.0,0.0,238000000.0,0.0,0.003,0.15,4710000000.0,4948000000.0,0.398,4948000000.0,4710000000.0,4651000000.0,1.935,1.87,1.935,9475000000.0,8364500000.0,9475000000.0,121843320000.0,26.0,24.625,3392000000.0,1.392,1.0,7765000000.0,0.625,667000000.0,59000000.0,12651000000.0,10754250000.0,1417000000.0,6870000000.0,6870000000.0,0.0,4182000000.0,1608000000.0,2574000000.0,120560320000.0,-2081000000.0,0.0,-713000000.0,-21000000.0,-364000000.0,-2123000000.0,-4161000000.0,-3350000000.0,4203000000.0,0.0,4694000000.0,4694000000.0,4694000000.0,0.0,0.0,0.378,3182000000.0,4583000000.0,902000000.0,0.078,12.724,25.684,25.619,1292000000.0,0.0,49.572,9.705,9.721,2219000000.0,12096000000.0,12422000000.0,12422000000.0,2235000000.0,0.381,0.561,0.438,0.379,526000000.0,947000000.0,1.0,2432000000.0,2436000000,2500000000.0,5.099,12990000000.0,0.0,-43000000.0,0.0,5.333,9778000000.0
12,NVDA,MRT,2018-06-30,2018-07-29,2018-07-29,2021-08-20,-23000000.0,12882000000.0,11353250000.0,10831000000.0,2051000000.0,1.046,3.622,-730000000.0,718000000.0,718000000.0,4464000000.0,4302000000.0,7.408,0.465,2001000000.0,14000000.0,1987000000.0,2001000000.0,0.0,219000000.0,0.0,0.002,0.147,4525000000.0,4744000000.0,0.399,4744000000.0,4525000000.0,4466000000.0,1.777,1.71,1.777,8795000000.0,7583750000.0,8795000000.0,154211140000.0,34.0,32.507,4143000000.0,1.706,1.0,7413000000.0,0.624,669000000.0,59000000.0,12034000000.0,9424000000.0,1090000000.0,7225000000.0,7225000000.0,0.0,4087000000.0,1462000000.0,2625000000.0,152976140000.0,-1270000000.0,0.0,-674000000.0,-73000000.0,-357000000.0,-2049000000.0,-4094000000.0,-3364000000.0,4873000000.0,0.0,4302000000.0,4302000000.0,4302000000.0,0.0,0.0,0.362,2993000000.0,4420000000.0,800000000.0,0.083,17.394,35.559,35.456,1162000000.0,0.0,63.005,12.88,12.88,1662000000.0,10957000000.0,11877000000.0,11877000000.0,2092000000.0,0.379,0.567,0.48,0.381,495000000.0,901000000.0,1.0,2428000000.0,2428000000,2504000000.0,4.892,12213000000.0,0.0,164000000.0,0.0,5.03,9369000000.0
13,NVDA,MRT,2018-03-31,2018-04-29,2018-04-29,2021-08-20,-23000000.0,11460000000.0,10483250000.0,9448000000.0,2012000000.0,1.048,3.184,-655000000.0,765000000.0,765000000.0,4244000000.0,3784000000.0,8.542,0.485,2000000000.0,14000000.0,1986000000.0,2000000000.0,0.0,209000000.0,0.0,0.003,0.145,4030000000.0,4239000000.0,0.386,4239000000.0,4030000000.0,3970000000.0,1.57,1.5,1.57,7717000000.0,6878250000.0,7717000000.0,134927650000.0,33.0,31.83,4010000000.0,1.654,1.0,6740000000.0,0.614,673000000.0,60000000.0,10916000000.0,8355750000.0,797000000.0,6535000000.0,6535000000.0,0.0,3743000000.0,1106000000.0,2637000000.0,136929650000.0,-1224000000.0,0.0,-1424000000.0,-209000000.0,-350000000.0,-2862000000.0,-3027000000.0,-2372000000.0,4665000000.0,0.0,3784000000.0,3784000000.0,3784000000.0,0.0,0.0,0.345,2789000000.0,3951000000.0,623000000.0,0.092,17.744,36.186,36.04,1066000000.0,0.0,56.583,12.466,12.487,1220000000.0,9948000000.0,10984000000.0,10984000000.0,1927000000.0,0.361,0.55,0.482,0.367,444000000.0,862000000.0,1.0,2420000000.0,2424000000,2508000000.0,4.531,10787000000.0,0.0,186000000.0,0.0,4.45,8342000000.0
14,NVDA,MRT,2017-12-31,2018-01-28,2018-01-28,2021-08-20,-18000000.0,11241000000.0,9970750000.0,9255000000.0,1986000000.0,0.974,3.118,-591000000.0,4002000000.0,4002000000.0,3892000000.0,3047000000.0,8.027,0.505,2000000000.0,15000000.0,1985000000.0,2000000000.0,0.0,199000000.0,0.0,0.002,0.143,3257000000.0,3456000000.0,0.356,3456000000.0,3257000000.0,3196000000.0,1.272,1.205,1.272,7471000000.0,6482000000.0,7471000000.0,146665980000.0,45.0,42.438,2911000000.0,1.215,1.0,5822000000.0,0.599,670000000.0,61000000.0,7416000000.0,7611750000.0,796000000.0,3106000000.0,3106000000.0,0.0,3770000000.0,1153000000.0,2617000000.0,147457980000.0,2236000000.0,0.0,-770000000.0,-812000000.0,-341000000.0,-2544000000.0,1278000000.0,1869000000.0,3502000000.0,0.0,3047000000.0,3047000000.0,3047000000.0,0.0,0.0,0.314,2612000000.0,3210000000.0,596000000.0,0.112,19.737,48.394,47.824,997000000.0,0.0,60.833,15.18,15.005,1265000000.0,8787000000.0,9714000000.0,9714000000.0,1797000000.0,0.306,0.47,0.428,0.335,391000000.0,815000000.0,1.0,2424000000.0,2396000000,2528000000.0,4.054,10571000000.0,0.0,149000000.0,0.0,4.412,8102000000.0
15,NVDA,MRT,2017-09-30,2017-10-29,2017-10-29,2021-08-20,-14000000.0,9830000000.0,9620750000.0,8479000000.0,1351000000.0,0.933,2.633,-227000000.0,2802000000.0,2802000000.0,3652000000.0,2582000000.0,8.256,0.547,2010000000.0,23000000.0,1987000000.0,2010000000.0,0.0,192000000.0,0.0,0.003,0.14,2906000000.0,3098000000.0,0.345,3098000000.0,2906000000.0,2841000000.0,1.105,1.005,1.105,6352000000.0,6054750000.0,6352000000.0,121201000000.0,42.0,39.122,2638000000.0,1.094,1.0,5324000000.0,0.593,681000000.0,65000000.0,7330000000.0,7851500000.0,857000000.0,3518000000.0,3518000000.0,0.0,3477000000.0,1027000000.0,2450000000.0,121116000000.0,862000000.0,0.0,-988000000.0,-1032000000.0,-326000000.0,-2932000000.0,929000000.0,1156000000.0,2865000000.0,0.0,2582000000.0,2582000000.0,2582000000.0,0.0,0.0,0.288,2454000000.0,2870000000.0,511000000.0,0.127,19.067,46.908,45.67,600000000.0,0.0,50.465,13.493,13.561,1167000000.0,7760000000.0,8976000000.0,8976000000.0,1683000000.0,0.268,0.426,0.37,0.324,336000000.0,771000000.0,1.0,2400000000.0,2412000000,2512000000.0,3.721,9149000000.0,0.0,259000000.0,0.0,3.793,7452000000.0
16,NVDA,MRT,2017-06-30,2017-07-30,2017-07-30,2021-08-20,-12000000.0,9402000000.0,9566250000.0,8070000000.0,1332000000.0,0.872,2.501,-196000000.0,1988000000.0,1988000000.0,3406000000.0,2286000000.0,7.82,0.574,2073000000.0,84000000.0,1989000000.0,2073000000.0,0.0,191000000.0,0.0,0.003,0.134,2632000000.0,2823000000.0,0.338,2823000000.0,2632000000.0,2566000000.0,1.01,0.88,1.01,5973000000.0,5797750000.0,5973000000.0,98033050000.0,37.0,34.727,1944000000.0,0.814,1.0,4938000000.0,0.592,694000000.0,66000000.0,7761000000.0,8003500000.0,855000000.0,3889000000.0,3889000000.0,0.0,3427000000.0,1032000000.0,2395000000.0,97812050000.0,1562000000.0,0.0,-836000000.0,574000000.0,-303000000.0,-894000000.0,316000000.0,512000000.0,2140000000.0,0.0,2286000000.0,2286000000.0,2286000000.0,0.0,0.0,0.274,2324000000.0,2614000000.0,431000000.0,0.133,16.376,42.787,40.691,578000000.0,0.0,41.097,11.722,11.762,1213000000.0,7006000000.0,8344000000.0,8344000000.0,1594000000.0,0.239,0.394,0.329,0.315,294000000.0,730000000.0,1.0,2380000000.0,2388000000,2532000000.0,3.494,8708000000.0,0.0,280000000.0,0.0,3.647,7038000000.0
17,NVDA,MRT,2017-03-31,2017-04-30,2017-04-30,2021-08-20,-14000000.0,9410000000.0,9081000000.0,8116000000.0,1294000000.0,0.831,2.59,-168000000.0,1989000000.0,1989000000.0,3080000000.0,1964000000.0,8.256,0.533,2210000000.0,215000000.0,1995000000.0,2210000000.0,0.0,189000000.0,0.0,0.005,0.128,2262000000.0,2451000000.0,0.325,2451000000.0,2262000000.0,2199000000.0,0.888,0.752,0.888,6132000000.0,5424500000.0,6132000000.0,62482700000.0,28.0,25.493,1467000000.0,0.62,1.0,4462000000.0,0.592,708000000.0,63000000.0,7940000000.0,7408250000.0,821000000.0,4217000000.0,4217000000.0,0.0,3271000000.0,983000000.0,2288000000.0,61432700000.0,1442000000.0,0.0,-77000000.0,710000000.0,-281000000.0,22000000.0,-215000000.0,-47000000.0,1635000000.0,0.0,1964000000.0,1964000000.0,1964000000.0,0.0,0.0,0.26,2219000000.0,2243000000.0,348000000.0,0.144,10.018,31.279,29.364,539000000.0,0.0,26.075,8.145,8.187,976000000.0,6506000000.0,7542000000.0,7542000000.0,1528000000.0,0.216,0.362,0.305,0.3,270000000.0,689000000.0,1.0,2356000000.0,2368000000,2564000000.0,3.185,8702000000.0,0.0,235000000.0,0.0,3.675,7133000000.0
18,NVDA,MRT,2016-12-31,2017-01-29,2017-01-29,2021-08-20,-16000000.0,9841000000.0,8505500000.0,8536000000.0,1305000000.0,0.812,2.663,-169000000.0,1766000000.0,1766000000.0,2847000000.0,1666000000.0,4.774,0.703,2810000000.0,796000000.0,2014000000.0,2810000000.0,0.0,187000000.0,0.0,0.004,0.121,1963000000.0,2150000000.0,0.311,2150000000.0,1963000000.0,1905000000.0,0.77,0.642,0.77,5762000000.0,4940500000.0,5762000000.0,61349030000.0,31.0,28.534,1503000000.0,0.695,1.0,4063000000.0,0.588,722000000.0,58000000.0,8375000000.0,6653250000.0,794000000.0,5032000000.0,5032000000.0,0.0,4048000000.0,1788000000.0,2260000000.0,60244030000.0,1170000000.0,0.0,-572000000.0,1315000000.0,-261000000.0,291000000.0,-793000000.0,-624000000.0,1672000000.0,0.0,1666000000.0,1666000000.0,1666000000.0,0.0,0.0,0.241,2129000000.0,1934000000.0,485000000.0,0.157,10.455,36.161,36.289,521000000.0,0.0,27.942,8.718,8.751,826000000.0,6108000000.0,6910000000.0,6910000000.0,1463000000.0,0.196,0.337,0.295,0.284,247000000.0,663000000.0,1.0,2156000000.0,2164000000,2596000000.0,3.193,9119000000.0,0.0,239000000.0,0.0,4.214,6748000000.0
19,NVDA,MRT,2016-09-30,2016-10-30,2016-10-30,2021-08-20,-4000000.0,9612000000.0,7887750000.0,8307000000.0,1305000000.0,0.778,2.474,-134000000.0,1940000000.0,1940000000.0,2587000000.0,1219000000.0,4.07,0.797,3045000000.0,1011000000.0,2034000000.0,3045000000.0,0.0,186000000.0,0.0,0.007,0.115,1485000000.0,1671000000.0,0.272,1671000000.0,1485000000.0,1433000000.0,0.568,0.487,0.568,5324000000.0,4617250000.0,5324000000.0,38831600000.0,26.0,23.239,1328000000.0,0.617,1.0,3551000000.0,0.579,738000000.0,52000000.0,7938000000.0,5846750000.0,679000000.0,4731000000.0,4731000000.0,0.0,4243000000.0,2041000000.0,2202000000.0,37749600000.0,1469000000.0,0.0,-310000000.0,1547000000.0,-246000000.0,640000000.0,-633000000.0,-500000000.0,1462000000.0,0.0,1219000000.0,1219000000.0,1219000000.0,0.0,0.0,0.199,2098000000.0,1453000000.0,523000000.0,0.202,7.09,30.968,31.056,503000000.0,0.0,17.64,6.15,6.185,833000000.0,5529000000.0,6138000000.0,6138000000.0,1413000000.0,0.155,0.264,0.254,0.242,225000000.0,648000000.0,1.0,2140000000.0,2152000000,2612000000.0,2.852,8874000000.0,0.0,214000000.0,0.0,4.124,6266000000.0
20,NVDA,MRT,2016-06-30,2016-07-31,2016-07-31,2021-08-20,4000000.0,7461000000.0,7278250000.0,6156000000.0,1305000000.0,0.747,2.097,-108000000.0,426000000.0,426000000.0,2337000000.0,923000000.0,2.558,0.649,1508000000.0,1428000000.0,80000000.0,1508000000.0,0.0,186000000.0,0.0,0.008,0.111,1105000000.0,1291000000.0,0.237,1291000000.0,1105000000.0,1057000000.0,0.427,0.39,0.427,4480000000.0,4402500000.0,4480000000.0,31453400000.0,28.0,24.364,1177000000.0,0.551,1.0,3102000000.0,0.57,756000000.0,48000000.0,5380000000.0,5481000000.0,521000000.0,4453000000.0,4453000000.0,0.0,2909000000.0,2407000000.0,502000000.0,30491400000.0,-9000000.0,0.0,-431000000.0,2000000.0,-238000000.0,-789000000.0,-505000000.0,-398000000.0,1285000000.0,0.0,923000000.0,923000000.0,923000000.0,0.0,0.0,0.17,2043000000.0,1059000000.0,423000000.0,0.26,6.806,33.035,33.431,485000000.0,0.0,14.275,5.606,5.606,644000000.0,4675000000.0,5439000000.0,5439000000.0,1369000000.0,0.127,0.21,0.202,0.203,218000000.0,629000000.0,1.0,2136000000.0,2136000000,2536000000.0,2.546,6705000000.0,0.0,134000000.0,0.0,3.139,3749000000.0
21,NVDA,MRT,2016-03-31,2016-05-01,2016-05-01,2021-08-20,1000000.0,7108000000.0,7157750000.0,5790000000.0,1318000000.0,0.721,1.953,-104000000.0,547000000.0,547000000.0,2254000000.0,688000000.0,2.436,0.675,1509000000.0,1421000000.0,88000000.0,1509000000.0,0.0,188000000.0,0.0,0.012,0.106,860000000.0,1048000000.0,0.203,1048000000.0,860000000.0,812000000.0,0.318,0.3,0.318,4196000000.0,4328750000.0,4196000000.0,20171260000.0,23.0,19.247,1144000000.0,0.533,1.0,2910000000.0,0.564,773000000.0,48000000.0,4920000000.0,5688750000.0,394000000.0,4207000000.0,4207000000.0,0.0,2833000000.0,2377000000.0,456000000.0,19257260000.0,83000000.0,0.0,-828000000.0,1000000.0,-229000000.0,-1176000000.0,11000000.0,90000000.0,1248000000.0,0.0,688000000.0,688000000.0,688000000.0,0.0,0.0,0.133,2092000000.0,818000000.0,320000000.0,0.333,4.589,27.99,27.932,479000000.0,0.0,8.883,3.729,3.695,523000000.0,4484000000.0,5164000000.0,5164000000.0,1339000000.0,0.096,0.159,0.151,0.167,208000000.0,621000000.0,1.0,2168000000.0,2148000000,2396000000.0,2.404,6335000000.0,0.0,124000000.0,0.0,2.949,3413000000.0
22,NVDA,MRT,2015-12-31,2016-01-31,2016-01-31,2021-08-20,-4000000.0,7370000000.0,7203500000.0,6053000000.0,1317000000.0,0.695,2.058,-79000000.0,596000000.0,596000000.0,2199000000.0,614000000.0,2.575,0.63,1510000000.0,1413000000.0,97000000.0,1510000000.0,0.0,197000000.0,0.0,0.014,0.099,790000000.0,987000000.0,0.197,987000000.0,790000000.0,743000000.0,0.282,0.27,0.282,4469000000.0,4418750000.0,4469000000.0,16704020000.0,21.0,16.924,1096000000.0,0.505,1.0,2811000000.0,0.561,784000000.0,47000000.0,5149000000.0,6090000000.0,418000000.0,4441000000.0,4441000000.0,0.0,2814000000.0,2351000000.0,463000000.0,15758020000.0,99000000.0,0.0,-401000000.0,0.0,-213000000.0,-676000000.0,-400000000.0,-345000000.0,1175000000.0,0.0,614000000.0,614000000.0,614000000.0,0.0,0.0,0.123,2064000000.0,747000000.0,296000000.0,0.351,3.526,25.665,25.966,466000000.0,0.0,7.322,3.145,3.175,505000000.0,4350000000.0,5010000000.0,5010000000.0,1331000000.0,0.085,0.139,0.13,0.158,194000000.0,602000000.0,1.0,2152000000.0,2172000000,2276000000.0,2.307,6586000000.0,0.0,129000000.0,0.0,3.032,3702000000.0
23,NVDA,MRT,2015-09-30,2015-10-25,2015-10-25,2021-08-20,2000000.0,7174000000.0,7161250000.0,5834000000.0,1340000000.0,0.679,2.06,-95000000.0,471000000.0,471000000.0,2140000000.0,600000000.0,6.823,0.607,1417000000.0,0.0,1417000000.0,1417000000.0,0.0,205000000.0,0.0,0.013,0.091,764000000.0,969000000.0,0.199,969000000.0,764000000.0,717000000.0,0.272,0.27,0.272,4465000000.0,4406000000.0,4465000000.0,16386010000.0,21.0,16.91,1012000000.0,0.467,1.0,2720000000.0,0.56,790000000.0,47000000.0,6475000000.0,6394250000.0,425000000.0,4257000000.0,4257000000.0,0.0,2709000000.0,855000000.0,1854000000.0,15410010000.0,76000000.0,0.0,-585000000.0,-1000000.0,-198000000.0,-526000000.0,-505000000.0,-433000000.0,1107000000.0,0.0,600000000.0,600000000.0,600000000.0,0.0,0.0,0.123,1992000000.0,728000000.0,295000000.0,0.335,3.451,25.683,26.278,477000000.0,0.0,7.147,3.171,3.188,536000000.0,4204000000.0,4860000000.0,4860000000.0,1337000000.0,0.084,0.136,0.119,0.157,182000000.0,558000000.0,1.0,2156000000.0,2168000000,2260000000.0,2.242,6384000000.0,52000000.0,117000000.0,0.0,2.945,4979000000.0
24,NVDA,MRT,2015-06-30,2015-07-26,2015-07-26,2021-08-20,1000000.0,6979000000.0,7089217250.0,5608000000.0,1371000000.0,0.674,1.934,-122000000.0,435000000.0,435000000.0,2118000000.0,527000000.0,5.991,0.668,1411000000.0,0.0,1411000000.0,1411000000.0,0.0,212000000.0,0.0,0.018,0.088,727000000.0,939000000.0,0.196,939000000.0,727000000.0,681000000.0,0.24,0.238,0.24,4185000000.0,4340898250.0,4185000000.0,11387960000.0,16.0,12.128,946000000.0,0.437,1.0,2662000000.0,0.557,808000000.0,46000000.0,6211000000.0,6291758750.0,441000000.0,4070000000.0,4070000000.0,0.0,2794000000.0,936000000.0,1858000000.0,10447960000.0,-80000000.0,0.0,-800000000.0,-1000000.0,-191000000.0,-827000000.0,-321000000.0,-221000000.0,1068000000.0,0.0,527000000.0,527000000.0,527000000.0,0.0,0.0,0.11,1966000000.0,696000000.0,277000000.0,0.367,2.497,19.825,20.229,497000000.0,0.0,4.855,2.186,2.198,514000000.0,4010000000.0,4780000000.0,4780000000.0,1348000000.0,0.074,0.121,0.116,0.152,160000000.0,529000000.0,1.0,2152000000.0,2164000000,2224000000.0,2.209,6171000000.0,59000000.0,154000000.0,0.0,2.852,4672000000.0
25,NVDA,MRT,2015-03-31,2015-04-26,2015-04-26,2021-08-20,8000000.0,7291000000.0,7077897000.0,5832000000.0,1459000000.0,0.668,2.075,-123000000.0,464000000.0,464000000.0,2083000000.0,629000000.0,6.605,0.6,1404000000.0,0.0,1404000000.0,1404000000.0,0.0,219000000.0,0.0,0.015,0.085,810000000.0,1029000000.0,0.218,1029000000.0,810000000.0,764000000.0,0.285,0.28,0.285,4556000000.0,4370844750.0,4556000000.0,13014753848.0,16.0,12.648,878000000.0,0.4,1.0,2647000000.0,0.56,823000000.0,46000000.0,6525000000.0,6247058000.0,438000000.0,4328000000.0,4328000000.0,0.0,2735000000.0,883000000.0,1852000000.0,12112979848.0,-45000000.0,0.0,-397000000.0,0.0,-185000000.0,-414000000.0,-632000000.0,-507000000.0,1001000000.0,0.0,629000000.0,629000000.0,629000000.0,0.0,0.0,0.133,1864000000.0,783000000.0,222000000.0,0.298,2.659,19.258,19.325,547000000.0,0.0,5.508,2.561,2.557,455000000.0,4037000000.0,4730000000.0,4730000000.0,1365000000.0,0.089,0.144,0.13,0.171,147000000.0,499000000.0,1.0,2199360844.0,2196000000,2272000000.0,2.154,6468000000.0,58000000.0,135000000.0,0.0,2.945,4949000000.0
26,NVDA,MRT,2014-12-31,2015-01-25,2015-01-25,2021-08-20,8000000.0,7201000000.0,6971312750.0,5713000000.0,1488000000.0,0.672,2.001,-101000000.0,497000000.0,497000000.0,2083000000.0,631000000.0,6.376,0.63,1398000000.0,0.0,1398000000.0,1398000000.0,0.0,220000000.0,0.0,0.016,0.085,801000000.0,1021000000.0,0.218,1021000000.0,801000000.0,755000000.0,0.285,0.28,0.285,4418000000.0,4273591000.0,4418000000.0,12254202220.0,15.0,12.002,805000000.0,0.365,1.0,2599000000.0,0.555,840000000.0,46000000.0,6366000000.0,6095008750.0,483000000.0,4126000000.0,4126000000.0,0.0,2783000000.0,896000000.0,1887000000.0,11256649220.0,-655000000.0,0.0,-814000000.0,0.0,-186000000.0,-834000000.0,-727000000.0,-625000000.0,906000000.0,0.0,631000000.0,631000000.0,631000000.0,0.0,0.0,0.135,1840000000.0,759000000.0,293000000.0,0.298,2.548,17.839,18.167,557000000.0,0.0,5.178,2.404,2.442,474000000.0,3949000000.0,4682000000.0,4682000000.0,1360000000.0,0.091,0.148,0.131,0.171,140000000.0,480000000.0,1.0,2174147604.0,2208000000,2252000000.0,2.12,6361000000.0,63000000.0,124000000.0,0.0,2.881,4817000000.0
27,NVDA,MRT,2014-09-30,2014-10-26,2014-10-26,2021-08-20,9761000.0,6885869000.0,6983786250.0,5341109000.0,1544760000.0,0.655,1.918,-111188000.0,394683000.0,394683000.0,2056577000.0,584927000.0,5.719,0.638,1392236000.0,0.0,1392236000.0,1392236000.0,0.0,220690000.0,0.0,0.018,0.085,737126000.0,957816000.0,0.209,957816000.0,737126000.0,695634000.0,0.263,0.255,0.263,4204593000.0,4283190500.0,4204593000.0,10885590140.0,15.0,11.365,752378000.0,0.343,1.0,2518479000.0,0.55,884480000.0,41492000.0,6065035000.0,5900632500.0,408081000.0,3846114000.0,3846114000.0,0.0,2681276000.0,933907000.0,1747369000.0,10014591140.0,-167298000.0,145000.0,-654749000.0,1475780000.0,-187993000.0,477795000.0,-1508659000.0,-1394066000.0,863566000.0,0.0,584927000.0,584927000.0,584927000.0,0.0,0.0,0.128,1824782000.0,693697000.0,328097000.0,0.323,2.382,17.121,17.567,566601000.0,0.0,4.62,2.189,2.214,563400000.0,3801966000.0,4575056000.0,4575056000.0,1347807000.0,0.084,0.137,0.125,0.161,136652000.0,476975000.0,1.0,2167660420.0,2192000000,2232000000.0,2.087,6001389000.0,61498000.0,110707000.0,0.0,2.738,4407202000.0
28,NVDA,MRT,2014-06-30,2014-07-27,2014-07-27,2021-08-20,4378000.0,6933719000.0,6690162250.0,5377586000.0,1556133000.0,0.658,1.929,-110347000.0,515092000.0,515092000.0,1977129000.0,530661000.0,6.19,0.611,1386091000.0,0.0,1386091000.0,1386091000.0,0.0,228416000.0,0.0,0.019,0.083,659429000.0,887845000.0,0.202,887845000.0,659429000.0,628118000.0,0.232,0.227,0.232,4304786000.0,4312204000.0,4304786000.0,10797013872.0,16.0,12.161,699534000.0,0.313,1.0,2426894000.0,0.551,903792000.0,31311000.0,6032197000.0,5188526000.0,387434000.0,3870962000.0,3870962000.0,0.0,2628933000.0,868729000.0,1760204000.0,9926219872.0,-76535000.0,-17000000.0,-342303000.0,1476169000.0,-185390000.0,794616000.0,-1681032000.0,-1550135000.0,809881000.0,0.0,530661000.0,530661000.0,530661000.0,0.0,0.0,0.12,1805209000.0,621685000.0,261627000.0,0.358,2.306,18.705,19.17,556911000.0,0.0,4.447,2.254,2.254,469625000.0,3675071000.0,4404023000.0,4404023000.0,1348101000.0,0.079,0.123,0.127,0.15,128568000.0,457108000.0,1.0,2231865064.0,2232000000,2284000000.0,1.973,6029927000.0,66697000.0,97457000.0,0.0,2.702,4508857000.0
29,NVDA,MRT,2014-03-31,2014-04-27,2014-04-27,2021-08-20,6364000.0,6864663000.0,6349130500.0,5273798000.0,1590865000.0,0.674,1.864,-172333000.0,509165000.0,509165000.0,1924829000.0,499109000.0,5.873,0.647,1379959000.0,0.0,1379959000.0,1379959000.0,0.0,234256000.0,0.0,0.017,0.08,605085000.0,839341000.0,0.196,839341000.0,605085000.0,584938000.0,0.215,0.212,0.215,4166985000.0,4279050750.0,4166985000.0,10603229647.0,18.0,12.633,638017000.0,0.285,1.0,2353432000.0,0.55,920709000.0,20147000.0,5916803000.0,4454630500.0,393280000.0,3838652000.0,3838652000.0,0.0,2697678000.0,897945000.0,1799733000.0,10380941647.0,-52637000.0,-17000000.0,-1101996000.0,1475576000.0,-181733000.0,42227000.0,-905214000.0,-712331000.0,810350000.0,0.0,499109000.0,499109000.0,499109000.0,0.0,0.0,0.117,1789213000.0,564219000.0,309008000.0,0.372,2.491,20.799,21.779,570802000.0,0.0,4.683,2.426,2.447,396438000.0,3594527000.0,4278261000.0,4278261000.0,1342839000.0,0.079,0.117,0.136,0.141,118723000.0,446374000.0,1.0,2216965648.0,2236000000,2280000000.0,1.913,5943954000.0,65196000.0,85829000.0,0.0,2.658,4375853000.0
30,NVDA,MRT,2013-12-31,2014-01-26,2014-01-26,2021-08-20,4877000.0,7250894000.0,6202846500.0,5624711000.0,1626183000.0,0.666,1.895,-230000000.0,1151587000.0,1151587000.0,1862000000.0,440000000.0,5.949,0.627,1373875000.0,0.0,1373875000.0,1373875000.0,0.0,239000000.0,0.0,0.02,0.077,520000000.0,759000000.0,0.184,759000000.0,520000000.0,510000000.0,0.188,0.185,0.188,4456398000.0,4443538500.0,4456398000.0,8301345138.0,16.0,10.937,605000000.0,0.257,1.0,2268000000.0,0.549,939191000.0,10000000.0,5588495000.0,3933704000.0,387765000.0,3520223000.0,3520223000.0,0.0,2794496000.0,945496000.0,1849000000.0,8846414138.0,419000000.0,-17000000.0,-759000000.0,1476000000.0,-181000000.0,390000000.0,-806000000.0,-554000000.0,835000000.0,0.0,440000000.0,440000000.0,440000000.0,0.0,0.0,0.107,1772000000.0,496000000.0,324391000.0,0.41,1.985,20.105,20.691,582740000.0,0.0,3.89,2.142,2.215,426357000.0,3504742000.0,4130000000.0,4130000000.0,1336000000.0,0.071,0.099,0.132,0.126,110000000.0,436000000.0,1.0,2274142452.0,2352000000,2380000000.0,1.756,6311703000.0,68494000.0,70000000.0,0.0,2.684,4679215000.0
31,NVDA,MRT,2013-09-30,2013-10-27,2013-10-27,2021-08-20,5862000.0,5711373000.0,5993184250.0,4049841000.0,1661532000.0,0.683,1.86,-236570000.0,562084000.0,562084000.0,1858723000.0,467046000.0,4.108,0.322,17015000.0,0.0,17015000.0,17015000.0,0.0,242711000.0,0.0,0.02,0.075,533276000.0,775987000.0,0.19,775987000.0,533276000.0,527474000.0,0.193,0.193,0.193,4320647000.0,4536364750.0,4320647000.0,8244198099.0,15.0,10.624,648873000.0,0.279,1.0,2234123000.0,0.546,963768000.0,5802000.0,3216609000.0,3478798250.0,380319000.0,2470870000.0,2470870000.0,0.0,1390726000.0,985927000.0,404799000.0,8817834099.0,36696000.0,-17145000.0,-883097000.0,-3829000.0,-179873000.0,-1000970000.0,152223000.0,408171000.0,885443000.0,0.0,467046000.0,467046000.0,467046000.0,0.0,0.0,0.114,1721247000.0,512876000.0,333283000.0,0.389,2.041,18.88,19.741,595418000.0,0.0,3.81,2.154,2.163,447631000.0,3406154000.0,4092846000.0,4092846000.0,1297200000.0,0.078,0.103,0.153,0.13,69053000.0,424047000.0,1.0,2314392152.0,2323480000,2355008000.0,1.762,4747605000.0,107236000.0,60428000.0,0.0,2.043,3063914000.0
32,NVDA,MRT,2013-06-30,2013-07-28,2013-07-28,2021-08-20,5897000.0,5569592000.0,6084127000.0,3922608000.0,1646984000.0,0.697,1.782,-243095000.0,591321000.0,591321000.0,1956623000.0,557392000.0,4.192,0.335,17685000.0,0.0,17685000.0,17685000.0,0.0,237133000.0,0.0,0.016,0.056,644601000.0,881734000.0,0.208,881734000.0,644601000.0,639618000.0,0.228,0.225,0.228,4172173000.0,4636914500.0,4172173000.0,7663323022.0,12.0,8.691,661518000.0,0.283,1.0,2286366000.0,0.539,963550000.0,4983000.0,3096615000.0,3576082500.0,378280000.0,2344572000.0,2344572000.0,0.0,1397419000.0,935791000.0,461628000.0,8206413022.0,91703000.0,0.0,-896440000.0,-2207000.0,-136476000.0,-969707000.0,156797000.0,400908000.0,904613000.0,0.0,557392000.0,557392000.0,557392000.0,0.0,0.0,0.131,1662261000.0,624105000.0,310271000.0,0.246,1.967,14.723,15.57,578948000.0,0.0,3.55,1.934,1.959,418123000.0,3330815000.0,4242989000.0,4242989000.0,1241086000.0,0.092,0.12,0.18,0.152,66714000.0,421175000.0,1.0,2311665640.0,2341380000,2368024000.0,1.812,4606042000.0,108436000.0,82226000.0,0.0,1.967,2986817000.0
33,NVDA,MRT,2013-03-31,2013-04-28,2013-04-28,2021-08-20,10293000.0,6279527000.0,6164699250.0,4606616000.0,1672911000.0,0.699,1.955,-220053000.0,561423000.0,561423000.0,2028474000.0,579990000.0,4.977,0.301,18333000.0,0.0,18333000.0,18333000.0,0.0,231488000.0,0.0,0.011,0.037,677153000.0,908641000.0,0.211,908641000.0,677153000.0,673006000.0,0.235,0.232,0.235,4824936000.0,4707287500.0,4824936000.0,7546506107.0,11.0,8.305,788977000.0,0.32,1.0,2281547000.0,0.529,977763000.0,4147000.0,3833097000.0,3652571750.0,377597000.0,3151928000.0,3151928000.0,0.0,1454591000.0,925577000.0,529014000.0,8260294107.0,192288000.0,0.0,-149430000.0,-2110000.0,-93133000.0,-177018000.0,-639724000.0,-418357000.0,1009030000.0,0.0,579990000.0,579990000.0,579990000.0,0.0,0.0,0.135,1623353000.0,658194000.0,328259000.0,0.157,1.712,14.242,14.266,588023000.0,0.0,3.353,1.917,1.919,346998000.0,3277713000.0,4310021000.0,4310021000.0,1190541000.0,0.094,0.123,0.185,0.157,64335000.0,432812000.0,1.0,2463920688.0,2467488000,2477208000.0,1.747,5301764000.0,106336000.0,93016000.0,0.0,2.149,3681039000.0
34,NVDA,MRT,2012-12-31,2013-01-27,2013-01-27,2021-08-20,9981000.0,6412245000.0,6021859250.0,4775258000.0,1636987000.0,0.711,1.949,-183309000.0,732786000.0,732786000.0,2053816000.0,562536000.0,4.892,0.328,18998000.0,0.0,18998000.0,18998000.0,0.0,226235000.0,0.0,0.006,0.019,665333000.0,891568000.0,0.208,891568000.0,665333000.0,662039000.0,0.228,0.225,0.228,4827703000.0,4572910500.0,4827703000.0,7248637403.0,11.0,8.13,640863000.0,0.259,1.0,2226343000.0,0.52,953362000.0,3294000.0,3768872000.0,3546305750.0,412467000.0,2995097000.0,2995097000.0,0.0,1584542000.0,976223000.0,608319000.0,7754398403.0,64910000.0,0.0,-35065000.0,-2049000.0,-46866000.0,-15270000.0,-743992000.0,-561035000.0,824172000.0,0.0,562536000.0,562536000.0,562536000.0,0.0,0.0,0.131,1578104000.0,648239000.0,356428000.0,0.083,1.606,13.785,13.607,576144000.0,0.0,3.103,1.812,1.796,454252000.0,3246088000.0,4280159000.0,4280159000.0,1147282000.0,0.093,0.123,0.188,0.155,67952000.0,430822000.0,1.0,2499403192.0,2477296000,2499828000.0,1.728,5458883000.0,103736000.0,99503000.0,0.0,2.204,3799035000.0
35,NVDA,MRT,2012-09-30,2012-10-28,2012-10-28,2021-08-20,10860000.0,6075144000.0,5807030000.0,4424827000.0,1650317000.0,0.711,1.897,-180733000.0,525388000.0,525388000.0,1995697000.0,504588000.0,4.463,0.286,19627000.0,0.0,19627000.0,19627000.0,0.0,219729000.0,0.0,0.0,0.0,603597000.0,823326000.0,0.2,823326000.0,603597000.0,600508000.0,0.205,0.2,0.205,4722846000.0,4402415750.0,4722846000.0,6985307716.0,12.0,8.484,602948000.0,0.242,1.0,2130754000.0,0.516,972278000.0,3089000.0,3605746000.0,3356429500.0,428983000.0,2909384000.0,2909384000.0,0.0,1352298000.0,991359000.0,360939000.0,7464688716.0,-41428000.0,0.0,82148000.0,9899000.0,0.0,105942000.0,-931051000.0,-750753000.0,783681000.0,0.0,504588000.0,504588000.0,504588000.0,0.0,0.0,0.122,1543771000.0,586983000.0,390265000.0,0.0,1.581,14.794,14.695,566540000.0,0.0,3.013,1.809,1.817,444944000.0,3118981000.0,4126451000.0,4126451000.0,1116137000.0,0.087,0.115,0.18,0.146,110593000.0,427634000.0,1.0,2477904968.0,2489408000,2515380000.0,1.658,5102866000.0,49931000.0,95920000.0,0.0,2.05,3433468000.0
36,NVDA,MRT,2012-06-30,2012-07-29,2012-07-29,2021-08-20,11159000.0,5891881000.0,5560504750.0,4213851000.0,1678030000.0,0.717,1.799,-175084000.0,499618000.0,499618000.0,1937708000.0,473781000.0,4.123,0.323,20237000.0,0.0,20237000.0,20237000.0,0.0,214968000.0,0.0,0.0,0.0,554756000.0,769724000.0,0.193,769724000.0,554756000.0,551667000.0,0.193,0.19,0.193,4453665000.0,4215066750.0,4453665000.0,7990080369.0,14.0,10.38,671529000.0,0.271,1.0,2050813000.0,0.514,987968000.0,3089000.0,3402572000.0,3121643000.0,387185000.0,2778482000.0,2778482000.0,0.0,1438216000.0,1021960000.0,416256000.0,8338385369.0,-32996000.0,0.0,113750000.0,8431000.0,0.0,157788000.0,-1037397000.0,-862531000.0,846613000.0,0.0,473781000.0,473781000.0,473781000.0,0.0,0.0,0.119,1518957000.0,531856000.0,417250000.0,0.0,1.872,17.6,17.455,574056000.0,0.0,3.369,2.091,2.091,445312000.0,2909901000.0,3988521000.0,3988521000.0,1088455000.0,0.085,0.112,0.178,0.139,90563000.0,430502000.0,1.0,2475216436.0,2475984000,2492572000.0,1.611,4903913000.0,49931000.0,77886000.0,0.0,1.981,3191891000.0
37,NVDA,MRT,2012-03-31,2012-04-29,2012-04-29,2021-08-20,10447000.0,5708167000.0,5303640500.0,4032116000.0,1676051000.0,0.747,1.741,-136463000.0,369135000.0,369135000.0,1925390000.0,506308000.0,4.256,0.331,20830000.0,0.0,20830000.0,20830000.0,0.0,210932000.0,0.0,0.0,0.0,587095000.0,798027000.0,0.201,798027000.0,587095000.0,584006000.0,0.207,0.205,0.207,4287428000.0,4024017750.0,4287428000.0,7349607829.0,13.0,9.21,591285000.0,0.24,1.0,2035378000.0,0.514,1004425000.0,3089000.0,3408033000.0,2881588750.0,342707000.0,2761677000.0,2761677000.0,0.0,1420739000.0,947404000.0,473335000.0,7996044829.0,-314498000.0,-348884000.0,147932000.0,-1771000.0,0.0,183666000.0,-1225912000.0,-739574000.0,727748000.0,0.0,506308000.0,506308000.0,506308000.0,0.0,0.0,0.128,1469115000.0,566263000.0,395578000.0,0.0,1.865,15.793,15.676,553541000.0,0.0,3.245,2.019,2.018,411155000.0,2790855000.0,3960768000.0,3960768000.0,1054983000.0,0.095,0.126,0.204,0.148,92360000.0,414132000.0,1.0,2464112428.0,2463120000,2495144000.0,1.608,4703742000.0,49931000.0,77698000.0,0.0,1.91,3084712000.0
38,NVDA,MRT,2011-12-31,2012-01-29,2012-01-29,2021-08-20,10614000.0,5552928000.0,5060784750.0,3905358000.0,1647570000.0,0.79,1.717,-138735000.0,667876000.0,667876000.0,1941413000.0,581090000.0,4.199,0.339,21439000.0,0.0,21439000.0,21439000.0,0.0,204205000.0,0.0,0.0,0.0,666485000.0,870690000.0,0.218,870690000.0,666485000.0,663396000.0,0.24,0.235,0.24,4145724000.0,3814112750.0,4145724000.0,8559975731.0,13.0,9.831,770421000.0,0.319,1.0,2056517000.0,0.514,967166000.0,3089000.0,3009367000.0,2641154750.0,340297000.0,2461700000.0,2461700000.0,0.0,1407204000.0,929958000.0,477246000.0,9104842731.0,2515000.0,-348884000.0,195857000.0,-1608000.0,0.0,236723000.0,-1143364000.0,-654155000.0,909156000.0,0.0,581090000.0,581090000.0,581090000.0,0.0,0.0,0.145,1408218000.0,648299000.0,335072000.0,0.0,2.196,15.669,15.531,560072000.0,0.0,3.728,2.277,2.251,336143000.0,2730418000.0,3997930000.0,3997930000.0,1002605000.0,0.115,0.152,0.252,0.167,83561000.0,405613000.0,1.0,2442613744.0,2414584000,2465484000.0,1.656,4585762000.0,49931000.0,82306000.0,0.0,1.899,2975400000.0
39,NVDA,MRT,2011-09-30,2011-10-30,2011-10-30,2021-08-20,8997000.0,5089043000.0,4796364250.0,3500071000.0,1588972000.0,0.82,1.636,-114896000.0,566816000.0,566816000.0,1938249000.0,636716000.0,3.947,0.281,21949000.0,0.0,21949000.0,21949000.0,0.0,198703000.0,0.0,0.0,0.0,727852000.0,926555000.0,0.236,926555000.0,727852000.0,724725000.0,0.268,0.263,0.268,3973450000.0,3573047250.0,3973450000.0,8908025894.0,12.0,9.614,818415000.0,0.337,1.0,1992863000.0,0.507,990892000.0,3127000.0,2666600000.0,2451813750.0,319602000.0,2181538000.0,2181538000.0,0.0,1115593000.0,886684000.0,228909000.0,9418146894.0,115642000.0,-348884000.0,249635000.0,-11203000.0,0.0,306451000.0,-1124120000.0,-657943000.0,933311000.0,0.0,636716000.0,636716000.0,636716000.0,0.0,0.0,0.162,1290793000.0,702070000.0,307943000.0,0.0,2.37,14.792,14.552,551757000.0,0.0,3.9,2.396,2.409,371261000.0,2614393000.0,3931112000.0,3931112000.0,951306000.0,0.133,0.178,0.297,0.185,58267000.0,392797000.0,1.0,2414909460.0,2428252000,2454240000.0,1.619,4098151000.0,26281000.0,88009000.0,0.0,1.688,2613387000.0
40,NVDA,MRT,2011-06-30,2011-07-31,2011-07-31,2021-08-20,14434000.0,4864424000.0,4502998250.0,3317557000.0,1546867000.0,0.824,1.534,-97684000.0,532614000.0,532614000.0,1880636000.0,543305000.0,3.455,0.318,22493000.0,0.0,22493000.0,22493000.0,0.0,193192000.0,0.0,0.0,0.0,626650000.0,819842000.0,0.221,819842000.0,626650000.0,623523000.0,0.233,0.228,0.233,3689469000.0,3304154750.0,3689469000.0,7641312420.0,12.0,9.32,803387000.0,0.334,1.0,1828208000.0,0.493,951649000.0,3127000.0,2442355000.0,2332361000.0,361911000.0,1941882000.0,1941882000.0,0.0,1174955000.0,960299000.0,214656000.0,8301988420.0,155611000.0,-348884000.0,224209000.0,-11047000.0,0.0,253499000.0,-998959000.0,-549863000.0,901071000.0,0.0,543305000.0,543305000.0,543305000.0,0.0,0.0,0.146,1219445000.0,608763000.0,297813000.0,0.0,2.25,15.281,14.839,550896000.0,0.0,3.458,2.238,2.242,419944000.0,2436120000.0,3708844000.0,3708844000.0,899335000.0,0.121,0.164,0.269,0.169,77897000.0,373420000.0,1.0,2401153556.0,2405360000,2455736000.0,1.542,3912775000.0,26281000.0,80218000.0,0.0,1.627,2357258000.0
41,NVDA,MRT,2011-03-31,2011-05-01,2011-05-01,2021-08-20,11121000.0,4736744000.0,4219709250.0,3496763000.0,1239981000.0,0.83,1.449,-112005000.0,683633000.0,683633000.0,2066319000.0,250771000.0,3.564,0.374,22957000.0,0.0,22957000.0,22957000.0,0.0,187606000.0,0.0,0.0,0.0,280056000.0,467662000.0,0.133,467662000.0,280056000.0,276929000.0,0.108,0.103,0.108,3447808000.0,3071916000.0,3447808000.0,11186028000.0,40.0,23.919,741389000.0,0.312,1.0,1437216000.0,0.41,648605000.0,3127000.0,2446297000.0,2239306500.0,380964000.0,2042908000.0,2042908000.0,0.0,1288936000.0,981166000.0,307770000.0,11828000000.0,236371000.0,0.0,199500000.0,-641000.0,0.0,227819000.0,-844842000.0,-730291000.0,853394000.0,0.0,250771000.0,250771000.0,250771000.0,0.0,0.0,0.072,1177690000.0,259526000.0,346295000.0,0.0,3.431,47.167,46.296,553366000.0,0.0,5.0,3.376,3.395,343202000.0,2284547000.0,3503535000.0,3503535000.0,862249000.0,0.059,0.082,0.125,0.08,77955000.0,368751000.0,1.0,2365600000.0,2379208000,2453896000.0,1.473,4088139000.0,9456000.0,26158000.0,0.0,1.718,2515597000.0
42,NVDA,MRT,2010-12-31,2011-01-30,2011-01-30,2021-08-20,10272000.0,4495246000.0,3986280750.0,3226950000.0,1268296000.0,0.889,1.383,-97890000.0,665361000.0,665361000.0,2134219000.0,253146000.0,3.423,0.413,23389000.0,0.0,23389000.0,23389000.0,0.0,186989000.0,0.0,0.0,0.0,274296000.0,461285000.0,0.13,461285000.0,274296000.0,271169000.0,0.11,0.107,0.11,3181462000.0,2925125250.0,3181462000.0,13376745000.0,49.0,28.999,577907000.0,0.251,1.0,1409090000.0,0.398,658589000.0,3127000.0,2252003000.0,2160058750.0,345525000.0,1825202000.0,1825202000.0,0.0,1313784000.0,942682000.0,371102000.0,13804560000.0,218140000.0,0.0,177276000.0,-571000.0,0.0,192021000.0,-649678000.0,-549625000.0,675797000.0,0.0,253146000.0,253146000.0,253146000.0,0.0,0.0,0.071,1153343000.0,255747000.0,286138000.0,0.0,4.339,54.532,54.0,568857000.0,0.0,5.94,3.896,3.857,348770000.0,2149328000.0,3543309000.0,3543309000.0,848830000.0,0.064,0.087,0.127,0.077,85037000.0,361513000.0,1.0,2324000000.0,2300708000,2354736000.0,1.54,3836657000.0,9456000.0,18023000.0,0.0,1.668,2284268000.0
43,NVDA,MRT,2010-09-30,2010-10-31,2010-10-31,2021-08-20,12667000.0,3915579000.0,3758948750.0,2807702000.0,1107877000.0,0.968,1.255,-99122000.0,451174000.0,451174000.0,2217969000.0,212571000.0,3.439,0.351,23359000.0,0.0,23359000.0,23359000.0,0.0,188510000.0,0.0,0.0,0.0,228004000.0,416514000.0,0.114,416514000.0,228004000.0,224684000.0,0.095,0.092,0.095,2897880000.0,2796044750.0,2897880000.0,6546498000.0,29.0,15.717,211247000.0,0.091,1.0,1421452000.0,0.391,482486000.0,3320000.0,2188789000.0,2069174750.0,377812000.0,1536046000.0,1536046000.0,0.0,1017699000.0,816489000.0,201210000.0,6899767000.0,-163316000.0,0.0,149968000.0,-1486000.0,0.0,150516000.0,-624201000.0,-523423000.0,310369000.0,0.0,212571000.0,212571000.0,212571000.0,0.0,0.0,0.058,1211201000.0,210251000.0,324770000.0,0.0,2.381,32.459,31.633,585672000.0,0.0,3.005,1.896,1.907,399502000.0,1977677000.0,3639421000.0,3639421000.0,849518000.0,0.057,0.076,0.11,0.063,97571000.0,361683000.0,1.0,2296000000.0,2309292000,2330592000.0,1.576,3433093000.0,8752000.0,12113000.0,0.0,1.487,1991213000.0
44,NVDA,MRT,2010-06-30,2010-08-01,2010-08-01,2021-08-20,11234000.0,3731268000.0,3645947500.0,2655962000.0,1075306000.0,1.014,1.205,-93892000.0,377003000.0,377003000.0,2277542000.0,235286000.0,3.242,0.352,23734000.0,0.0,23734000.0,23734000.0,0.0,190404000.0,0.0,0.0,0.0,234626000.0,425030000.0,0.115,425030000.0,234626000.0,231306000.0,0.107,0.103,0.107,2760514000.0,2677483500.0,2760514000.0,4835354000.0,21.0,11.377,145617000.0,0.064,1.0,1421173000.0,0.384,488723000.0,3320000.0,2070137000.0,1893821750.0,434227000.0,1395497000.0,1395497000.0,0.0,970754000.0,819139000.0,151615000.0,5258518000.0,-146782000.0,0.0,168789000.0,-1400000.0,0.0,169423000.0,-555714000.0,-459297000.0,239509000.0,0.0,235286000.0,235286000.0,235286000.0,0.0,0.0,0.064,1206860000.0,214313000.0,280041000.0,0.0,1.905,22.349,21.472,542216000.0,0.0,2.297,1.422,1.423,395934000.0,1892815000.0,3698715000.0,3698715000.0,842939000.0,0.065,0.088,0.124,0.063,95376000.0,363921000.0,1.0,2288800000.0,2291056000,2291056000.0,1.614,3242545000.0,8752000.0,-3980000.0,0.0,1.415,1836823000.0
45,NVDA,MRT,2010-03-31,2010-05-02,2010-05-02,2021-08-20,10872000.0,3803030000.0,3537732750.0,2726980000.0,1076050000.0,1.036,1.261,-73904000.0,447262000.0,447262000.0,2220423000.0,270945000.0,3.563,0.329,24098000.0,0.0,24098000.0,24098000.0,0.0,193153000.0,0.0,0.0,0.0,296572000.0,489725000.0,0.134,489725000.0,296572000.0,293252000.0,0.122,0.117,0.122,2860645000.0,2549207250.0,2860645000.0,8476944000.0,29.0,17.31,266378000.0,0.117,1.0,1443604000.0,0.394,485267000.0,3320000.0,2129306000.0,1726997750.0,388139000.0,1317634000.0,1317634000.0,0.0,942385000.0,765293000.0,177092000.0,8899715000.0,-65012000.0,0.0,161431000.0,-989000.0,0.0,162476000.0,-567770000.0,-493648000.0,340282000.0,0.0,270945000.0,270945000.0,270945000.0,0.0,0.0,0.074,1164191000.0,279413000.0,362740000.0,0.0,3.111,32.847,32.193,548916000.0,0.0,3.928,2.429,2.432,529663000.0,2033776000.0,3664027000.0,3664027000.0,825159000.0,0.077,0.106,0.172,0.081,103716000.0,339032000.0,1.0,2266000000.0,2268732000,2363988000.0,1.615,3317763000.0,8752000.0,22307000.0,0.0,1.462,1961687000.0
46,NVDA,MRT,2009-12-31,2010-01-31,2010-01-31,2021-08-20,12172000.0,3585918000.0,3381651250.0,2480830000.0,1105088000.0,0.984,1.212,-77601000.0,447221000.0,447221000.0,2149522000.0,-67987000.0,3.163,0.345,24450000.0,0.0,24450000.0,24450000.0,0.0,196664000.0,0.0,0.0,0.0,-78974000.0,117690000.0,0.035,117690000.0,-78974000.0,-82294000.0,-0.03,-0.03,-0.03,2665140000.0,2413765000.0,2665140000.0,7950181000.0,-101.0,67.552,410206000.0,0.187,1.0,1176923000.0,0.354,490302000.0,3320000.0,1888467000.0,1564001000.0,330674000.0,1281006000.0,1281006000.0,0.0,920778000.0,784378000.0,136400000.0,8539911000.0,29533000.0,0.0,59954000.0,-929000.0,0.0,61059000.0,-519333000.0,-441514000.0,487807000.0,0.0,-67987000.0,-67987000.0,-67987000.0,0.0,0.0,-0.02,1275868000.0,-98945000.0,344527000.0,0.0,3.204,-125.611,-128.25,571858000.0,0.0,3.848,2.567,2.543,374963000.0,1896182000.0,3326445000.0,3326445000.0,908851000.0,-0.02,-0.028,-0.05,-0.024,240792000.0,367017000.0,1.0,2219600000.0,2198296000,2198296000.0,1.513,3095616000.0,8752000.0,-14307000.0,0.0,1.408,1696452000.0
47,NVDA,MRT,2009-09-30,2009-10-25,2009-10-25,2021-08-20,9645000.0,3463574000.0,3322853500.0,2357716000.0,1105858000.0,0.85,1.099,-98001000.0,614490000.0,614490000.0,1945229000.0,-346728000.0,2.653,0.429,24760000.0,0.0,24760000.0,24760000.0,0.0,196805000.0,0.0,0.0,0.0,-391684000.0,-194879000.0,-0.069,-194879000.0,-391684000.0,-392090000.0,-0.155,-0.155,-0.155,2423635000.0,2346143000.0,2423635000.0,6704845000.0,-17.0,-34.405,300716000.0,0.136,1.0,879868000.0,0.311,497661000.0,406000.0,1487377000.0,1507668500.0,277643000.0,1019589000.0,1019589000.0,0.0,1039939000.0,888806000.0,151133000.0,7203570000.0,153237000.0,0.0,20934000.0,-318000.0,0.0,21431000.0,-266911000.0,-166782000.0,398717000.0,0.0,-346728000.0,-346728000.0,-346728000.0,0.0,0.0,-0.123,1288178000.0,-408310000.0,321530000.0,0.0,2.972,-20.776,-21.21,565296000.0,0.0,3.288,2.55,2.566,397820000.0,1765106000.0,2825097000.0,2825097000.0,904379000.0,-0.104,-0.148,-0.26,-0.139,259168000.0,365269000.0,1.0,2191200000.0,2205132000,2297524000.0,1.281,2965913000.0,16505000.0,-45362000.0,0.0,1.345,1468910000.0
48,NVDA,MRT,2009-06-30,2009-07-26,2009-07-26,2021-08-20,8670000.0,3298409000.0,3369184500.0,2167905000.0,1130504000.0,0.837,1.028,-190416000.0,523785000.0,523785000.0,1963618000.0,-392557000.0,2.432,0.468,25060000.0,0.0,25060000.0,25060000.0,0.0,197339000.0,0.0,0.0,0.0,-440888000.0,-243549000.0,-0.086,-243549000.0,-440888000.0,-441294000.0,-0.178,-0.175,-0.178,2247409000.0,2362003000.0,2247409000.0,6591829000.0,-15.0,-27.066,109987000.0,0.05,1.0,855928000.0,0.304,505522000.0,406000.0,1402841000.0,1551136250.0,279216000.0,942320000.0,942320000.0,0.0,1051000000.0,891321000.0,159679000.0,7078752000.0,-195358000.0,0.0,-297157000.0,-103000.0,0.0,-296445000.0,-199316000.0,-7522000.0,300403000.0,0.0,-392557000.0,-392557000.0,-392557000.0,0.0,0.0,-0.139,1315287000.0,-459359000.0,275978000.0,0.0,3.15,-18.032,-18.202,582914000.0,0.0,3.24,2.511,2.513,351960000.0,1657529000.0,2819546000.0,2819546000.0,918791000.0,-0.117,-0.166,-0.284,-0.156,275636000.0,369628000.0,1.0,2184800000.0,2186556000,2186556000.0,1.289,2792887000.0,20076000.0,-48737000.0,0.0,1.277,1276584000.0
49,NVDA,MRT,2009-03-31,2009-04-26,2009-04-26,2021-08-20,4931000.0,3178704000.0,3534594500.0,2020684000.0,1158020000.0,0.831,1.069,-226274000.0,512274000.0,512274000.0,2086580000.0,-408184000.0,2.878,0.371,25351000.0,0.0,25351000.0,25351000.0,0.0,194323000.0,0.0,0.0,0.0,-480387000.0,-286064000.0,-0.097,-286064000.0,-480387000.0,-480793000.0,-0.185,-0.182,-0.185,2318876000.0,2465879500.0,2318876000.0,5808190042.0,-12.0,-20.304,19969000.0,0.009,1.0,849122000.0,0.289,512290000.0,406000.0,1477319000.0,1599161500.0,327259000.0,825873000.0,825873000.0,0.0,859828000.0,702172000.0,157656000.0,6200244042.0,-291034000.0,0.0,-295065000.0,-222000.0,0.0,-294472000.0,-242805000.0,-17589000.0,246243000.0,0.0,-408184000.0,-408184000.0,-408184000.0,0.0,0.0,-0.139,1353766000.0,-504644000.0,226114000.0,0.0,2.674,-15.19,-15.446,601053000.0,0.0,2.857,2.112,2.111,304393000.0,1762831000.0,2935702000.0,2935702000.0,938846000.0,-0.115,-0.166,-0.3,-0.164,281964000.0,388052000.0,1.0,2169814188.0,2169228000,2169228000.0,1.353,2666414000.0,0.0,-72609000.0,0.0,1.229,1318512000.0
50,NVDA,MRT,2008-12-31,2009-01-25,2009-01-25,2021-08-20,3865000.0,3350727000.0,3691783000.0,2167958000.0,1182769000.0,0.928,1.092,-407670000.0,417688000.0,417688000.0,2250590000.0,-30041000.0,2.784,0.399,25634000.0,0.0,25634000.0,25634000.0,0.0,185023000.0,0.0,0.0,0.0,-42548000.0,142475000.0,0.042,142475000.0,-42548000.0,-42954000.0,-0.013,-0.013,-0.013,2394652000.0,2570455000.0,2394652000.0,3679503378.0,-86.0,25.826,-158310000.0,-0.072,1.0,1174269000.0,0.343,516945000.0,406000.0,1663137000.0,1637726250.0,537834000.0,837702000.0,837702000.0,0.0,956075000.0,778591000.0,177484000.0,4140756378.0,-309281000.0,-27948000.0,-350089000.0,0.0,0.0,-349274000.0,-209367000.0,226693000.0,249360000.0,0.0,-30041000.0,-30041000.0,-30041000.0,0.0,0.0,-0.009,1244969000.0,-70700000.0,218864000.0,0.0,1.729,-137.837,-148.269,625798000.0,0.0,1.927,1.209,1.234,318435000.0,1964169000.0,3424859000.0,3424859000.0,855879000.0,-0.008,-0.012,-0.026,-0.012,161835000.0,362222000.0,1.0,2148252336.0,2192504000,2192504000.0,1.562,2833782000.0,16505000.0,-12913000.0,0.0,1.292,1389367000.0
51,NVDA,MRT,2008-09-30,2008-10-26,2008-10-26,2021-08-20,-3970000.0,3648898000.0,3791019000.0,2480099000.0,1168799000.0,1.094,1.143,-435034000.0,461253000.0,461253000.0,2564249000.0,374617000.0,2.469,0.467,0.0,0.0,0.0,0.0,0.0,173904000.0,0.0,0.0,0.0,407377000.0,581281000.0,0.14,581281000.0,407377000.0,407323000.0,0.167,0.153,0.167,2487075000.0,2626270000.0,2487075000.0,2959863498.0,7.0,5.092,86642000.0,0.04,1.0,1582200000.0,0.382,521932000.0,54000.0,1661248000.0,1620081500.0,523988000.0,843635000.0,843635000.0,0.0,1161823000.0,1004465000.0,157358000.0,3679006498.0,-595449000.0,-103490000.0,-513412000.0,0.0,0.0,-513192000.0,-603933000.0,-65255000.0,521676000.0,0.0,374617000.0,374617000.0,374617000.0,0.0,0.0,0.09,1215318000.0,366882000.0,387252000.0,0.0,1.479,9.821,9.895,609674000.0,0.0,1.653,0.887,0.867,607834000.0,2111834000.0,4146449000.0,4146449000.0,839935000.0,0.099,0.143,0.251,0.098,155370000.0,367045000.0,1.0,2226327684.0,2175228000,2258144000.0,1.906,3126966000.0,0.0,32706000.0,0.0,1.438,1475634000.0
52,NVDA,MRT,2008-06-30,2008-07-27,2008-07-27,2021-08-20,-966000.0,3960049000.0,3747610250.0,2814219000.0,1145830000.0,1.165,1.199,-396452000.0,719143000.0,719143000.0,2634481000.0,548530000.0,2.479,0.487,0.0,0.0,0.0,0.0,0.0,157630000.0,0.0,0.0,0.0,613173000.0,770803000.0,0.177,770803000.0,613173000.0,613119000.0,0.245,0.22,0.245,2662915000.0,2623982750.0,2662915000.0,5609413399.0,9.0,7.277,483069000.0,0.217,1.0,1729910000.0,0.396,510948000.0,54000.0,1594942000.0,1502522500.0,432279000.0,938087000.0,938087000.0,0.0,1297134000.0,1135016000.0,162118000.0,6412721399.0,-195602000.0,-103490000.0,-292140000.0,0.0,0.0,-291920000.0,-783203000.0,-283357000.0,879521000.0,0.0,548530000.0,548530000.0,548530000.0,0.0,0.0,0.126,1171983000.0,557927000.0,438892000.0,0.0,2.408,11.691,11.796,599478000.0,0.0,2.89,1.469,1.471,679416000.0,2050086000.0,4364391000.0,4364391000.0,807104000.0,0.146,0.209,0.408,0.14,147923000.0,364879000.0,1.0,2218934740.0,2221668000,2221668000.0,1.964,3449101000.0,0.0,64589000.0,0.0,1.552,1679203000.0
53,NVDA,MRT,2008-03-31,2008-04-27,2008-04-27,2021-08-20,1549000.0,3807458000.0,3516664750.0,2748993000.0,1058465000.0,1.253,1.231,-363582000.0,803308000.0,803308000.0,2402983000.0,842191000.0,3.136,0.391,0.0,0.0,0.0,0.0,0.0,143216000.0,0.0,0.0,0.0,960624000.0,1103840000.0,0.25,1103840000.0,960624000.0,960570000.0,0.38,0.348,0.38,2737178000.0,2523323500.0,2737178000.0,10451890617.0,11.0,9.469,756661000.0,0.34,1.0,2003985000.0,0.455,496020000.0,54000.0,1631578000.0,1376938500.0,420126000.0,818331000.0,818331000.0,0.0,1070280000.0,876552000.0,193728000.0,11178859617.0,124357000.0,-103490000.0,-339093000.0,0.0,0.0,-338873000.0,-657013000.0,-186819000.0,1120243000.0,0.0,842191000.0,842191000.0,842191000.0,0.0,0.0,0.191,1105906000.0,898079000.0,427855000.0,0.0,4.084,13.274,13.257,522056000.0,0.0,5.037,2.537,2.541,651800000.0,2171015000.0,4406968000.0,4406968000.0,752146000.0,0.239,0.334,0.698,0.218,138084000.0,353760000.0,1.0,2219128460.0,2222692000,2367956000.0,1.983,3311438000.0,0.0,118379000.0,0.0,1.49,1872441000.0
54,NVDA,MRT,2007-12-31,2008-01-27,2008-01-27,2021-08-20,8034000.0,3747671000.0,3265017250.0,2888829000.0,858842000.0,1.255,1.19,-187745000.0,726969000.0,726969000.0,2228580000.0,797645000.0,2.987,0.432,0.0,0.0,0.0,0.0,0.0,133192000.0,0.0,0.0,0.0,901395000.0,1034587000.0,0.252,1034587000.0,901395000.0,901341000.0,0.362,0.328,0.362,2617912000.0,2363002500.0,2617912000.0,12804805727.0,14.0,12.377,1082451000.0,0.492,1.0,1869280000.0,0.456,460983000.0,54000.0,1592558000.0,1258058750.0,358521000.0,1082509000.0,1082509000.0,0.0,1129759000.0,967161000.0,162598000.0,13861507727.0,182555000.0,-75542000.0,-326543000.0,0.0,0.0,-326323000.0,-761318000.0,-496409000.0,1270196000.0,0.0,797645000.0,797645000.0,797645000.0,0.0,0.0,0.195,1032934000.0,836346000.0,492099000.0,0.0,5.295,17.378,17.231,359808000.0,0.0,6.237,3.383,3.349,666494000.0,1994210000.0,4097860000.0,4097860000.0,691637000.0,0.244,0.338,0.716,0.22,133365000.0,341297000.0,1.0,2222285808.0,2200432000,2426928000.0,1.862,3286688000.0,11268000.0,103696000.0,0.0,1.494,1921668000.0
55,NVDA,MRT,2007-09-30,2007-10-28,2007-10-28,2021-08-20,3350000.0,3475263000.0,2996915250.0,2756054000.0,719209000.0,1.259,1.116,-178668000.0,1056702000.0,1056702000.0,2068614000.0,704158000.0,3.218,0.402,0.0,0.0,0.0,0.0,0.0,130548000.0,0.0,0.0,0.0,772990000.0,903538000.0,0.239,903538000.0,772990000.0,772998000.0,0.32,0.287,0.32,2477926000.0,2210254250.0,2477926000.0,17964398395.0,23.0,19.882,1055022000.0,0.475,1.0,1705389000.0,0.452,371107000.0,-8000.0,1191012000.0,1146195750.0,306143000.0,796251000.0,796251000.0,0.0,997337000.0,856442000.0,140895000.0,18879143395.0,314956000.0,-334763000.0,-48877000.0,0.0,0.0,-225855000.0,-692879000.0,-179448000.0,1233690000.0,0.0,704158000.0,704158000.0,704158000.0,0.0,0.0,0.187,993028000.0,712361000.0,449792000.0,0.0,7.619,26.811,26.875,322946000.0,0.0,8.6,5.002,5.059,552407000.0,1737217000.0,3774003000.0,3774003000.0,658078000.0,0.235,0.319,0.674,0.205,146436000.0,334950000.0,1.0,2195249232.0,2219864000,2451940000.0,1.7,3104156000.0,0.0,68840000.0,140895000.0,1.398,1899612000.0
56,NVDA,MRT,2007-06-30,2007-07-29,2007-07-29,2021-08-20,1586000.0,3036267000.0,2760887750.0,2397405000.0,638862000.0,1.26,1.032,-137028000.0,914745000.0,914745000.0,1955200000.0,575008000.0,3.521,0.343,0.0,0.0,0.0,0.0,0.0,122549000.0,0.0,0.0,0.0,634540000.0,757089000.0,0.218,757089000.0,634540000.0,634526000.0,0.265,0.237,0.265,2260278000.0,2052202000.0,2260278000.0,15379967879.0,24.0,20.315,985132000.0,0.45,1.0,1523778000.0,0.438,348118000.0,14000.0,1092606000.0,1073883000.0,276305000.0,656818000.0,656818000.0,0.0,775989000.0,680798000.0,95191000.0,16058918879.0,526322000.0,-334774000.0,2842000.0,0.0,0.0,-113762000.0,-482076000.0,-10274000.0,1122160000.0,0.0,575008000.0,575008000.0,575008000.0,0.0,0.0,0.165,941645000.0,582133000.0,323381000.0,0.0,7.105,27.928,27.83,264832000.0,0.0,7.375,4.616,4.641,508435000.0,1501556000.0,3478978000.0,3478978000.0,619281000.0,0.208,0.28,0.591,0.182,137527000.0,322364000.0,1.0,2177480526.0,2189220000,2415320000.0,1.589,2688149000.0,0.0,59518000.0,95191000.0,1.228,1716607000.0
57,NVDA,MRT,2007-03-31,2007-04-29,2007-04-29,2021-08-20,1284000.0,2800868000.0,2547778250.0,2154233000.0,646635000.0,1.268,0.968,-90136000.0,678951000.0,678951000.0,1839330000.0,489029000.0,3.453,0.336,0.0,0.0,0.0,0.0,0.0,114865000.0,0.0,0.0,0.0,538217000.0,653082000.0,0.202,653082000.0,538217000.0,538197000.0,0.227,0.202,0.227,2095894000.0,1900769500.0,2095894000.0,11362052680.0,21.0,17.398,728207000.0,0.336,1.0,1391914000.0,0.431,341991000.0,20000.0,1156059000.0,1065050750.0,332635000.0,628073000.0,628073000.0,0.0,704974000.0,623867000.0,81107000.0,11906466680.0,191188000.0,-381133000.0,-171362000.0,0.0,0.0,-178504000.0,-448651000.0,22618000.0,818343000.0,0.0,489029000.0,489029000.0,489029000.0,0.0,0.0,0.151,898725000.0,493189000.0,334046000.0,0.0,5.681,24.347,24.28,271190000.0,0.0,5.512,3.685,3.693,471519000.0,1328824000.0,3231244000.0,3231244000.0,588586000.0,0.192,0.257,0.505,0.167,128877000.0,310139000.0,1.0,2160229818.0,2164988000,2393196000.0,1.492,2458877000.0,0.0,49168000.0,0.0,1.136,1530366000.0
58,NVDA,MRT,2006-12-31,2007-01-28,2007-01-28,2021-08-20,1436000.0,2675263000.0,2397768250.0,2031770000.0,643493000.0,1.28,0.949,-130826000.0,544414000.0,544414000.0,1768322000.0,448834000.0,3.181,0.333,0.0,0.0,0.0,0.0,0.0,107562000.0,0.0,0.0,0.0,495205000.0,602767000.0,0.196,602767000.0,495205000.0,495184000.0,0.212,0.19,0.212,2006919000.0,1788951000.0,2006919000.0,10447594804.0,21.0,17.333,441855000.0,0.209,1.0,1300449000.0,0.424,346936000.0,21000.0,1145106000.0,1013772750.0,354680000.0,573436000.0,573436000.0,0.0,668344000.0,638807000.0,29537000.0,11189000804.0,-7342000.0,-401800000.0,-53818000.0,0.0,0.0,-53630000.0,-526393000.0,6233000.0,572681000.0,0.0,448834000.0,448834000.0,448834000.0,0.0,0.0,0.146,846997000.0,453452000.0,272075000.0,0.0,5.575,24.929,24.741,260828000.0,0.0,5.245,3.646,3.614,518680000.0,1196565000.0,3068771000.0,3068771000.0,553467000.0,0.187,0.251,0.488,0.161,108253000.0,293530000.0,1.0,2133269934.0,2114424000,2349024000.0,1.451,2328327000.0,16799000.0,46350000.0,0.0,1.101,1392963000.0
59,NVDA,MRT,2006-09-30,2006-10-29,2006-10-29,2021-08-20,-1325000.0,2531153000.0,2217624250.0,2025888000.0,505265000.0,1.273,0.872,-93009000.0,741746000.0,741746000.0,1653967000.0,382702000.0,3.08,0.371,340000.0,340000.0,0.0,340000.0,0.0,97058000.0,0.0,0.0,0.0,458788000.0,555846000.0,0.197,555846000.0,458788000.0,458701000.0,0.182,0.166,0.182,1845717000.0,1661219250.0,1845717000.0,10926609170.0,24.0,19.658,489090000.0,0.231,1.0,1169545000.0,0.414,230217000.0,87000.0,901761000.0,928379750.0,373558000.0,431849000.0,431849000.0,0.0,685436000.0,657769000.0,27667000.0,11414372170.0,377438000.0,-79168000.0,-97972000.0,856000.0,0.0,-25044000.0,-179617000.0,-7440000.0,582099000.0,0.0,382702000.0,382702000.0,382702000.0,0.0,0.0,0.136,743917000.0,425628000.0,324396000.0,0.0,6.184,29.826,29.652,220540000.0,0.0,5.397,4.043,4.044,439252000.0,1033059000.0,2823512000.0,2823512000.0,484537000.0,0.173,0.23,0.494,0.162,86662000.0,259380000.0,1.0,2115078228.0,2115944000,2346932000.0,1.334,2300936000.0,15086000.0,75999000.0,0.0,1.087,1368119000.0
60,NVDA,MRT,2006-06-30,2006-07-30,2006-07-30,2021-08-20,-2374000.0,2183829000.0,2036213000.0,1726289000.0,457540000.0,1.27,0.787,-77689000.0,388423000.0,388423000.0,1522757000.0,340638000.0,3.418,0.32,0.0,0.0,0.0,0.0,0.0,96549000.0,0.0,0.0,0.0,406157000.0,502706000.0,0.194,502706000.0,406157000.0,406092000.0,0.164,0.151,0.164,1654548000.0,1537150250.0,1654548000.0,7503707571.0,18.0,14.927,299191000.0,0.142,1.0,1063598000.0,0.411,233085000.0,65000.0,1057277000.0,918369250.0,378661000.0,462744000.0,462744000.0,0.0,529281000.0,505044000.0,24237000.0,7991470571.0,146253000.0,-79157000.0,-137481000.0,0.0,0.0,-76584000.0,-154043000.0,2803000.0,376880000.0,0.0,340638000.0,340638000.0,340638000.0,0.0,0.0,0.132,686011000.0,377587000.0,230916000.0,0.0,4.83,23.46,23.039,177144000.0,0.0,3.778,3.09,3.07,459636000.0,926548000.0,2586355000.0,2586355000.0,432634000.0,0.167,0.222,0.442,0.157,65226000.0,239219000.0,1.0,2115078228.0,2101464000,2313534000.0,1.231,1950744000.0,12466000.0,65454000.0,0.0,0.928,1221245000.0
61,NVDA,MRT,2006-03-31,2006-04-30,2006-04-30,2021-08-20,-2451000.0,2200828000.0,1922310250.0,1723981000.0,476847000.0,1.287,0.79,-133122000.0,487763000.0,487763000.0,1484803000.0,327718000.0,3.225,0.335,0.0,0.0,0.0,0.0,0.0,97111000.0,0.0,0.0,0.0,384443000.0,481554000.0,0.195,481554000.0,384443000.0,384382000.0,0.159,0.148,0.159,1648620000.0,1442321500.0,1648620000.0,9645170542.0,25.0,20.029,273243000.0,0.131,1.0,988845000.0,0.4,227592000.0,61000.0,950947000.0,886343750.0,346431000.0,467290000.0,467290000.0,0.0,552208000.0,534526000.0,17682000.0,10196926542.0,206759000.0,-32798000.0,24110000.0,0.0,0.0,-4916000.0,-194690000.0,-28770000.0,406365000.0,0.0,327718000.0,327718000.0,327718000.0,0.0,0.0,0.132,629481000.0,359364000.0,298147000.0,0.0,6.185,31.115,30.629,180206000.0,0.0,4.87,4.122,4.11,391270000.0,839795000.0,2473648000.0,2473648000.0,392490000.0,0.17,0.227,0.434,0.155,46771000.0,222833000.0,1.0,2093824752.0,2087622000,2336568000.0,1.185,1973236000.0,40703000.0,56664000.0,0.0,0.945,1189455000.0
62,NVDA,MRT,2005-12-31,2006-01-29,2006-01-29,2021-08-20,-1957000.0,1954687000.0,1780876750.0,1550299000.0,404388000.0,1.334,0.735,-79600000.0,551756000.0,551756000.0,1465654000.0,301176000.0,3.534,0.307,0.0,0.0,0.0,0.0,0.0,97977000.0,0.0,0.0,0.0,356860000.0,454837000.0,0.191,454837000.0,356860000.0,356788000.0,0.147,0.138,0.147,1495992000.0,1337813250.0,1495992000.0,7552592221.0,21.0,16.605,366808000.0,0.18,1.0,910033000.0,0.383,160738000.0,72000.0,803534000.0,859455000.0,254870000.0,398418000.0,398418000.0,0.0,458695000.0,438659000.0,20036000.0,7916900221.0,343244000.0,-12131000.0,-61012000.0,0.0,0.0,-61377000.0,-41787000.0,49944000.0,446408000.0,0.0,301176000.0,301176000.0,301176000.0,0.0,0.0,0.127,573369000.0,336664000.0,179395000.0,0.0,5.292,26.287,26.219,178152000.0,0.0,3.854,3.332,3.304,318186000.0,747731000.0,2375687000.0,2375687000.0,357123000.0,0.169,0.225,0.415,0.15,32740000.0,202088000.0,1.0,2054114652.0,2036280000,2194224000.0,1.167,1793949000.0,40703000.0,55612000.0,0.0,0.881,1111640000.0
63,NVDA,MRT,2005-09-30,2005-10-30,2005-10-30,2021-08-20,-4365000.0,1805508000.0,1708092750.0,1449976000.0,355532000.0,1.352,0.661,-74132000.0,364308000.0,364308000.0,1461434000.0,240070000.0,3.394,0.338,0.0,0.0,0.0,0.0,0.0,105274000.0,0.0,0.0,0.0,283334000.0,388608000.0,0.168,388608000.0,283334000.0,283305000.0,0.118,0.11,0.118,1349441000.0,1269088000.0,1349441000.0,5226826942.0,18.0,13.45,246064000.0,0.121,1.0,847115000.0,0.367,152314000.0,29000.0,861719000.0,883351000.0,284847000.0,421870000.0,421870000.0,0.0,456067000.0,427167000.0,28900000.0,5468996942.0,207621000.0,0.0,-95516000.0,2655000.0,0.0,-22970000.0,-89605000.0,-15473000.0,320196000.0,0.0,240070000.0,240070000.0,240070000.0,0.0,0.0,0.104,582402000.0,264713000.0,179777000.0,0.0,4.053,22.781,22.895,178505000.0,0.0,2.702,2.369,2.389,351737000.0,777048000.0,2308549000.0,2308549000.0,360947000.0,0.141,0.189,0.321,0.123,35149000.0,207297000.0,1.0,2024304852.0,2041524000,2201142000.0,1.131,1653194000.0,3265000.0,43235000.0,20754000.0,0.81,1022809000.0
64,NVDA,MRT,2005-06-30,2005-07-31,2005-07-31,2021-08-20,-4218000.0,1728218000.0,1641629750.0,1401915000.0,326303000.0,1.365,0.629,-74723000.0,242170000.0,242170000.0,1454863000.0,201502000.0,3.295,0.355,0.0,0.0,0.0,0.0,0.0,104778000.0,0.0,0.0,0.0,239990000.0,344768000.0,0.154,344768000.0,239990000.0,239936000.0,0.1,0.092,0.1,1275233000.0,1208830500.0,1275233000.0,4291354438.0,18.0,12.447,161808000.0,0.08,1.0,785862000.0,0.351,131375000.0,54000.0,929175000.0,875671500.0,300955000.0,475376000.0,475376000.0,0.0,452985000.0,425498000.0,27487000.0,4572013438.0,61591000.0,0.0,-80651000.0,2833000.0,0.0,-46090000.0,-128850000.0,-54127000.0,236531000.0,0.0,201502000.0,201502000.0,201502000.0,0.0,0.0,0.09,561963000.0,223899000.0,221047000.0,0.0,3.585,22.69,22.55,178951000.0,0.0,2.255,2.04,2.04,355393000.0,711795000.0,2240725000.0,2240725000.0,359998000.0,0.123,0.167,0.274,0.107,33796000.0,201965000.0,1.0,2027500416.0,2027316000,2170044000.0,1.105,1596843000.0,3265000.0,38434000.0,20754000.0,0.788,976417000.0
65,NVDA,MRT,2005-03-31,2005-05-01,2005-05-01,2021-08-20,-3908000.0,1635094000.0,1579797500.0,1319657000.0,315437000.0,1.343,0.608,-62166000.0,281004000.0,281004000.0,1413394000.0,132788000.0,3.514,0.329,345000.0,345000.0,0.0,345000.0,0.0,104082000.0,0.0,0.0,0.0,163621000.0,267703000.0,0.126,267703000.0,163621000.0,163523000.0,0.066,0.062,0.066,1230587000.0,1163812750.0,1230587000.0,3518827364.0,22.0,13.145,98127000.0,0.048,1.0,708580000.0,0.334,135523000.0,98000.0,843392000.0,839623250.0,307759000.0,450508000.0,450508000.0,0.0,404507000.0,375520000.0,28987000.0,3726483364.0,84329000.0,0.0,-30609000.0,1483000.0,0.0,-12331000.0,-63633000.0,-1467000.0,160293000.0,0.0,132788000.0,132788000.0,132788000.0,0.0,0.0,0.063,558475000.0,150105000.0,182146000.0,0.0,3.028,28.063,27.689,169236000.0,0.0,1.827,1.756,1.743,255252000.0,636958000.0,2121974000.0,2121974000.0,358305000.0,0.084,0.114,0.195,0.077,31805000.0,200170000.0,1.0,2039115384.0,2023764000,2166174000.0,1.049,1499571000.0,3265000.0,30735000.0,20754000.0,0.741,944137000.0
66,NVDA,MRT,2004-12-31,2005-01-30,2005-01-30,2021-08-20,-3463000.0,1663551000.0,1535571500.0,1306906000.0,356645000.0,1.309,0.613,-67261000.0,208512000.0,208512000.0,1362478000.0,88615000.0,3.103,0.362,856000.0,856000.0,0.0,856000.0,0.0,102597000.0,0.0,0.0,0.0,107192000.0,209789000.0,0.104,209789000.0,107192000.0,107028000.0,0.045,0.042,0.045,1221091000.0,1127691750.0,1221091000.0,3647624289.0,34.0,17.387,64939000.0,0.033,1.0,647555000.0,0.322,135621000.0,164000.0,899118000.0,818129000.0,315786000.0,461533000.0,461533000.0,0.0,442460000.0,421156000.0,21304000.0,3802951289.0,-5910000.0,0.0,17858000.0,0.0,0.0,13843000.0,-151953000.0,-84692000.0,132200000.0,0.0,88615000.0,88615000.0,88615000.0,0.0,0.0,0.044,552379000.0,95176000.0,238223000.0,0.0,3.114,42.915,42.37,178955000.0,0.0,1.907,1.892,1.89,296279000.0,446555000.0,2010033000.0,2010033000.0,348220000.0,0.058,0.079,0.131,0.053,29438000.0,204159000.0,1.0,1994554872.0,1992744000,2109744000.0,1.009,1527930000.0,38012000.0,18413000.0,0.0,0.767,885750000.0
67,NVDA,MRT,2004-09-30,2004-10-24,2004-10-24,2021-08-20,-1502000.0,1539656000.0,1469519750.0,1211151000.0,328505000.0,1.304,0.556,-61640000.0,156687000.0,156687000.0,1325417000.0,50724000.0,2.917,0.389,1360000.0,1360000.0,0.0,1360000.0,0.0,95046000.0,0.0,0.0,0.0,51557000.0,146603000.0,0.077,146603000.0,51557000.0,51315000.0,0.026,0.024,0.026,1108411000.0,1085215250.0,1108411000.0,2033126348.0,39.0,13.868,-29560000.0,-0.015,1.0,590259000.0,0.308,138175000.0,242000.0,831001000.0,770051750.0,297551000.0,431163000.0,431163000.0,0.0,431245000.0,415153000.0,16092000.0,2211667348.0,-75126000.0,0.0,-24644000.0,-7062000.0,0.0,7122000.0,-114328000.0,-52688000.0,32080000.0,0.0,50724000.0,50724000.0,50724000.0,0.0,0.0,0.026,550375000.0,39884000.0,262960000.0,0.0,1.995,43.602,42.564,182198000.0,0.0,1.107,1.155,1.152,307409000.0,524505000.0,1915676000.0,1915676000.0,345230000.0,0.035,0.047,0.067,0.027,45702000.0,205145000.0,1.0,1998494592.0,1993464000,2074428000.0,0.961,1401481000.0,3261000.0,591000.0,8609000.0,0.703,795998000.0
68,NVDA,MRT,2004-06-30,2004-07-25,2004-07-25,2021-08-20,-2175000.0,1480889000.0,1449300750.0,1146294000.0,334595000.0,1.301,0.549,-70968000.0,180579000.0,180579000.0,1328506000.0,31201000.0,3.065,0.352,2038000.0,2038000.0,0.0,2038000.0,0.0,93862000.0,0.0,0.0,0.0,28530000.0,122392000.0,0.065,122392000.0,28530000.0,24519000.0,0.016,0.015,0.016,1095162000.0,1060533000.0,1095162000.0,2232624220.0,78.0,18.242,-47937000.0,-0.024,1.0,557648000.0,0.296,143330000.0,4011000.0,784982000.0,723895250.0,266985000.0,432745000.0,432745000.0,0.0,385727000.0,374036000.0,11691000.0,2425911220.0,-93718000.0,-71303000.0,0.0,-308077000.0,0.0,-270417000.0,153668000.0,295939000.0,23031000.0,0.0,31201000.0,31201000.0,31201000.0,0.0,0.0,0.017,531161000.0,26487000.0,223201000.0,0.0,2.215,77.751,76.146,182988000.0,0.0,1.218,1.286,1.289,246396000.0,498626000.0,1886154000.0,1886154000.0,330402000.0,0.022,0.029,0.039,0.015,45602000.0,197259000.0,1.0,1991172000.0,1995024000,2129028000.0,0.945,1337559000.0,3261000.0,-6682000.0,8609000.0,0.67,772258000.0
69,NVDA,MRT,2004-03-31,2004-04-25,2004-04-25,2021-08-20,-1145000.0,1458190000.0,1524106750.0,1116957000.0,341233000.0,1.24,0.548,-120611000.0,196675000.0,196675000.0,1342338000.0,50232000.0,3.115,0.343,3388000.0,3043000.0,345000.0,3388000.0,0.0,89398000.0,0.0,0.0,0.0,52874000.0,142272000.0,0.075,142272000.0,52874000.0,44781000.0,0.026,0.024,0.026,1086103000.0,1035705750.0,1086103000.0,3635573954.0,69.0,25.554,-49875000.0,-0.025,1.0,547529000.0,0.29,148937000.0,8093000.0,757415000.0,842784750.0,234796000.0,460628000.0,460628000.0,0.0,372087000.0,358551000.0,13536000.0,3845124954.0,-82121000.0,-71303000.0,0.0,-308117000.0,0.0,-263025000.0,110168000.0,302082000.0,70736000.0,0.0,50232000.0,50232000.0,50232000.0,0.0,0.0,0.027,500209000.0,47320000.0,214618000.0,0.0,3.54,76.547,74.487,185041000.0,0.0,1.937,2.035,2.031,205308000.0,493507000.0,1889867000.0,1889867000.0,310602000.0,0.033,0.049,0.063,0.028,45238000.0,186107000.0,1.0,1985434572.0,1982052000,2141748000.0,0.953,1309253000.0,3261000.0,-5451000.0,8609000.0,0.661,758406000.0
70,NVDA,MRT,2003-12-31,2004-01-25,2004-01-25,2021-08-20,850000.0,1399344000.0,1581442500.0,1052712000.0,346632000.0,1.153,0.544,-127604000.0,214422000.0,214422000.0,1297684000.0,48630000.0,3.151,0.331,4871000.0,4015000.0,856000.0,4871000.0,0.0,81944000.0,0.0,0.0,0.0,58314000.0,140258000.0,0.077,140258000.0,58314000.0,46304000.0,0.025,0.023,0.025,1051185000.0,1004387500.0,1051185000.0,3521177821.0,60.0,25.105,-77926000.0,-0.04,1.0,525261000.0,0.288,148872000.0,12010000.0,706809000.0,958499250.0,234238000.0,389621000.0,389621000.0,0.0,348159000.0,334112000.0,14047000.0,3744568821.0,-132572000.0,-71303000.0,0.0,-308048000.0,0.0,-270291000.0,88041000.0,286948000.0,49678000.0,0.0,48630000.0,48630000.0,48630000.0,0.0,0.0,0.027,475473000.0,49788000.0,185342000.0,0.0,3.562,77.001,76.967,190029000.0,0.0,1.924,2.054,2.038,196631000.0,472158000.0,1822945000.0,1822945000.0,292162000.0,0.031,0.048,0.061,0.032,45011000.0,179811000.0,1.0,1946073012.0,1931088000,2064648000.0,0.944,1250472000.0,3261000.0,-2326000.0,8609000.0,0.648,718600000.0
71,NVDA,MRT,2003-09-30,2003-10-26,2003-10-26,2021-08-20,389000.0,1458780000.0,1635860250.0,1058104000.0,400676000.0,1.112,0.521,-125188000.0,231813000.0,231813000.0,1261595000.0,101189000.0,2.43,0.445,8422000.0,5788000.0,2634000.0,8422000.0,0.0,73561000.0,0.0,0.0,0.0,149255000.0,222816000.0,0.122,222816000.0,149255000.0,133190000.0,0.053,0.05,0.053,1009682000.0,974763000.0,1009682000.0,2783533672.0,19.0,12.493,49764000.0,0.026,1.0,558184000.0,0.307,153512000.0,16065000.0,646375000.0,1062961500.0,260819000.0,380313000.0,380313000.0,0.0,449098000.0,435502000.0,13596000.0,2747780672.0,-90722000.0,-71303000.0,0.0,-305861000.0,0.0,-275129000.0,9455000.0,205946000.0,174952000.0,0.0,101189000.0,101189000.0,101189000.0,0.0,0.0,0.056,421107000.0,137077000.0,242309000.0,0.0,2.721,27.155,26.903,196230000.0,0.0,1.426,1.51,1.519,157839000.0,447992000.0,1819779000.0,1819779000.0,255355000.0,0.062,0.104,0.14,0.082,421000.0,162252000.0,1.0,1927140156.0,1938984000,2077788000.0,0.939,1305268000.0,56167000.0,32001000.0,6380000.0,0.673,622602000.0
72,NVDA,MRT,2003-06-30,2003-07-27,2003-07-27,2021-08-20,2989000.0,1780113000.0,1678589500.0,1446043000.0,334070000.0,1.051,0.518,-109863000.0,274297000.0,274297000.0,1237927000.0,46197000.0,3.036,0.788,310050000.0,6528000.0,303522000.0,310050000.0,0.0,66885000.0,0.0,0.0,0.0,95468000.0,162353000.0,0.092,162353000.0,95468000.0,79001000.0,0.023,0.02,0.023,995853000.0,942161750.0,995853000.0,3381555600.0,35.0,20.828,164968000.0,0.086,1.0,526087000.0,0.298,79088000.0,16467000.0,1260540000.0,1175578750.0,217859000.0,737290000.0,737290000.0,0.0,784260000.0,476238000.0,308022000.0,3349954600.0,27481000.0,0.0,0.0,-5781000.0,0.0,19409000.0,-266759000.0,-156896000.0,274831000.0,0.0,46197000.0,46197000.0,46197000.0,0.0,0.0,0.026,454477000.0,71610000.0,282397000.0,0.0,3.364,72.515,76.304,198945000.0,0.0,1.755,1.899,1.911,190213000.0,441636000.0,1764014000.0,1764014000.0,240082000.0,0.028,0.049,0.081,0.054,40122000.0,158727000.0,1.0,1908806040.0,1920924000,2094612000.0,0.918,1701025000.0,54566000.0,32804000.0,0.0,0.886,969805000.0
73,NVDA,MRT,2003-03-31,2003-04-27,2003-04-27,2021-08-20,4154000.0,1687533000.0,1637349750.0,1400789000.0,286744000.0,1.058,0.505,-67523000.0,278796000.0,278796000.0,1236110000.0,27301000.0,3.363,0.756,310397000.0,6203000.0,304194000.0,310397000.0,0.0,61344000.0,0.0,0.0,0.0,72184000.0,133528000.0,0.077,133528000.0,72184000.0,59845000.0,0.013,0.011,0.013,960830000.0,914081500.0,960830000.0,2118504800.0,29.0,15.866,189162000.0,0.099,1.0,495415000.0,0.286,82352000.0,12339000.0,1220273000.0,1154872000.0,165785000.0,771542000.0,771542000.0,0.0,726703000.0,416509000.0,310194000.0,2154942800.0,-28355000.0,79000.0,0.0,255000.0,0.0,18607000.0,-303647000.0,-243203000.0,256685000.0,0.0,27301000.0,27301000.0,27301000.0,0.0,0.0,0.016,442272000.0,53143000.0,234437000.0,0.0,2.243,78.933,86.859,148904000.0,0.0,1.129,1.245,1.241,155751000.0,417486000.0,1731525000.0,1731525000.0,231691000.0,0.017,0.03,0.063,0.042,42212000.0,154913000.0,1.0,1908436428.0,1903464000,2015100000.0,0.91,1605181000.0,54566000.0,32544000.0,0.0,0.843,984280000.0
74,NVDA,MRT,2002-12-31,2003-01-26,2003-01-26,2021-08-20,3760000.0,1617015000.0,1615395750.0,1351602000.0,265413000.0,1.182,0.506,-63123000.0,346994000.0,346994000.0,1333435000.0,90799000.0,3.562,0.734,310556000.0,5676000.0,304880000.0,310556000.0,0.0,58216000.0,0.0,0.0,0.0,167024000.0,225240000.0,0.118,225240000.0,167024000.0,150557000.0,0.049,0.045,0.049,932687000.0,891036750.0,932687000.0,1592742869.0,10.0,7.071,201909000.0,0.11,1.0,576012000.0,0.302,76471000.0,16467000.0,1124658000.0,1121169000.0,145046000.0,681419000.0,681419000.0,0.0,684328000.0,379448000.0,304880000.0,1603357869.0,13994000.0,-3901000.0,0.0,799000.0,0.0,26286000.0,-277324000.0,-217300000.0,265032000.0,0.0,90799000.0,90799000.0,90799000.0,0.0,0.0,0.048,432026000.0,143986000.0,141129000.0,0.0,1.719,17.658,17.296,135152000.0,0.0,0.848,0.84,0.818,154501000.0,397739000.0,1909447000.0,1909447000.0,224873000.0,0.056,0.102,0.149,0.087,48930000.0,151485000.0,1.0,1891867692.0,1842156000,2020716000.0,1.037,1540544000.0,54566000.0,59758000.0,0.0,0.836,972154000.0
75,NVDA,MRT,2002-09-30,2002-10-27,2002-10-27,2021-08-20,2326000.0,1629697000.0,1586935500.0,1346296000.0,283401000.0,1.225,0.478,-73334000.0,322535000.0,322535000.0,1346370000.0,115896000.0,3.032,0.853,311920000.0,5580000.0,306340000.0,311920000.0,63495000.0,57824000.0,0.0,0.0,0.0,206779000.0,264603000.0,0.136,264603000.0,206779000.0,186410000.0,0.066,0.051,0.066,879277000.0,848819750.0,879277000.0,1765319075.0,9.0,6.672,114922000.0,0.062,1.0,597812000.0,0.307,78158000.0,20369000.0,1096844000.0,1079584000.0,205043000.0,589042000.0,589042000.0,0.0,750420000.0,444080000.0,306340000.0,1698602075.0,-75956000.0,-3901000.0,0.0,965000.0,0.0,74516000.0,-338728000.0,-268543000.0,188256000.0,0.0,115896000.0,115896000.0,115896000.0,0.0,0.0,0.06,417100000.0,180712000.0,170589000.0,0.0,1.932,14.656,14.015,138778000.0,0.0,0.925,0.874,0.876,149861000.0,346802000.0,1944182000.0,1944182000.0,211457000.0,0.073,0.137,0.192,0.106,79503000.0,146730000.0,1.0,1836326568.0,1840896000,1840896000.0,1.056,1551539000.0,122470000.0,70514000.0,0.0,0.843,902216000.0
76,NVDA,MRT,2002-06-30,2002-07-28,2002-07-28,2021-08-20,2179000.0,1615154000.0,1491348750.0,1324480000.0,290674000.0,1.26,0.483,-86519000.0,246816000.0,246816000.0,1249608000.0,205847000.0,3.126,0.828,313533000.0,5607000.0,307926000.0,313533000.0,62420000.0,53575000.0,0.0,0.0,0.0,310240000.0,363815000.0,0.194,363815000.0,310240000.0,294067000.0,0.117,0.098,0.117,883532000.0,781659500.0,883532000.0,2236176826.0,7.0,6.146,29936000.0,0.016,1.0,629246000.0,0.335,80462000.0,16173000.0,1177713000.0,989818250.0,285350000.0,579595000.0,579595000.0,0.0,731622000.0,423696000.0,307926000.0,2241446826.0,-434262000.0,-3901000.0,75000.0,7917000.0,0.0,86810000.0,-637527000.0,-575157000.0,116455000.0,0.0,205847000.0,205847000.0,205847000.0,0.0,0.0,0.11,341089000.0,288157000.0,165395000.0,0.0,2.537,10.889,10.477,143578000.0,0.0,1.226,1.193,1.192,133038000.0,395438000.0,1878854000.0,1878854000.0,197986000.0,0.138,0.263,0.313,0.165,67440000.0,132934000.0,1.0,1828508628.0,1827552000,2025240000.0,1.028,1534692000.0,122470000.0,88220000.0,0.0,0.84,900784000.0
77,NVDA,MRT,2002-03-31,2002-04-28,2002-04-28,2021-08-20,-166000.0,1599717000.0,1384874750.0,1319064000.0,280653000.0,1.236,0.48,-86417000.0,314151000.0,314151000.0,1079261000.0,233519000.0,3.095,0.842,308881000.0,3944000.0,304937000.0,308881000.0,49369000.0,50126000.0,0.0,0.0,0.0,349772000.0,399898000.0,0.234,399898000.0,349772000.0,333599000.0,0.133,0.111,0.133,868651000.0,692669250.0,868651000.0,4296121156.0,12.0,10.743,87486000.0,0.048,1.0,632183000.0,0.369,82857000.0,16173000.0,1085461000.0,831565250.0,253927000.0,521246000.0,521246000.0,0.0,731066000.0,426129000.0,304937000.0,4390707156.0,-320149000.0,-4479000.0,18000.0,8169000.0,0.0,96954000.0,-591006000.0,-521160000.0,173903000.0,0.0,233519000.0,233519000.0,233519000.0,0.0,0.0,0.136,305817000.0,326366000.0,190360000.0,0.0,5.055,18.802,19.029,131267000.0,0.0,2.531,2.565,2.674,151429000.0,390185000.0,1711444000.0,1711444000.0,174651000.0,0.169,0.337,0.421,0.204,80958000.0,117304000.0,1.0,1734885936.0,1808208000,2190780000.0,0.946,1516860000.0,122470000.0,100080000.0,0.0,0.839,892935000.0
78,NVDA,MRT,2001-12-31,2002-01-27,2002-01-27,2021-08-20,108000.0,1503174000.0,1255391500.0,1234109000.0,269065000.0,1.091,0.445,-96966000.0,340000000.0,340000000.0,850233000.0,176924000.0,2.847,0.968,309757000.0,3896000.0,305861000.0,309757000.0,70193000.0,43491000.0,0.0,0.0,0.0,268922000.0,312413000.0,0.228,312413000.0,268922000.0,252749000.0,0.103,0.086,0.103,763819000.0,591330500.0,763819000.0,9370662519.0,35.0,29.994,63840000.0,0.037,1.0,519238000.0,0.379,81119000.0,16173000.0,958318000.0,690889000.0,213877000.0,458377000.0,458377000.0,0.0,739355000.0,433494000.0,305861000.0,9465248519.0,-341275000.0,-64109000.0,0.0,8791000.0,0.0,99091000.0,-601172000.0,-457597000.0,160806000.0,0.0,176924000.0,176924000.0,176924000.0,0.0,0.0,0.129,277506000.0,241732000.0,214019000.0,0.0,12.392,53.499,52.969,120128000.0,0.0,5.456,6.912,6.837,147348000.0,306940000.0,1369471000.0,1369471000.0,154752000.0,0.141,0.299,0.389,0.196,89302000.0,98944000.0,1.0,1734885936.0,1716180000,2052888000.0,0.798,1422055000.0,122350000.0,75825000.0,0.0,0.829,800615000.0
79,NVDA,MRT,2001-09-30,2001-10-28,2001-10-28,2021-08-20,818000.0,1247350000.0,1133823500.0,1006937000.0,240413000.0,0.956,0.353,-91550000.0,405541000.0,405541000.0,673992000.0,130483000.0,3.053,1.043,310955000.0,4014000.0,306941000.0,310955000.0,143181000.0,33735000.0,0.0,0.0,0.0,187648000.0,221383000.0,0.204,221383000.0,187648000.0,187648000.0,0.077,0.065,0.077,610636000.0,502152500.0,610636000.0,6168651784.0,33.0,27.864,237242000.0,0.137,1.0,410009000.0,0.378,85210000.0,0.0,737781000.0,522779750.0,120488000.0,318674000.0,318674000.0,0.0,636714000.0,329773000.0,306941000.0,6572088784.0,-296392000.0,-64109000.0,58000.0,9626000.0,0.0,-145663000.0,-479521000.0,-316812000.0,328792000.0,0.0,130483000.0,130483000.0,130483000.0,0.0,0.0,0.12,238838000.0,171171000.0,108953000.0,0.0,10.763,50.367,49.556,108695000.0,0.0,3.816,6.063,6.084,117664000.0,232727000.0,1084001000.0,1084001000.0,136848000.0,0.115,0.26,0.359,0.173,68458000.0,81425000.0,1.0,1722320712.0,1728204000,2041908000.0,0.627,1162140000.0,70332000.0,57165000.0,0.0,0.672,677164000.0
80,NVDA,MRT,2001-06-30,2001-07-29,2001-07-29,2021-08-20,0.0,1189258000.0,1067822500.0,965730000.0,223528000.0,0.859,0.31,-76839000.0,709128000.0,709128000.0,567127000.0,117236000.0,6.03,1.254,305691000.0,2019000.0,303672000.0,305691000.0,197864000.0,26180000.0,0.0,0.0,0.0,169904000.0,196084000.0,0.214,196084000.0,169904000.0,169904000.0,0.071,0.059,0.071,527571000.0,439861750.0,527571000.0,5328454593.0,31.0,27.174,250171000.0,0.147,1.0,350063000.0,0.382,80969000.0,0.0,544701000.0,455475250.0,89610000.0,0.0,0.0,0.0,661687000.0,160151000.0,501536000.0,5683069593.0,391873000.0,-64109000.0,96594000.0,294678000.0,0.0,233861000.0,-168998000.0,0.0,327010000.0,0.0,117236000.0,117236000.0,117236000.0,0.0,0.0,0.128,199584000.0,150479000.0,88737000.0,0.0,10.772,48.475,47.535,94863000.0,0.0,3.375,6.196,6.265,112846000.0,188066000.0,917190000.0,917190000.0,114563000.0,0.11,0.267,0.373,0.185,63732000.0,71380000.0,1.0,1683872472.0,1702512000,2043624000.0,0.539,1108289000.0,77926000.0,52668000.0,0.0,0.651,805579000.0
81,NVDA,MRT,2001-03-31,2001-04-29,2001-04-29,2021-08-20,0.0,1081784000.0,897303750.0,880653000.0,201131000.0,0.922,0.278,-60619000.0,655351000.0,655351000.0,516122000.0,106832000.0,7.452,1.335,300736000.0,429000.0,300307000.0,300736000.0,200000000.0,18871000.0,0.0,0.0,0.0,155988000.0,174859000.0,0.211,174859000.0,155988000.0,155988000.0,0.066,0.055,0.066,463296000.0,359491500.0,463296000.0,5125975833.0,33.0,29.315,232342000.0,0.14,1.0,311591000.0,0.376,86232000.0,0.0,522756000.0,349133250.0,86770000.0,0.0,0.0,0.0,618488000.0,118181000.0,500307000.0,5523784833.0,357500000.0,-63610000.0,96651000.0,289309000.0,0.0,216818000.0,-152279000.0,0.0,292961000.0,0.0,106832000.0,106832000.0,106832000.0,0.0,0.0,0.129,176463000.0,135128000.0,72048000.0,0.0,11.923,51.705,49.874,74333000.0,0.0,3.292,6.674,6.616,86629000.0,154490000.0,827713000.0,827713000.0,100810000.0,0.119,0.297,0.447,0.188,64504000.0,65705000.0,1.0,1678111848.0,1663716000,1988532000.0,0.498,995552000.0,70784000.0,49156000.0,0.0,0.598,762472000.0
82,NVDA,MRT,2000-12-31,2001-01-28,2001-01-28,2021-08-20,0.0,1016902000.0,738805500.0,930884000.0,86018000.0,0.995,0.259,-36329000.0,698775000.0,698775000.0,462385000.0,98469000.0,3.009,1.498,300966000.0,588000.0,300378000.0,300966000.0,200000000.0,15724000.0,0.0,0.0,0.0,144808000.0,160532000.0,0.218,160532000.0,144808000.0,144808000.0,0.062,0.052,0.062,407107000.0,284279000.0,407107000.0,3055915611.0,21.0,19.036,231580000.0,0.147,1.0,272879000.0,0.371,23795000.0,0.0,285881000.0,242404250.0,90380000.0,0.0,0.0,0.0,609795000.0,309417000.0,300378000.0,3449469611.0,612715000.0,0.0,96669000.0,289056000.0,0.0,405635000.0,-60829000.0,0.0,267909000.0,0.0,98469000.0,98469000.0,98469000.0,0.0,0.0,0.134,144744000.0,128135000.0,72301000.0,0.0,8.473,35.031,34.147,47280000.0,0.0,2.117,4.691,4.526,104988000.0,130016000.0,735264000.0,735264000.0,86047000.0,0.133,0.346,0.597,0.197,63316000.0,58697000.0,1.0,1629349944.0,1571976000,1911528000.0,0.468,993107000.0,32420000.0,46339000.0,0.0,0.632,621467000.0
83,NVDA,MRT,2000-09-30,2000-10-29,2000-10-29,2021-08-20,0.0,983346000.0,535142500.0,925740000.0,57606000.0,1.206,0.228,-23234000.0,694883000.0,694883000.0,401145000.0,86325000.0,7.636,1.72,301329000.0,685000.0,300644000.0,301329000.0,200000000.0,13584000.0,0.0,0.0,0.0,127279000.0,140863000.0,0.218,140863000.0,127279000.0,126947000.0,0.056,0.045,0.056,361473000.0,213643000.0,361473000.0,3721624151.0,29.0,26.42,34443000.0,0.022,1.0,244356000.0,0.379,0.0,332000.0,468563000.0,187862250.0,93192000.0,0.0,0.0,0.0,621873000.0,121229000.0,500644000.0,4009053151.0,639683000.0,0.0,91663000.0,288887000.0,0.0,605240000.0,-23234000.0,0.0,57677000.0,0.0,86325000.0,86325000.0,86325000.0,0.0,0.0,0.134,128078000.0,116278000.0,86716000.0,0.0,11.091,46.441,45.573,37425000.0,0.0,2.552,6.211,6.263,104352000.0,97563000.0,645501000.0,645501000.0,74890000.0,0.161,0.404,0.678,0.197,62382000.0,53188000.0,1.0,1570894296.0,1584060000,1930440000.0,0.407,983346000.0,0.0,40622000.0,0.0,0.621,804511000.0
84,NVDA,MRT,2000-06-30,2000-07-30,2000-07-30,2021-08-20,0.0,507183000.0,328694250.0,466936000.0,40247000.0,1.656,0.133,-21933000.0,289205000.0,289205000.0,336697000.0,68821000.0,4.65,1.461,1776000.0,1104000.0,672000.0,1776000.0,200000000.0,11725000.0,0.0,0.0,0.0,101539000.0,113264000.0,0.208,113264000.0,101539000.0,101207000.0,0.046,0.037,0.046,206090000.0,147874750.0,206090000.0,3212417924.0,32.0,28.362,29526000.0,0.019,1.0,207654000.0,0.381,0.0,332000.0,119333000.0,84047500.0,68135000.0,0.0,0.0,0.0,301093000.0,100421000.0,200672000.0,3479970924.0,242448000.0,0.0,-69000.0,-2180000.0,0.0,212922000.0,-21933000.0,0.0,51459000.0,0.0,68821000.0,68821000.0,68821000.0,0.0,0.0,0.126,112916000.0,94738000.0,75887000.0,0.0,16.886,50.566,48.913,34908000.0,0.0,2.25,6.393,6.41,85092000.0,69495000.0,544351000.0,544351000.0,65287000.0,0.209,0.465,1.208,0.187,40745000.0,47629000.0,1.0,1546653744.0,1550808000,1907688000.0,0.351,507183000.0,0.0,32386000.0,0.0,0.327,366515000.0
85,NVDA,MRT,2000-03-31,2000-04-30,2000-04-30,2021-08-20,0.0,447791000.0,235499250.0,413226000.0,34565000.0,1.919,0.107,-16557000.0,269800000.0,269800000.0,279691000.0,52985000.0,4.896,1.757,2247000.0,1550000.0,697000.0,2247000.0,200000000.0,10596000.0,0.0,0.0,0.0,78250000.0,88846000.0,0.197,88846000.0,78250000.0,77918000.0,0.036,0.03,0.036,162446000.0,116968250.0,162446000.0,2721561005.0,35.0,30.632,6580000.0,0.004,1.0,172279000.0,0.381,0.0,332000.0,95840000.0,65553500.0,55241000.0,0.0,0.0,0.0,285345000.0,84398000.0,200947000.0,2780373005.0,217977000.0,0.0,-69000.0,-2157000.0,0.0,211397000.0,-16557000.0,0.0,23137000.0,0.0,52985000.0,52985000.0,52985000.0,0.0,0.0,0.117,97101000.0,75178000.0,68777000.0,0.0,17.116,52.475,51.58,30443000.0,0.0,1.857,6.152,6.247,71998000.0,46973000.0,451970000.0,451970000.0,55959000.0,0.225,0.453,1.194,0.173,25018000.0,41142000.0,1.0,1497339888.0,1520640000,1866672000.0,0.297,447791000.0,0.0,24933000.0,0.0,0.294,328828000.0
86,NVDA,MRT,1999-12-31,2000-01-30,2000-01-30,2021-08-20,0.0,202250000.0,155215500.0,173175000.0,29075000.0,2.413,0.087,-11589000.0,61560000.0,61560000.0,232662000.0,40959000.0,2.272,0.624,3248000.0,1786000.0,1462000.0,3248000.0,0.0,9006000.0,0.0,0.0,0.0,60703000.0,69709000.0,0.186,69709000.0,60703000.0,60371000.0,0.028,0.023,0.028,124563000.0,95532250.0,124563000.0,1096201262.0,18.0,15.725,4282000.0,0.003,1.0,141843000.0,0.379,0.0,332000.0,67713000.0,51426750.0,37631000.0,0.0,0.0,0.0,77687000.0,76225000.0,1462000.0,1148216262.0,11303000.0,0.0,5741000.0,-6897000.0,0.0,7021000.0,-11589000.0,0.0,15871000.0,0.0,40959000.0,40959000.0,40959000.0,0.0,0.0,0.109,83226000.0,58617000.0,64910000.0,0.0,9.218,28.033,27.812,25886000.0,0.0,0.779,3.066,2.982,67224000.0,28686000.0,374505000.0,374505000.0,46914000.0,0.264,0.429,1.18,0.162,11290000.0,36312000.0,1.0,1474435008.0,1433856000,1732704000.0,0.261,202250000.0,0.0,19412000.0,0.0,0.141,96950000.0
87,NVDA,MRT,1999-09-30,1999-10-31,1999-10-31,2021-08-20,0.0,157553000.0,132986000.0,127562000.0,29991000.0,2.343,0.068,-13543000.0,55200000.0,55200000.0,198112000.0,31173000.0,2.442,0.601,3185000.0,2016000.0,1169000.0,3185000.0,0.0,7353000.0,0.0,0.0,0.0,43333000.0,50686000.0,0.163,50686000.0,43333000.0,43041000.0,0.027,0.022,0.027,98400000.0,80443750.0,98400000.0,610072417.0,14.0,12.036,1095000.0,0.001,1.0,113475000.0,0.364,0.0,292000.0,53304000.0,40580500.0,11734000.0,0.0,0.0,0.0,59153000.0,52234000.0,6919000.0,654121417.0,42739000.0,0.0,48203000.0,-6907000.0,0.0,41644000.0,-13543000.0,0.0,14638000.0,0.0,31173000.0,31173000.0,31173000.0,0.0,0.0,0.1,71486000.0,41989000.0,48777000.0,0.0,6.648,20.984,17.076,26624000.0,0.0,0.461,2.099,2.132,56419000.0,14099000.0,311587000.0,311587000.0,40435000.0,0.234,0.388,1.068,0.139,2826000.0,31051000.0,1.0,1418790240.0,1440720000,1724712000.0,0.216,157553000.0,0.0,11868000.0,0.0,0.109,75328000.0
88,NVDA,MRT,1999-06-30,1999-08-01,1999-08-01,2021-08-20,0.0,134403000.0,112723250.0,108123000.0,26280000.0,2.368,0.059,-9372000.0,46757000.0,46757000.0,171483000.0,27750000.0,2.403,0.63,2708000.0,1766000.0,942000.0,2708000.0,0.0,5909000.0,0.0,0.0,0.0,35557000.0,41466000.0,0.155,41466000.0,35557000.0,35265000.0,0.031,0.021,0.031,82464000.0,60417250.0,82464000.0,543713346.0,15.0,13.112,-12502000.0,-0.009,1.0,95392000.0,0.357,0.0,292000.0,45357000.0,31439500.0,8441000.0,0.0,0.0,0.0,51939000.0,44997000.0,6942000.0,592380346.0,36349000.0,0.0,43323000.0,-1810000.0,0.0,59449000.0,-9372000.0,0.0,-3130000.0,0.0,27750000.0,27750000.0,27750000.0,0.0,0.0,0.104,60760000.0,34632000.0,40779000.0,0.0,7.184,21.347,13.528,22742000.0,0.0,0.419,2.22,2.213,50179000.0,3535000.0,266875000.0,266875000.0,34305000.0,0.246,0.459,1.131,0.133,1872000.0,26455000.0,1.0,1412531376.0,1408488000,1701840000.0,0.189,134403000.0,0.0,7515000.0,0.0,0.095,63126000.0
89,NVDA,MRT,1999-03-31,1999-05-02,1999-05-02,2021-08-20,0.0,126656000.0,,103375000.0,23281000.0,,0.055,-8256000.0,51823000.0,51823000.0,134819000.0,11412000.0,2.674,0.651,3156000.0,1858000.0,1298000.0,3156000.0,0.0,4721000.0,0.0,0.0,0.0,15234000.0,19955000.0,0.099,19955000.0,15234000.0,14942000.0,0.012,0.004,0.012,76702000.0,,76702000.0,493012958.0,32.0,24.706,-8173000.0,-0.006,1.0,66173000.0,0.329,0.0,292000.0,39333000.0,,15193000.0,0.0,0.0,0.0,49954000.0,38656000.0,11298000.0,534888958.0,44825000.0,0.0,43349000.0,-1819000.0,0.0,52998000.0,-8256000.0,0.0,83000.0,0.0,11412000.0,11412000.0,11412000.0,0.0,0.0,0.057,51517000.0,14656000.0,37509000.0,0.0,6.974,46.871,31.684,22691000.0,0.0,0.38,2.661,2.658,34199000.0,-3151000.0,200992000.0,200992000.0,29216000.0,,,,0.076,1941000.0,22301000.0,1.0,1406831232.0,1405296000,1701792000.0,0.143,126656000.0,0.0,3530000.0,0.0,0.09,64719000.0
90,NVDA,MRT,1998-12-31,1999-01-31,1999-01-31,2021-08-20,0.0,113332000.0,,101112000.0,12220000.0,,0.092,-7899000.0,50257000.0,50257000.0,109746000.0,4130000.0,2.145,0.765,8381000.0,6386000.0,1995000.0,8381000.0,0.0,4006000.0,0.0,0.0,0.0,4779000.0,8785000.0,0.056,8785000.0,4779000.0,4487000.0,0.006,0.003,0.006,64209000.0,,64209000.0,539737544.0,113.0,61.439,-9766000.0,-0.014,1.0,48491000.0,0.306,0.0,292000.0,24328000.0,,28623000.0,0.0,0.0,0.0,49123000.0,47128000.0,1995000.0,543323544.0,42273000.0,0.0,37539000.0,3152000.0,0.0,52039000.0,-7899000.0,0.0,-1867000.0,0.0,4130000.0,4130000.0,4130000.0,0.0,0.0,0.026,43975000.0,4516000.0,35730000.0,0.0,8.462,131.555,65.972,11650000.0,0.0,0.396,3.434,1.749,20633000.0,-9412000.0,158237000.0,158237000.0,25073000.0,,,,0.03,2582000.0,18902000.0,1.0,1372606848.0,699120000,1314864000.0,0.226,113332000.0,0.0,357000.0,0.0,0.162,53984000.0
91,NVDA,MRT,1998-09-30,1998-10-25,1998-10-25,2021-08-20,0.0,76502000.0,,66735000.0,9767000.0,,0.027,-5316000.0,12461000.0,12461000.0,83738000.0,-2108000.0,1.188,3.182,8875000.0,6843000.0,2032000.0,8875000.0,0.0,3561000.0,0.0,,0.0,-2388000.0,1173000.0,0.01,1173000.0,-2388000.0,-2416000.0,-0.002,-0.007,-0.002,18294000.0,,18294000.0,,,,-8265000.0,-0.012,1.0,32496000.0,0.28,0.0,28000.0,16740000.0,,17193000.0,0.0,0.0,0.0,58208000.0,56176000.0,2032000.0,,5558000.0,0.0,-719000.0,2712000.0,0.0,13823000.0,-5316000.0,0.0,-2949000.0,0.0,-2108000.0,-2108000.0,-2108000.0,0.0,0.0,-0.018,34944000.0,-2448000.0,46370000.0,0.0,,,,9218000.0,0.0,,,,35918000.0,-17074000.0,116234000.0,116234000.0,20241000.0,,,,-0.021,2993000.0,14703000.0,1.0,1372606848.0,679920000,1333152000.0,0.171,76502000.0,0.0,-308000.0,0.0,0.113,10559000.0
92,NVDA,MRT,1998-06-30,1998-07-26,1998-07-26,2021-08-20,,,,,,,,,,,,,,,,,,,,,,,0.0,,,,,,,,,,,,,,,,,,1.0,,,,,,,,,,,,,,,,,,,,,,,,,,,,,,,,,,,,,,,,,,,,,,,,,,,,,,1.0,,679104000,,,,,,,,
93,NVDA,MRT,1998-03-31,1998-04-02,1998-04-02,2021-08-20,,,,,,,,,,,,,,,,,,,,,,,0.0,,,,,,,,,,,,,,,,,,1.0,,,,,,,,,,,,,,,,,,,,,,,,,,,,,,,,,,,,,,,,,,,,,,,,,,,,,,1.0,,678768000,,,,,,,,
94,NVDA,MRT,1997-12-31,1997-12-31,1997-12-31,2021-08-20,0.0,25039000.0,15282000.0,19341000.0,5698000.0,1.902,0.011,-2732000.0,6551000.0,6551000.0,21244000.0,-3589000.0,1.19,2.63,3325000.0,1434000.0,1891000.0,3325000.0,0.0,1363000.0,0.0,,0.0,-3459000.0,-2096000.0,-0.072,-2096000.0,-3459000.0,-3589000.0,-0.006,-0.006,-0.006,6897000.0,3967000.0,6897000.0,,,,-3913000.0,-0.006,1.0,7827000.0,0.269,0.0,130000.0,5562000.0,2711000.0,25000.0,0.0,0.0,0.0,18142000.0,16251000.0,1891000.0,,3418000.0,0.0,0.0,-1037000.0,0.0,7331000.0,-2732000.0,0.0,-1181000.0,0.0,-3589000.0,-3589000.0,-3589000.0,0.0,0.0,-0.123,11286000.0,-3459000.0,11572000.0,0.0,,,,5536000.0,0.0,,,,12487000.0,-14889000.0,29071000.0,29071000.0,7103000.0,-0.235,-0.905,-1.276,-0.119,961000.0,4183000.0,1.0,,608496000,608496000.0,0.048,25039000.0,0.0,0.0,0.0,0.041,3090000.0
95,NVDA,MRT,1996-12-31,1996-12-31,1996-12-31,2021-08-20,0.0,5525000.0,,4278000.0,1247000.0,,0.002,-9000.0,3133000.0,3133000.0,3038000.0,-3077000.0,1.105,4.328,1339000.0,722000.0,617000.0,1339000.0,0.0,802000.0,0.0,,0.0,-2993000.0,-2191000.0,-0.56,-2191000.0,-2993000.0,-3077000.0,-0.006,-0.006,-0.006,1037000.0,,1037000.0,,,,-288000.0,-0.001,1.0,874000.0,0.223,0.0,84000.0,-140000.0,,63000.0,0.0,0.0,0.0,4488000.0,3871000.0,617000.0,,-739000.0,0.0,51000.0,-502000.0,0.0,-451000.0,-9000.0,0.0,-279000.0,0.0,-3077000.0,-3077000.0,-3077000.0,0.0,0.0,-0.787,3867000.0,-2993000.0,277000.0,0.0,,,,1144000.0,0.0,,,,1041000.0,-11300000.0,3912000.0,3912000.0,1218000.0,,,,-0.765,0.0,2649000.0,1.0,,546384000,546384000.0,0.007,5525000.0,0.0,0.0,0.0,0.01,407000.0
96,NVDA,MRT,1995-12-31,1995-12-31,1995-12-31,2021-08-20,,,,,,,,-5000.0,,,1549000.0,-6377000.0,,,,,,,,524000.0,,,0.0,-6470000.0,-5946000.0,-5.03,-5946000.0,-6470000.0,-6377000.0,-0.012,-0.012,-0.012,,,,,,,-6138000.0,-0.011,1.0,-367000.0,-0.31,,-93000.0,,,,,,,,,,,-683000.0,0.0,0.0,-307000.0,0.0,5455000.0,-5000.0,0.0,-6133000.0,0.0,-6377000.0,-6377000.0,-6377000.0,0.0,0.0,-5.395,6103000.0,-6470000.0,,0.0,,,,,0.0,,,,,,1182000.0,1182000.0,2426000.0,,,,-5.474,0.0,3677000.0,1.0,,545520000,545520000.0,0.002,,,0.0,,,
