None,ticker,dimension,calendardate,datekey,reportperiod,lastupdated,accoci,assets,assetsavg,assetsc,assetsnc,assetturnover,bvps,capex,cashneq,cashnequsd,cor,consolinc,currentratio,de,debt,debtc,debtnc,debtusd,deferredrev,depamor,deposits,divyield,dps,ebit,ebitda,ebitdamargin,ebitdausd,ebitusd,ebt,eps,epsdil,epsusd,equity,equityavg,equityusd,ev,evebit,evebitda,fcf,fcfps,fxusd,gp,grossmargin,intangibles,intexp,invcap,invcapavg,inventory,investments,investmentsc,investmentsnc,liabilities,liabilitiesc,liabilitiesnc,marketcap,ncf,ncfbus,ncfcommon,ncfdebt,ncfdiv,ncff,ncfi,ncfinv,ncfo,ncfx,netinc,netinccmn,netinccmnusd,netincdis,netincnci,netmargin,opex,opinc,payables,payoutratio,pb,pe,pe1,ppnenet,prefdivis,price,ps,ps1,receivables,retearn,revenue,revenueusd,rnd,roa,roe,roic,ros,sbcomp,sgna,sharefactor,sharesbas,shareswa,shareswadil,sps,tangibles,taxassets,taxexp,taxliabilities,tbvps,workingcapital
0,BWA,MRY,2020-12-31,2020-12-31,2020-12-31,2021-08-04,-651000000.0,16029000000.0,11690000000.0,6167000000.0,9862000000.0,0.87,30.178,-445000000.0,1650000000.0,1650000000.0,8255000000.0,567000000.0,1.619,1.448,3787000000.0,49000000.0,3738000000.0,3787000000.0,0.0,568000000.0,0.0,0.018,0.68,970000000.0,1538000000.0,0.151,1538000000.0,970000000.0,897000000.0,2.35,2.34,2.35,6428000000.0,5130000000.0,6428000000.0,10163201254.0,10.0,6.608,739000000.0,3.469,1.0,1910000000.0,0.188,3723000000.0,73000000.0,10633000000.0,7814750000.0,1286000000.0,820000000.0,0.0,820000000.0,9305000000.0,3810000000.0,5495000000.0,9448201254.0,818000000.0,-449000000.0,-216000000.0,855000000.0,-146000000.0,437000000.0,-866000000.0,8000000.0,1184000000.0,63000000.0,500000000.0,500000000.0,500000000.0,0.0,67000000.0,0.049,1292000000.0,618000000.0,2352000000.0,0.289,1.47,18.896,16.443,4591000000.0,0.0,38.64,0.929,0.81,2919000000.0,6296000000.0,10165000000.0,10165000000.0,0.0,0.043,0.097,0.124,0.095,41000000.0,951000000.0,1.0,244518666.0,213000000,214000000.0,47.723,12306000000.0,0.0,397000000.0,0.0,57.775,2357000000.0
1,BWA,MRY,2019-12-31,2019-12-31,2019-12-31,2021-08-04,-727000000.0,9702000000.0,10059000000.0,3836000000.0,5866000000.0,1.011,22.878,-472000000.0,832000000.0,832000000.0,8067000000.0,797000000.0,1.647,1.032,1960000000.0,286000000.0,1674000000.0,1960000000.0,0.0,439000000.0,0.0,0.016,0.68,1269000000.0,1708000000.0,0.168,1708000000.0,1269000000.0,1214000000.0,3.63,3.61,3.63,4706000000.0,4457750000.0,4706000000.0,10116668813.0,8.0,5.923,536000000.0,2.606,1.0,2101000000.0,0.207,2244000000.0,55000000.0,6257000000.0,6751000000.0,807000000.0,318000000.0,0.0,318000000.0,4858000000.0,2329000000.0,2529000000.0,8957668813.0,93000000.0,14000000.0,-100000000.0,-141000000.0,-140000000.0,-420000000.0,-489000000.0,-31000000.0,1008000000.0,-6000000.0,746000000.0,746000000.0,746000000.0,0.0,51000000.0,0.073,798000000.0,1303000000.0,1325000000.0,0.187,1.903,12.008,11.95,2925000000.0,0.0,43.38,0.881,0.878,1921000000.0,5942000000.0,10168000000.0,10168000000.0,0.0,0.074,0.167,0.188,0.125,42000000.0,873000000.0,1.0,206493057.0,205700000,206800000.0,49.431,7458000000.0,0.0,468000000.0,0.0,36.257,1507000000.0
2,BWA,MRY,2018-12-31,2018-12-31,2018-12-31,2021-08-04,-674000000.0,10095000000.0,9905850000.0,3805000000.0,6290000000.0,1.063,20.298,-510000000.0,739000000.0,739000000.0,8300000000.0,985000000.0,1.586,1.361,2114000000.0,173000000.0,1941000000.0,2114000000.0,0.0,431000000.0,0.0,0.02,0.68,1201000000.0,1632000000.0,0.155,1632000000.0,1201000000.0,1142000000.0,4.47,4.44,4.47,4226000000.0,4040850000.0,4226000000.0,9009894154.0,8.0,5.521,616000000.0,2.959,1.0,2230000000.0,0.212,2292000000.0,59000000.0,6779000000.0,7008475000.0,781000000.0,592000000.0,0.0,592000000.0,5750000000.0,2399000000.0,3351000000.0,7235394154.0,194000000.0,0.0,-150000000.0,-41000000.0,-142000000.0,-383000000.0,-514000000.0,-4000000.0,1126000000.0,-35000000.0,931000000.0,931000000.0,931000000.0,0.0,54000000.0,0.088,1040000000.0,1190000000.0,2144000000.0,0.152,1.712,7.772,7.772,2904000000.0,0.0,34.74,0.687,0.687,1988000000.0,5336000000.0,10530000000.0,10530000000.0,0.0,0.094,0.23,0.171,0.114,53000000.0,946000000.0,1.0,208272716.0,208200000,209500000.0,50.576,7803000000.0,0.0,211000000.0,59000000.0,37.478,1406000000.0
3,BWA,MRY,2017-12-31,2017-12-31,2017-12-31,2021-08-04,-490000000.0,9787600000.0,9494000000.0,3543200000.0,6244400000.0,1.032,17.665,-560000000.0,545300000.0,545300000.0,7684000000.0,483000000.0,1.461,1.604,2188300000.0,84600000.0,2103700000.0,2188300000.0,0.0,408000000.0,0.0,0.012,0.59,1091000000.0,1499000000.0,0.153,1499000000.0,1091000000.0,1020000000.0,2.09,2.08,2.09,3716800000.0,3639475000.0,3716800000.0,12752538914.0,12.0,8.507,620000000.0,2.947,1.0,2115000000.0,0.216,2374500000.0,71000000.0,6630900000.0,6796850000.0,766300000.0,547400000.0,0.0,547400000.0,5961700000.0,2425200000.0,3536500000.0,10771738914.0,101000000.0,-181000000.0,-100000000.0,-105000000.0,-124000000.0,-363000000.0,-752000000.0,-11000000.0,1180000000.0,36000000.0,440000000.0,440000000.0,440000000.0,0.0,43000000.0,0.045,899000000.0,1216000000.0,2270300000.0,0.282,2.898,24.481,24.445,2863800000.0,0.0,51.09,1.099,1.097,2018900000.0,4531000000.0,9799000000.0,9799000000.0,0.0,0.046,0.121,0.161,0.111,52000000.0,899000000.0,1.0,210838499.0,210400000,211500000.0,46.573,7413100000.0,0.0,580000000.0,40800000.0,35.233,1118000000.0
4,BWA,MRY,2016-12-31,2016-12-31,2016-12-31,2021-08-04,-722100000.0,8834700000.0,8942825000.0,2911600000.0,5923100000.0,1.014,15.013,-500600000.0,443700000.0,443700000.0,7142300000.0,636700000.0,1.392,1.719,2219500000.0,175900000.0,2043600000.0,2219500000.0,0.0,391400000.0,0.0,0.013,0.53,985600000.0,1377000000.0,0.152,1377000000.0,985600000.0,901000000.0,2.78,2.76,2.78,3218300000.0,3575775000.0,3218300000.0,10496754352.0,11.0,7.623,535100000.0,2.496,1.0,1928700000.0,0.213,2165700000.0,84600000.0,6353000000.0,6436600000.0,641200000.0,502200000.0,0.0,502200000.0,5532800000.0,2091800000.0,3441000000.0,8400154352.0,-134000000.0,96400000.0,-288000000.0,-318100000.0,-113400000.0,-733800000.0,-404200000.0,0.0,1035700000.0,-31700000.0,595000000.0,595000000.0,595000000.0,0.0,41700000.0,0.066,955500000.0,973200000.0,1847300000.0,0.191,2.61,14.118,14.187,2501800000.0,0.0,39.44,0.926,0.932,1689300000.0,4215200000.0,9071000000.0,9071000000.0,0.0,0.067,0.166,0.153,0.109,43600000.0,818000000.0,1.0,212985658.0,214374000,215328000.0,42.314,6669000000.0,0.0,306000000.0,68600000.0,31.109,819800000.0
5,BWA,MRY,2015-12-31,2015-12-31,2015-12-31,2021-08-04,-610200000.0,8825700000.0,7950425000.0,3135200000.0,5690500000.0,1.009,15.835,-577300000.0,577700000.0,577700000.0,6320100000.0,613900000.0,1.33,1.462,2550300000.0,441400000.0,2108900000.0,2550300000.0,0.0,320200000.0,0.0,0.012,0.52,899100000.0,1219300000.0,0.152,1219300000.0,899100000.0,838700000.0,2.57,2.56,2.57,3553700000.0,3615350000.0,3553700000.0,10465596175.0,12.0,8.583,290600000.0,1.295,1.0,1703100000.0,0.212,2301500000.0,60400000.0,6139600000.0,5769025000.0,723600000.0,460900000.0,0.0,460900000.0,5194200000.0,2357200000.0,2837000000.0,9689796175.0,-220100000.0,-1194900000.0,-349800000.0,1222700000.0,-116700000.0,736600000.0,-1759100000.0,0.0,867900000.0,-65500000.0,577200000.0,577200000.0,577200000.0,0.0,36700000.0,0.072,814800000.0,888300000.0,1866400000.0,0.202,2.727,16.788,16.821,2448100000.0,0.0,43.23,1.208,1.209,1665000000.0,4210100000.0,8023200000.0,8023200000.0,0.0,0.073,0.16,0.156,0.112,40200000.0,662000000.0,1.0,224145181.0,224414000,225648000.0,35.752,6524200000.0,0.0,261500000.0,49400000.0,29.072,778000000.0
6,BWA,MRY,2014-12-31,2014-12-31,2014-12-31,2021-08-04,-383600000.0,7228000000.0,7331275000.0,2970800000.0,4257200000.0,1.133,15.92,-563000000.0,797800000.0,797800000.0,6548700000.0,687500000.0,1.37,0.978,1340000000.0,623700000.0,716300000.0,1340000000.0,0.0,330400000.0,0.0,0.009,0.51,984800000.0,1315200000.0,0.158,1315200000.0,984800000.0,948400000.0,2.89,2.86,2.89,3616200000.0,3714775000.0,3616200000.0,13022880254.0,13.0,9.902,238800000.0,1.051,1.0,1756400000.0,0.211,1356800000.0,36400000.0,4245200000.0,4499750000.0,505700000.0,403300000.0,0.0,403300000.0,3537100000.0,2168200000.0,1368900000.0,12494180254.0,-141700000.0,-102100000.0,-146600000.0,82100000.0,-116100000.0,-201700000.0,-665100000.0,0.0,801800000.0,-76700000.0,655800000.0,655800000.0,655800000.0,0.0,31700000.0,0.079,792700000.0,963700000.0,1530300000.0,0.176,3.455,19.052,19.014,2093900000.0,0.0,54.95,1.504,1.503,1443500000.0,3717100000.0,8305100000.0,8305100000.0,0.0,0.089,0.177,0.219,0.119,32100000.0,698900000.0,1.0,227373617.0,227150000,228924000.0,36.562,5871200000.0,93600000.0,292600000.0,14200000.0,25.847,802600000.0
7,BWA,MRY,2013-12-31,2013-12-31,2013-12-31,2021-08-04,-14000000.0,6917000000.0,6778900000.0,2798500000.0,4118500000.0,1.097,15.576,-417800000.0,939500000.0,939500000.0,5879100000.0,651000000.0,1.723,0.922,1222600000.0,201600000.0,1021000000.0,1222600000.0,0.0,299400000.0,0.0,0.004,0.25,876800000.0,1176200000.0,0.158,1176200000.0,876800000.0,842600000.0,2.73,2.7,2.73,3560600000.0,3307275000.0,3560600000.0,13074586151.0,15.0,11.116,301000000.0,1.317,1.0,1557500000.0,0.209,1197000000.0,34200000.0,4379200000.0,4335275000.0,458100000.0,405100000.0,0.0,405100000.0,3284600000.0,1623900000.0,1660700000.0,12722686151.0,223800000.0,33000000.0,-233400000.0,168100000.0,-56800000.0,-135400000.0,-384800000.0,0.0,718800000.0,25200000.0,624300000.0,624300000.0,624300000.0,0.0,26700000.0,0.084,702300000.0,855200000.0,1383800000.0,0.092,3.573,20.379,20.48,1939400000.0,0.0,55.91,1.711,1.719,1248500000.0,3177400000.0,7436600000.0,7436600000.0,0.0,0.092,0.189,0.202,0.118,36600000.0,639700000.0,1.0,227556540.0,228600000,231337000.0,32.531,5720000000.0,68700000.0,218300000.0,38500000.0,25.022,1174600000.0
8,BWA,MRY,2012-12-31,2012-12-31,2012-12-31,2021-08-04,-121300000.0,6400800000.0,6312325000.0,2472800000.0,3928000000.0,1.138,13.682,-407400000.0,715700000.0,715700000.0,5716300000.0,522400000.0,1.543,1.056,1067200000.0,243400000.0,823800000.0,1067200000.0,0.0,260200000.0,0.0,0.0,0.0,778900000.0,1039100000.0,0.145,1039100000.0,778900000.0,739500000.0,2.22,2.09,2.22,3082600000.0,2914775000.0,3082600000.0,8863500110.0,11.0,8.53,471300000.0,2.092,1.0,1466900000.0,0.204,1181400000.0,39400000.0,3967800000.0,4121125000.0,447600000.0,382700000.0,0.0,382700000.0,3254700000.0,1603100000.0,1651600000.0,8382200110.0,356100000.0,62200000.0,-243900000.0,110300000.0,0.0,-188600000.0,-345200000.0,0.0,878700000.0,11200000.0,500900000.0,500900000.0,500900000.0,0.0,21500000.0,0.07,714000000.0,752900000.0,1287200000.0,0.0,2.719,16.734,16.131,1788000000.0,0.0,35.81,1.167,1.123,1147300000.0,2611200000.0,7183200000.0,7183200000.0,0.0,0.079,0.172,0.189,0.108,56700000.0,629300000.0,1.0,234074284.0,225304000,242754000.0,31.882,5219400000.0,94700000.0,238600000.0,72500000.0,23.166,869700000.0
9,BWA,MRY,2011-12-31,2011-12-31,2011-12-31,2021-08-04,-150800000.0,5958600000.0,6071475000.0,2137800000.0,3820800000.0,1.172,10.931,-393700000.0,359600000.0,359600000.0,5704300000.0,570600000.0,1.122,1.468,1329100000.0,577800000.0,751300000.0,1329100000.0,0.0,252200000.0,0.0,0.0,0.0,820000000.0,1072200000.0,0.151,1072200000.0,820000000.0,745400000.0,2.52,2.22,2.52,2387900000.0,2382675000.0,2387900000.0,8009081356.0,10.0,7.47,314500000.0,1.44,1.0,1410400000.0,0.198,1186200000.0,74600000.0,3836500000.0,4099875000.0,454300000.0,345300000.0,0.0,345300000.0,3505600000.0,1905400000.0,1600200000.0,6993581356.0,-90300000.0,-170800000.0,-304600000.0,123100000.0,0.0,-219700000.0,-564500000.0,0.0,708200000.0,-14300000.0,550100000.0,550100000.0,550100000.0,0.0,20500000.0,0.077,621000000.0,789400000.0,1297800000.0,0.0,2.929,12.713,12.647,1664300000.0,0.0,31.87,0.983,0.979,1183000000.0,2110300000.0,7114700000.0,7114700000.0,0.0,0.091,0.231,0.2,0.115,21800000.0,621000000.0,1.0,219440896.0,218458000,256936000.0,32.568,4772400000.0,58500000.0,195300000.0,29800000.0,21.846,232400000.0
10,BWA,MRY,2010-12-31,2010-12-31,2010-12-31,2021-08-04,-53700000.0,5555000000.0,5267025000.0,2059900000.0,3495100000.0,1.073,9.893,-276600000.0,449900000.0,449900000.0,4559500000.0,396200000.0,1.479,1.437,1180400000.0,128500000.0,1051900000.0,1180400000.0,0.0,224500000.0,0.0,0.0,0.0,527900000.0,752400000.0,0.133,752400000.0,527900000.0,459100000.0,1.655,1.535,1.655,2258600000.0,2183700000.0,2258600000.0,8990498849.0,17.0,11.949,262300000.0,1.149,1.0,1093300000.0,0.193,1113500000.0,68800000.0,3779700000.0,3533025000.0,430600000.0,307900000.0,0.0,307900000.0,3245200000.0,1392300000.0,1852900000.0,8231398849.0,92500000.0,-152900000.0,-258600000.0,256300000.0,0.0,-13200000.0,-429500000.0,0.0,538900000.0,-3700000.0,377400000.0,377400000.0,377400000.0,0.0,18800000.0,0.067,589000000.0,504300000.0,1224100000.0,0.0,3.644,21.811,21.861,1542600000.0,0.0,36.18,1.456,1.461,1023900000.0,1560200000.0,5652800000.0,5652800000.0,0.0,0.072,0.173,0.149,0.093,22800000.0,566600000.0,1.0,227512406.0,228310000,259150000.0,24.759,4441500000.0,75800000.0,81700000.0,39700000.0,19.454,667600000.0
11,BWA,MRY,2009-12-31,2009-12-31,2009-12-31,2021-08-04,14500000.0,4811400000.0,4641825000.0,1551800000.0,3259600000.0,0.854,9.377,-172000000.0,357400000.0,357400000.0,3401000000.0,36400000.0,1.483,1.185,842300000.0,69100000.0,773200000.0,842300000.0,0.0,234600000.0,0.0,0.004,0.06,65700000.0,300300000.0,0.076,300300000.0,65700000.0,8500000.0,0.115,0.115,0.115,2185300000.0,2085275000.0,2185300000.0,4466840122.0,68.0,14.875,179000000.0,0.768,1.0,560800000.0,0.142,1061400000.0,57200000.0,3188700000.0,3112500000.0,314300000.0,257400000.0,0.0,257400000.0,2588700000.0,1046200000.0,1542500000.0,3877940122.0,254000000.0,17200000.0,8700000.0,102400000.0,-13800000.0,44800000.0,-154800000.0,0.0,351000000.0,13000000.0,27000000.0,27000000.0,27000000.0,0.0,9400000.0,0.007,510000000.0,50800000.0,977100000.0,0.522,1.775,143.627,144.435,1490300000.0,0.0,16.61,0.979,0.977,732000000.0,1193400000.0,3961800000.0,3961800000.0,0.0,0.006,0.013,0.021,0.017,22000000.0,459800000.0,1.0,233470206.0,233044000,233878000.0,17.0,3750000000.0,60200000.0,-18500000.0,0.0,16.091,505600000.0
12,BWA,MRY,2008-12-31,2008-12-31,2008-12-31,2021-08-04,-85900000.0,4644000000.0,5064650000.0,1308200000.0,3335800000.0,1.039,8.646,-369700000.0,103400000.0,103400000.0,4425400000.0,-19300000.0,1.047,1.299,780300000.0,320700000.0,459600000.0,780300000.0,0.0,259700000.0,0.0,0.02,0.22,36500000.0,296200000.0,0.056,296200000.0,36500000.0,-2300000.0,-0.155,-0.155,-0.155,2006000000.0,2316825000.0,2006000000.0,3099375981.0,85.0,10.464,31100000.0,0.134,1.0,838500000.0,0.159,1052400000.0,38800000.0,3018500000.0,3137050000.0,451200000.0,266500000.0,0.0,266500000.0,2606500000.0,1250000000.0,1356500000.0,2520875981.0,-85100000.0,11200000.0,-38800000.0,107500000.0,-51100000.0,-136100000.0,-343900000.0,14600000.0,400800000.0,-5900000.0,-35600000.0,-35600000.0,-35600000.0,0.0,16300000.0,-0.007,831200000.0,7300000.0,923000000.0,-1.419,1.257,-70.811,-70.226,1586200000.0,0.0,10.885,0.479,0.48,607100000.0,1200500000.0,5263900000.0,5263900000.0,0.0,-0.007,-0.015,0.012,0.007,21200000.0,542900000.0,1.0,231591730.0,232014000,232014000.0,22.688,3591600000.0,67500000.0,33300000.0,6300000.0,15.48,58200000.0
13,BWA,MRY,2007-12-31,2007-12-31,2007-12-31,2021-08-04,127100000.0,4958500000.0,4823400000.0,1580300000.0,3378200000.0,1.105,10.005,-293900000.0,188500000.0,188500000.0,4378700000.0,316500000.0,1.458,1.136,636300000.0,63700000.0,572600000.0,636300000.0,0.0,243100000.0,0.0,0.007,0.17,437100000.0,680200000.0,0.128,680200000.0,437100000.0,402400000.0,1.245,1.225,1.245,2321100000.0,2123175000.0,2321100000.0,6078133826.0,14.0,8.936,309600000.0,1.334,1.0,949900000.0,0.178,1168200000.0,34700000.0,3154200000.0,3155825000.0,447600000.0,269700000.0,14600000.0,255100000.0,2637400000.0,1083900000.0,1553500000.0,5614033826.0,65200000.0,17300000.0,-700000.0,-101700000.0,-39400000.0,-298100000.0,-229200000.0,47400000.0,603500000.0,-11000000.0,288500000.0,288500000.0,288500000.0,0.0,28000000.0,0.054,531800000.0,418100000.0,993000000.0,0.137,2.419,19.459,19.442,1609100000.0,0.0,24.205,1.054,1.054,802400000.0,1295900000.0,5328600000.0,5328600000.0,0.0,0.06,0.136,0.139,0.082,16300000.0,531900000.0,1.0,231936948.0,232004000,235680000.0,22.968,3790300000.0,42800000.0,113900000.0,27200000.0,16.337,496400000.0
14,BWA,MRY,2006-12-31,2006-12-31,2006-12-31,2021-08-04,-60300000.0,4584000000.0,4366150000.0,1437500000.0,3146500000.0,1.05,8.168,-268300000.0,123300000.0,123300000.0,3735500000.0,211600000.0,1.389,1.444,721100000.0,151700000.0,569400000.0,721100000.0,0.0,239100000.0,0.0,0.011,0.16,284200000.0,523300000.0,0.114,523300000.0,284200000.0,244000000.0,0.92,0.915,0.92,1875400000.0,1832725000.0,1875400000.0,4092663561.0,14.0,7.821,173800000.0,0.757,1.0,849900000.0,0.185,1086500000.0,40200000.0,3060500000.0,2886025000.0,386900000.0,257100000.0,59100000.0,198000000.0,2708600000.0,1034800000.0,1673800000.0,3396663561.0,33600000.0,-60100000.0,27100000.0,-35200000.0,-36700000.0,-59900000.0,-341100000.0,-12700000.0,442100000.0,-7500000.0,211600000.0,211600000.0,211600000.0,0.0,0.0,0.046,582800000.0,267100000.0,843400000.0,0.174,1.811,16.052,16.038,1460700000.0,0.0,14.755,0.741,0.739,744000000.0,1064100000.0,4585400000.0,4585400000.0,0.0,0.048,0.115,0.098,0.062,12700000.0,498100000.0,1.0,230204240.0,229612000,231884000.0,19.97,3497500000.0,33700000.0,32400000.0,39700000.0,15.232,402700000.0
15,BWA,MRY,2005-12-31,2005-12-31,2005-12-31,2021-08-04,-73100000.0,4089400000.0,4148125000.0,1168700000.0,2920700000.0,1.035,7.249,-292500000.0,89700000.0,89700000.0,3440000000.0,239600000.0,1.042,1.487,740500000.0,299900000.0,440600000.0,740500000.0,0.0,223800000.0,0.0,0.009,0.14,331800000.0,555600000.0,0.129,555600000.0,331800000.0,294700000.0,1.055,1.045,1.055,1644200000.0,1602825000.0,1644200000.0,4117566462.0,12.0,7.411,104000000.0,0.458,1.0,853800000.0,0.199,1029800000.0,37100000.0,2588300000.0,2803925000.0,332000000.0,238300000.0,40600000.0,197700000.0,2445200000.0,1122100000.0,1323100000.0,3456466462.0,-140000000.0,-413500000.0,17600000.0,144700000.0,-31800000.0,122300000.0,-700100000.0,5900000.0,396500000.0,41300000.0,239600000.0,239600000.0,239600000.0,0.0,0.0,0.056,530700000.0,323100000.0,786400000.0,0.133,2.102,14.426,14.367,1401100000.0,0.0,15.158,0.805,0.801,626100000.0,889200000.0,4293800000.0,4293800000.0,0.0,0.058,0.149,0.118,0.077,0.0,495900000.0,1.0,228036712.0,226832000,229592000.0,18.929,3059600000.0,28000000.0,55100000.0,35800000.0,13.488,46600000.0
16,BWA,MRY,2004-12-31,2004-12-31,2004-12-31,2021-08-04,55200000.0,3529100000.0,3295100000.0,1074300000.0,2454800000.0,1.07,6.865,-252400000.0,229700000.0,229700000.0,2874200000.0,218300000.0,1.618,1.3,584500000.0,16500000.0,568000000.0,584500000.0,0.0,177000000.0,0.0,0.009,0.125,329200000.0,506200000.0,0.144,506200000.0,329200000.0,299500000.0,0.978,0.965,0.978,1534200000.0,1426000000.0,1534200000.0,3444061565.0,10.0,6.804,174200000.0,0.779,1.0,651100000.0,0.185,860800000.0,29700000.0,2359300000.0,2274075000.0,223400000.0,237900000.0,44200000.0,193700000.0,1994900000.0,663800000.0,1331100000.0,3042761565.0,116600000.0,-4800000.0,14400000.0,-55900000.0,-27900000.0,-69400000.0,-257200000.0,0.0,426600000.0,16600000.0,218300000.0,218300000.0,218300000.0,0.0,0.0,0.062,342000000.0,309100000.0,608000000.0,0.128,1.983,13.938,13.847,1179300000.0,0.0,13.543,0.863,0.859,499100000.0,681400000.0,3525300000.0,3525300000.0,0.0,0.066,0.153,0.145,0.093,0.0,339000000.0,1.0,224682412.0,223488000,226148000.0,15.774,2668300000.0,22600000.0,81200000.0,39300000.0,11.939,410500000.0
17,BWA,MRY,2003-12-31,2003-12-31,2003-12-31,2021-08-04,14000000.0,3140500000.0,2921150000.0,838300000.0,2302200000.0,1.051,5.823,-214400000.0,113100000.0,113100000.0,2482500000.0,174900000.0,1.732,1.492,655500000.0,10000000.0,645500000.0,655500000.0,0.0,161300000.0,0.0,0.008,0.09,281400000.0,442700000.0,0.144,442700000.0,281400000.0,248100000.0,0.807,0.8,0.807,1260400000.0,1145975000.0,1260400000.0,2874177034.0,10.0,6.492,92500000.0,0.427,1.0,586700000.0,0.191,852000000.0,33300000.0,2346900000.0,2166475000.0,201300000.0,209300000.0,32000000.0,177300000.0,1880100000.0,484000000.0,1396100000.0,2333177034.0,76500000.0,-13800000.0,36800000.0,-21300000.0,-19400000.0,-3900000.0,-228200000.0,0.0,306900000.0,1700000.0,174900000.0,174900000.0,174900000.0,0.0,0.0,0.057,316800000.0,269900000.0,474000000.0,0.112,1.851,13.34,13.177,1075800000.0,0.0,10.634,0.76,0.75,414900000.0,491300000.0,3069200000.0,3069200000.0,0.0,0.06,0.153,0.13,0.092,0.0,316900000.0,1.0,219412440.0,216464000,218416000.0,14.179,2288500000.0,32800000.0,73200000.0,0.0,10.572,354300000.0
18,BWA,MRY,2002-12-31,2002-12-31,2002-12-31,2021-08-04,-54500000.0,2682900000.0,2618975000.0,580600000.0,2102300000.0,1.043,4.608,-166100000.0,36600000.0,36600000.0,2176500000.0,-119100000.0,1.287,1.734,646700000.0,14400000.0,632300000.0,646700000.0,0.0,137400000.0,0.0,0.012,0.075,-4200000.0,133200000.0,0.049,133200000.0,-4200000.0,-41900000.0,-0.557,-0.555,-0.557,981400000.0,938275000.0,981400000.0,1970295128.0,-469.0,14.792,95300000.0,0.447,1.0,554600000.0,0.203,827000000.0,37700000.0,2014800000.0,1940425000.0,180300000.0,167300000.0,14200000.0,153100000.0,1701500000.0,451200000.0,1250300000.0,1355695128.0,3700000.0,15600000.0,-8300000.0,-105800000.0,-16000000.0,-130100000.0,-130000000.0,0.0,261400000.0,2400000.0,-119100000.0,-119100000.0,-119100000.0,0.0,0.0,-0.044,303500000.0,251100000.0,435600000.0,-0.135,1.381,-11.383,-11.315,976900000.0,0.0,6.303,0.496,0.492,292100000.0,335800000.0,2731100000.0,2731100000.0,0.0,-0.045,-0.127,-0.002,-0.002,0.0,303500000.0,1.0,215104344.0,213000000,214832000.0,12.822,1855900000.0,62600000.0,77200000.0,1200000.0,8.713,129400000.0
19,BWA,MRY,2001-12-31,2001-12-31,2001-12-31,2021-08-04,-53100000.0,2770900000.0,2757575000.0,441300000.0,2329600000.0,0.853,5.245,-182900000.0,32900000.0,32900000.0,1890800000.0,66400000.0,0.97,1.509,737000000.0,35600000.0,701400000.0,737000000.0,0.0,169900000.0,0.0,0.011,0.075,153900000.0,323800000.0,0.138,323800000.0,153900000.0,106100000.0,0.315,0.314,0.315,1104200000.0,1114425000.0,1104200000.0,2074787480.0,13.0,6.408,54900000.0,0.261,1.0,460800000.0,0.196,1160600000.0,47800000.0,1859400000.0,1807450000.0,143800000.0,149600000.0,12200000.0,137400000.0,1666700000.0,455000000.0,1211700000.0,1377287480.0,11500000.0,17600000.0,2100000.0,-46800000.0,-15800000.0,-60500000.0,-165300000.0,0.0,237800000.0,-500000.0,66400000.0,66400000.0,66400000.0,0.0,0.0,0.028,320100000.0,140700000.0,410600000.0,0.238,1.247,20.742,20.734,922300000.0,0.0,6.531,0.586,0.585,203700000.0,470900000.0,2351600000.0,2351600000.0,0.0,0.024,0.06,0.085,0.065,0.0,249700000.0,1.0,210876552.0,210520000,211704000.0,11.17,1610300000.0,29300000.0,39700000.0,8800000.0,7.649,-13700000.0
20,BWA,MRY,2000-12-31,2000-12-31,2000-12-31,2021-08-04,-16000000.0,2739600000.0,,410600000.0,2329000000.0,,5.149,-196800000.0,21400000.0,21400000.0,2090700000.0,94000000.0,0.848,1.52,794800000.0,54400000.0,740400000.0,794800000.0,0.0,170400000.0,0.0,0.015,0.075,211400000.0,381800000.0,0.144,381800000.0,211400000.0,148800000.0,0.445,0.443,0.445,1087100000.0,,1087100000.0,,,,124400000.0,0.589,1.0,555200000.0,0.21,1203100000.0,62600000.0,1825500000.0,,161600000.0,142700000.0,0.0,142700000.0,1652500000.0,484400000.0,1168100000.0,,-300000.0,148100000.0,-21000000.0,-179900000.0,-15900000.0,-216800000.0,-91700000.0,0.0,321200000.0,-13000000.0,94000000.0,94000000.0,94000000.0,0.0,0.0,0.036,364900000.0,190300000.0,408200000.0,0.169,,,11.236,807200000.0,0.0,5.0,,0.399,168900000.0,422900000.0,2645900000.0,2645900000.0,0.0,,,,0.08,0.0,258700000.0,1.0,,211128000,211896000.0,12.532,1536500000.0,24800000.0,54800000.0,21800000.0,7.278,-73800000.0
21,BWA,MRY,1999-12-31,1999-12-31,1999-12-31,2021-08-04,,,,,,,,-143400000.0,,,1888500000.0,132300000.0,,,,,,,,123400000.0,,0.015,0.075,256200000.0,379600000.0,0.154,379600000.0,256200000.0,207000000.0,0.637,0.634,0.637,,,,,,,201100000.0,0.969,1.0,570100000.0,0.232,,49200000.0,,,,,,,,,,,-22300000.0,-667300000.0,700000.0,461500000.0,-15500000.0,446700000.0,-810700000.0,0.0,344500000.0,-2800000.0,132300000.0,132300000.0,132300000.0,0.0,0.0,0.054,326700000.0,243400000.0,,0.118,,,7.947,,0.0,5.062,,0.427,,,2458600000.0,2458600000.0,0.0,,,,0.104,0.0,203300000.0,1.0,,207584000,208624000.0,11.844,,,74700000.0,,,
0,BWA,MRQ,2021-06-30,2021-06-30,2021-06-30,2021-08-04,-673000000.0,16863000000.0,,6537000000.0,10326000000.0,,27.914,-148000000.0,1568000000.0,1568000000.0,2996000000.0,274000000.0,1.693,1.48,4361000000.0,13000000.0,4348000000.0,4361000000.0,0.0,0.0,0.0,0.014,0.17,317000000.0,317000000.0,0.084,317000000.0,317000000.0,275000000.0,1.03,1.03,1.03,6649000000.0,,6649000000.0,13646210173.0,10.0,8.245,132000000.0,0.554,1.0,762000000.0,0.203,4497000000.0,42000000.0,11297000000.0,,1567000000.0,546000000.0,0.0,546000000.0,9841000000.0,3862000000.0,5979000000.0,11642210173.0,-187000000.0,-759000000.0,0.0,540000000.0,-41000000.0,460000000.0,-914000000.0,-7000000.0,280000000.0,-13000000.0,247000000.0,247000000.0,247000000.0,0.0,27000000.0,0.066,445000000.0,317000000.0,2367000000.0,0.165,1.751,14.907,13.869,4535000000.0,0.0,48.54,0.818,0.813,3063000000.0,6527000000.0,3758000000.0,3758000000.0,0.0,,,,,0.0,364000000.0,1.0,239847758.0,238200000,239600000.0,15.777,12366000000.0,0.0,28000000.0,0.0,51.914,2675000000.0
1,BWA,MRQ,2021-03-31,2021-03-31,2021-03-31,2021-08-04,-736000000.0,15971000000.0,,6582000000.0,9389000000.0,,26.786,-196000000.0,1755000000.0,1755000000.0,3191000000.0,94000000.0,1.679,1.463,3759000000.0,51000000.0,3708000000.0,3759000000.0,0.0,0.0,0.0,0.015,0.17,128000000.0,128000000.0,0.032,128000000.0,128000000.0,107000000.0,0.27,0.27,0.27,6367000000.0,,6367000000.0,13218016156.0,15.0,10.558,146000000.0,0.614,1.0,818000000.0,0.204,3655000000.0,21000000.0,10399000000.0,,1361000000.0,557000000.0,0.0,557000000.0,9317000000.0,3921000000.0,5396000000.0,11081016156.0,105000000.0,0.0,0.0,2000000.0,-40000000.0,-51000000.0,-185000000.0,11000000.0,342000000.0,-1000000.0,65000000.0,65000000.0,65000000.0,0.0,29000000.0,0.016,415000000.0,403000000.0,2485000000.0,0.63,1.74,25.415,23.18,4449000000.0,0.0,46.36,0.932,0.926,3153000000.0,6321000000.0,4009000000.0,4009000000.0,0.0,,,,,0.0,377000000.0,1.0,239021056.0,237700000,238400000.0,16.866,12316000000.0,0.0,42000000.0,0.0,51.813,2661000000.0
2,BWA,MRQ,2020-12-31,2020-12-31,2020-12-31,2021-08-04,-651000000.0,16029000000.0,,6167000000.0,9862000000.0,,27.435,-165000000.0,1650000000.0,1650000000.0,3154000000.0,385000000.0,1.619,1.448,3787000000.0,49000000.0,3738000000.0,3787000000.0,0.0,229000000.0,0.0,0.018,0.17,592000000.0,821000000.0,0.209,821000000.0,592000000.0,569000000.0,1.66,1.65,1.66,6428000000.0,,6428000000.0,10163201254.0,10.0,6.608,211000000.0,0.901,1.0,772000000.0,0.197,3723000000.0,23000000.0,10633000000.0,,1286000000.0,820000000.0,0.0,820000000.0,9305000000.0,3810000000.0,5495000000.0,9448201254.0,-471000000.0,-447000000.0,-216000000.0,5000000.0,-41000000.0,-274000000.0,-617000000.0,-2000000.0,376000000.0,44000000.0,358000000.0,358000000.0,358000000.0,0.0,27000000.0,0.091,549000000.0,223000000.0,2352000000.0,0.102,1.47,18.896,16.443,4591000000.0,0.0,38.64,0.929,0.81,2919000000.0,6296000000.0,3926000000.0,3926000000.0,0.0,,,,,12000000.0,350000000.0,1.0,244518666.0,234300000,235900000.0,16.756,12306000000.0,0.0,211000000.0,0.0,52.522,2357000000.0
3,BWA,MRQ,2020-09-30,2020-09-30,2020-09-30,2021-08-04,-730000000.0,10892000000.0,,5165000000.0,5727000000.0,,23.092,-108000000.0,2121000000.0,2121000000.0,2017000000.0,129000000.0,2.349,1.256,2836000000.0,49000000.0,2787000000.0,2836000000.0,0.0,115000000.0,0.0,0.018,0.17,274000000.0,389000000.0,0.154,389000000.0,274000000.0,254000000.0,0.54,0.53,0.54,4757000000.0,,4757000000.0,9085027011.0,11.0,8.428,373000000.0,1.811,1.0,517000000.0,0.204,2226000000.0,20000000.0,7182000000.0,,815000000.0,305000000.0,0.0,305000000.0,5974000000.0,2199000000.0,3775000000.0,8029027011.0,118000000.0,0.0,0.0,-248000000.0,-35000000.0,-288000000.0,-102000000.0,5000000.0,481000000.0,27000000.0,111000000.0,111000000.0,111000000.0,0.0,18000000.0,0.044,233000000.0,284000000.0,2127000000.0,0.315,1.688,22.18,21.887,2824000000.0,0.0,38.74,0.913,0.907,1977000000.0,5979000000.0,2534000000.0,2534000000.0,0.0,,,,,13000000.0,204000000.0,1.0,207254182.0,206000000,207300000.0,12.301,8666000000.0,0.0,143000000.0,23000000.0,42.068,2966000000.0
4,BWA,MRQ,2020-06-30,2020-06-30,2020-06-30,2021-08-04,-787000000.0,10337000000.0,,4641000000.0,5696000000.0,,22.383,-50000000.0,2003000000.0,2003000000.0,1252000000.0,-84000000.0,2.356,1.209,3059000000.0,297000000.0,2762000000.0,3059000000.0,0.0,0.0,0.0,0.019,0.17,-86000000.0,-86000000.0,-0.06,-86000000.0,-86000000.0,-104000000.0,-0.47,-0.47,-0.47,4611000000.0,,4611000000.0,8367040882.0,10.0,7.791,14000000.0,0.068,1.0,174000000.0,0.122,2205000000.0,18000000.0,7218000000.0,,836000000.0,315000000.0,0.0,315000000.0,5574000000.0,1970000000.0,3604000000.0,7318040882.0,1102000000.0,-2000000.0,0.0,1099000000.0,-35000000.0,1061000000.0,-27000000.0,3000000.0,64000000.0,4000000.0,-98000000.0,-98000000.0,-98000000.0,0.0,14000000.0,-0.069,252000000.0,-78000000.0,1654000000.0,-0.362,1.587,16.445,16.267,2781000000.0,0.0,35.3,0.836,0.83,1535000000.0,5903000000.0,1426000000.0,1426000000.0,0.0,,,,,0.0,184000000.0,1.0,207309940.0,206000000,206000000.0,6.922,8132000000.0,0.0,-6000000.0,19000000.0,39.476,2671000000.0
5,BWA,MRQ,2020-03-31,2020-03-31,2020-03-31,2021-08-04,-801000000.0,9502000000.0,,3741000000.0,5761000000.0,,22.965,-121000000.0,901000000.0,901000000.0,1832000000.0,137000000.0,1.761,0.982,1950000000.0,286000000.0,1664000000.0,1950000000.0,0.0,0.0,0.0,0.028,0.17,190000000.0,190000000.0,0.083,190000000.0,190000000.0,178000000.0,0.63,0.63,0.63,4724000000.0,,4724000000.0,6158201611.0,5.0,4.036,142000000.0,0.69,1.0,447000000.0,0.196,2201000000.0,12000000.0,6226000000.0,,847000000.0,315000000.0,0.0,315000000.0,4638000000.0,2124000000.0,2514000000.0,5030201611.0,69000000.0,0.0,0.0,-1000000.0,-35000000.0,-62000000.0,-120000000.0,1000000.0,263000000.0,-12000000.0,129000000.0,129000000.0,129000000.0,0.0,8000000.0,0.057,249000000.0,198000000.0,1793000000.0,0.27,1.065,7.035,7.003,2839000000.0,0.0,24.37,0.509,0.507,1735000000.0,6036000000.0,2279000000.0,2279000000.0,0.0,,,,,0.0,213000000.0,1.0,206409586.0,205700000,206200000.0,11.079,7301000000.0,0.0,49000000.0,45000000.0,35.493,1617000000.0
6,BWA,MRQ,2019-12-31,2019-12-31,2019-12-31,2021-08-04,-727000000.0,9702000000.0,,3836000000.0,5866000000.0,,22.945,-130000000.0,832000000.0,832000000.0,2014000000.0,237000000.0,1.647,1.032,1960000000.0,286000000.0,1674000000.0,1960000000.0,0.0,115000000.0,0.0,0.016,0.17,470000000.0,585000000.0,0.229,585000000.0,470000000.0,458000000.0,1.07,1.07,1.07,4706000000.0,,4706000000.0,10116668813.0,8.0,5.923,54000000.0,0.263,1.0,545000000.0,0.213,2244000000.0,12000000.0,6257000000.0,,807000000.0,318000000.0,0.0,318000000.0,4858000000.0,2329000000.0,2529000000.0,8957668813.0,-84000000.0,0.0,0.0,-132000000.0,-35000000.0,-172000000.0,-109000000.0,21000000.0,184000000.0,13000000.0,220000000.0,220000000.0,220000000.0,0.0,17000000.0,0.086,67000000.0,478000000.0,1325000000.0,0.159,1.903,12.008,11.95,2925000000.0,0.0,43.38,0.881,0.878,1921000000.0,5942000000.0,2559000000.0,2559000000.0,0.0,,,,,12000000.0,205000000.0,1.0,206493057.0,205100000,206800000.0,12.477,7458000000.0,0.0,238000000.0,0.0,36.363,1507000000.0
7,BWA,MRQ,2019-09-30,2019-09-30,2019-09-30,2021-08-04,-779000000.0,10199000000.0,,3987000000.0,6212000000.0,,21.71,-99000000.0,916000000.0,916000000.0,1968000000.0,207000000.0,1.579,1.261,2075000000.0,419000000.0,1656000000.0,2075000000.0,0.0,110000000.0,0.0,0.019,0.17,275000000.0,385000000.0,0.154,385000000.0,275000000.0,260000000.0,0.94,0.94,0.94,4457000000.0,,4457000000.0,8964955235.0,8.0,6.013,258000000.0,1.257,1.0,524000000.0,0.21,2222000000.0,15000000.0,6611000000.0,,810000000.0,694000000.0,0.0,694000000.0,5621000000.0,2525000000.0,3096000000.0,7574955235.0,206000000.0,0.0,0.0,0.0,-35000000.0,-30000000.0,-103000000.0,-4000000.0,357000000.0,-18000000.0,194000000.0,194000000.0,194000000.0,0.0,13000000.0,0.078,248000000.0,276000000.0,2048000000.0,0.181,1.7,10.02,10.022,2812000000.0,0.0,36.68,0.744,0.74,1983000000.0,5757000000.0,2492000000.0,2492000000.0,0.0,,,,,13000000.0,230000000.0,1.0,206514592.0,205300000,206300000.0,12.138,7977000000.0,0.0,66000000.0,58000000.0,38.855,1462000000.0
8,BWA,MRQ,2019-06-30,2019-06-30,2019-06-30,2021-08-04,-670000000.0,10231000000.0,,3849000000.0,6382000000.0,,21.361,-127000000.0,710000000.0,710000000.0,2038000000.0,182000000.0,1.664,1.304,2100000000.0,171000000.0,1929000000.0,2100000000.0,0.0,107000000.0,0.0,0.016,0.17,259000000.0,366000000.0,0.143,366000000.0,259000000.0,245000000.0,0.84,0.83,0.84,4394000000.0,,4394000000.0,10271045697.0,10.0,6.852,300000000.0,1.458,1.0,513000000.0,0.201,2266000000.0,14000000.0,7042000000.0,,817000000.0,690000000.0,0.0,690000000.0,5729000000.0,2313000000.0,3416000000.0,8701045697.0,193000000.0,1000000.0,-33000000.0,6000000.0,-35000000.0,-65000000.0,-173000000.0,-47000000.0,427000000.0,4000000.0,172000000.0,172000000.0,172000000.0,0.0,10000000.0,0.067,228000000.0,285000000.0,2089000000.0,0.202,1.98,11.359,11.346,2891000000.0,0.0,41.98,0.856,0.849,2063000000.0,5598000000.0,2551000000.0,2551000000.0,0.0,,,,,9000000.0,212000000.0,1.0,207266453.0,205700000,206800000.0,12.402,7965000000.0,0.0,73000000.0,53000000.0,38.721,1536000000.0
9,BWA,MRQ,2019-03-31,2019-03-31,2019-03-31,2021-08-04,-675000000.0,10104000000.0,,3719000000.0,6385000000.0,,20.697,-116000000.0,517000000.0,517000000.0,2047000000.0,171000000.0,1.618,1.338,2087000000.0,164000000.0,1923000000.0,2087000000.0,0.0,107000000.0,0.0,0.018,0.17,265000000.0,372000000.0,0.145,372000000.0,265000000.0,251000000.0,0.77,0.77,0.77,4274000000.0,,4274000000.0,9351684694.0,8.0,5.999,-76000000.0,-0.368,1.0,519000000.0,0.202,2281000000.0,14000000.0,7094000000.0,,807000000.0,617000000.0,0.0,617000000.0,5719000000.0,2299000000.0,3420000000.0,7977784694.0,-222000000.0,13000000.0,-67000000.0,-15000000.0,-35000000.0,-153000000.0,-104000000.0,-1000000.0,40000000.0,-5000000.0,160000000.0,160000000.0,160000000.0,0.0,11000000.0,0.062,255000000.0,264000000.0,2056000000.0,0.221,1.867,9.212,9.233,2895000000.0,0.0,38.41,0.774,0.769,2065000000.0,5461000000.0,2566000000.0,2566000000.0,0.0,,,,,8000000.0,226000000.0,1.0,207700721.0,206500000,207100000.0,12.426,7823000000.0,0.0,91000000.0,57000000.0,37.884,1420000000.0
10,BWA,MRQ,2018-12-31,2018-12-31,2018-12-31,2021-08-04,-674000000.0,10095000000.0,,3805000000.0,6290000000.0,,20.386,-116000000.0,739000000.0,739000000.0,2030000000.0,248000000.0,1.586,1.361,2114000000.0,173000000.0,1941000000.0,2114000000.0,0.0,105000000.0,0.0,0.02,0.17,263000000.0,368000000.0,0.143,368000000.0,263000000.0,249000000.0,1.11,1.1,1.11,4226000000.0,,4226000000.0,9009894154.0,8.0,5.521,454000000.0,2.19,1.0,544000000.0,0.211,2292000000.0,14000000.0,6779000000.0,,781000000.0,592000000.0,0.0,592000000.0,5750000000.0,2399000000.0,3351000000.0,7235394154.0,377000000.0,-5000000.0,0.0,-16000000.0,-36000000.0,-60000000.0,-121000000.0,0.0,570000000.0,-12000000.0,230000000.0,230000000.0,230000000.0,0.0,18000000.0,0.089,278000000.0,266000000.0,2144000000.0,0.153,1.712,7.772,7.772,2904000000.0,0.0,34.74,0.687,0.687,1988000000.0,5336000000.0,2574000000.0,2574000000.0,0.0,,,,,15000000.0,226000000.0,1.0,208272716.0,207300000,208600000.0,12.417,7803000000.0,0.0,19000000.0,59000000.0,37.641,1406000000.0
11,BWA,MRQ,2018-09-30,2018-09-30,2018-09-30,2021-08-04,-609200000.0,9716400000.0,,3490600000.0,6225800000.0,,19.597,-125000000.0,361800000.0,361800000.0,1963000000.0,216000000.0,1.663,1.364,2136300000.0,50700000.0,2085600000.0,2136300000.0,0.0,108000000.0,0.0,0.016,0.17,285000000.0,393000000.0,0.159,393000000.0,285000000.0,271000000.0,0.98,0.98,0.98,4066400000.0,,4066400000.0,10746443180.0,9.0,6.804,126000000.0,0.607,1.0,515000000.0,0.208,2306600000.0,14000000.0,7084700000.0,,810300000.0,610300000.0,0.0,610300000.0,5546200000.0,2099600000.0,3446600000.0,8935343180.0,0.0,0.0,-40000000.0,-31000000.0,-35000000.0,-108000000.0,-126000000.0,-1000000.0,251000000.0,-17000000.0,204000000.0,204000000.0,204000000.0,0.0,12000000.0,0.082,237000000.0,278000000.0,2009200000.0,0.173,2.197,16.103,16.083,2827800000.0,0.0,42.78,0.848,0.842,2061100000.0,5127300000.0,2478000000.0,2478000000.0,0.0,,,,,16000000.0,230000000.0,1.0,208867302.0,207500000,208700000.0,11.942,7409800000.0,0.0,67000000.0,9800000.0,35.71,1391000000.0
12,BWA,MRQ,2018-06-30,2018-06-30,2018-06-30,2021-08-04,-567600000.0,9777200000.0,,3543700000.0,6233500000.0,,18.985,-109000000.0,361900000.0,361900000.0,2114000000.0,284000000.0,1.585,1.445,2173000000.0,70500000.0,2102500000.0,2173000000.0,0.0,109000000.0,0.0,0.015,0.17,317000000.0,426000000.0,0.158,426000000.0,317000000.0,302000000.0,1.3,1.3,1.3,3960300000.0,,3960300000.0,10983794033.0,10.0,6.982,161000000.0,0.772,1.0,580000000.0,0.215,2320000000.0,15000000.0,7032000000.0,,800200000.0,610500000.0,0.0,610500000.0,5723200000.0,2236300000.0,3486900000.0,9067994033.0,-48000000.0,5000000.0,-55000000.0,-114000000.0,-35000000.0,-212000000.0,-106000000.0,-2000000.0,270000000.0,0.0,272000000.0,272000000.0,272000000.0,0.0,12000000.0,0.101,267000000.0,313000000.0,2122100000.0,0.131,2.29,16.924,16.859,2825700000.0,0.0,43.16,0.865,0.859,2131000000.0,4958800000.0,2694000000.0,2694000000.0,0.0,,,,,7000000.0,237000000.0,1.0,210101808.0,208600000,209900000.0,12.915,7457200000.0,0.0,30000000.0,12400000.0,35.749,1307400000.0
13,BWA,MRQ,2018-03-31,2018-03-31,2018-03-31,2021-08-04,-430300000.0,10034800000.0,,3697800000.0,6337000000.0,,18.667,-160000000.0,409700000.0,409700000.0,2193000000.0,237000000.0,1.518,1.539,2325500000.0,194000000.0,2131500000.0,2325500000.0,0.0,109000000.0,0.0,0.012,0.17,336000000.0,445000000.0,0.16,445000000.0,336000000.0,320000000.0,1.07,1.07,1.07,3910700000.0,,3910700000.0,12218931824.0,11.0,7.867,-125000000.0,-0.597,1.0,591000000.0,0.212,2375800000.0,16000000.0,7138200000.0,,800400000.0,581800000.0,0.0,581800000.0,6019000000.0,2436600000.0,3582400000.0,10575931824.0,-135000000.0,0.0,-55000000.0,120000000.0,-36000000.0,-3000000.0,-161000000.0,-1000000.0,35000000.0,-6000000.0,225000000.0,225000000.0,225000000.0,0.0,12000000.0,0.081,258000000.0,333000000.0,2160400000.0,0.159,2.704,22.228,22.128,2923800000.0,0.0,50.23,1.039,1.034,2247100000.0,4722400000.0,2784000000.0,2784000000.0,0.0,,,,,15000000.0,253000000.0,1.0,210550106.0,209500000,210800000.0,13.289,7659000000.0,0.0,95000000.0,44400000.0,36.558,1261200000.0
14,BWA,MRQ,2017-12-31,2017-12-31,2017-12-31,2021-08-04,-490000000.0,9787600000.0,,3543200000.0,6244400000.0,,17.73,-170300000.0,545300000.0,545300000.0,2021900000.0,-132300000.0,1.461,1.604,2188300000.0,84600000.0,2103700000.0,2188300000.0,0.0,106000000.0,0.0,0.012,0.17,209400000.0,315400000.0,0.122,315400000.0,209400000.0,192000000.0,-0.69,-0.69,-0.69,3716800000.0,,3716800000.0,12752538914.0,12.0,8.507,385800000.0,1.84,1.0,564200000.0,0.218,2374500000.0,17400000.0,6630900000.0,,766300000.0,547400000.0,0.0,547400000.0,5961700000.0,2425200000.0,3536500000.0,10771738914.0,130400000.0,-2000000.0,0.0,-215400000.0,-35500000.0,-256800000.0,-181300000.0,-9000000.0,556100000.0,12400000.0,-146100000.0,-146100000.0,-146100000.0,0.0,13800000.0,-0.056,212400000.0,351800000.0,2270300000.0,-0.246,2.898,24.481,24.445,2863800000.0,0.0,51.09,1.099,1.097,2018900000.0,4531000000.0,2586100000.0,2586100000.0,0.0,,,,,16500000.0,239900000.0,1.0,210838499.0,209629000,211275000.0,12.337,7413100000.0,0.0,338100000.0,40800000.0,35.363,1118000000.0
15,BWA,MRQ,2017-09-30,2017-09-30,2017-09-30,2021-08-04,-545700000.0,9816200000.0,,3401100000.0,6415100000.0,,18.235,-135500000.0,414300000.0,414300000.0,1894600000.0,194600000.0,1.428,1.542,2395100000.0,303200000.0,2091900000.0,2395100000.0,0.0,104900000.0,0.0,0.011,0.14,281900000.0,386800000.0,0.16,386800000.0,281900000.0,264300000.0,0.88,0.88,0.88,3825700000.0,,3825700000.0,12645330543.0,11.0,8.008,89200000.0,0.425,1.0,521600000.0,0.216,2391500000.0,17600000.0,7024300000.0,,773400000.0,559500000.0,0.0,559500000.0,5899900000.0,2381200000.0,3518700000.0,10812730543.0,27200000.0,-180000000.0,-15300000.0,154900000.0,-29400000.0,108100000.0,-315500000.0,0.0,224700000.0,9900000.0,184900000.0,184900000.0,184900000.0,0.0,9700000.0,0.077,247000000.0,274600000.0,2015000000.0,0.159,2.826,14.055,14.036,2753700000.0,0.0,51.23,1.142,1.135,2046100000.0,4712800000.0,2416200000.0,2416200000.0,0.0,,,,,11200000.0,225000000.0,1.0,211062474.0,209803000,211013000.0,11.517,7424700000.0,0.0,79400000.0,63000000.0,35.389,1019900000.0
16,BWA,MRQ,2017-06-30,2017-06-30,2017-06-30,2021-08-04,-606400000.0,9288500000.0,,3193200000.0,6095300000.0,,17.153,-123300000.0,387100000.0,387100000.0,1876800000.0,221100000.0,1.516,1.549,2219700000.0,141800000.0,2077900000.0,2219700000.0,0.0,99800000.0,0.0,0.013,0.14,306200000.0,406000000.0,0.17,406000000.0,306200000.0,288200000.0,1.01,1.0,1.01,3612000000.0,,3612000000.0,10926621832.0,10.0,7.564,215600000.0,1.024,1.0,512900000.0,0.215,2188500000.0,18000000.0,6826500000.0,,701400000.0,528600000.0,0.0,528600000.0,5596600000.0,2106100000.0,3490500000.0,8989621832.0,28700000.0,1300000.0,-53700000.0,-112500000.0,-29400000.0,-198500000.0,-122500000.0,-500000.0,338900000.0,10800000.0,212000000.0,212000000.0,212000000.0,0.0,9100000.0,0.089,215100000.0,297800000.0,1904700000.0,0.139,2.489,13.464,13.405,2663800000.0,0.0,42.36,0.97,0.962,1939300000.0,4557300000.0,2389700000.0,2389700000.0,0.0,,,,,11200000.0,215100000.0,1.0,212219590.0,210572000,211478000.0,11.349,7100000000.0,0.0,76200000.0,59600000.0,33.718,1087100000.0
17,BWA,MRQ,2017-03-31,2017-03-31,2017-03-31,2021-08-04,-674200000.0,9083700000.0,,3107300000.0,5976400000.0,,16.084,-130900000.0,358400000.0,358400000.0,1890700000.0,199600000.0,1.444,1.647,2295400000.0,255100000.0,2040300000.0,2295400000.0,0.0,97300000.0,0.0,0.013,0.14,293500000.0,390800000.0,0.162,390800000.0,293500000.0,275500000.0,0.89,0.89,0.89,3403400000.0,,3403400000.0,10664155511.0,11.0,7.576,-70600000.0,-0.334,1.0,516300000.0,0.214,2163800000.0,18000000.0,6705700000.0,,656900000.0,530000000.0,0.0,530000000.0,5604000000.0,2151200000.0,3452800000.0,8888355511.0,-85300000.0,-300000.0,-31000000.0,68000000.0,-29700000.0,-15800000.0,-132700000.0,-1500000.0,60300000.0,2900000.0,189200000.0,189200000.0,189200000.0,0.0,10400000.0,0.079,224800000.0,291500000.0,1841300000.0,0.157,2.612,14.334,14.361,2553100000.0,0.0,41.79,0.965,0.96,1934300000.0,4374700000.0,2407000000.0,2407000000.0,0.0,,,,,13100000.0,219000000.0,1.0,212690967.0,211596000,212236000.0,11.375,6919900000.0,0.0,86300000.0,54800000.0,32.703,956100000.0
18,BWA,MRQ,2016-12-31,2016-12-31,2016-12-31,2021-08-04,-722100000.0,8834700000.0,,2911600000.0,5923100000.0,,15.217,-145800000.0,443700000.0,443700000.0,1762400000.0,195000000.0,1.392,1.719,2219500000.0,175900000.0,2043600000.0,2219500000.0,0.0,100200000.0,0.0,0.013,0.14,295300000.0,395500000.0,0.175,395500000.0,295300000.0,275800000.0,0.87,0.86,0.87,3218300000.0,,3218300000.0,10496754352.0,11.0,7.623,296800000.0,1.403,1.0,496600000.0,0.22,2165700000.0,19500000.0,6353000000.0,,641200000.0,502200000.0,0.0,502200000.0,5532800000.0,2091800000.0,3441000000.0,8400154352.0,-75000000.0,84000000.0,-38000000.0,-357700000.0,-29600000.0,-423700000.0,-61800000.0,0.0,442600000.0,-32100000.0,183200000.0,183200000.0,183200000.0,0.0,11800000.0,0.081,207300000.0,289300000.0,1847300000.0,0.161,2.61,14.118,14.187,2501800000.0,0.0,39.44,0.926,0.932,1689300000.0,4215200000.0,2259000000.0,2259000000.0,0.0,,,,,16300000.0,217600000.0,1.0,212985658.0,211500000,212745000.0,10.681,6669000000.0,0.0,92600000.0,68600000.0,31.532,819800000.0
19,BWA,MRQ,2016-09-30,2016-09-30,2016-09-30,2021-08-04,-571000000.0,9007300000.0,,3289200000.0,5718100000.0,,17.428,-120100000.0,518700000.0,518700000.0,1743100000.0,93100000.0,1.345,1.406,2615300000.0,525400000.0,2089900000.0,2615300000.0,0.0,97800000.0,0.0,0.015,0.13,154500000.0,252300000.0,0.114,252300000.0,154500000.0,132100000.0,0.39,0.39,0.39,3709900000.0,,3709900000.0,9677670527.0,11.0,7.944,110800000.0,0.521,1.0,471100000.0,0.213,2224900000.0,22400000.0,6433900000.0,,687200000.0,512700000.0,0.0,512700000.0,5216600000.0,2445100000.0,2771500000.0,7537870527.0,23700000.0,6600000.0,-66200000.0,-16300000.0,-27600000.0,-99200000.0,-113500000.0,0.0,230900000.0,5500000.0,83300000.0,83300000.0,83300000.0,0.0,9800000.0,0.038,320800000.0,150300000.0,1763200000.0,0.333,2.032,14.938,15.164,2518500000.0,0.0,35.18,0.844,0.838,1764000000.0,4538100000.0,2214200000.0,2214200000.0,0.0,,,,,7000000.0,209700000.0,1.0,214265791.0,212872000,213766000.0,10.402,6782400000.0,0.0,48800000.0,61200000.0,31.861,844100000.0
20,BWA,MRQ,2016-06-30,2016-06-30,2016-06-30,2021-08-04,-593800000.0,8988600000.0,,3206900000.0,5781700000.0,,17.066,-130400000.0,495000000.0,495000000.0,1832500000.0,175400000.0,1.336,1.421,2634800000.0,515300000.0,2119500000.0,2634800000.0,0.0,99000000.0,0.0,0.018,0.13,270000000.0,369000000.0,0.158,369000000.0,270000000.0,248600000.0,0.76,0.76,0.76,3681700000.0,,3681700000.0,8630219670.0,9.0,6.723,197400000.0,0.915,1.0,496700000.0,0.213,2292300000.0,21400000.0,6436300000.0,,744600000.0,508900000.0,0.0,508900000.0,5232500000.0,2399800000.0,2832700000.0,6424119670.0,102700000.0,4700000.0,-104300000.0,44900000.0,-28000000.0,-86100000.0,-125700000.0,0.0,327800000.0,-13300000.0,164400000.0,164400000.0,164400000.0,0.0,11000000.0,0.071,202300000.0,294400000.0,1790700000.0,0.171,1.745,11.101,11.224,2502800000.0,0.0,29.52,0.747,0.74,1806900000.0,4482400000.0,2329200000.0,2329200000.0,0.0,,,,,10700000.0,202300000.0,1.0,217619230.0,215735000,216663000.0,10.797,6696300000.0,0.0,84200000.0,93800000.0,31.039,807100000.0
21,BWA,MRQ,2016-03-31,2016-03-31,2016-03-31,2021-08-04,-540800000.0,8940700000.0,,3182400000.0,5758300000.0,,16.989,-104300000.0,392300000.0,392300000.0,1804300000.0,173200000.0,1.377,1.402,2598400000.0,466500000.0,2131900000.0,2598400000.0,0.0,94400000.0,0.0,0.014,0.13,265800000.0,360200000.0,0.159,360200000.0,265800000.0,244500000.0,0.75,0.75,0.75,3693200000.0,,3693200000.0,10384121894.0,11.0,8.365,-69900000.0,-0.322,1.0,464300000.0,0.205,2313200000.0,21300000.0,6523200000.0,,756300000.0,487700000.0,0.0,487700000.0,5179600000.0,2310400000.0,2869200000.0,8395721894.0,-185400000.0,1100000.0,-79500000.0,11000000.0,-28200000.0,-124800000.0,-103200000.0,0.0,34400000.0,8200000.0,164100000.0,164100000.0,164100000.0,0.0,9100000.0,0.072,200100000.0,264200000.0,1819400000.0,0.173,2.273,14.928,15.178,2498900000.0,0.0,38.4,1.011,1.005,1861200000.0,4346000000.0,2268600000.0,2268600000.0,0.0,,,,,9600000.0,188400000.0,1.0,218638591.0,217388000,218137000.0,10.436,6627500000.0,0.0,80400000.0,24500000.0,30.487,872000000.0
22,BWA,MRQ,2015-12-31,2015-12-31,2015-12-31,2021-08-04,-610200000.0,8825700000.0,,3135200000.0,5690500000.0,,16.032,-158500000.0,577700000.0,577700000.0,1676200000.0,102900000.0,1.33,1.462,2550300000.0,441400000.0,2108900000.0,2550300000.0,0.0,83900000.0,0.0,0.012,0.13,152900000.0,236800000.0,0.112,236800000.0,152900000.0,135100000.0,0.42,0.42,0.42,3553700000.0,,3553700000.0,10465596175.0,12.0,8.583,239200000.0,1.079,1.0,446900000.0,0.21,2301500000.0,17800000.0,6139600000.0,,723600000.0,460900000.0,0.0,460900000.0,5194200000.0,2357200000.0,2837000000.0,9689796175.0,-455600000.0,-1185700000.0,-221500000.0,748600000.0,-28800000.0,497100000.0,-1331100000.0,0.0,397700000.0,-19300000.0,92800000.0,92800000.0,92800000.0,0.0,10100000.0,0.044,297800000.0,149100000.0,1866400000.0,0.31,2.727,16.788,16.821,2448100000.0,0.0,43.23,1.208,1.209,1665000000.0,4210100000.0,2123100000.0,2123100000.0,0.0,,,,,9700000.0,178400000.0,1.0,224145181.0,221669000,222897000.0,9.578,6524200000.0,0.0,42300000.0,49400000.0,29.432,778000000.0
23,BWA,MRQ,2015-09-30,2015-09-30,2015-09-30,2021-08-04,-576700000.0,7687100000.0,,3301000000.0,4386100000.0,,16.532,-133800000.0,1033300000.0,1033300000.0,1485800000.0,165900000.0,2.144,1.049,1809100000.0,74600000.0,1734500000.0,1809100000.0,0.0,78300000.0,0.0,0.013,0.13,239300000.0,317600000.0,0.169,317600000.0,239300000.0,224300000.0,0.7,0.7,0.7,3717000000.0,,3717000000.0,10108329662.0,10.0,7.752,17100000.0,0.076,1.0,398200000.0,0.211,1183700000.0,15000000.0,5739400000.0,,523100000.0,438500000.0,0.0,438500000.0,3899200000.0,1539800000.0,2359400000.0,9412429662.0,-74600000.0,900000.0,-65400000.0,12700000.0,-29200000.0,-82600000.0,-132900000.0,0.0,150900000.0,-10000000.0,157400000.0,157400000.0,157400000.0,0.0,8500000.0,0.084,161100000.0,237100000.0,1436600000.0,0.186,2.532,15.077,15.014,2185200000.0,0.0,41.59,1.193,1.185,1551500000.0,4113600000.0,1884000000.0,1884000000.0,0.0,,,,,9900000.0,148000000.0,1.0,226314731.0,224837000,225991000.0,8.379,6503400000.0,56000000.0,66900000.0,28600000.0,28.925,1761200000.0
24,BWA,MRQ,2015-06-30,2015-06-30,2015-06-30,2021-08-04,-539500000.0,7766300000.0,,3401400000.0,4364900000.0,,16.36,-145000000.0,1107900000.0,1107900000.0,1602900000.0,157400000.0,2.08,1.089,1803800000.0,72100000.0,1731700000.0,1803800000.0,0.0,80900000.0,0.0,0.009,0.13,245900000.0,326800000.0,0.161,326800000.0,245900000.0,228300000.0,0.66,0.65,0.66,3686700000.0,,3686700000.0,13663820959.0,14.0,10.44,141600000.0,0.628,1.0,429000000.0,0.211,1184900000.0,17600000.0,5641700000.0,,525700000.0,437500000.0,0.0,437500000.0,4014800000.0,1635600000.0,2379200000.0,12860920959.0,72400000.0,1700000.0,-29200000.0,-36000000.0,-29300000.0,-94700000.0,-143300000.0,0.0,286600000.0,23800000.0,148100000.0,148100000.0,148100000.0,0.0,9300000.0,0.073,186500000.0,242500000.0,1528200000.0,0.197,3.488,20.301,20.3,2160500000.0,0.0,56.84,1.6,1.593,1573000000.0,3985400000.0,2031900000.0,2031900000.0,0.0,,,,,9700000.0,167400000.0,1.0,226265323.0,225353000,226615000.0,9.017,6581400000.0,49800000.0,80200000.0,35300000.0,29.205,1765800000.0
25,BWA,MRQ,2015-03-31,2015-03-31,2015-03-31,2021-08-04,-616900000.0,7522600000.0,,3325400000.0,4197200000.0,,15.518,-140000000.0,1035500000.0,1035500000.0,1555200000.0,187700000.0,2.076,1.13,1838400000.0,107800000.0,1730600000.0,1838400000.0,0.0,77100000.0,0.0,0.009,0.13,261000000.0,338100000.0,0.17,338100000.0,261000000.0,251000000.0,0.79,0.79,0.79,3504000000.0,,3504000000.0,14237054058.0,14.0,10.595,-107300000.0,-0.475,1.0,429000000.0,0.216,1168600000.0,10000000.0,5555400000.0,,506300000.0,422500000.0,0.0,422500000.0,3960100000.0,1601500000.0,2358600000.0,13694854058.0,237700000.0,-11800000.0,-33700000.0,497400000.0,-29400000.0,416800000.0,-151800000.0,0.0,32700000.0,-60000000.0,178900000.0,178900000.0,178900000.0,0.0,8800000.0,0.09,169400000.0,259600000.0,1484400000.0,0.165,3.908,20.271,20.295,2049900000.0,0.0,60.48,1.669,1.664,1564700000.0,3866600000.0,1984200000.0,1984200000.0,0.0,,,,,10900000.0,168200000.0,1.0,226436079.0,225796000,227088000.0,8.788,6354000000.0,79900000.0,72100000.0,9300000.0,28.14,1723900000.0
26,BWA,MRQ,2014-12-31,2014-12-31,2014-12-31,2021-08-04,-383600000.0,7228000000.0,,2970800000.0,4257200000.0,,15.972,-165100000.0,797800000.0,797800000.0,1578600000.0,147400000.0,1.37,0.978,1340000000.0,623700000.0,716300000.0,1340000000.0,0.0,104100000.0,0.0,0.009,0.13,217400000.0,321500000.0,0.161,321500000.0,217400000.0,207200000.0,0.62,0.61,0.62,3616200000.0,,3616200000.0,13022880254.0,13.0,9.902,90500000.0,0.4,1.0,413300000.0,0.207,1356800000.0,10200000.0,4245200000.0,,505700000.0,403300000.0,0.0,403300000.0,3537100000.0,2168200000.0,1368900000.0,12494180254.0,15000000.0,1100000.0,-72800000.0,27100000.0,-29300000.0,-52200000.0,-164000000.0,0.0,255600000.0,-24400000.0,139900000.0,139900000.0,139900000.0,0.0,7500000.0,0.07,201100000.0,212200000.0,1530300000.0,0.21,3.455,19.052,19.014,2093900000.0,0.0,54.95,1.504,1.503,1443500000.0,3717100000.0,1991900000.0,1991900000.0,0.0,,,,,8000000.0,169400000.0,1.0,227373617.0,226415000,228030000.0,8.798,5871200000.0,93600000.0,67300000.0,14200000.0,25.931,802600000.0
27,BWA,MRQ,2014-09-30,2014-09-30,2014-09-30,2021-08-04,-199900000.0,7282300000.0,,2951800000.0,4330500000.0,,16.429,-140600000.0,782800000.0,782800000.0,1607600000.0,173000000.0,1.391,0.933,1311500000.0,605700000.0,705800000.0,1311500000.0,0.0,74900000.0,0.0,0.01,0.13,247500000.0,322400000.0,0.159,322400000.0,247500000.0,238500000.0,0.73,0.73,0.73,3730600000.0,,3730600000.0,12490728711.0,13.0,9.726,79400000.0,0.35,1.0,424500000.0,0.209,1210800000.0,9000000.0,4477400000.0,,531800000.0,460800000.0,0.0,460800000.0,3482100000.0,2122800000.0,1359300000.0,12016828711.0,11400000.0,1200000.0,-61600000.0,72900000.0,-30000000.0,-20400000.0,-139400000.0,0.0,220000000.0,-48800000.0,166600000.0,166600000.0,166600000.0,0.0,6400000.0,0.082,186800000.0,237700000.0,1503900000.0,0.178,3.221,18.282,18.204,2067400000.0,0.0,52.61,1.466,1.457,1466100000.0,3606500000.0,2032100000.0,2032100000.0,0.0,,,,,8300000.0,174500000.0,1.0,228413395.0,227077000,228668000.0,8.949,6071500000.0,49700000.0,71900000.0,13200000.0,26.738,829000000.0
28,BWA,MRQ,2014-06-30,2014-06-30,2014-06-30,2021-08-04,-18600000.0,7457000000.0,,3037300000.0,4419700000.0,,16.817,-131100000.0,771400000.0,771400000.0,1724200000.0,199900000.0,1.399,0.931,1245300000.0,541100000.0,704200000.0,1245300000.0,0.0,77300000.0,0.0,0.008,0.125,284500000.0,361800000.0,0.165,361800000.0,284500000.0,275500000.0,0.84,0.83,0.84,3828800000.0,,3828800000.0,15461895625.0,16.0,12.292,148700000.0,0.653,1.0,472800000.0,0.215,1243900000.0,9000000.0,4516300000.0,,528000000.0,469900000.0,0.0,469900000.0,3563300000.0,2170700000.0,1392600000.0,14903895625.0,-36700000.0,500000.0,-21600000.0,-129100000.0,-28400000.0,-185100000.0,-130600000.0,0.0,279800000.0,-800000.0,190200000.0,190200000.0,190200000.0,0.0,9700000.0,0.087,192200000.0,280600000.0,1622000000.0,0.149,3.893,22.668,22.557,2089300000.0,0.0,65.19,1.869,1.862,1571700000.0,3469900000.0,2197000000.0,2197000000.0,0.0,,,,,8000000.0,181200000.0,1.0,228622421.0,227678000,229670000.0,9.65,6213100000.0,53000000.0,85300000.0,7600000.0,27.289,866600000.0
29,BWA,MRQ,2014-03-31,2014-03-31,2014-03-31,2021-08-04,-16800000.0,7357800000.0,,3021300000.0,4336500000.0,,16.196,-126200000.0,808100000.0,808100000.0,1638300000.0,167200000.0,1.581,0.983,1366100000.0,338500000.0,1027600000.0,1366100000.0,0.0,74100000.0,0.0,0.006,0.125,235400000.0,309500000.0,0.149,309500000.0,235400000.0,227200000.0,0.7,0.69,0.7,3683500000.0,,3683500000.0,14294863598.0,16.0,11.766,-79800000.0,-0.351,1.0,445800000.0,0.214,1244800000.0,8200000.0,4760100000.0,,516900000.0,440200000.0,0.0,440200000.0,3620500000.0,1910900000.0,1709600000.0,14011763598.0,-131400000.0,-104900000.0,9400000.0,111200000.0,-28400000.0,56000000.0,-231100000.0,0.0,46400000.0,-2700000.0,159100000.0,159100000.0,159100000.0,0.0,8100000.0,0.076,212600000.0,233200000.0,1562600000.0,0.179,3.804,21.846,21.875,2027800000.0,0.0,61.47,1.827,1.823,1546100000.0,3308100000.0,2084100000.0,2084100000.0,0.0,,,,,7800000.0,173800000.0,1.0,227944747.0,227430000,229327000.0,9.164,6113000000.0,51500000.0,68100000.0,9800000.0,26.879,1110400000.0
30,BWA,MRQ,2013-12-31,2013-12-31,2013-12-31,2021-08-04,-14000000.0,6917000000.0,,2798500000.0,4118500000.0,,15.693,-119900000.0,939500000.0,939500000.0,1478800000.0,149400000.0,1.723,0.922,1222600000.0,201600000.0,1021000000.0,1222600000.0,0.0,97000000.0,0.0,0.004,0.125,193500000.0,290500000.0,0.154,290500000.0,193500000.0,185900000.0,0.62,0.62,0.62,3560600000.0,,3560600000.0,13074586151.0,15.0,11.116,84100000.0,0.371,1.0,406600000.0,0.216,1197000000.0,7600000.0,4379200000.0,,458100000.0,405100000.0,0.0,405100000.0,3284600000.0,1623900000.0,1660700000.0,12722686151.0,19100000.0,10200000.0,-33200000.0,-41300000.0,-28300000.0,-76200000.0,-109700000.0,0.0,204000000.0,1000000.0,141400000.0,141400000.0,141400000.0,0.0,8000000.0,0.075,229700000.0,176900000.0,1383800000.0,0.202,3.573,20.379,20.48,1939400000.0,0.0,55.91,1.711,1.719,1248500000.0,3177400000.0,1885400000.0,1885400000.0,0.0,,,,,7300000.0,167100000.0,1.0,227556540.0,226896000,229540000.0,8.31,5720000000.0,68700000.0,44500000.0,38500000.0,25.21,1174600000.0
31,BWA,MRQ,2013-09-30,2013-09-30,2013-09-30,2021-08-04,-91000000.0,6964300000.0,,2906200000.0,4058100000.0,,14.792,-103100000.0,920400000.0,920400000.0,1426600000.0,172900000.0,1.735,1.048,1272300000.0,253700000.0,1018600000.0,1272300000.0,0.0,64900000.0,0.0,0.002,0.125,231200000.0,296100000.0,0.164,296100000.0,231200000.0,223100000.0,0.73,0.72,0.73,3367300000.0,,3367300000.0,12019899609.0,14.0,10.615,111700000.0,0.491,1.0,379600000.0,0.21,1190300000.0,8100000.0,4451200000.0,,454700000.0,402300000.0,0.0,402300000.0,3529600000.0,1674700000.0,1854900000.0,11606799609.0,103400000.0,7100000.0,-69700000.0,43100000.0,-28500000.0,-57000000.0,-96000000.0,0.0,214800000.0,41600000.0,166800000.0,166800000.0,166800000.0,0.0,6100000.0,0.092,157700000.0,221900000.0,1377700000.0,0.171,3.447,19.213,19.276,1875400000.0,0.0,50.695,1.596,1.587,1347500000.0,3065600000.0,1806200000.0,1806200000.0,0.0,,,,,6900000.0,157700000.0,1.0,228953538.0,227638000,230476000.0,7.935,5774000000.0,85300000.0,56300000.0,43300000.0,25.365,1231500000.0
32,BWA,MRQ,2013-06-30,2013-06-30,2013-06-30,2021-08-04,-187800000.0,6705400000.0,,2736900000.0,3968500000.0,,13.922,-107400000.0,817000000.0,817000000.0,1497300000.0,180100000.0,1.594,1.08,1230100000.0,316800000.0,913300000.0,1230100000.0,0.0,69300000.0,0.0,0.0,0.0,249500000.0,318800000.0,0.168,318800000.0,249500000.0,240700000.0,0.76,0.75,0.76,3195100000.0,,3195100000.0,10460594132.0,13.0,9.78,176300000.0,0.768,1.0,396600000.0,0.209,1172200000.0,8800000.0,4229700000.0,,439200000.0,392200000.0,0.0,392200000.0,3449400000.0,1716600000.0,1732800000.0,9955294132.0,121600000.0,1900000.0,-92000000.0,31900000.0,0.0,-61900000.0,-105500000.0,0.0,283700000.0,5300000.0,174100000.0,174100000.0,174100000.0,0.0,6000000.0,0.092,155600000.0,241000000.0,1359100000.0,0.0,3.116,18.491,18.408,1796300000.0,0.0,43.075,1.391,1.381,1339700000.0,2927300000.0,1893900000.0,1893900000.0,0.0,,,,,7200000.0,155600000.0,1.0,231115360.0,229496000,232202000.0,8.252,5533200000.0,58100000.0,66600000.0,40700000.0,24.11,1020300000.0
33,BWA,MRQ,2013-03-31,2013-03-31,2013-03-31,2021-08-04,-189200000.0,6528900000.0,,2601500000.0,3927400000.0,,13.483,-87400000.0,695400000.0,695400000.0,1476400000.0,148600000.0,1.643,1.084,1200700000.0,229300000.0,971400000.0,1200700000.0,0.0,68200000.0,0.0,0.0,0.0,202600000.0,270800000.0,0.146,270800000.0,202600000.0,192900000.0,0.62,0.61,0.62,3106100000.0,,3106100000.0,9295086463.0,12.0,9.153,-71100000.0,-0.309,1.0,374700000.0,0.202,1170000000.0,9700000.0,4281000000.0,,449500000.0,377500000.0,0.0,377500000.0,3367300000.0,1583200000.0,1784100000.0,8943586463.0,-20300000.0,13800000.0,-38500000.0,134400000.0,0.0,59700000.0,-73600000.0,0.0,16300000.0,-22700000.0,142000000.0,142000000.0,142000000.0,0.0,6600000.0,0.077,176200000.0,198500000.0,1311900000.0,0.0,2.879,18.444,18.241,1765200000.0,0.0,38.67,1.256,1.251,1318400000.0,2753200000.0,1851100000.0,1851100000.0,0.0,,,,,15200000.0,159300000.0,1.0,231279712.0,230372000,233130000.0,8.035,5358900000.0,60700000.0,50900000.0,42000000.0,23.262,1018300000.0
34,BWA,MRQ,2012-12-31,2012-12-31,2012-12-31,2021-08-04,-121300000.0,6400800000.0,,2472800000.0,3928000000.0,,13.316,-124400000.0,715700000.0,715700000.0,1374900000.0,126600000.0,1.543,1.056,1067200000.0,243400000.0,823800000.0,1067200000.0,0.0,70400000.0,0.0,0.0,0.0,176300000.0,246700000.0,0.144,246700000.0,176300000.0,169600000.0,0.52,0.515,0.52,3082600000.0,,3082600000.0,8863500110.0,11.0,8.53,211700000.0,0.914,1.0,344200000.0,0.2,1181400000.0,6700000.0,3967800000.0,,447600000.0,382700000.0,0.0,382700000.0,3254700000.0,1603100000.0,1651600000.0,8382200110.0,94200000.0,1500000.0,-93500000.0,-34700000.0,0.0,-137500000.0,-122900000.0,0.0,336100000.0,18500000.0,121200000.0,121200000.0,121200000.0,0.0,5400000.0,0.071,173500000.0,170700000.0,1287200000.0,0.0,2.719,16.734,16.131,1788000000.0,0.0,35.81,1.167,1.123,1147300000.0,2611200000.0,1719100000.0,1719100000.0,0.0,,,,,15700000.0,156200000.0,1.0,234074284.0,231502000,235590000.0,7.426,5219400000.0,94700000.0,48400000.0,72500000.0,22.546,869700000.0
35,BWA,MRQ,2012-09-30,2012-09-30,2012-09-30,2021-08-04,-120600000.0,6346500000.0,,2493600000.0,3852900000.0,,13.319,-94600000.0,621500000.0,621500000.0,1351500000.0,105900000.0,1.59,1.064,1102800000.0,236500000.0,866300000.0,1102800000.0,0.0,63000000.0,0.0,0.0,0.0,170300000.0,233300000.0,0.138,233300000.0,170300000.0,165300000.0,0.44,0.425,0.44,3044800000.0,,3044800000.0,8580325458.0,11.0,8.133,137900000.0,0.603,1.0,343700000.0,0.203,1172300000.0,5000000.0,4087100000.0,,475300000.0,380700000.0,0.0,380700000.0,3241000000.0,1568400000.0,1672600000.0,7909025458.0,139600000.0,56600000.0,1700000.0,-49400000.0,0.0,-61400000.0,-38000000.0,0.0,232500000.0,6500000.0,101100000.0,101100000.0,101100000.0,0.0,4800000.0,0.06,180700000.0,163000000.0,1276500000.0,0.0,2.598,15.764,15.189,1698700000.0,0.0,34.555,1.093,1.091,1261400000.0,2490000000.0,1695200000.0,1695200000.0,0.0,,,,,9900000.0,151000000.0,1.0,228882230.0,228598000,236998000.0,7.416,5174200000.0,33800000.0,64200000.0,55400000.0,22.634,925200000.0
36,BWA,MRQ,2012-06-30,2012-06-30,2012-06-30,2021-08-04,-182600000.0,6220700000.0,,2420500000.0,3800200000.0,,12.813,-93400000.0,481900000.0,481900000.0,1473200000.0,126200000.0,1.599,1.144,1153200000.0,197000000.0,956200000.0,1153200000.0,0.0,63000000.0,0.0,0.0,0.0,201700000.0,264700000.0,0.143,264700000.0,201700000.0,189100000.0,0.54,0.5,0.54,2873700000.0,,2873700000.0,8530601761.0,10.0,7.825,185900000.0,0.829,1.0,383200000.0,0.206,1161800000.0,12600000.0,4216900000.0,,472700000.0,363700000.0,0.0,363700000.0,3286200000.0,1513300000.0,1772900000.0,7517501761.0,85000000.0,1500000.0,-199100000.0,114600000.0,0.0,-87000000.0,-91900000.0,0.0,279300000.0,-15400000.0,120600000.0,120600000.0,120600000.0,0.0,5600000.0,0.065,189700000.0,193500000.0,1279300000.0,0.0,2.616,13.865,13.197,1672700000.0,0.0,32.795,1.025,1.003,1327700000.0,2388900000.0,1856400000.0,1856400000.0,0.0,,,,,10100000.0,153100000.0,1.0,229227070.0,224278000,242946000.0,8.277,5058900000.0,37500000.0,68500000.0,37000000.0,22.556,907200000.0
37,BWA,MRQ,2012-03-31,2012-03-31,2012-03-31,2021-08-04,-94800000.0,6281300000.0,,2410000000.0,3871300000.0,,12.258,-95000000.0,396900000.0,396900000.0,1516700000.0,163700000.0,1.281,1.34,1410000000.0,561300000.0,848700000.0,1410000000.0,0.0,63800000.0,0.0,0.0,0.0,230600000.0,294400000.0,0.154,294400000.0,230600000.0,215500000.0,0.73,0.64,0.73,2658000000.0,,2658000000.0,10174750841.0,12.0,9.069,-64200000.0,-0.296,1.0,395800000.0,0.207,1200500000.0,15100000.0,4212700000.0,,480800000.0,345600000.0,0.0,345600000.0,3560500000.0,1881200000.0,1679300000.0,9205250841.0,37300000.0,2600000.0,47000000.0,79800000.0,0.0,97300000.0,-92400000.0,0.0,30800000.0,1600000.0,158000000.0,158000000.0,158000000.0,0.0,5700000.0,0.083,170100000.0,225700000.0,1291300000.0,0.0,3.463,15.773,15.677,1696400000.0,0.0,42.17,1.262,1.253,1369400000.0,2268300000.0,1912500000.0,1912500000.0,0.0,,,,,21000000.0,169000000.0,1.0,218289088.0,216840000,255484000.0,8.82,5080800000.0,69600000.0,57500000.0,28600000.0,23.431,528800000.0
38,BWA,MRQ,2011-12-31,2011-12-31,2011-12-31,2021-08-04,-150800000.0,5958600000.0,,2137800000.0,3820800000.0,,10.98,-119600000.0,359600000.0,359600000.0,1414000000.0,127200000.0,1.122,1.468,1329100000.0,577800000.0,751300000.0,1329100000.0,0.0,65200000.0,0.0,0.0,0.0,197400000.0,262600000.0,0.148,262600000.0,197400000.0,180200000.0,0.565,0.495,0.565,2387900000.0,,2387900000.0,8009081356.0,10.0,7.47,115500000.0,0.531,1.0,359700000.0,0.203,1186200000.0,17200000.0,3836500000.0,,454300000.0,345300000.0,0.0,345300000.0,3505600000.0,1905400000.0,1600200000.0,6993581356.0,-17400000.0,23900000.0,-79500000.0,-67900000.0,0.0,-151200000.0,-95700000.0,0.0,235100000.0,-5600000.0,122000000.0,122000000.0,122000000.0,0.0,5200000.0,0.069,176700000.0,183000000.0,1297800000.0,0.0,2.929,12.713,12.647,1664300000.0,0.0,31.87,0.983,0.979,1183000000.0,2110300000.0,1773700000.0,1773700000.0,0.0,,,,,5400000.0,146800000.0,1.0,219440896.0,217486000,255130000.0,8.155,4772400000.0,58500000.0,58200000.0,29800000.0,21.943,232400000.0
39,BWA,MRQ,2011-09-30,2011-09-30,2011-09-30,2021-08-04,-85000000.0,6094300000.0,,2267700000.0,3826600000.0,,11.057,-114200000.0,377000000.0,377000000.0,1441000000.0,146700000.0,1.179,1.508,1392500000.0,525300000.0,867200000.0,1392500000.0,0.0,62000000.0,0.0,0.0,0.0,206500000.0,268500000.0,0.15,268500000.0,206500000.0,188000000.0,0.65,0.575,0.65,2405500000.0,,2405500000.0,7711180044.0,10.0,7.507,109300000.0,0.502,1.0,350800000.0,0.196,1203500000.0,18500000.0,3982200000.0,,482400000.0,354800000.0,0.0,354800000.0,3628600000.0,1924100000.0,1704500000.0,6634680044.0,4600000.0,1400000.0,5500000.0,-60200000.0,0.0,-85000000.0,-112800000.0,0.0,223500000.0,-21100000.0,141600000.0,141600000.0,141600000.0,0.0,5100000.0,0.079,152000000.0,198800000.0,1346500000.0,0.0,2.758,12.291,12.303,1637200000.0,0.0,30.265,0.965,0.958,1237900000.0,1988100000.0,1791800000.0,1791800000.0,0.0,,,,,5200000.0,151400000.0,1.0,219219562.0,217558000,255880000.0,8.236,4890800000.0,80000000.0,46400000.0,52300000.0,22.48,343600000.0
40,BWA,MRQ,2011-06-30,2011-06-30,2011-06-30,2021-08-04,65900000.0,6226000000.0,,2305700000.0,3920300000.0,,11.175,-89700000.0,372400000.0,372400000.0,1461700000.0,167300000.0,1.191,1.533,1448900000.0,529400000.0,919500000.0,1448900000.0,0.0,64100000.0,0.0,0.0,0.0,232300000.0,296400000.0,0.163,296400000.0,232300000.0,211800000.0,0.745,0.655,0.745,2430900000.0,,2430900000.0,10059734399.0,14.0,10.649,201300000.0,0.925,1.0,357100000.0,0.196,1240700000.0,20500000.0,4125200000.0,,495500000.0,336800000.0,0.0,336800000.0,3727500000.0,1936600000.0,1790900000.0,8846934399.0,149500000.0,1500000.0,-76600000.0,6100000.0,0.0,-62100000.0,-88200000.0,0.0,291000000.0,8800000.0,162000000.0,162000000.0,162000000.0,0.0,5300000.0,0.089,128800000.0,228300000.0,1362100000.0,0.0,3.639,17.522,17.678,1681400000.0,0.0,40.395,1.362,1.353,1269900000.0,1846700000.0,1818800000.0,1818800000.0,0.0,,,,,6400000.0,157700000.0,1.0,219010630.0,217522000,256284000.0,8.361,4985300000.0,79300000.0,49800000.0,45100000.0,22.919,369100000.0
41,BWA,MRQ,2011-03-31,2011-03-31,2011-03-31,2021-08-04,31100000.0,6007000000.0,,2153700000.0,3853300000.0,,10.424,-70200000.0,222900000.0,222900000.0,1387600000.0,129400000.0,1.405,1.584,1435700000.0,176200000.0,1259500000.0,1435700000.0,0.0,60900000.0,0.0,0.0,0.0,183800000.0,244700000.0,0.141,244700000.0,183800000.0,165400000.0,0.565,0.5,0.565,2306400000.0,,2306400000.0,9634945607.0,16.0,11.627,-111600000.0,-0.504,1.0,342800000.0,0.198,1231700000.0,18400000.0,4455600000.0,,490700000.0,319500000.0,0.0,319500000.0,3653200000.0,1532500000.0,2120700000.0,8904445607.0,-227000000.0,-197600000.0,-154000000.0,245100000.0,0.0,78600000.0,-267800000.0,0.0,-41400000.0,3600000.0,124500000.0,124500000.0,124500000.0,0.0,4900000.0,0.072,163500000.0,179300000.0,1318100000.0,0.0,3.861,20.917,20.971,1623200000.0,0.0,39.845,1.461,1.446,1278400000.0,1684800000.0,1730400000.0,1730400000.0,0.0,,,,,4800000.0,165100000.0,1.0,223477114.0,221268000,260448000.0,7.82,4775300000.0,72900000.0,40900000.0,38200000.0,21.582,621200000.0
42,BWA,MRQ,2010-12-31,2010-12-31,2010-12-31,2021-08-04,-53700000.0,5555000000.0,,2059900000.0,3495100000.0,,10.072,-88800000.0,449900000.0,449900000.0,1227300000.0,115600000.0,1.479,1.437,1180400000.0,128500000.0,1051900000.0,1180400000.0,0.0,53300000.0,0.0,0.0,0.0,164300000.0,217600000.0,0.142,217600000.0,164300000.0,142300000.0,0.5,0.445,0.5,2258600000.0,,2258600000.0,8990498849.0,17.0,11.949,137400000.0,0.613,1.0,306100000.0,0.2,1113500000.0,22000000.0,3779700000.0,,430600000.0,307900000.0,0.0,307900000.0,3245200000.0,1392300000.0,1852900000.0,8231398849.0,17700000.0,1400000.0,-101700000.0,-15300000.0,0.0,-119700000.0,-87400000.0,0.0,226200000.0,-1400000.0,111700000.0,111700000.0,111700000.0,0.0,3900000.0,0.073,148700000.0,157400000.0,1224100000.0,0.0,3.644,21.811,21.861,1542600000.0,0.0,36.18,1.456,1.461,1023900000.0,1560200000.0,1533400000.0,1533400000.0,0.0,,,,,7200000.0,148300000.0,1.0,227512406.0,224254000,265390000.0,6.838,4441500000.0,75800000.0,30600000.0,39700000.0,19.806,667600000.0
43,BWA,MRQ,2010-09-30,2010-09-30,2010-09-30,2021-08-04,-39600000.0,5577700000.0,,2103700000.0,3474000000.0,,10.003,-80400000.0,432200000.0,432200000.0,1137600000.0,111500000.0,1.48,1.451,1191300000.0,146200000.0,1045100000.0,1191300000.0,0.0,56700000.0,0.0,0.0,0.0,129300000.0,186000000.0,0.132,186000000.0,129300000.0,110900000.0,0.475,0.435,0.475,2255900000.0,,2255900000.0,6778371962.0,15.0,10.102,24000000.0,0.106,1.0,273300000.0,0.194,1120000000.0,18400000.0,3795200000.0,,442000000.0,310300000.0,0.0,310300000.0,3272700000.0,1421600000.0,1851100000.0,5999571962.0,244700000.0,1500000.0,-25800000.0,215000000.0,0.0,188800000.0,-78900000.0,0.0,104400000.0,30400000.0,106700000.0,106700000.0,106700000.0,0.0,4800000.0,0.076,150300000.0,123000000.0,1229900000.0,0.0,2.66,18.843,18.996,1509100000.0,0.0,26.31,1.128,1.116,1064400000.0,1448500000.0,1410900000.0,1410900000.0,0.0,,,,,5000000.0,150200000.0,1.0,228033902.0,225514000,255608000.0,6.256,4457700000.0,78900000.0,4200000.0,45500000.0,19.767,682100000.0
44,BWA,MRQ,2010-06-30,2010-06-30,2010-06-30,2021-08-04,-193500000.0,4969200000.0,,1702300000.0,3266900000.0,,8.738,-52100000.0,187500000.0,187500000.0,1146300000.0,87700000.0,1.231,1.444,966300000.0,185700000.0,780600000.0,966300000.0,0.0,57400000.0,0.0,0.0,0.0,123000000.0,180400000.0,0.127,180400000.0,123000000.0,108800000.0,0.36,0.34,0.36,2016100000.0,,2016100000.0,4928055798.0,14.0,8.563,92100000.0,0.399,1.0,275400000.0,0.194,1080700000.0,14200000.0,3285000000.0,,378800000.0,290000000.0,0.0,290000000.0,2911100000.0,1382300000.0,1528800000.0,4395755798.0,-186600000.0,-162800000.0,-146200000.0,45200000.0,0.0,-103800000.0,-214900000.0,0.0,144200000.0,-12100000.0,82800000.0,82800000.0,82800000.0,0.0,4900000.0,0.058,158100000.0,117300000.0,1161800000.0,0.0,2.18,19.204,18.954,1405900000.0,0.0,18.67,0.891,0.873,977400000.0,1341900000.0,1421700000.0,1421700000.0,0.0,,,,,5700000.0,137800000.0,1.0,235444874.0,230724000,258156000.0,6.162,3888500000.0,66600000.0,26000000.0,34800000.0,16.853,320000000.0
45,BWA,MRQ,2010-03-31,2010-03-31,2010-03-31,2021-08-04,-60600000.0,4966200000.0,,1759000000.0,3207200000.0,,9.47,-55300000.0,374100000.0,374100000.0,1048300000.0,81400000.0,1.484,1.236,906400000.0,132400000.0,774000000.0,906400000.0,0.0,57100000.0,0.0,0.0,0.0,111300000.0,168400000.0,0.131,168400000.0,111300000.0,97100000.0,0.325,0.315,0.325,2204200000.0,,2204200000.0,4948727643.0,29.0,12.192,8800000.0,0.038,1.0,238500000.0,0.185,1041200000.0,14200000.0,3272200000.0,,350300000.0,264900000.0,0.0,264900000.0,2723400000.0,1185100000.0,1538300000.0,4463827643.0,16700000.0,7000000.0,15100000.0,11400000.0,0.0,21500000.0,-48300000.0,0.0,64100000.0,-20600000.0,76200000.0,76200000.0,76200000.0,0.0,5200000.0,0.059,131900000.0,106600000.0,1042600000.0,0.0,2.025,40.507,40.617,1436400000.0,0.0,19.09,1.008,1.003,885200000.0,1262800000.0,1286800000.0,1286800000.0,0.0,,,,,4900000.0,130300000.0,1.0,233830678.0,232750000,259326000.0,5.529,3925000000.0,52000000.0,20900000.0,10100000.0,16.864,573900000.0
46,BWA,MRQ,2009-12-31,2009-12-31,2009-12-31,2021-08-04,14500000.0,4811400000.0,,1551800000.0,3259600000.0,,9.357,-44800000.0,357400000.0,357400000.0,985100000.0,56600000.0,1.483,1.185,842300000.0,69100000.0,773200000.0,842300000.0,0.0,61700000.0,0.0,0.004,0.0,74500000.0,136200000.0,0.114,136200000.0,74500000.0,58400000.0,0.225,0.225,0.225,2185300000.0,,2185300000.0,4466840122.0,68.0,14.875,79900000.0,0.342,1.0,213200000.0,0.178,1061400000.0,16100000.0,3188700000.0,,314300000.0,257400000.0,0.0,257400000.0,2588700000.0,1046200000.0,1542500000.0,3877940122.0,98600000.0,4200000.0,2900000.0,42800000.0,0.0,12600000.0,-40600000.0,0.0,124700000.0,1900000.0,52700000.0,52700000.0,52700000.0,0.0,3900000.0,0.044,145900000.0,67300000.0,977100000.0,0.0,1.775,143.627,144.435,1490300000.0,0.0,16.61,0.979,0.977,732000000.0,1193400000.0,1198300000.0,1198300000.0,0.0,,,,,4100000.0,144400000.0,1.0,233470206.0,233536000,236872000.0,5.131,3750000000.0,60200000.0,5700000.0,0.0,16.057,505600000.0
47,BWA,MRQ,2009-09-30,2009-09-30,2009-09-30,2021-08-04,21500000.0,4791200000.0,,1504900000.0,3286300000.0,,9.155,-38900000.0,258800000.0,258800000.0,876000000.0,20000000.0,1.427,1.226,847700000.0,76800000.0,770900000.0,847700000.0,0.0,58800000.0,0.0,0.008,0.0,31700000.0,90500000.0,0.088,90500000.0,31700000.0,18700000.0,0.075,0.075,0.075,2137200000.0,,2137200000.0,4135041476.0,-31.0,43.073,13600000.0,0.058,1.0,151800000.0,0.148,1068600000.0,13000000.0,3256900000.0,,314600000.0,247200000.0,0.0,247200000.0,2620500000.0,1054600000.0,1565900000.0,3529941476.0,1900000.0,6800000.0,3200000.0,-26900000.0,0.0,-24800000.0,-32100000.0,0.0,52500000.0,6300000.0,17200000.0,17200000.0,17200000.0,0.0,2800000.0,0.017,124300000.0,27500000.0,973200000.0,0.0,1.652,-32.959,-32.891,1525000000.0,0.0,15.13,0.955,0.956,779600000.0,1155900000.0,1027800000.0,1027800000.0,0.0,,,,,5400000.0,125900000.0,1.0,233307434.0,233458000,234990000.0,4.403,3722600000.0,57900000.0,1500000.0,4600000.0,15.945,450300000.0
48,BWA,MRQ,2009-06-30,2009-06-30,2009-06-30,2021-08-04,-31400000.0,4611000000.0,,1394800000.0,3216200000.0,,8.826,-49700000.0,256900000.0,256900000.0,800000000.0,-33900000.0,1.416,1.229,862000000.0,95800000.0,766200000.0,862000000.0,0.0,56800000.0,0.0,0.01,0.0,-46000000.0,10800000.0,0.012,10800000.0,-46000000.0,-55000000.0,-0.155,-0.155,-0.155,2057600000.0,,2057600000.0,4605498587.0,-18.0,-203.783,56100000.0,0.241,1.0,116200000.0,0.127,1057300000.0,9000000.0,3173700000.0,,313500000.0,232800000.0,0.0,232800000.0,2528200000.0,985100000.0,1543100000.0,3979398587.0,166100000.0,1000000.0,2100000.0,133000000.0,0.0,103600000.0,-48700000.0,0.0,105800000.0,5400000.0,-35900000.0,-35900000.0,-35900000.0,0.0,2000000.0,-0.039,165700000.0,-49500000.0,889300000.0,0.0,1.934,-15.624,-15.594,1502100000.0,0.0,17.075,0.999,0.999,681100000.0,1141000000.0,916200000.0,916200000.0,0.0,,,,,7300000.0,115400000.0,1.0,233054090.0,233128000,233128000.0,3.93,3553700000.0,62000000.0,-19100000.0,0.0,15.244,409700000.0
49,BWA,MRQ,2009-03-31,2009-03-31,2009-03-31,2021-08-04,-117500000.0,4353700000.0,,1188400000.0,3165300000.0,,8.45,-38600000.0,90800000.0,90800000.0,739900000.0,-6300000.0,1.07,1.207,716900000.0,250400000.0,466500000.0,716900000.0,0.0,57300000.0,0.0,0.022,0.06,5500000.0,62800000.0,0.077,62800000.0,5500000.0,-13600000.0,-0.03,-0.03,-0.03,1961000000.0,,1961000000.0,3022214541.0,-35.0,18.496,29400000.0,0.127,1.0,79600000.0,0.097,1038100000.0,19100000.0,2830700000.0,,352400000.0,243000000.0,0.0,243000000.0,2366800000.0,1111000000.0,1255800000.0,2345314541.0,-12600000.0,5200000.0,500000.0,-46500000.0,-13800000.0,-46600000.0,-33400000.0,0.0,68000000.0,-600000.0,-7000000.0,-7000000.0,-7000000.0,0.0,700000.0,-0.009,74100000.0,5500000.0,851400000.0,-2.0,1.196,-17.862,-17.965,1510100000.0,0.0,10.15,0.512,0.514,622100000.0,1179600000.0,819500000.0,819500000.0,0.0,,,,,5200000.0,74100000.0,1.0,231065472.0,232058000,232058000.0,3.531,3315600000.0,61700000.0,-6600000.0,9200000.0,14.288,77400000.0
50,BWA,MRQ,2008-12-31,2008-12-31,2008-12-31,2021-08-04,-85900000.0,4644000000.0,,1308200000.0,3335800000.0,,8.682,-104100000.0,103400000.0,103400000.0,857600000.0,-79300000.0,1.047,1.299,780300000.0,320700000.0,459600000.0,780300000.0,0.0,57400000.0,0.0,0.02,0.055,-125500000.0,-68100000.0,-0.073,-68100000.0,-125500000.0,-135800000.0,-0.35,-0.35,-0.35,2006000000.0,,2006000000.0,3099375981.0,85.0,10.464,31600000.0,0.137,1.0,73900000.0,0.079,1052400000.0,10300000.0,3018500000.0,,451200000.0,266500000.0,0.0,266500000.0,2606500000.0,1250000000.0,1356500000.0,2520875981.0,-32400000.0,60300000.0,-6600000.0,34100000.0,-12800000.0,-126100000.0,-43800000.0,0.0,135700000.0,1800000.0,-81400000.0,-81400000.0,-81400000.0,0.0,2100000.0,-0.087,206200000.0,-132300000.0,923000000.0,-0.157,1.257,-70.811,-70.226,1586200000.0,0.0,10.885,0.479,0.48,607100000.0,1200500000.0,931500000.0,931500000.0,0.0,,,,,8600000.0,92500000.0,1.0,231591730.0,231066000,219816000.0,4.031,3591600000.0,67500000.0,-54400000.0,6300000.0,15.544,58200000.0
51,BWA,MRQ,2008-09-30,2008-09-30,2008-09-30,2021-08-04,40600000.0,4886000000.0,,1625000000.0,3261000000.0,,9.599,-103400000.0,135800000.0,135800000.0,1114600000.0,-128000000.0,1.188,1.194,714300000.0,283000000.0,431300000.0,714300000.0,0.0,66800000.0,0.0,0.013,0.055,-94900000.0,-28100000.0,-0.021,-28100000.0,-94900000.0,-106100000.0,-0.56,-0.56,-0.56,2227000000.0,,2227000000.0,4209865817.0,15.0,7.551,-105400000.0,-0.454,1.0,202300000.0,0.154,1067700000.0,11200000.0,3029200000.0,,499700000.0,248600000.0,0.0,248600000.0,2659000000.0,1367600000.0,1291400000.0,3808865817.0,-90100000.0,-51100000.0,-11600000.0,87800000.0,-12500000.0,62800000.0,-154500000.0,0.0,-2000000.0,3600000.0,-130400000.0,-130400000.0,-130400000.0,0.0,2400000.0,-0.099,306200000.0,-103900000.0,980400000.0,-0.098,1.71,32.554,32.446,1611400000.0,0.0,16.385,0.668,0.666,849100000.0,1294600000.0,1316900000.0,1316900000.0,0.0,,,,,5500000.0,134800000.0,1.0,232460532.0,231998000,231998000.0,5.676,3818300000.0,51900000.0,24300000.0,27500000.0,16.458,257400000.0
52,BWA,MRQ,2008-06-30,2008-06-30,2008-06-30,2021-08-04,216900000.0,5441400000.0,,1812100000.0,3629300000.0,,10.989,-86800000.0,225900000.0,225900000.0,1237800000.0,92300000.0,1.344,1.13,626900000.0,195800000.0,431100000.0,626900000.0,0.0,68700000.0,0.0,0.009,0.055,128100000.0,196800000.0,0.13,196800000.0,128100000.0,117300000.0,0.375,0.37,0.375,2554900000.0,,2554900000.0,5678918953.0,12.0,7.596,105800000.0,0.455,1.0,278800000.0,0.184,1270700000.0,10800000.0,3223300000.0,,498300000.0,253700000.0,0.0,253700000.0,2886500000.0,1348400000.0,1538100000.0,5152718953.0,22500000.0,1700000.0,-9800000.0,-88300000.0,-13000000.0,-114900000.0,-74200000.0,10900000.0,192600000.0,19000000.0,87500000.0,87500000.0,87500000.0,0.0,4800000.0,0.058,160100000.0,118700000.0,1120200000.0,0.147,2.017,15.586,15.572,1701800000.0,0.0,22.19,0.904,0.905,951100000.0,1439800000.0,1516600000.0,1516600000.0,0.0,,,,,1600000.0,159900000.0,1.0,232209056.0,232500000,236764000.0,6.523,4170700000.0,47500000.0,29800000.0,32400000.0,17.938,463700000.0
53,BWA,MRQ,2008-03-31,2008-03-31,2008-03-31,2021-08-04,213200000.0,5287200000.0,,1767100000.0,3520100000.0,,10.664,-75400000.0,203400000.0,203400000.0,1215400000.0,95700000.0,1.322,1.132,729600000.0,282900000.0,446700000.0,729600000.0,0.0,66800000.0,0.0,0.009,0.055,128800000.0,195600000.0,0.13,195600000.0,128800000.0,122300000.0,0.38,0.375,0.38,2479400000.0,,2479400000.0,5456357703.0,12.0,7.537,-900000.0,-0.004,1.0,283500000.0,0.189,1199800000.0,6500000.0,3277200000.0,,471800000.0,283800000.0,11800000.0,272000000.0,2807800000.0,1336400000.0,1471400000.0,5008557703.0,14900000.0,300000.0,-10800000.0,73900000.0,-12800000.0,42100000.0,-71400000.0,3700000.0,74500000.0,-30300000.0,88700000.0,88700000.0,88700000.0,0.0,7000000.0,0.059,158700000.0,124800000.0,1035600000.0,0.145,2.02,15.711,15.647,1672200000.0,0.0,21.515,0.902,0.901,955100000.0,1369500000.0,1498900000.0,1498900000.0,0.0,,,,,5500000.0,155700000.0,1.0,232793758.0,232494000,236932000.0,6.447,4087400000.0,46800000.0,33600000.0,17900000.0,17.581,430700000.0
54,BWA,MRQ,2007-12-31,2007-12-31,2007-12-31,2021-08-04,127100000.0,4958500000.0,,1580300000.0,3378200000.0,,9.998,-99300000.0,188500000.0,188500000.0,1115200000.0,99200000.0,1.458,1.136,636300000.0,63700000.0,572600000.0,636300000.0,0.0,65800000.0,0.0,0.007,0.043,127400000.0,193200000.0,0.141,193200000.0,127400000.0,119300000.0,0.31,0.3,0.31,2321100000.0,,2321100000.0,6078133826.0,14.0,8.936,138100000.0,0.595,1.0,257700000.0,0.188,1168200000.0,8100000.0,3154200000.0,,447600000.0,269700000.0,14600000.0,255100000.0,2637400000.0,1083900000.0,1553500000.0,5614033826.0,51100000.0,10100000.0,2600000.0,19100000.0,-9800000.0,-128400000.0,-65300000.0,23900000.0,237400000.0,7400000.0,71200000.0,71200000.0,71200000.0,0.0,28000000.0,0.052,135800000.0,121900000.0,993000000.0,0.139,2.419,19.459,19.442,1609100000.0,0.0,24.205,1.054,1.054,802400000.0,1295900000.0,1372900000.0,1372900000.0,0.0,,,,,3600000.0,135900000.0,1.0,231936948.0,232160000,236508000.0,5.914,3790300000.0,42800000.0,48100000.0,27200000.0,16.326,496400000.0
55,BWA,MRQ,2007-09-30,2007-09-30,2007-09-30,2021-08-04,69100000.0,4854200000.0,,1635600000.0,3218600000.0,,9.461,-72100000.0,137400000.0,137400000.0,1084900000.0,83200000.0,1.582,1.212,601500000.0,37100000.0,564400000.0,601500000.0,0.0,59500000.0,0.0,0.007,0.043,102500000.0,162000000.0,0.123,162000000.0,102500000.0,94100000.0,0.36,0.35,0.36,2194800000.0,,2194800000.0,5829624191.0,18.0,10.282,70600000.0,0.304,1.0,228700000.0,0.174,1113100000.0,8400000.0,3171000000.0,,450900000.0,282100000.0,38900000.0,243200000.0,2659400000.0,1034200000.0,1625200000.0,5302724191.0,18900000.0,4900000.0,-4500000.0,-55600000.0,-9900000.0,-70500000.0,-45800000.0,21400000.0,142700000.0,-7500000.0,83200000.0,83200000.0,83200000.0,0.0,0.0,0.063,134100000.0,94600000.0,963200000.0,0.119,2.416,20.537,20.615,1524900000.0,0.0,22.883,1.028,1.029,870100000.0,1235200000.0,1313600000.0,1313600000.0,0.0,,,,,3600000.0,134100000.0,1.0,231737100.0,231996000,236108000.0,5.662,3741100000.0,40300000.0,10900000.0,33900000.0,16.126,601400000.0
56,BWA,MRQ,2007-06-30,2007-06-30,2007-06-30,2021-08-04,-27200000.0,4775600000.0,,1582100000.0,3193500000.0,,8.72,-64200000.0,118500000.0,118500000.0,1116700000.0,75700000.0,1.509,1.358,645400000.0,87800000.0,557600000.0,645400000.0,0.0,57600000.0,0.0,0.008,0.043,115500000.0,173100000.0,0.127,173100000.0,115500000.0,106200000.0,0.325,0.32,0.325,2024900000.0,,2024900000.0,5569603222.0,20.0,10.635,76600000.0,0.33,1.0,247600000.0,0.181,1095400000.0,9300000.0,3158800000.0,,424600000.0,277200000.0,58400000.0,218800000.0,2750700000.0,1048300000.0,1702400000.0,4992703222.0,400000.0,200000.0,-11900000.0,-38000000.0,-9900000.0,-64400000.0,-63800000.0,200000.0,140800000.0,-12200000.0,75700000.0,75700000.0,75700000.0,0.0,0.0,0.055,135200000.0,112400000.0,925600000.0,0.132,2.466,23.309,23.38,1476700000.0,0.0,21.51,1.018,1.019,848300000.0,1161900000.0,1364300000.0,1364300000.0,0.0,,,,,4900000.0,135200000.0,1.0,232110796.0,232200000,235632000.0,5.876,3680200000.0,36700000.0,30500000.0,34900000.0,15.849,533800000.0
57,BWA,MRQ,2007-03-31,2007-03-31,2007-03-31,2021-08-04,-40300000.0,4705300000.0,,1534500000.0,3170800000.0,,8.426,-58300000.0,118100000.0,118100000.0,1061900000.0,58400000.0,1.458,1.411,695000000.0,113400000.0,581600000.0,695000000.0,0.0,60200000.0,0.0,0.009,0.043,91700000.0,151900000.0,0.119,151900000.0,91700000.0,82800000.0,0.25,0.25,0.25,1951900000.0,,1951900000.0,4970114157.0,18.0,9.558,24300000.0,0.105,1.0,215900000.0,0.169,1090500000.0,8900000.0,3139300000.0,,425000000.0,273800000.0,58000000.0,215800000.0,2753400000.0,1052400000.0,1701000000.0,4372314157.0,-5200000.0,2100000.0,13100000.0,-27200000.0,-9800000.0,-34800000.0,-54300000.0,1900000.0,82600000.0,1300000.0,58400000.0,58400000.0,58400000.0,0.0,0.0,0.046,126000000.0,89900000.0,899500000.0,0.172,2.24,20.95,20.95,1460600000.0,0.0,18.855,0.929,0.928,795400000.0,1096100000.0,1277800000.0,1277800000.0,0.0,,,,,4200000.0,126700000.0,1.0,231891496.0,231664000,234476000.0,5.516,3614800000.0,36900000.0,24400000.0,39500000.0,15.604,482100000.0
58,BWA,MRQ,2006-12-31,2006-12-31,2006-12-31,2021-08-04,-60300000.0,4584000000.0,,1437500000.0,3146500000.0,,8.134,-76400000.0,123300000.0,123300000.0,989500000.0,40900000.0,1.389,1.444,721100000.0,151700000.0,569400000.0,721100000.0,0.0,65500000.0,0.0,0.011,0.04,14500000.0,80000000.0,0.067,80000000.0,14500000.0,3100000.0,0.175,0.177,0.175,1875400000.0,,1875400000.0,4092663561.0,14.0,7.821,95000000.0,0.412,1.0,212200000.0,0.177,1086500000.0,11400000.0,3060500000.0,,386900000.0,257100000.0,59100000.0,198000000.0,2708600000.0,1034800000.0,1673800000.0,3396663561.0,56300000.0,-1500000.0,15900000.0,-51100000.0,-9200000.0,-43300000.0,-63100000.0,14800000.0,171400000.0,-8700000.0,40900000.0,40900000.0,40900000.0,0.0,0.0,0.034,200700000.0,11500000.0,843400000.0,0.229,1.811,16.052,16.038,1460700000.0,0.0,14.755,0.741,0.739,744000000.0,1064100000.0,1201700000.0,1201700000.0,0.0,,,,,3600000.0,127500000.0,1.0,230204240.0,230572000,232556000.0,5.212,3497500000.0,33700000.0,-37800000.0,39700000.0,15.169,402700000.0
59,BWA,MRQ,2006-09-30,2006-09-30,2006-09-30,2021-08-04,-7200000.0,4377100000.0,,1344800000.0,3032300000.0,,8.168,-46400000.0,67000000.0,67000000.0,876500000.0,39200000.0,1.25,1.332,763000000.0,250500000.0,512500000.0,763000000.0,0.0,56100000.0,0.0,0.011,0.04,62600000.0,118700000.0,0.112,118700000.0,62600000.0,53100000.0,0.17,0.17,0.17,1877300000.0,,1877300000.0,3898978240.0,11.0,6.546,-8900000.0,-0.039,1.0,183300000.0,0.173,1102500000.0,9500000.0,2894700000.0,,379900000.0,280600000.0,71300000.0,209300000.0,2499800000.0,1075900000.0,1423900000.0,3280378240.0,-200000.0,-61200000.0,3900000.0,71900000.0,-9200000.0,66600000.0,-117700000.0,-10100000.0,37500000.0,13400000.0,39200000.0,39200000.0,39200000.0,0.0,0.0,0.037,128300000.0,55000000.0,794400000.0,0.235,1.747,13.935,13.944,1445800000.0,0.0,14.293,0.74,0.741,695600000.0,1032400000.0,1059800000.0,1059800000.0,0.0,,,,,3200000.0,116800000.0,1.0,229517456.0,229836000,231960000.0,4.611,3274600000.0,0.0,13900000.0,31000000.0,14.248,268900000.0
60,BWA,MRQ,2006-06-30,2006-06-30,2006-06-30,2021-08-04,-2700000.0,4297300000.0,,1291100000.0,3006200000.0,,8.042,-75200000.0,67200000.0,67200000.0,937600000.0,70200000.0,1.193,1.33,685800000.0,234300000.0,451500000.0,685800000.0,0.0,59600000.0,0.0,0.009,0.04,109800000.0,169400000.0,0.145,169400000.0,109800000.0,99900000.0,0.305,0.302,0.305,1844200000.0,,1844200000.0,4442582199.0,11.0,7.1,109900000.0,0.479,1.0,231100000.0,0.198,1052900000.0,9900000.0,2780400000.0,,357300000.0,270800000.0,61400000.0,209400000.0,2453100000.0,1082600000.0,1370500000.0,3726382199.0,10400000.0,1500000.0,4900000.0,-90500000.0,-9200000.0,-101900000.0,-67000000.0,6700000.0,185100000.0,-5800000.0,70200000.0,70200000.0,70200000.0,0.0,0.0,0.06,124300000.0,106800000.0,816400000.0,0.131,2.021,14.466,14.467,1459500000.0,0.0,16.275,0.843,0.844,716700000.0,1002400000.0,1168700000.0,1168700000.0,0.0,,,,,3000000.0,124300000.0,1.0,228963576.0,229312000,231992000.0,5.097,3244400000.0,35500000.0,29700000.0,31900000.0,14.148,208500000.0
61,BWA,MRQ,2006-03-31,2006-03-31,2006-03-31,2021-08-04,-43800000.0,4206200000.0,,1252800000.0,2953400000.0,,7.581,-70300000.0,56800000.0,56800000.0,931900000.0,61300000.0,1.163,1.349,773000000.0,262100000.0,510900000.0,773000000.0,0.0,57900000.0,0.0,0.01,0.04,97300000.0,155200000.0,0.134,155200000.0,97300000.0,87900000.0,0.268,0.265,0.268,1734000000.0,,1734000000.0,4084818000.0,12.0,7.086,-22200000.0,-0.097,1.0,223300000.0,0.193,1036800000.0,9400000.0,2808500000.0,,341300000.0,281700000.0,65800000.0,215900000.0,2339300000.0,1077100000.0,1262200000.0,3434018000.0,-32900000.0,1100000.0,2400000.0,34500000.0,-9100000.0,18700000.0,-93300000.0,-24100000.0,48100000.0,-6400000.0,61300000.0,61300000.0,61300000.0,0.0,0.0,0.053,129500000.0,93800000.0,777000000.0,0.149,1.98,15.378,15.316,1415500000.0,0.0,15.01,0.787,0.786,703600000.0,941400000.0,1155200000.0,1155200000.0,0.0,,,,,2900000.0,129500000.0,1.0,228782012.0,228724000,231032000.0,5.051,3169400000.0,36500000.0,26600000.0,38000000.0,13.857,175700000.0
62,BWA,MRQ,2005-12-31,2005-12-31,2005-12-31,2021-08-04,-73100000.0,4089400000.0,,1168700000.0,2920700000.0,,7.205,-112800000.0,89700000.0,89700000.0,848500000.0,64700000.0,1.042,1.487,740500000.0,299900000.0,440600000.0,740500000.0,0.0,56300000.0,0.0,0.009,0.035,96000000.0,152300000.0,0.145,152300000.0,96000000.0,87700000.0,0.282,0.282,0.282,1644200000.0,,1644200000.0,4117566462.0,12.0,7.411,22900000.0,0.1,1.0,199500000.0,0.19,1029800000.0,8300000.0,2588300000.0,,332000000.0,238300000.0,40600000.0,197700000.0,2445200000.0,1122100000.0,1323100000.0,3456466462.0,-3500000.0,11500000.0,2300000.0,-94400000.0,100000.0,-100200000.0,-95600000.0,5700000.0,135700000.0,56600000.0,64700000.0,64700000.0,64700000.0,0.0,0.0,0.062,109200000.0,90300000.0,786400000.0,0.124,2.102,14.426,14.367,1401100000.0,0.0,15.158,0.805,0.801,626100000.0,889200000.0,1048000000.0,1048000000.0,0.0,,,,,0.0,110100000.0,1.0,228036712.0,228188000,230924000.0,4.593,3059600000.0,28000000.0,23000000.0,35800000.0,13.408,46600000.0
63,BWA,MRQ,2005-09-30,2005-09-30,2005-09-30,2021-08-04,-32000000.0,4159800000.0,,1238300000.0,2921500000.0,,7.153,-66300000.0,139500000.0,139500000.0,842700000.0,61400000.0,1.299,1.479,800600000.0,174000000.0,626600000.0,800600000.0,0.0,58200000.0,0.0,0.01,0.035,90600000.0,148800000.0,0.142,148800000.0,90600000.0,81000000.0,0.27,0.268,0.27,1625500000.0,,1625500000.0,3874573647.0,12.0,7.199,8400000.0,0.037,1.0,208200000.0,0.198,1016600000.0,9600000.0,2850700000.0,,347800000.0,204600000.0,0.0,204600000.0,2404900000.0,953600000.0,1451300000.0,3192173647.0,500000.0,2000000.0,12000000.0,-17300000.0,-13100000.0,-18400000.0,-57000000.0,7300000.0,74700000.0,1200000.0,61400000.0,61400000.0,61400000.0,0.0,0.0,0.058,117700000.0,90500000.0,740600000.0,0.13,1.964,13.158,13.094,1357600000.0,0.0,14.115,0.772,0.776,660800000.0,832700000.0,1050900000.0,1050900000.0,0.0,,,,,0.0,120000000.0,1.0,226154704.0,227244000,229932000.0,4.625,3143200000.0,0.0,19600000.0,39000000.0,13.832,284700000.0
64,BWA,MRQ,2005-06-30,2005-06-30,2005-06-30,2021-08-04,-18200000.0,4136900000.0,,1221800000.0,2915100000.0,,6.921,-60600000.0,146600000.0,146600000.0,879000000.0,35900000.0,1.25,1.561,829000000.0,185400000.0,643600000.0,829000000.0,0.0,61600000.0,0.0,0.01,0.035,58600000.0,120200000.0,0.108,120200000.0,58600000.0,48700000.0,0.16,0.158,0.16,1564400000.0,,1564400000.0,3783965703.0,12.0,7.494,80500000.0,0.356,1.0,232400000.0,0.209,1018000000.0,9900000.0,2824100000.0,,351200000.0,200600000.0,0.0,200600000.0,2442000000.0,977200000.0,1464800000.0,3031765703.0,-24100000.0,3100000.0,1400000.0,-84300000.0,-8300000.0,-91200000.0,-68800000.0,-11300000.0,141100000.0,-5200000.0,35900000.0,35900000.0,35900000.0,0.0,0.0,0.032,173700000.0,58700000.0,742100000.0,0.219,1.938,13.415,13.311,1352700000.0,0.0,13.418,0.773,0.773,640600000.0,779200000.0,1111400000.0,1111400000.0,0.0,,,,,0.0,131600000.0,1.0,225956080.0,226024000,228668000.0,4.917,3118900000.0,0.0,12800000.0,49700000.0,13.799,244600000.0
65,BWA,MRQ,2005-03-31,2005-03-31,2005-03-31,2021-08-04,24000000.0,4206400000.0,,1227500000.0,2978900000.0,,6.988,-52800000.0,163200000.0,163200000.0,869800000.0,77600000.0,1.267,1.589,915400000.0,230700000.0,684700000.0,915400000.0,0.0,47700000.0,0.0,0.011,0.035,86600000.0,134300000.0,0.124,134300000.0,86600000.0,77300000.0,0.345,0.34,0.345,1577200000.0,,1577200000.0,3103955537.0,9.0,6.022,-7800000.0,-0.035,1.0,213700000.0,0.197,1037300000.0,9300000.0,2952600000.0,,331000000.0,200200000.0,0.0,200200000.0,2506200000.0,968700000.0,1537500000.0,2749155537.0,-112900000.0,-430100000.0,1900000.0,340700000.0,-10500000.0,332100000.0,-478700000.0,4200000.0,45000000.0,-11300000.0,77600000.0,77600000.0,77600000.0,0.0,0.0,0.072,134200000.0,79500000.0,677100000.0,0.101,1.743,11.23,11.145,1395000000.0,0.0,12.17,0.742,0.741,654700000.0,751100000.0,1083500000.0,1083500000.0,0.0,,,,,0.0,134200000.0,1.0,225896100.0,225704000,228612000.0,4.801,3169100000.0,0.0,-300000.0,60900000.0,14.041,258800000.0
66,BWA,MRQ,2004-12-31,2004-12-31,2004-12-31,2021-08-04,55200000.0,3529100000.0,,1074300000.0,2454800000.0,,6.817,-85200000.0,229700000.0,229700000.0,725500000.0,67700000.0,1.618,1.3,584500000.0,16500000.0,568000000.0,584500000.0,0.0,46700000.0,0.0,0.009,0.031,88200000.0,134900000.0,0.152,134900000.0,88200000.0,81200000.0,0.302,0.297,0.302,1534200000.0,,1534200000.0,3444061565.0,10.0,6.804,20700000.0,0.092,1.0,163700000.0,0.184,860800000.0,7000000.0,2359300000.0,,223400000.0,237900000.0,44200000.0,193700000.0,1994900000.0,663800000.0,1331100000.0,3042761565.0,40700000.0,1300000.0,4600000.0,5100000.0,-7000000.0,2700000.0,-83900000.0,0.0,105900000.0,16000000.0,67700000.0,67700000.0,67700000.0,0.0,0.0,0.076,81700000.0,82000000.0,608000000.0,0.103,1.983,13.938,13.847,1179300000.0,0.0,13.543,0.863,0.859,499100000.0,681400000.0,889200000.0,889200000.0,0.0,,,,,0.0,79100000.0,1.0,224682412.0,225048000,228344000.0,3.951,2668300000.0,22600000.0,13500000.0,39300000.0,11.857,410500000.0
67,BWA,MRQ,2004-09-30,2004-09-30,2004-09-30,2021-08-04,33100000.0,3286700000.0,,1019400000.0,2267300000.0,,6.465,-52900000.0,189000000.0,189000000.0,694700000.0,44800000.0,1.811,1.269,590300000.0,7300000.0,583000000.0,590300000.0,0.0,43100000.0,0.0,0.011,0.031,72400000.0,115500000.0,0.138,115500000.0,72400000.0,64900000.0,0.2,0.198,0.2,1448800000.0,,1448800000.0,2855074121.0,9.0,5.77,46300000.0,0.207,1.0,145100000.0,0.173,851900000.0,7500000.0,2273200000.0,,221400000.0,223700000.0,40300000.0,183400000.0,1837900000.0,562900000.0,1275000000.0,2416174121.0,45000000.0,400000.0,6600000.0,-2200000.0,-7000000.0,-2600000.0,-52500000.0,0.0,99200000.0,900000.0,44800000.0,44800000.0,44800000.0,0.0,0.0,0.053,76900000.0,68200000.0,542400000.0,0.155,1.668,12.045,11.985,1108700000.0,0.0,10.822,0.703,0.706,497100000.0,620700000.0,839800000.0,839800000.0,0.0,,,,,0.0,77400000.0,1.0,223254712.0,224100000,226600000.0,3.747,2434800000.0,32900000.0,20100000.0,13200000.0,10.865,456500000.0
68,BWA,MRQ,2004-06-30,2004-06-30,2004-06-30,2021-08-04,13500000.0,3194800000.0,,962900000.0,2231900000.0,,6.194,-60100000.0,144000000.0,144000000.0,723400000.0,54700000.0,1.672,1.312,582900000.0,9000000.0,573900000.0,582900000.0,0.0,43700000.0,0.0,0.01,0.031,87000000.0,130700000.0,0.146,130700000.0,87000000.0,79300000.0,0.245,0.242,0.245,1381600000.0,,1381600000.0,2971808696.0,10.0,6.221,94700000.0,0.425,1.0,169800000.0,0.19,850600000.0,7700000.0,2207300000.0,,215600000.0,116500000.0,39600000.0,76900000.0,1813200000.0,575800000.0,1237400000.0,2438308696.0,65300000.0,1300000.0,1000000.0,-24000000.0,-7000000.0,-30000000.0,-58800000.0,0.0,154800000.0,-700000.0,54700000.0,54700000.0,54700000.0,0.0,0.0,0.061,88400000.0,81400000.0,549500000.0,0.127,1.765,12.719,12.607,1091900000.0,0.0,10.943,0.734,0.735,491200000.0,,893200000.0,893200000.0,0.0,,,,,0.0,87800000.0,1.0,222829216.0,223064000,225532000.0,4.004,2344200000.0,32900000.0,24600000.0,17300000.0,10.509,387100000.0
69,BWA,MRQ,2004-03-31,2004-03-31,2004-03-31,2021-08-04,25300000.0,3169800000.0,,928600000.0,2241200000.0,,6.039,-54200000.0,78700000.0,78700000.0,730500000.0,51100000.0,1.56,1.367,612200000.0,9100000.0,603100000.0,612200000.0,0.0,43500000.0,0.0,0.009,0.031,81500000.0,125000000.0,0.138,125000000.0,81500000.0,74000000.0,0.23,0.228,0.23,1339400000.0,,1339400000.0,2892569575.0,10.0,6.314,12500000.0,0.056,1.0,172600000.0,0.191,851700000.0,7500000.0,2256500000.0,,215700000.0,224100000.0,39800000.0,184300000.0,1830400000.0,595100000.0,1235300000.0,2361669575.0,-34400000.0,-7800000.0,2200000.0,-34800000.0,-6900000.0,-39500000.0,-62000000.0,0.0,66700000.0,400000.0,51100000.0,51100000.0,51100000.0,0.0,0.0,0.057,94700000.0,77900000.0,551300000.0,0.135,1.763,12.99,12.776,1088300000.0,0.0,10.604,0.739,0.736,515600000.0,535500000.0,903100000.0,903100000.0,0.0,,,,,0.0,94700000.0,1.0,222720224.0,221776000,224176000.0,4.072,2318100000.0,32900000.0,22900000.0,34700000.0,10.452,333500000.0
70,BWA,MRQ,2003-12-31,2003-12-31,2003-12-31,2021-08-04,14000000.0,3140500000.0,,838300000.0,2302200000.0,,5.823,-81500000.0,113100000.0,113100000.0,639600000.0,50000000.0,1.732,1.492,655500000.0,10000000.0,645500000.0,655500000.0,0.0,45200000.0,0.0,0.008,0.022,78400000.0,123600000.0,0.155,123600000.0,78400000.0,70900000.0,0.228,0.224,0.228,1260400000.0,,1260400000.0,2874177034.0,10.0,6.492,5000000.0,0.023,1.0,159200000.0,0.199,852000000.0,7500000.0,2346900000.0,,201300000.0,209300000.0,32000000.0,177300000.0,1880100000.0,484000000.0,1396100000.0,2333177034.0,6300000.0,6200000.0,11200000.0,-11300000.0,-4900000.0,-5000000.0,-75300000.0,0.0,86500000.0,100000.0,50000000.0,50000000.0,50000000.0,0.0,0.0,0.063,83500000.0,75700000.0,474000000.0,0.096,1.851,13.34,13.177,1075800000.0,0.0,10.634,0.76,0.75,414900000.0,491300000.0,798800000.0,798800000.0,0.0,,,,,0.0,83600000.0,1.0,219412440.0,216464000,218416000.0,3.69,2288500000.0,32800000.0,20900000.0,0.0,10.572,354300000.0
71,BWA,MRQ,2003-09-30,2003-09-30,2003-09-30,2021-08-04,-7700000.0,2939500000.0,,753200000.0,2186300000.0,,5.411,-47400000.0,106800000.0,106800000.0,595900000.0,35900000.0,1.547,1.492,647800000.0,12800000.0,635000000.0,647800000.0,0.0,40200000.0,0.0,0.01,0.022,58200000.0,98400000.0,0.136,98400000.0,58200000.0,50100000.0,0.165,0.163,0.165,1179400000.0,,1179400000.0,2398713560.0,9.0,5.639,17700000.0,0.081,1.0,129300000.0,0.178,844000000.0,8100000.0,2149600000.0,,198400000.0,190400000.0,29700000.0,160700000.0,1760100000.0,486900000.0,1273200000.0,1833113560.0,33400000.0,-8500000.0,27300000.0,300000.0,-4900000.0,22700000.0,-55900000.0,0.0,65100000.0,1500000.0,35900000.0,35900000.0,35900000.0,0.0,0.0,0.05,72700000.0,56600000.0,448800000.0,0.133,1.554,11.063,10.887,1014800000.0,0.0,8.481,0.617,0.622,381000000.0,446200000.0,725200000.0,725200000.0,0.0,,,,,0.0,72700000.0,1.0,216137192.0,217976000,220256000.0,3.327,2095500000.0,57200000.0,14200000.0,25300000.0,9.613,266300000.0
72,BWA,MRQ,2003-06-30,2003-06-30,2003-06-30,2021-08-04,-6900000.0,2856300000.0,,696800000.0,2159500000.0,,5.211,-50800000.0,73400000.0,73400000.0,622800000.0,44800000.0,1.449,1.553,639000000.0,11400000.0,627600000.0,639000000.0,0.0,38400000.0,0.0,0.01,0.022,72700000.0,111100000.0,0.144,111100000.0,72700000.0,64000000.0,0.207,0.207,0.207,1118700000.0,,1118700000.0,2343693760.0,9.0,5.598,75300000.0,0.351,1.0,146700000.0,0.191,842900000.0,8700000.0,2098100000.0,,192600000.0,174900000.0,15600000.0,159300000.0,1737600000.0,480900000.0,1256700000.0,1720793760.0,47500000.0,-11900000.0,-1700000.0,-10600000.0,-4800000.0,-17100000.0,-62700000.0,0.0,126100000.0,1200000.0,44800000.0,44800000.0,44800000.0,0.0,0.0,0.058,77000000.0,69700000.0,452800000.0,0.106,1.538,10.642,10.564,1005000000.0,0.0,8.05,0.587,0.59,367000000.0,415200000.0,769500000.0,769500000.0,0.0,,,,,0.0,77000000.0,1.0,213763200.0,214680000,214680000.0,3.584,2013400000.0,54300000.0,19200000.0,16700000.0,9.379,215900000.0
73,BWA,MRQ,2003-03-31,2003-03-31,2003-03-31,2021-08-04,-56900000.0,2748300000.0,,628700000.0,2119600000.0,,4.81,-34700000.0,25900000.0,25900000.0,624200000.0,44200000.0,1.334,1.68,648800000.0,15200000.0,633600000.0,648800000.0,0.0,37500000.0,0.0,0.013,0.022,72100000.0,109600000.0,0.141,109600000.0,72100000.0,63100000.0,0.207,0.206,0.207,1025400000.0,,1025400000.0,1887765894.0,7.0,4.487,-5500000.0,-0.026,1.0,151500000.0,0.195,828500000.0,9000000.0,2071300000.0,,189200000.0,172300000.0,14700000.0,157600000.0,1722900000.0,471400000.0,1251500000.0,1277665894.0,-10700000.0,400000.0,0.0,300000.0,-4800000.0,-4500000.0,-34300000.0,0.0,29200000.0,-1100000.0,44200000.0,44200000.0,44200000.0,0.0,0.0,0.057,83600000.0,67900000.0,448200000.0,0.106,1.246,7.858,7.756,977800000.0,0.0,5.98,0.445,0.444,358800000.0,375200000.0,775700000.0,775700000.0,0.0,,,,,0.0,83600000.0,1.0,213656504.0,213176000,214376000.0,3.639,1919800000.0,58600000.0,18900000.0,8000000.0,9.006,157300000.0
74,BWA,MRQ,2002-12-31,2002-12-31,2002-12-31,2021-08-04,-54500000.0,2682900000.0,,580600000.0,2102300000.0,,4.608,-67400000.0,36600000.0,36600000.0,554800000.0,40800000.0,1.287,1.734,646700000.0,14400000.0,632300000.0,646700000.0,0.0,35400000.0,0.0,0.012,0.019,70900000.0,106300000.0,0.152,106300000.0,70900000.0,61800000.0,0.199,0.193,0.199,981400000.0,,981400000.0,1970295128.0,-469.0,14.792,26900000.0,0.126,1.0,146000000.0,0.208,827000000.0,9100000.0,2014800000.0,,180300000.0,167300000.0,14200000.0,153100000.0,1701500000.0,451200000.0,1250300000.0,1355695128.0,-9700000.0,4000000.0,-17900000.0,-19000000.0,-4100000.0,-41000000.0,-63400000.0,0.0,94300000.0,400000.0,40800000.0,40800000.0,40800000.0,0.0,0.0,0.058,79300000.0,66700000.0,435600000.0,0.095,1.381,-11.383,-11.315,976900000.0,0.0,6.303,0.496,0.492,292100000.0,335800000.0,700800000.0,700800000.0,0.0,,,,,0.0,79300000.0,1.0,215104344.0,213000000,214832000.0,3.29,1855900000.0,62600000.0,21000000.0,1200000.0,8.713,129400000.0
75,BWA,MRQ,2002-09-30,2002-09-30,2002-09-30,2021-08-04,-28700000.0,2672500000.0,,587400000.0,2085100000.0,,4.601,-27300000.0,46300000.0,46300000.0,556100000.0,31900000.0,1.149,1.713,660900000.0,12600000.0,648300000.0,660900000.0,0.0,34100000.0,0.0,0.012,0.019,57600000.0,91700000.0,0.134,91700000.0,57600000.0,48300000.0,0.149,0.147,0.149,984900000.0,,984900000.0,1961803341.0,-32.0,23.722,18500000.0,0.086,1.0,127900000.0,0.187,822900000.0,9300000.0,1953000000.0,,172100000.0,169900000.0,13400000.0,156500000.0,1687600000.0,511200000.0,1176400000.0,1324403341.0,16100000.0,2800000.0,2000000.0,-4400000.0,-3900000.0,-6300000.0,-24500000.0,0.0,45800000.0,1100000.0,31900000.0,31900000.0,31900000.0,0.0,0.0,0.047,73200000.0,54700000.0,465300000.0,0.128,1.345,-8.398,-8.318,941000000.0,0.0,6.205,0.507,0.508,291600000.0,299100000.0,684000000.0,684000000.0,0.0,,,,,0.0,73200000.0,1.0,213441312.0,214048000,215912000.0,3.196,1849600000.0,76200000.0,16400000.0,33300000.0,8.641,76200000.0
76,BWA,MRQ,2002-06-30,2002-06-30,2002-06-30,2021-08-04,-37900000.0,2615800000.0,,544100000.0,2071700000.0,,4.405,-37500000.0,30200000.0,30200000.0,561400000.0,45700000.0,1.085,1.794,667600000.0,16500000.0,651100000.0,667600000.0,0.0,34400000.0,0.0,0.01,0.019,78700000.0,113100000.0,0.159,113100000.0,78700000.0,69200000.0,0.216,0.218,0.216,936200000.0,,936200000.0,2208242776.0,-29.0,29.561,51500000.0,0.242,1.0,151000000.0,0.212,822400000.0,9500000.0,1929300000.0,,156000000.0,155400000.0,13100000.0,142300000.0,1679600000.0,501500000.0,1178100000.0,1532942776.0,8500000.0,1800000.0,3100000.0,-44000000.0,-3900000.0,-44800000.0,-35700000.0,0.0,89000000.0,0.0,45700000.0,45700000.0,45700000.0,0.0,0.0,0.064,76500000.0,74500000.0,457100000.0,0.088,1.637,-8.954,-8.947,946200000.0,0.0,7.22,0.616,0.616,295600000.0,271100000.0,712400000.0,712400000.0,0.0,,,,,0.0,76500000.0,1.0,212318944.0,212512000,215624000.0,3.352,1793400000.0,78500000.0,23500000.0,27900000.0,8.439,42600000.0
77,BWA,MRQ,2002-03-31,2002-03-31,2002-03-31,2021-08-04,-75100000.0,2504700000.0,,475900000.0,2028800000.0,,4.014,-33900000.0,21700000.0,21700000.0,504200000.0,-237500000.0,0.949,1.945,697000000.0,53800000.0,643200000.0,697000000.0,0.0,33500000.0,0.0,0.01,0.019,-211400000.0,-177900000.0,-0.281,-177900000.0,-211400000.0,-221200000.0,-1.121,-1.113,-1.121,850600000.0,,850600000.0,2368531003.0,-23.0,38.202,-1600000.0,-0.008,1.0,129700000.0,0.205,813900000.0,9800000.0,1864600000.0,,143500000.0,144100000.0,11900000.0,132200000.0,1654100000.0,501500000.0,1152600000.0,1664431003.0,-11200000.0,7000000.0,4500000.0,-38400000.0,-4100000.0,-38000000.0,-6400000.0,0.0,32300000.0,900000.0,-237500000.0,-237500000.0,-237500000.0,0.0,0.0,-0.375,74500000.0,55200000.0,424900000.0,-0.017,1.957,-8.66,-8.681,828000000.0,0.0,7.865,0.7,0.701,249900000.0,229300000.0,633900000.0,633900000.0,0.0,,,,,0.0,74500000.0,1.0,211625048.0,211888000,213576000.0,2.992,1690800000.0,88000000.0,16300000.0,22800000.0,7.98,-25600000.0
78,BWA,MRQ,2001-12-31,2001-12-31,2001-12-31,2021-08-04,-53100000.0,2770900000.0,,441300000.0,2329600000.0,,5.245,-67500000.0,32900000.0,32900000.0,509800000.0,2200000.0,0.97,1.509,737000000.0,35600000.0,701400000.0,737000000.0,0.0,42000000.0,0.0,0.011,0.019,13800000.0,55800000.0,0.096,55800000.0,13800000.0,3500000.0,0.01,0.01,0.01,1104200000.0,,1104200000.0,2074787480.0,13.0,6.408,-11400000.0,-0.054,1.0,73100000.0,0.125,1160600000.0,10300000.0,1859400000.0,,143800000.0,149600000.0,12200000.0,137400000.0,1666700000.0,455000000.0,1211700000.0,1377287480.0,-5700000.0,2300000.0,-1100000.0,7800000.0,-4000000.0,2700000.0,-65200000.0,0.0,56100000.0,700000.0,2200000.0,2200000.0,2200000.0,0.0,0.0,0.004,62000000.0,11100000.0,410600000.0,1.9,1.247,20.742,20.734,922300000.0,0.0,6.531,0.586,0.585,203700000.0,470900000.0,582900000.0,582900000.0,0.0,,,,,0.0,75600000.0,1.0,210876552.0,210520000,211704000.0,2.769,1610300000.0,29300000.0,1300000.0,8800000.0,7.649,-13700000.0
79,BWA,MRQ,2001-09-30,2001-09-30,2001-09-30,2021-08-04,-22000000.0,2770300000.0,,436000000.0,2334300000.0,,5.395,-54500000.0,38600000.0,38600000.0,451500000.0,18400000.0,0.83,1.437,736100000.0,40500000.0,695600000.0,736100000.0,0.0,42100000.0,0.0,0.015,0.019,41600000.0,83700000.0,0.149,83700000.0,41600000.0,29300000.0,0.087,0.087,0.087,1136800000.0,,1136800000.0,1770950936.0,11.0,4.979,18300000.0,0.087,1.0,108400000.0,0.194,1172800000.0,12300000.0,1769600000.0,,146400000.0,165600000.0,20300000.0,145300000.0,1633500000.0,525400000.0,1108100000.0,1060450936.0,15000000.0,1500000.0,800000.0,-2700000.0,-3900000.0,-5800000.0,-53000000.0,0.0,72800000.0,1000000.0,18400000.0,18400000.0,18400000.0,0.0,0.0,0.033,69600000.0,38800000.0,398000000.0,0.218,0.933,14.749,14.644,822200000.0,0.0,5.037,0.448,0.449,200000000.0,472700000.0,559900000.0,559900000.0,0.0,,,,,0.0,59200000.0,1.0,210511352.0,210720000,211968000.0,2.657,1597500000.0,32500000.0,10900000.0,86900000.0,7.581,-89400000.0
80,BWA,MRQ,2001-06-30,2001-06-30,2001-06-30,2021-08-04,-31000000.0,2720900000.0,,411800000.0,2309100000.0,,5.284,-43700000.0,23600000.0,23600000.0,458400000.0,24700000.0,0.837,1.447,734100000.0,27000000.0,707100000.0,734100000.0,0.0,48200000.0,0.0,0.012,0.019,52200000.0,100400000.0,0.167,100400000.0,52200000.0,39800000.0,0.117,0.116,0.117,1112100000.0,,1112100000.0,2084964207.0,14.0,,63300000.0,0.301,1.0,143600000.0,0.239,1179200000.0,12400000.0,1760100000.0,,143300000.0,158400000.0,19500000.0,138900000.0,1608800000.0,492100000.0,1116700000.0,1305364207.0,8100000.0,9800000.0,100000.0,-58900000.0,-3900000.0,-62700000.0,-33900000.0,0.0,107000000.0,-2300000.0,24700000.0,24700000.0,24700000.0,0.0,0.0,0.041,95300000.0,48300000.0,377900000.0,0.162,1.174,22.238,22.073,794600000.0,0.0,6.202,0.539,0.539,197000000.0,459300000.0,602000000.0,602000000.0,0.0,,,,,0.0,59300000.0,1.0,210457752.0,210472000,211656000.0,2.86,1541700000.0,40900000.0,15100000.0,87200000.0,7.325,-80300000.0
81,BWA,MRQ,2001-03-31,2001-03-31,2001-03-31,2021-08-04,-18000000.0,2768200000.0,,434500000.0,2333700000.0,,5.259,-17200000.0,15500000.0,15500000.0,471100000.0,21100000.0,0.843,1.506,795100000.0,55900000.0,739200000.0,795100000.0,0.0,37600000.0,0.0,0.015,0.019,46300000.0,83900000.0,0.138,83900000.0,46300000.0,33500000.0,0.1,0.1,0.1,1104600000.0,,1104600000.0,,,,-15300000.0,-0.073,1.0,135700000.0,0.224,1191400000.0,12800000.0,1840700000.0,,153500000.0,177000000.0,32100000.0,144900000.0,1663600000.0,515700000.0,1147900000.0,1054130265.0,-5900000.0,4000000.0,2300000.0,7000000.0,-4000000.0,5300000.0,-13200000.0,0.0,1900000.0,100000.0,21100000.0,21100000.0,21100000.0,0.0,0.0,0.035,93200000.0,42500000.0,368100000.0,0.19,0.954,14.226,14.229,791600000.0,0.0,5.009,0.418,0.417,202800000.0,439000000.0,606800000.0,606800000.0,0.0,,,,,0.0,55600000.0,1.0,210457752.0,210048000,211072000.0,2.889,1576800000.0,55600000.0,12400000.0,91700000.0,7.507,-81200000.0
82,BWA,MRQ,2000-12-31,2000-12-31,2000-12-31,2021-08-04,-16000000.0,2739600000.0,,410600000.0,2329000000.0,,5.149,-85300000.0,21400000.0,21400000.0,536200000.0,7700000.0,0.848,1.52,794800000.0,54400000.0,740400000.0,794800000.0,0.0,60700000.0,0.0,0.015,0.019,27000000.0,87700000.0,0.147,87700000.0,27000000.0,12100000.0,0.039,0.037,0.039,1087100000.0,,1087100000.0,,,,77700000.0,0.368,1.0,60100000.0,0.101,1203100000.0,14900000.0,1825500000.0,,161600000.0,142700000.0,0.0,142700000.0,1652500000.0,484400000.0,1168100000.0,,-6700000.0,21600000.0,700000.0,-99400000.0,-3900000.0,-102600000.0,-63700000.0,0.0,163000000.0,-3400000.0,7700000.0,7700000.0,7700000.0,0.0,0.0,0.013,43700000.0,16400000.0,408200000.0,0.487,,,11.236,807200000.0,0.0,5.0,,0.399,168900000.0,422900000.0,596300000.0,596300000.0,0.0,,,,,0.0,79900000.0,1.0,,211128000,211896000.0,2.824,1536500000.0,24800000.0,4400000.0,21800000.0,7.278,-73800000.0
83,BWA,MRQ,2000-09-30,2000-09-30,2000-09-30,2021-08-04,,,,,,,,,,,473000000.0,5200000.0,,,,,,,,,,0.018,0.019,22800000.0,,,,22800000.0,6900000.0,0.025,0.025,0.025,,,,,,,,,1.0,145500000.0,0.235,,15900000.0,,,,,,,,,,,,,,,,,,,,,5200000.0,5200000.0,5200000.0,0.0,0.0,0.008,126100000.0,19400000.0,,0.76,,,,,0.0,4.141,,,,,618500000.0,618500000.0,0.0,,,,,,57500000.0,1.0,,209680000,210376000.0,2.95,,,1700000.0,,,
84,BWA,MRQ,2000-06-30,2000-06-30,2000-06-30,2021-08-04,,,,,,,,,,,531200000.0,40100000.0,,,,,,,,,,0.017,0.019,79600000.0,,,,79600000.0,63700000.0,0.189,0.189,0.189,,,,,,,,,1.0,169700000.0,0.242,,15900000.0,,,,,,,,,,,,,,,,,,,,,40100000.0,40100000.0,40100000.0,0.0,0.0,0.057,94400000.0,75300000.0,,0.101,,,,,0.0,4.391,,,,,700900000.0,700900000.0,0.0,,,,,,57800000.0,1.0,,211392000,212320000.0,3.316,,,23600000.0,,,
85,BWA,MRQ,2000-03-31,2000-03-31,2000-03-31,2021-08-04,,,,,,,,-28300000.0,,,550300000.0,41000000.0,,,,,,,,37200000.0,,0.015,0.019,82000000.0,119200000.0,0.163,119200000.0,82000000.0,66100000.0,0.193,0.191,0.193,,,,,,,-5000000.0,-0.023,1.0,179900000.0,0.246,,15900000.0,,,,,,,,,,,-8300000.0,122300000.0,-6000000.0,-75200000.0,-4000000.0,-85200000.0,-53600000.0,0.0,23300000.0,0.0,41000000.0,41000000.0,41000000.0,0.0,0.0,0.056,100700000.0,79200000.0,,0.098,,,,,0.0,4.923,,,,,730200000.0,730200000.0,0.0,,,,,0.0,63500000.0,1.0,,213472000,214176000.0,3.421,,,25100000.0,,,
0,BWA,MRT,2021-06-30,2021-06-30,2021-06-30,2021-08-04,-673000000.0,16863000000.0,14938750000.0,6537000000.0,10326000000.0,0.952,27.914,-617000000.0,1568000000.0,1568000000.0,11358000000.0,882000000.0,1.693,1.48,4361000000.0,13000000.0,4348000000.0,4361000000.0,0.0,344000000.0,0.0,0.014,0.68,1311000000.0,1655000000.0,0.116,1655000000.0,1311000000.0,1205000000.0,3.5,3.48,3.5,6649000000.0,6050250000.0,6649000000.0,13646210173.0,10.0,8.245,862000000.0,3.619,1.0,2869000000.0,0.202,4497000000.0,106000000.0,11297000000.0,9877750000.0,1567000000.0,546000000.0,0.0,546000000.0,9841000000.0,3862000000.0,5979000000.0,11642210173.0,-435000000.0,-1206000000.0,-216000000.0,299000000.0,-157000000.0,-153000000.0,-1818000000.0,7000000.0,1479000000.0,57000000.0,781000000.0,781000000.0,781000000.0,0.0,101000000.0,0.055,1642000000.0,1227000000.0,2367000000.0,0.194,1.751,14.907,13.869,4535000000.0,0.0,48.54,0.818,0.813,3063000000.0,6527000000.0,14227000000.0,14227000000.0,0.0,0.052,0.129,0.133,0.092,25000000.0,1295000000.0,1.0,239847758.0,238200000,239600000.0,59.727,12366000000.0,0.0,424000000.0,0.0,51.914,2675000000.0
1,BWA,MRT,2021-03-31,2021-03-31,2021-03-31,2021-08-04,-736000000.0,15971000000.0,13307250000.0,6582000000.0,9389000000.0,0.894,26.786,-519000000.0,1755000000.0,1755000000.0,9614000000.0,524000000.0,1.679,1.463,3759000000.0,51000000.0,3708000000.0,3759000000.0,0.0,344000000.0,0.0,0.015,0.68,908000000.0,1252000000.0,0.105,1252000000.0,908000000.0,826000000.0,2.0,1.98,2.0,6367000000.0,5540750000.0,6367000000.0,13218016156.0,15.0,10.558,744000000.0,3.13,1.0,2281000000.0,0.192,3655000000.0,82000000.0,10399000000.0,8858000000.0,1361000000.0,557000000.0,0.0,557000000.0,9317000000.0,3921000000.0,5396000000.0,11081016156.0,854000000.0,-449000000.0,-216000000.0,858000000.0,-151000000.0,448000000.0,-931000000.0,17000000.0,1263000000.0,74000000.0,436000000.0,436000000.0,436000000.0,0.0,88000000.0,0.037,1449000000.0,832000000.0,2485000000.0,0.34,1.74,25.415,23.18,4449000000.0,0.0,46.36,0.932,0.926,3153000000.0,6321000000.0,11895000000.0,11895000000.0,0.0,0.033,0.079,0.103,0.076,25000000.0,1115000000.0,1.0,239021056.0,237700000,238400000.0,50.042,12316000000.0,0.0,390000000.0,0.0,51.813,2661000000.0
2,BWA,MRT,2020-12-31,2020-12-31,2020-12-31,2021-08-04,-651000000.0,16029000000.0,11690000000.0,6167000000.0,9862000000.0,0.87,30.178,-445000000.0,1650000000.0,1650000000.0,8255000000.0,567000000.0,1.619,1.448,3787000000.0,49000000.0,3738000000.0,3787000000.0,0.0,568000000.0,0.0,0.018,0.68,970000000.0,1538000000.0,0.151,1538000000.0,970000000.0,897000000.0,2.35,2.34,2.35,6428000000.0,5130000000.0,6428000000.0,10163201254.0,10.0,6.608,739000000.0,3.469,1.0,1910000000.0,0.188,3723000000.0,73000000.0,10633000000.0,7814750000.0,1286000000.0,820000000.0,0.0,820000000.0,9305000000.0,3810000000.0,5495000000.0,9448201254.0,818000000.0,-449000000.0,-216000000.0,855000000.0,-146000000.0,437000000.0,-866000000.0,8000000.0,1184000000.0,63000000.0,500000000.0,500000000.0,500000000.0,0.0,67000000.0,0.049,1292000000.0,618000000.0,2352000000.0,0.289,1.47,18.896,16.443,4591000000.0,0.0,38.64,0.929,0.81,2919000000.0,6296000000.0,10165000000.0,10165000000.0,0.0,0.043,0.097,0.124,0.095,41000000.0,951000000.0,1.0,244518666.0,213000000,214000000.0,47.723,12306000000.0,0.0,397000000.0,0.0,57.775,2357000000.0
3,BWA,MRT,2020-09-30,2020-09-30,2020-09-30,2021-08-04,-730000000.0,10892000000.0,10108250000.0,5165000000.0,5727000000.0,0.87,23.092,-409000000.0,2121000000.0,2121000000.0,7115000000.0,419000000.0,2.349,1.256,2836000000.0,49000000.0,2787000000.0,2836000000.0,0.0,230000000.0,0.0,0.018,0.68,848000000.0,1078000000.0,0.123,1078000000.0,848000000.0,786000000.0,1.77,1.76,1.77,4757000000.0,4699500000.0,4757000000.0,9085027011.0,11.0,8.428,583000000.0,2.83,1.0,1683000000.0,0.191,2226000000.0,62000000.0,7182000000.0,6720750000.0,815000000.0,305000000.0,0.0,305000000.0,5974000000.0,2199000000.0,3775000000.0,8029027011.0,1205000000.0,-2000000.0,0.0,718000000.0,-140000000.0,539000000.0,-358000000.0,30000000.0,992000000.0,32000000.0,362000000.0,362000000.0,362000000.0,0.0,57000000.0,0.041,801000000.0,882000000.0,2127000000.0,0.384,1.688,22.18,21.887,2824000000.0,0.0,38.74,0.913,0.907,1977000000.0,5979000000.0,8798000000.0,8798000000.0,0.0,0.036,0.077,0.126,0.096,25000000.0,806000000.0,1.0,207254182.0,206000000,207300000.0,42.709,8666000000.0,0.0,424000000.0,23000000.0,42.068,2966000000.0
4,BWA,MRT,2020-06-30,2020-06-30,2020-06-30,2021-08-04,-787000000.0,10337000000.0,9935000000.0,4641000000.0,5696000000.0,0.881,22.383,-400000000.0,2003000000.0,2003000000.0,7066000000.0,497000000.0,2.356,1.209,3059000000.0,297000000.0,2762000000.0,3059000000.0,0.0,225000000.0,0.0,0.019,0.68,849000000.0,1074000000.0,0.123,1074000000.0,849000000.0,792000000.0,2.17,2.17,2.17,4611000000.0,4624500000.0,4611000000.0,8367040882.0,10.0,7.791,468000000.0,2.272,1.0,1690000000.0,0.193,2205000000.0,57000000.0,7218000000.0,6578000000.0,836000000.0,315000000.0,0.0,315000000.0,5574000000.0,1970000000.0,3604000000.0,7318040882.0,1293000000.0,-2000000.0,0.0,966000000.0,-140000000.0,797000000.0,-359000000.0,21000000.0,868000000.0,-13000000.0,445000000.0,445000000.0,445000000.0,0.0,52000000.0,0.051,816000000.0,874000000.0,1654000000.0,0.313,1.587,16.445,16.267,2781000000.0,0.0,35.3,0.836,0.83,1535000000.0,5903000000.0,8756000000.0,8756000000.0,0.0,0.045,0.096,0.129,0.097,25000000.0,832000000.0,1.0,207309940.0,206000000,206000000.0,42.505,8132000000.0,0.0,347000000.0,19000000.0,39.476,2671000000.0
5,BWA,MRT,2020-03-31,2020-03-31,2020-03-31,2021-08-04,-801000000.0,9502000000.0,9908500000.0,3741000000.0,5761000000.0,0.997,22.965,-477000000.0,901000000.0,901000000.0,7852000000.0,763000000.0,1.761,0.982,1950000000.0,286000000.0,1664000000.0,1950000000.0,0.0,332000000.0,0.0,0.028,0.68,1194000000.0,1526000000.0,0.154,1526000000.0,1194000000.0,1141000000.0,3.48,3.47,3.48,4724000000.0,4570250000.0,4724000000.0,6158201611.0,5.0,4.036,754000000.0,3.666,1.0,2029000000.0,0.205,2201000000.0,53000000.0,6226000000.0,6534000000.0,847000000.0,315000000.0,0.0,315000000.0,4638000000.0,2124000000.0,2514000000.0,5030201611.0,384000000.0,1000000.0,-33000000.0,-127000000.0,-140000000.0,-329000000.0,-505000000.0,-29000000.0,1231000000.0,-13000000.0,715000000.0,715000000.0,715000000.0,0.0,48000000.0,0.072,792000000.0,1237000000.0,1793000000.0,0.195,1.065,7.035,7.003,2839000000.0,0.0,24.37,0.509,0.507,1735000000.0,6036000000.0,9881000000.0,9881000000.0,0.0,0.072,0.156,0.183,0.121,34000000.0,860000000.0,1.0,206409586.0,205700000,206200000.0,48.036,7301000000.0,0.0,426000000.0,45000000.0,35.493,1617000000.0
6,BWA,MRT,2019-12-31,2019-12-31,2019-12-31,2021-08-04,-727000000.0,9702000000.0,10059000000.0,3836000000.0,5866000000.0,1.011,22.878,-472000000.0,832000000.0,832000000.0,8067000000.0,797000000.0,1.647,1.032,1960000000.0,286000000.0,1674000000.0,1960000000.0,0.0,439000000.0,0.0,0.016,0.68,1269000000.0,1708000000.0,0.168,1708000000.0,1269000000.0,1214000000.0,3.63,3.61,3.63,4706000000.0,4457750000.0,4706000000.0,10116668813.0,8.0,5.923,536000000.0,2.606,1.0,2101000000.0,0.207,2244000000.0,55000000.0,6257000000.0,6751000000.0,807000000.0,318000000.0,0.0,318000000.0,4858000000.0,2329000000.0,2529000000.0,8957668813.0,93000000.0,14000000.0,-100000000.0,-141000000.0,-140000000.0,-420000000.0,-489000000.0,-31000000.0,1008000000.0,-6000000.0,746000000.0,746000000.0,746000000.0,0.0,51000000.0,0.073,798000000.0,1303000000.0,1325000000.0,0.187,1.903,12.008,11.95,2925000000.0,0.0,43.38,0.881,0.878,1921000000.0,5942000000.0,10168000000.0,10168000000.0,0.0,0.074,0.167,0.188,0.125,42000000.0,873000000.0,1.0,206493057.0,205700000,206800000.0,49.431,7458000000.0,0.0,468000000.0,0.0,36.257,1507000000.0
7,BWA,MRT,2019-09-30,2019-09-30,2019-09-30,2021-08-04,-779000000.0,10199000000.0,10157250000.0,3987000000.0,6212000000.0,1.003,21.71,-458000000.0,916000000.0,916000000.0,8083000000.0,808000000.0,1.579,1.261,2075000000.0,419000000.0,1656000000.0,2075000000.0,0.0,429000000.0,0.0,0.019,0.68,1062000000.0,1491000000.0,0.146,1491000000.0,1062000000.0,1005000000.0,3.66,3.64,3.66,4457000000.0,4337750000.0,4457000000.0,8964955235.0,8.0,6.013,936000000.0,4.559,1.0,2100000000.0,0.206,2222000000.0,57000000.0,6611000000.0,6881500000.0,810000000.0,694000000.0,0.0,694000000.0,5621000000.0,2525000000.0,3096000000.0,7574955235.0,554000000.0,9000000.0,-100000000.0,-25000000.0,-141000000.0,-308000000.0,-501000000.0,-52000000.0,1394000000.0,-31000000.0,756000000.0,756000000.0,756000000.0,0.0,52000000.0,0.074,1009000000.0,1091000000.0,2048000000.0,0.186,1.7,10.02,10.022,2812000000.0,0.0,36.68,0.744,0.74,1983000000.0,5757000000.0,10183000000.0,10183000000.0,0.0,0.074,0.174,0.154,0.104,45000000.0,894000000.0,1.0,206514592.0,205300000,206300000.0,49.601,7977000000.0,0.0,249000000.0,58000000.0,38.855,1462000000.0
8,BWA,MRT,2019-06-30,2019-06-30,2019-06-30,2021-08-04,-670000000.0,10231000000.0,10036600000.0,3849000000.0,6382000000.0,1.013,21.361,-484000000.0,710000000.0,710000000.0,8078000000.0,817000000.0,1.664,1.304,2100000000.0,171000000.0,1929000000.0,2100000000.0,0.0,427000000.0,0.0,0.016,0.68,1072000000.0,1499000000.0,0.147,1499000000.0,1072000000.0,1016000000.0,3.7,3.68,3.7,4394000000.0,4240100000.0,4394000000.0,10271045697.0,10.0,6.852,804000000.0,3.909,1.0,2091000000.0,0.206,2266000000.0,56000000.0,7042000000.0,6999925000.0,817000000.0,690000000.0,0.0,690000000.0,5729000000.0,2313000000.0,3416000000.0,8701045697.0,348000000.0,9000000.0,-140000000.0,-56000000.0,-141000000.0,-386000000.0,-524000000.0,-49000000.0,1288000000.0,-30000000.0,766000000.0,766000000.0,766000000.0,0.0,51000000.0,0.075,998000000.0,1093000000.0,2089000000.0,0.184,1.98,11.359,11.346,2891000000.0,0.0,41.98,0.856,0.849,2063000000.0,5598000000.0,10169000000.0,10169000000.0,0.0,0.076,0.181,0.153,0.105,48000000.0,894000000.0,1.0,207266453.0,205700000,206800000.0,49.436,7965000000.0,0.0,250000000.0,53000000.0,38.721,1536000000.0
9,BWA,MRT,2019-03-31,2019-03-31,2019-03-31,2021-08-04,-675000000.0,10104000000.0,9923150000.0,3719000000.0,6385000000.0,1.039,20.697,-466000000.0,517000000.0,517000000.0,8154000000.0,919000000.0,1.618,1.338,2087000000.0,164000000.0,1923000000.0,2087000000.0,0.0,429000000.0,0.0,0.018,0.68,1130000000.0,1559000000.0,0.151,1559000000.0,1130000000.0,1073000000.0,4.16,4.15,4.16,4274000000.0,4131675000.0,4274000000.0,9351684694.0,8.0,5.999,665000000.0,3.22,1.0,2158000000.0,0.209,2281000000.0,57000000.0,7094000000.0,6997425000.0,807000000.0,617000000.0,0.0,617000000.0,5719000000.0,2299000000.0,3420000000.0,7977784694.0,107000000.0,13000000.0,-162000000.0,-176000000.0,-141000000.0,-533000000.0,-457000000.0,-4000000.0,1131000000.0,-34000000.0,866000000.0,866000000.0,866000000.0,0.0,53000000.0,0.084,1037000000.0,1121000000.0,2056000000.0,0.163,1.867,9.212,9.233,2895000000.0,0.0,38.41,0.774,0.769,2065000000.0,5461000000.0,10312000000.0,10312000000.0,0.0,0.087,0.21,0.161,0.11,46000000.0,919000000.0,1.0,207700721.0,206500000,207100000.0,49.937,7823000000.0,0.0,207000000.0,57000000.0,37.884,1420000000.0
10,BWA,MRT,2018-12-31,2018-12-31,2018-12-31,2021-08-04,-674000000.0,10095000000.0,9905850000.0,3805000000.0,6290000000.0,1.063,20.298,-510000000.0,739000000.0,739000000.0,8300000000.0,985000000.0,1.586,1.361,2114000000.0,173000000.0,1941000000.0,2114000000.0,0.0,431000000.0,0.0,0.02,0.68,1201000000.0,1632000000.0,0.155,1632000000.0,1201000000.0,1142000000.0,4.47,4.44,4.47,4226000000.0,4040850000.0,4226000000.0,9009894154.0,8.0,5.521,616000000.0,2.959,1.0,2230000000.0,0.212,2292000000.0,59000000.0,6779000000.0,7008475000.0,781000000.0,592000000.0,0.0,592000000.0,5750000000.0,2399000000.0,3351000000.0,7235394154.0,194000000.0,0.0,-150000000.0,-41000000.0,-142000000.0,-383000000.0,-514000000.0,-4000000.0,1126000000.0,-35000000.0,931000000.0,931000000.0,931000000.0,0.0,54000000.0,0.088,1040000000.0,1190000000.0,2144000000.0,0.152,1.712,7.772,7.772,2904000000.0,0.0,34.74,0.687,0.687,1988000000.0,5336000000.0,10530000000.0,10530000000.0,0.0,0.094,0.23,0.171,0.114,53000000.0,946000000.0,1.0,208272716.0,208200000,209500000.0,50.576,7803000000.0,0.0,211000000.0,59000000.0,37.478,1406000000.0
11,BWA,MRT,2018-09-30,2018-09-30,2018-09-30,2021-08-04,-609200000.0,9716400000.0,9829000000.0,3490600000.0,6225800000.0,1.073,19.597,-564300000.0,361800000.0,361800000.0,8291900000.0,604700000.0,1.663,1.364,2136300000.0,50700000.0,2085600000.0,2136300000.0,0.0,432000000.0,0.0,0.016,0.68,1147400000.0,1579400000.0,0.15,1579400000.0,1147400000.0,1085000000.0,2.66,2.66,2.66,4066400000.0,3913550000.0,4066400000.0,10746443180.0,9.0,6.804,547800000.0,2.64,1.0,2250200000.0,0.213,2306600000.0,62400000.0,7084700000.0,6971450000.0,810300000.0,610300000.0,0.0,610300000.0,5546200000.0,2099600000.0,3446600000.0,8935343180.0,-52600000.0,3000000.0,-150000000.0,-240400000.0,-141500000.0,-579800000.0,-574300000.0,-13000000.0,1112100000.0,-10600000.0,554900000.0,554900000.0,554900000.0,0.0,49800000.0,0.053,974400000.0,1275800000.0,2009200000.0,0.256,2.197,16.103,16.083,2827800000.0,0.0,42.78,0.848,0.842,2061100000.0,5127300000.0,10542100000.0,10542100000.0,0.0,0.056,0.142,0.165,0.109,54500000.0,959900000.0,1.0,208867302.0,207500000,208700000.0,50.805,7409800000.0,0.0,530100000.0,9800000.0,35.71,1391000000.0
12,BWA,MRT,2018-06-30,2018-06-30,2018-06-30,2021-08-04,-567600000.0,9777200000.0,9853950000.0,3543700000.0,6233500000.0,1.064,18.985,-574800000.0,361900000.0,361900000.0,8223500000.0,583300000.0,1.585,1.445,2173000000.0,70500000.0,2102500000.0,2173000000.0,0.0,428900000.0,0.0,0.015,0.65,1144300000.0,1573200000.0,0.15,1573200000.0,1144300000.0,1078300000.0,2.56,2.56,2.56,3960300000.0,3853375000.0,3960300000.0,10983794033.0,10.0,6.982,511000000.0,2.45,1.0,2256800000.0,0.215,2320000000.0,66000000.0,7032000000.0,6956350000.0,800200000.0,610500000.0,0.0,610500000.0,5723200000.0,2236300000.0,3486900000.0,9067994033.0,-25400000.0,-177000000.0,-125300000.0,-54500000.0,-135900000.0,-363700000.0,-763800000.0,-12000000.0,1085800000.0,16300000.0,535800000.0,535800000.0,535800000.0,0.0,47500000.0,0.051,984400000.0,1272400000.0,2122100000.0,0.254,2.29,16.924,16.859,2825700000.0,0.0,43.16,0.865,0.859,2131000000.0,4958800000.0,10480300000.0,10480300000.0,0.0,0.054,0.139,0.164,0.109,49700000.0,954900000.0,1.0,210101808.0,208600000,209900000.0,50.241,7457200000.0,0.0,542500000.0,12400000.0,35.749,1307400000.0
13,BWA,MRT,2018-03-31,2018-03-31,2018-03-31,2021-08-04,-430300000.0,10034800000.0,9731775000.0,3697800000.0,6337000000.0,1.046,18.667,-589100000.0,409700000.0,409700000.0,7986300000.0,520400000.0,1.518,1.539,2325500000.0,194000000.0,2131500000.0,2325500000.0,0.0,419700000.0,0.0,0.012,0.62,1133500000.0,1553200000.0,0.153,1553200000.0,1133500000.0,1064500000.0,2.27,2.26,2.27,3910700000.0,3766300000.0,3910700000.0,12218931824.0,11.0,7.867,565600000.0,2.7,1.0,2189700000.0,0.215,2375800000.0,69000000.0,7138200000.0,6904975000.0,800400000.0,581800000.0,0.0,581800000.0,6019000000.0,2436600000.0,3582400000.0,10575931824.0,51300000.0,-180700000.0,-124000000.0,-53000000.0,-130300000.0,-350200000.0,-780300000.0,-10500000.0,1154700000.0,27100000.0,475800000.0,475800000.0,475800000.0,0.0,44600000.0,0.047,932500000.0,1257200000.0,2160400000.0,0.273,2.704,22.228,22.128,2923800000.0,0.0,50.23,1.039,1.034,2247100000.0,4722400000.0,10176000000.0,10176000000.0,0.0,0.049,0.126,0.164,0.111,53900000.0,933000000.0,1.0,210550106.0,209500000,210800000.0,48.573,7659000000.0,0.0,588700000.0,44400000.0,36.558,1261200000.0
14,BWA,MRT,2017-12-31,2017-12-31,2017-12-31,2021-08-04,-490000000.0,9787600000.0,9494000000.0,3543200000.0,6244400000.0,1.032,17.665,-560000000.0,545300000.0,545300000.0,7684000000.0,483000000.0,1.461,1.604,2188300000.0,84600000.0,2103700000.0,2188300000.0,0.0,408000000.0,0.0,0.012,0.59,1091000000.0,1499000000.0,0.153,1499000000.0,1091000000.0,1020000000.0,2.09,2.08,2.09,3716800000.0,3639475000.0,3716800000.0,12752538914.0,12.0,8.507,620000000.0,2.947,1.0,2115000000.0,0.216,2374500000.0,71000000.0,6630900000.0,6796850000.0,766300000.0,547400000.0,0.0,547400000.0,5961700000.0,2425200000.0,3536500000.0,10771738914.0,101000000.0,-181000000.0,-100000000.0,-105000000.0,-124000000.0,-363000000.0,-752000000.0,-11000000.0,1180000000.0,36000000.0,440000000.0,440000000.0,440000000.0,0.0,43000000.0,0.045,899000000.0,1216000000.0,2270300000.0,0.282,2.898,24.481,24.445,2863800000.0,0.0,51.09,1.099,1.097,2018900000.0,4531000000.0,9799000000.0,9799000000.0,0.0,0.046,0.121,0.161,0.111,52000000.0,899000000.0,1.0,210838499.0,210400000,211500000.0,46.573,7413100000.0,0.0,580000000.0,40800000.0,35.233,1118000000.0
15,BWA,MRT,2017-09-30,2017-09-30,2017-09-30,2021-08-04,-545700000.0,9816200000.0,9255775000.0,3401100000.0,6415100000.0,1.023,18.235,-535500000.0,414300000.0,414300000.0,7424500000.0,810300000.0,1.428,1.542,2395100000.0,303200000.0,2091900000.0,2395100000.0,0.0,402200000.0,0.0,0.011,0.56,1176900000.0,1579100000.0,0.167,1579100000.0,1176900000.0,1103800000.0,3.65,3.63,3.65,3825700000.0,3514850000.0,3825700000.0,12645330543.0,11.0,8.008,531000000.0,2.531,1.0,2047400000.0,0.216,2391500000.0,73100000.0,7024300000.0,6727375000.0,773400000.0,559500000.0,0.0,559500000.0,5899900000.0,2381200000.0,3518700000.0,10812730543.0,-104400000.0,-95000000.0,-138000000.0,-247300000.0,-118100000.0,-529900000.0,-632500000.0,-2000000.0,1066500000.0,-8500000.0,769300000.0,769300000.0,769300000.0,0.0,41000000.0,0.081,894200000.0,1153200000.0,2015000000.0,0.153,2.826,14.055,14.036,2753700000.0,0.0,51.23,1.142,1.135,2046100000.0,4712800000.0,9471900000.0,9471900000.0,0.0,0.083,0.219,0.175,0.124,51800000.0,876700000.0,1.0,211062474.0,209803000,211013000.0,45.147,7424700000.0,0.0,334500000.0,63000000.0,35.389,1019900000.0
16,BWA,MRT,2017-06-30,2017-06-30,2017-06-30,2021-08-04,-606400000.0,9288500000.0,9053550000.0,3193200000.0,6095300000.0,1.024,17.153,-520100000.0,387100000.0,387100000.0,7273000000.0,708800000.0,1.516,1.549,2219700000.0,141800000.0,2077900000.0,2219700000.0,0.0,395100000.0,0.0,0.013,0.55,1049500000.0,1444600000.0,0.156,1444600000.0,1049500000.0,971600000.0,3.16,3.14,3.16,3612000000.0,3485900000.0,3612000000.0,10926621832.0,10.0,7.564,552600000.0,2.624,1.0,1996900000.0,0.215,2188500000.0,77900000.0,6826500000.0,6579775000.0,701400000.0,528600000.0,0.0,528600000.0,5596600000.0,2106100000.0,3490500000.0,8989621832.0,-107900000.0,91600000.0,-188900000.0,-418500000.0,-116300000.0,-737200000.0,-430500000.0,-2000000.0,1072700000.0,-12900000.0,667700000.0,667700000.0,667700000.0,0.0,41100000.0,0.072,968000000.0,1028900000.0,1904700000.0,0.174,2.489,13.464,13.405,2663800000.0,0.0,42.36,0.97,0.962,1939300000.0,4557300000.0,9269900000.0,9269900000.0,0.0,0.074,0.192,0.16,0.113,47600000.0,861400000.0,1.0,212219590.0,210572000,211478000.0,44.022,7100000000.0,0.0,303900000.0,59600000.0,33.718,1087100000.0
17,BWA,MRT,2017-03-31,2017-03-31,2017-03-31,2021-08-04,-674200000.0,9083700000.0,8978575000.0,3107300000.0,5976400000.0,1.026,16.084,-527200000.0,358400000.0,358400000.0,7228700000.0,663100000.0,1.444,1.647,2295400000.0,255100000.0,2040300000.0,2295400000.0,0.0,394300000.0,0.0,0.013,0.54,1013300000.0,1407600000.0,0.153,1407600000.0,1013300000.0,932000000.0,2.91,2.9,2.91,3403400000.0,3503325000.0,3403400000.0,10664155511.0,11.0,7.576,534400000.0,2.526,1.0,1980700000.0,0.215,2163800000.0,81300000.0,6705700000.0,6482225000.0,656900000.0,530000000.0,0.0,530000000.0,5604000000.0,2151200000.0,3452800000.0,8888355511.0,-33900000.0,95000000.0,-239500000.0,-261100000.0,-114900000.0,-624800000.0,-433700000.0,-1500000.0,1061600000.0,-37000000.0,620100000.0,620100000.0,620100000.0,0.0,43000000.0,0.067,955200000.0,1025500000.0,1841300000.0,0.186,2.612,14.334,14.361,2553100000.0,0.0,41.79,0.965,0.96,1934300000.0,4374700000.0,9209400000.0,9209400000.0,0.0,0.069,0.177,0.156,0.11,47100000.0,848600000.0,1.0,212690967.0,211596000,212236000.0,43.524,6919900000.0,0.0,311900000.0,54800000.0,32.703,956100000.0
18,BWA,MRT,2016-12-31,2016-12-31,2016-12-31,2021-08-04,-722100000.0,8834700000.0,8942825000.0,2911600000.0,5923100000.0,1.014,15.013,-500600000.0,443700000.0,443700000.0,7142300000.0,636700000.0,1.392,1.719,2219500000.0,175900000.0,2043600000.0,2219500000.0,0.0,391400000.0,0.0,0.013,0.53,985600000.0,1377000000.0,0.152,1377000000.0,985600000.0,901000000.0,2.78,2.76,2.78,3218300000.0,3575775000.0,3218300000.0,10496754352.0,11.0,7.623,535100000.0,2.496,1.0,1928700000.0,0.213,2165700000.0,84600000.0,6353000000.0,6436600000.0,641200000.0,502200000.0,0.0,502200000.0,5532800000.0,2091800000.0,3441000000.0,8400154352.0,-134000000.0,96400000.0,-288000000.0,-318100000.0,-113400000.0,-733800000.0,-404200000.0,0.0,1035700000.0,-31700000.0,595000000.0,595000000.0,595000000.0,0.0,41700000.0,0.066,955500000.0,973200000.0,1847300000.0,0.191,2.61,14.118,14.187,2501800000.0,0.0,39.44,0.926,0.932,1689300000.0,4215200000.0,9071000000.0,9071000000.0,0.0,0.067,0.166,0.153,0.109,43600000.0,818000000.0,1.0,212985658.0,214374000,215328000.0,42.314,6669000000.0,0.0,306000000.0,68600000.0,31.109,819800000.0
19,BWA,MRT,2016-09-30,2016-09-30,2016-09-30,2021-08-04,-571000000.0,9007300000.0,8940575000.0,3289200000.0,5718100000.0,0.999,17.428,-513300000.0,518700000.0,518700000.0,7056100000.0,544600000.0,1.345,1.406,2615300000.0,525400000.0,2089900000.0,2615300000.0,0.0,375100000.0,0.0,0.015,0.52,843200000.0,1218300000.0,0.136,1218300000.0,843200000.0,760300000.0,2.32,2.32,2.32,3709900000.0,3659625000.0,3709900000.0,9677670527.0,11.0,7.944,477500000.0,2.243,1.0,1879000000.0,0.21,2224900000.0,82900000.0,6433900000.0,6383250000.0,687200000.0,512700000.0,0.0,512700000.0,5216600000.0,2445100000.0,2771500000.0,7537870527.0,-514600000.0,-1173300000.0,-471500000.0,788200000.0,-112600000.0,187000000.0,-1673500000.0,0.0,990800000.0,-18900000.0,504600000.0,504600000.0,504600000.0,0.0,40000000.0,0.056,1021000000.0,858000000.0,1763200000.0,0.224,2.032,14.938,15.164,2518500000.0,0.0,35.18,0.844,0.838,1764000000.0,4538100000.0,8935100000.0,8935100000.0,0.0,0.056,0.138,0.132,0.094,37000000.0,778800000.0,1.0,214265791.0,212872000,213766000.0,41.974,6782400000.0,0.0,255700000.0,61200000.0,31.861,844100000.0
20,BWA,MRT,2016-06-30,2016-06-30,2016-06-30,2021-08-04,-593800000.0,8988600000.0,8610525000.0,3206900000.0,5781700000.0,0.999,17.066,-527000000.0,495000000.0,495000000.0,6798800000.0,617400000.0,1.336,1.421,2634800000.0,515300000.0,2119500000.0,2634800000.0,0.0,355600000.0,0.0,0.018,0.52,928000000.0,1283600000.0,0.149,1283600000.0,928000000.0,852500000.0,2.63,2.63,2.63,3681700000.0,3661400000.0,3681700000.0,8630219670.0,9.0,6.723,383800000.0,1.779,1.0,1806100000.0,0.21,2292300000.0,75500000.0,6436300000.0,6209625000.0,744600000.0,508900000.0,0.0,508900000.0,5232500000.0,2399800000.0,2832700000.0,6424119670.0,-612900000.0,-1179000000.0,-470700000.0,817200000.0,-114200000.0,203600000.0,-1692900000.0,0.0,910800000.0,-34400000.0,578700000.0,578700000.0,578700000.0,0.0,38700000.0,0.067,861300000.0,944800000.0,1790700000.0,0.198,1.745,11.101,11.224,2502800000.0,0.0,29.52,0.747,0.74,1806900000.0,4482400000.0,8604900000.0,8604900000.0,0.0,0.067,0.158,0.149,0.108,39900000.0,717100000.0,1.0,217619230.0,215735000,216663000.0,39.886,6696300000.0,0.0,273800000.0,93800000.0,31.039,807100000.0
21,BWA,MRT,2016-03-31,2016-03-31,2016-03-31,2021-08-04,-540800000.0,8940700000.0,8304950000.0,3182400000.0,5758300000.0,1.0,16.989,-541600000.0,392300000.0,392300000.0,6569200000.0,599400000.0,1.377,1.402,2598400000.0,466500000.0,2131900000.0,2598400000.0,0.0,337500000.0,0.0,0.014,0.52,903900000.0,1241400000.0,0.149,1241400000.0,903900000.0,832200000.0,2.53,2.52,2.53,3693200000.0,3662650000.0,3693200000.0,10384121894.0,11.0,8.365,328000000.0,1.509,1.0,1738400000.0,0.209,2313200000.0,71700000.0,6523200000.0,6010975000.0,756300000.0,487700000.0,0.0,487700000.0,5179600000.0,2310400000.0,2869200000.0,8395721894.0,-643200000.0,-1182000000.0,-395600000.0,736300000.0,-115500000.0,195000000.0,-1710500000.0,0.0,869600000.0,2700000.0,562400000.0,562400000.0,562400000.0,0.0,37000000.0,0.068,845500000.0,892900000.0,1819400000.0,0.206,2.273,14.928,15.178,2498900000.0,0.0,38.4,1.011,1.005,1861200000.0,4346000000.0,8307600000.0,8307600000.0,0.0,0.068,0.154,0.15,0.109,38900000.0,682200000.0,1.0,218638591.0,217388000,218137000.0,38.216,6627500000.0,0.0,269800000.0,24500000.0,30.487,872000000.0
22,BWA,MRT,2015-12-31,2015-12-31,2015-12-31,2021-08-04,-610200000.0,8825700000.0,7950425000.0,3135200000.0,5690500000.0,1.009,15.835,-577300000.0,577700000.0,577700000.0,6320100000.0,613900000.0,1.33,1.462,2550300000.0,441400000.0,2108900000.0,2550300000.0,0.0,320200000.0,0.0,0.012,0.52,899100000.0,1219300000.0,0.152,1219300000.0,899100000.0,838700000.0,2.57,2.56,2.57,3553700000.0,3615350000.0,3553700000.0,10465596175.0,12.0,8.583,290600000.0,1.295,1.0,1703100000.0,0.212,2301500000.0,60400000.0,6139600000.0,5769025000.0,723600000.0,460900000.0,0.0,460900000.0,5194200000.0,2357200000.0,2837000000.0,9689796175.0,-220100000.0,-1194900000.0,-349800000.0,1222700000.0,-116700000.0,736600000.0,-1759100000.0,0.0,867900000.0,-65500000.0,577200000.0,577200000.0,577200000.0,0.0,36700000.0,0.072,814800000.0,888300000.0,1866400000.0,0.202,2.727,16.788,16.821,2448100000.0,0.0,43.23,1.208,1.209,1665000000.0,4210100000.0,8023200000.0,8023200000.0,0.0,0.073,0.16,0.156,0.112,40200000.0,662000000.0,1.0,224145181.0,224414000,225648000.0,35.752,6524200000.0,0.0,261500000.0,49400000.0,29.072,778000000.0
23,BWA,MRT,2015-09-30,2015-09-30,2015-09-30,2021-08-04,-576700000.0,7687100000.0,7551000000.0,3301000000.0,4386100000.0,1.045,16.532,-583900000.0,1033300000.0,1033300000.0,6222500000.0,658400000.0,2.144,1.049,1809100000.0,74600000.0,1734500000.0,1809100000.0,0.0,340400000.0,0.0,0.013,0.52,963600000.0,1304000000.0,0.165,1304000000.0,963600000.0,910800000.0,2.77,2.75,2.77,3717000000.0,3630975000.0,3717000000.0,10108329662.0,10.0,7.752,141900000.0,0.631,1.0,1669500000.0,0.212,1183700000.0,52800000.0,5739400000.0,5295425000.0,523100000.0,438500000.0,0.0,438500000.0,3899200000.0,1539800000.0,2359400000.0,9412429662.0,250500000.0,-8100000.0,-201100000.0,501200000.0,-117200000.0,187300000.0,-592000000.0,0.0,725800000.0,-70600000.0,624300000.0,624300000.0,624300000.0,0.0,34100000.0,0.079,718100000.0,951400000.0,1436600000.0,0.188,2.532,15.077,15.014,2185200000.0,0.0,41.59,1.193,1.185,1551500000.0,4113600000.0,7892000000.0,7892000000.0,0.0,0.083,0.172,0.182,0.122,38500000.0,653000000.0,1.0,226314731.0,224837000,225991000.0,35.101,6503400000.0,56000000.0,286500000.0,28600000.0,28.925,1761200000.0
24,BWA,MRT,2015-06-30,2015-06-30,2015-06-30,2021-08-04,-539500000.0,7766300000.0,7449800000.0,3401400000.0,4364900000.0,1.079,16.36,-590700000.0,1107900000.0,1107900000.0,6344300000.0,665500000.0,2.08,1.089,1803800000.0,72100000.0,1731700000.0,1803800000.0,0.0,337000000.0,0.0,0.009,0.52,971800000.0,1308800000.0,0.163,1308800000.0,971800000.0,925000000.0,2.8,2.78,2.8,3686700000.0,3634375000.0,3686700000.0,13663820959.0,14.0,10.44,204200000.0,0.906,1.0,1695800000.0,0.211,1184900000.0,46800000.0,5641700000.0,4979925000.0,525700000.0,437500000.0,0.0,437500000.0,4014800000.0,1635600000.0,2379200000.0,12860920959.0,336500000.0,-7800000.0,-197300000.0,561400000.0,-118000000.0,249500000.0,-598500000.0,0.0,794900000.0,-109400000.0,633500000.0,633500000.0,633500000.0,0.0,32000000.0,0.079,743800000.0,952000000.0,1528200000.0,0.186,3.488,20.301,20.3,2160500000.0,0.0,56.84,1.6,1.593,1573000000.0,3985400000.0,8040100000.0,8040100000.0,0.0,0.085,0.174,0.195,0.121,36900000.0,679500000.0,1.0,226265323.0,225353000,226615000.0,35.678,6581400000.0,49800000.0,291500000.0,35300000.0,29.205,1765800000.0
25,BWA,MRT,2015-03-31,2015-03-31,2015-03-31,2021-08-04,-616900000.0,7522600000.0,7372475000.0,3325400000.0,4197200000.0,1.113,15.518,-576800000.0,1035500000.0,1035500000.0,6465600000.0,708000000.0,2.076,1.13,1838400000.0,107800000.0,1730600000.0,1838400000.0,0.0,333400000.0,0.0,0.009,0.515,1010400000.0,1343800000.0,0.164,1343800000.0,1010400000.0,972200000.0,2.98,2.96,2.98,3504000000.0,3669900000.0,3504000000.0,14237054058.0,14.0,10.595,211300000.0,0.936,1.0,1739600000.0,0.212,1168600000.0,38200000.0,5555400000.0,4698575000.0,506300000.0,422500000.0,0.0,422500000.0,3960100000.0,1601500000.0,2358600000.0,13694854058.0,227400000.0,-9000000.0,-189700000.0,468300000.0,-117100000.0,159100000.0,-585800000.0,0.0,788100000.0,-134000000.0,675600000.0,675600000.0,675600000.0,0.0,32400000.0,0.082,749500000.0,990100000.0,1484400000.0,0.173,3.908,20.271,20.295,2049900000.0,0.0,60.48,1.669,1.664,1564700000.0,3866600000.0,8205200000.0,8205200000.0,0.0,0.092,0.184,0.215,0.123,35200000.0,693300000.0,1.0,226436079.0,225796000,227088000.0,36.339,6354000000.0,79900000.0,296600000.0,9300000.0,28.14,1723900000.0
26,BWA,MRT,2014-12-31,2014-12-31,2014-12-31,2021-08-04,-383600000.0,7228000000.0,7331275000.0,2970800000.0,4257200000.0,1.133,15.92,-563000000.0,797800000.0,797800000.0,6548700000.0,687500000.0,1.37,0.978,1340000000.0,623700000.0,716300000.0,1340000000.0,0.0,330400000.0,0.0,0.009,0.51,984800000.0,1315200000.0,0.158,1315200000.0,984800000.0,948400000.0,2.89,2.86,2.89,3616200000.0,3714775000.0,3616200000.0,13022880254.0,13.0,9.902,238800000.0,1.051,1.0,1756400000.0,0.211,1356800000.0,36400000.0,4245200000.0,4499750000.0,505700000.0,403300000.0,0.0,403300000.0,3537100000.0,2168200000.0,1368900000.0,12494180254.0,-141700000.0,-102100000.0,-146600000.0,82100000.0,-116100000.0,-201700000.0,-665100000.0,0.0,801800000.0,-76700000.0,655800000.0,655800000.0,655800000.0,0.0,31700000.0,0.079,792700000.0,963700000.0,1530300000.0,0.176,3.455,19.052,19.014,2093900000.0,0.0,54.95,1.504,1.503,1443500000.0,3717100000.0,8305100000.0,8305100000.0,0.0,0.089,0.177,0.219,0.119,32100000.0,698900000.0,1.0,227373617.0,227150000,228924000.0,36.562,5871200000.0,93600000.0,292600000.0,14200000.0,25.847,802600000.0
27,BWA,MRT,2014-09-30,2014-09-30,2014-09-30,2021-08-04,-199900000.0,7282300000.0,7253525000.0,2951800000.0,4330500000.0,1.13,16.429,-517800000.0,782800000.0,782800000.0,6448900000.0,689500000.0,1.391,0.933,1311500000.0,605700000.0,705800000.0,1311500000.0,0.0,323300000.0,0.0,0.01,0.505,960900000.0,1284200000.0,0.157,1284200000.0,960900000.0,927100000.0,2.89,2.87,2.89,3730600000.0,3700875000.0,3730600000.0,12490728711.0,13.0,9.726,232400000.0,1.023,1.0,1749700000.0,0.213,1210800000.0,33800000.0,4477400000.0,4533250000.0,531800000.0,460800000.0,0.0,460800000.0,3482100000.0,2122800000.0,1359300000.0,12016828711.0,-137600000.0,-93000000.0,-107000000.0,13700000.0,-115100000.0,-225700000.0,-610800000.0,0.0,750200000.0,-51300000.0,657300000.0,657300000.0,657300000.0,0.0,32200000.0,0.08,821300000.0,928400000.0,1503900000.0,0.175,3.221,18.282,18.204,2067400000.0,0.0,52.61,1.466,1.457,1466100000.0,3606500000.0,8198600000.0,8198600000.0,0.0,0.091,0.178,0.212,0.117,31400000.0,696600000.0,1.0,228413395.0,227077000,228668000.0,36.105,6071500000.0,49700000.0,269800000.0,13200000.0,26.738,829000000.0
28,BWA,MRT,2014-06-30,2014-06-30,2014-06-30,2021-08-04,-18600000.0,7457000000.0,7174025000.0,3037300000.0,4419700000.0,1.111,16.817,-480300000.0,771400000.0,771400000.0,6267900000.0,689400000.0,1.399,0.931,1245300000.0,541100000.0,704200000.0,1245300000.0,0.0,313300000.0,0.0,0.008,0.5,944600000.0,1257900000.0,0.158,1257900000.0,944600000.0,911700000.0,2.89,2.86,2.89,3828800000.0,3610050000.0,3828800000.0,15461895625.0,16.0,12.292,264700000.0,1.163,1.0,1704800000.0,0.214,1243900000.0,32900000.0,4516300000.0,4526700000.0,528000000.0,469900000.0,0.0,469900000.0,3563300000.0,2170700000.0,1392600000.0,14903895625.0,-45600000.0,-87100000.0,-115100000.0,-16100000.0,-113600000.0,-262300000.0,-567400000.0,0.0,745000000.0,39100000.0,657500000.0,657500000.0,657500000.0,0.0,31900000.0,0.082,792200000.0,912600000.0,1622000000.0,0.173,3.893,22.668,22.557,2089300000.0,0.0,65.19,1.869,1.862,1571700000.0,3469900000.0,7972700000.0,7972700000.0,0.0,0.092,0.182,0.209,0.118,30000000.0,679800000.0,1.0,228622421.0,227678000,229670000.0,35.017,6213100000.0,53000000.0,254200000.0,7600000.0,27.289,866600000.0
29,BWA,MRT,2014-03-31,2014-03-31,2014-03-31,2021-08-04,-16800000.0,7357800000.0,6986125000.0,3021300000.0,4336500000.0,1.098,16.196,-456600000.0,808100000.0,808100000.0,6041000000.0,669600000.0,1.581,0.983,1366100000.0,338500000.0,1027600000.0,1366100000.0,0.0,305300000.0,0.0,0.006,0.375,909600000.0,1214900000.0,0.158,1214900000.0,909600000.0,876900000.0,2.81,2.78,2.81,3683500000.0,3451625000.0,3683500000.0,14294863598.0,16.0,11.766,292300000.0,1.285,1.0,1628600000.0,0.212,1244800000.0,32700000.0,4760100000.0,4455050000.0,516900000.0,440200000.0,0.0,440200000.0,3620500000.0,1910900000.0,1709600000.0,14011763598.0,112700000.0,-85700000.0,-185500000.0,144900000.0,-85200000.0,-139100000.0,-542300000.0,0.0,748900000.0,45200000.0,641400000.0,641400000.0,641400000.0,0.0,28200000.0,0.084,755600000.0,873000000.0,1562600000.0,0.133,3.804,21.846,21.875,2027800000.0,0.0,61.47,1.827,1.823,1546100000.0,3308100000.0,7669600000.0,7669600000.0,0.0,0.092,0.186,0.204,0.119,29200000.0,654200000.0,1.0,227944747.0,227430000,229327000.0,33.723,6113000000.0,51500000.0,235500000.0,9800000.0,26.879,1110400000.0
30,BWA,MRT,2013-12-31,2013-12-31,2013-12-31,2021-08-04,-14000000.0,6917000000.0,6778900000.0,2798500000.0,4118500000.0,1.097,15.576,-417800000.0,939500000.0,939500000.0,5879100000.0,651000000.0,1.723,0.922,1222600000.0,201600000.0,1021000000.0,1222600000.0,0.0,299400000.0,0.0,0.004,0.25,876800000.0,1176200000.0,0.158,1176200000.0,876800000.0,842600000.0,2.73,2.7,2.73,3560600000.0,3307275000.0,3560600000.0,13074586151.0,15.0,11.116,301000000.0,1.317,1.0,1557500000.0,0.209,1197000000.0,34200000.0,4379200000.0,4335275000.0,458100000.0,405100000.0,0.0,405100000.0,3284600000.0,1623900000.0,1660700000.0,12722686151.0,223800000.0,33000000.0,-233400000.0,168100000.0,-56800000.0,-135400000.0,-384800000.0,0.0,718800000.0,25200000.0,624300000.0,624300000.0,624300000.0,0.0,26700000.0,0.084,702300000.0,855200000.0,1383800000.0,0.092,3.573,20.379,20.48,1939400000.0,0.0,55.91,1.711,1.719,1248500000.0,3177400000.0,7436600000.0,7436600000.0,0.0,0.092,0.189,0.202,0.118,36600000.0,639700000.0,1.0,227556540.0,228600000,231337000.0,32.531,5720000000.0,68700000.0,218300000.0,38500000.0,25.022,1174600000.0
31,BWA,MRT,2013-09-30,2013-09-30,2013-09-30,2021-08-04,-91000000.0,6964300000.0,6649850000.0,2906200000.0,4058100000.0,1.093,14.792,-422300000.0,920400000.0,920400000.0,5775200000.0,628200000.0,1.735,1.048,1272300000.0,253700000.0,1018600000.0,1272300000.0,0.0,272800000.0,0.0,0.002,0.125,859600000.0,1132400000.0,0.156,1132400000.0,859600000.0,826300000.0,2.63,2.595,2.63,3367300000.0,3187775000.0,3367300000.0,12019899609.0,14.0,10.615,428600000.0,1.883,1.0,1495100000.0,0.206,1190300000.0,33300000.0,4451200000.0,4232425000.0,454700000.0,402300000.0,0.0,402300000.0,3529600000.0,1674700000.0,1854900000.0,11606799609.0,298900000.0,24300000.0,-293700000.0,174700000.0,-28500000.0,-196700000.0,-398000000.0,0.0,850900000.0,42700000.0,604100000.0,604100000.0,604100000.0,0.0,24100000.0,0.083,663000000.0,832100000.0,1377700000.0,0.048,3.447,19.213,19.276,1875400000.0,0.0,50.695,1.596,1.587,1347500000.0,3065600000.0,7270300000.0,7270300000.0,0.0,0.091,0.19,0.203,0.118,45000000.0,628800000.0,1.0,228953538.0,227638000,230476000.0,31.938,5774000000.0,85300000.0,222200000.0,43300000.0,25.365,1231500000.0
32,BWA,MRT,2013-06-30,2013-06-30,2013-06-30,2021-08-04,-187800000.0,6705400000.0,6495400000.0,2736900000.0,3968500000.0,1.102,13.922,-413800000.0,817000000.0,817000000.0,5700100000.0,561200000.0,1.594,1.08,1230100000.0,316800000.0,913300000.0,1230100000.0,0.0,270900000.0,0.0,0.0,0.0,798700000.0,1069600000.0,0.149,1069600000.0,798700000.0,768500000.0,2.34,2.3,2.34,3195100000.0,3107150000.0,3195100000.0,10460594132.0,13.0,9.78,454800000.0,1.982,1.0,1459200000.0,0.204,1172200000.0,30200000.0,4229700000.0,4141400000.0,439200000.0,392200000.0,0.0,392200000.0,3449400000.0,1716600000.0,1732800000.0,9955294132.0,335100000.0,73800000.0,-222300000.0,82200000.0,0.0,-201100000.0,-340000000.0,0.0,868600000.0,7600000.0,538400000.0,538400000.0,538400000.0,0.0,22800000.0,0.075,686000000.0,773200000.0,1359100000.0,0.0,3.116,18.491,18.408,1796300000.0,0.0,43.075,1.391,1.381,1339700000.0,2927300000.0,7159300000.0,7159300000.0,0.0,0.083,0.173,0.193,0.112,48000000.0,622100000.0,1.0,231115360.0,229496000,232202000.0,31.196,5533200000.0,58100000.0,230100000.0,40700000.0,24.11,1020300000.0
33,BWA,MRT,2013-03-31,2013-03-31,2013-03-31,2021-08-04,-189200000.0,6528900000.0,6374225000.0,2601500000.0,3927400000.0,1.117,13.483,-399800000.0,695400000.0,695400000.0,5676000000.0,507300000.0,1.643,1.084,1200700000.0,229300000.0,971400000.0,1200700000.0,0.0,264600000.0,0.0,0.0,0.0,750900000.0,1015500000.0,0.143,1015500000.0,750900000.0,716900000.0,2.12,2.05,2.12,3106100000.0,3026800000.0,3106100000.0,9295086463.0,12.0,9.153,464400000.0,2.016,1.0,1445800000.0,0.203,1170000000.0,34000000.0,4281000000.0,4138200000.0,449500000.0,377500000.0,0.0,377500000.0,3367300000.0,1583200000.0,1784100000.0,8943586463.0,298500000.0,73400000.0,-329400000.0,164900000.0,0.0,-226200000.0,-326400000.0,0.0,864200000.0,-13100000.0,484900000.0,484900000.0,484900000.0,0.0,22400000.0,0.068,720100000.0,725700000.0,1311900000.0,0.0,2.879,18.444,18.241,1765200000.0,0.0,38.67,1.256,1.251,1318400000.0,2753200000.0,7121800000.0,7121800000.0,0.0,0.076,0.16,0.181,0.105,50900000.0,619600000.0,1.0,231279712.0,230372000,233130000.0,30.914,5358900000.0,60700000.0,232000000.0,42000000.0,23.262,1018300000.0
34,BWA,MRT,2012-12-31,2012-12-31,2012-12-31,2021-08-04,-121300000.0,6400800000.0,6312325000.0,2472800000.0,3928000000.0,1.138,13.682,-407400000.0,715700000.0,715700000.0,5716300000.0,522400000.0,1.543,1.056,1067200000.0,243400000.0,823800000.0,1067200000.0,0.0,260200000.0,0.0,0.0,0.0,778900000.0,1039100000.0,0.145,1039100000.0,778900000.0,739500000.0,2.22,2.09,2.22,3082600000.0,2914775000.0,3082600000.0,8863500110.0,11.0,8.53,471300000.0,2.092,1.0,1466900000.0,0.204,1181400000.0,39400000.0,3967800000.0,4121125000.0,447600000.0,382700000.0,0.0,382700000.0,3254700000.0,1603100000.0,1651600000.0,8382200110.0,356100000.0,62200000.0,-243900000.0,110300000.0,0.0,-188600000.0,-345200000.0,0.0,878700000.0,11200000.0,500900000.0,500900000.0,500900000.0,0.0,21500000.0,0.07,714000000.0,752900000.0,1287200000.0,0.0,2.719,16.734,16.131,1788000000.0,0.0,35.81,1.167,1.123,1147300000.0,2611200000.0,7183200000.0,7183200000.0,0.0,0.079,0.172,0.189,0.108,56700000.0,629300000.0,1.0,234074284.0,225304000,242754000.0,31.882,5219400000.0,94700000.0,238600000.0,72500000.0,23.166,869700000.0
35,BWA,MRT,2012-09-30,2012-09-30,2012-09-30,2021-08-04,-120600000.0,6346500000.0,6201775000.0,2493600000.0,3852900000.0,1.167,13.319,-402600000.0,621500000.0,621500000.0,5755400000.0,523000000.0,1.59,1.064,1102800000.0,236500000.0,866300000.0,1102800000.0,0.0,255000000.0,0.0,0.0,0.0,800000000.0,1055000000.0,0.146,1055000000.0,800000000.0,750100000.0,2.275,2.06,2.275,3044800000.0,2741100000.0,3044800000.0,8580325458.0,11.0,8.133,375100000.0,1.641,1.0,1482400000.0,0.205,1172300000.0,49900000.0,4087100000.0,4088300000.0,475300000.0,380700000.0,0.0,380700000.0,3241000000.0,1568400000.0,1672600000.0,7909025458.0,244500000.0,84600000.0,-229900000.0,77100000.0,0.0,-202300000.0,-318000000.0,0.0,777700000.0,-12900000.0,501700000.0,501700000.0,501700000.0,0.0,21300000.0,0.069,717200000.0,765200000.0,1276500000.0,0.0,2.598,15.764,15.189,1698700000.0,0.0,34.555,1.093,1.091,1261400000.0,2490000000.0,7237800000.0,7237800000.0,0.0,0.081,0.183,0.196,0.111,46400000.0,619900000.0,1.0,228882230.0,228598000,236998000.0,31.662,5174200000.0,33800000.0,248400000.0,55400000.0,22.634,925200000.0
36,BWA,MRT,2012-06-30,2012-06-30,2012-06-30,2021-08-04,-182600000.0,6220700000.0,6138725000.0,2420500000.0,3800200000.0,1.195,12.813,-422200000.0,481900000.0,481900000.0,5844900000.0,563800000.0,1.599,1.144,1153200000.0,197000000.0,956200000.0,1153200000.0,0.0,254000000.0,0.0,0.0,0.0,836200000.0,1090200000.0,0.149,1090200000.0,836200000.0,772800000.0,2.485,2.21,2.485,2873700000.0,2581275000.0,2873700000.0,8530601761.0,10.0,7.825,346500000.0,1.545,1.0,1489500000.0,0.203,1161800000.0,63400000.0,4216900000.0,4062075000.0,472700000.0,363700000.0,0.0,363700000.0,3286200000.0,1513300000.0,1772900000.0,7517501761.0,109500000.0,29400000.0,-226100000.0,66300000.0,0.0,-225900000.0,-392800000.0,0.0,768700000.0,-40500000.0,542200000.0,542200000.0,542200000.0,0.0,21600000.0,0.074,688500000.0,801000000.0,1279300000.0,0.0,2.616,13.865,13.197,1672700000.0,0.0,32.795,1.025,1.003,1327700000.0,2388900000.0,7334400000.0,7334400000.0,0.0,0.088,0.21,0.206,0.114,41700000.0,620300000.0,1.0,229227070.0,224278000,242946000.0,32.702,5058900000.0,37500000.0,230600000.0,37000000.0,22.556,907200000.0
37,BWA,MRT,2012-03-31,2012-03-31,2012-03-31,2021-08-04,-94800000.0,6281300000.0,6140050000.0,2410000000.0,3871300000.0,1.188,12.258,-418500000.0,396900000.0,396900000.0,5833400000.0,604900000.0,1.281,1.34,1410000000.0,561300000.0,848700000.0,1410000000.0,0.0,255100000.0,0.0,0.0,0.0,866800000.0,1121900000.0,0.154,1121900000.0,866800000.0,795500000.0,2.69,2.365,2.69,2658000000.0,2470575000.0,2658000000.0,10174750841.0,12.0,9.069,361900000.0,1.669,1.0,1463400000.0,0.201,1200500000.0,71300000.0,4212700000.0,4039150000.0,480800000.0,345600000.0,0.0,345600000.0,3560500000.0,1881200000.0,1679300000.0,9205250841.0,174000000.0,29400000.0,-103600000.0,-42200000.0,0.0,-201000000.0,-389100000.0,0.0,780400000.0,-16300000.0,583600000.0,583600000.0,583600000.0,0.0,21300000.0,0.08,627600000.0,835800000.0,1291300000.0,0.0,3.463,15.773,15.677,1696400000.0,0.0,42.17,1.262,1.253,1369400000.0,2268300000.0,7296800000.0,7296800000.0,0.0,0.095,0.236,0.215,0.119,38000000.0,624900000.0,1.0,218289088.0,216840000,255484000.0,33.651,5080800000.0,69600000.0,211900000.0,28600000.0,23.431,528800000.0
38,BWA,MRT,2011-12-31,2011-12-31,2011-12-31,2021-08-04,-150800000.0,5958600000.0,6071475000.0,2137800000.0,3820800000.0,1.172,10.931,-393700000.0,359600000.0,359600000.0,5704300000.0,570600000.0,1.122,1.468,1329100000.0,577800000.0,751300000.0,1329100000.0,0.0,252200000.0,0.0,0.0,0.0,820000000.0,1072200000.0,0.151,1072200000.0,820000000.0,745400000.0,2.52,2.22,2.52,2387900000.0,2382675000.0,2387900000.0,8009081356.0,10.0,7.47,314500000.0,1.44,1.0,1410400000.0,0.198,1186200000.0,74600000.0,3836500000.0,4099875000.0,454300000.0,345300000.0,0.0,345300000.0,3505600000.0,1905400000.0,1600200000.0,6993581356.0,-90300000.0,-170800000.0,-304600000.0,123100000.0,0.0,-219700000.0,-564500000.0,0.0,708200000.0,-14300000.0,550100000.0,550100000.0,550100000.0,0.0,20500000.0,0.077,621000000.0,789400000.0,1297800000.0,0.0,2.929,12.713,12.647,1664300000.0,0.0,31.87,0.983,0.979,1183000000.0,2110300000.0,7114700000.0,7114700000.0,0.0,0.091,0.231,0.2,0.115,21800000.0,621000000.0,1.0,219440896.0,218458000,256936000.0,32.568,4772400000.0,58500000.0,195300000.0,29800000.0,21.846,232400000.0
39,BWA,MRT,2011-09-30,2011-09-30,2011-09-30,2021-08-04,-85000000.0,6094300000.0,5970575000.0,2267700000.0,3826600000.0,1.151,11.057,-362900000.0,377000000.0,377000000.0,5517600000.0,559000000.0,1.179,1.508,1392500000.0,525300000.0,867200000.0,1392500000.0,0.0,240300000.0,0.0,0.0,0.0,786900000.0,1027200000.0,0.149,1027200000.0,786900000.0,707500000.0,2.46,2.175,2.46,2405500000.0,2350350000.0,2405500000.0,7711180044.0,10.0,7.507,336400000.0,1.546,1.0,1356800000.0,0.197,1203500000.0,79400000.0,3982200000.0,4085675000.0,482400000.0,354800000.0,0.0,354800000.0,3628600000.0,1924100000.0,1704500000.0,6634680044.0,-55200000.0,-193300000.0,-326800000.0,175700000.0,0.0,-188200000.0,-556200000.0,0.0,699300000.0,-10100000.0,539800000.0,539800000.0,539800000.0,0.0,19200000.0,0.079,593000000.0,763800000.0,1346500000.0,0.0,2.758,12.291,12.303,1637200000.0,0.0,30.265,0.965,0.958,1237900000.0,1988100000.0,6874400000.0,6874400000.0,0.0,0.09,0.23,0.193,0.114,23600000.0,622500000.0,1.0,219219562.0,217558000,255880000.0,31.598,4890800000.0,80000000.0,167700000.0,52300000.0,22.48,343600000.0
40,BWA,MRT,2011-06-30,2011-06-30,2011-06-30,2021-08-04,65900000.0,6226000000.0,5841425000.0,2305700000.0,3920300000.0,1.112,11.175,-329100000.0,372400000.0,372400000.0,5214200000.0,523800000.0,1.191,1.533,1448900000.0,529400000.0,919500000.0,1448900000.0,0.0,235000000.0,0.0,0.0,0.0,709700000.0,944700000.0,0.145,944700000.0,709700000.0,630400000.0,2.285,2.035,2.285,2430900000.0,2312950000.0,2430900000.0,10059734399.0,14.0,10.649,251100000.0,1.154,1.0,1279300000.0,0.197,1240700000.0,79300000.0,4125200000.0,4038925000.0,495500000.0,336800000.0,0.0,336800000.0,3727500000.0,1936600000.0,1790900000.0,8846934399.0,184900000.0,-193200000.0,-358100000.0,450900000.0,0.0,85600000.0,-522300000.0,0.0,580200000.0,41400000.0,504900000.0,504900000.0,504900000.0,0.0,18900000.0,0.078,591300000.0,688000000.0,1362100000.0,0.0,3.639,17.522,17.678,1681400000.0,0.0,40.395,1.362,1.353,1269900000.0,1846700000.0,6493500000.0,6493500000.0,0.0,0.086,0.218,0.176,0.109,23400000.0,621300000.0,1.0,219010630.0,217522000,256284000.0,29.852,4985300000.0,79300000.0,125500000.0,45100000.0,22.919,369100000.0
41,BWA,MRT,2011-03-31,2011-03-31,2011-03-31,2021-08-04,31100000.0,6007000000.0,5527225000.0,2153700000.0,3853300000.0,1.103,10.424,-291500000.0,222900000.0,222900000.0,4898800000.0,444200000.0,1.405,1.584,1435700000.0,176200000.0,1259500000.0,1435700000.0,0.0,228300000.0,0.0,0.0,0.0,600400000.0,828700000.0,0.136,828700000.0,600400000.0,527400000.0,1.9,1.72,1.9,2306400000.0,2209250000.0,2306400000.0,9634945607.0,16.0,11.627,141900000.0,0.641,1.0,1197600000.0,0.196,1231700000.0,73000000.0,4455600000.0,3828875000.0,490700000.0,319500000.0,0.0,319500000.0,3653200000.0,1532500000.0,2120700000.0,8904445607.0,-151200000.0,-357500000.0,-427700000.0,490000000.0,0.0,43900000.0,-649000000.0,0.0,433400000.0,20500000.0,425700000.0,425700000.0,425700000.0,0.0,18500000.0,0.07,620600000.0,577000000.0,1318100000.0,0.0,3.861,20.917,20.971,1623200000.0,0.0,39.845,1.461,1.446,1278400000.0,1684800000.0,6096400000.0,6096400000.0,0.0,0.077,0.193,0.157,0.098,22700000.0,601400000.0,1.0,223477114.0,221268000,260448000.0,27.552,4775300000.0,72900000.0,101700000.0,38200000.0,21.582,621200000.0
42,BWA,MRT,2010-12-31,2010-12-31,2010-12-31,2021-08-04,-53700000.0,5555000000.0,5267025000.0,2059900000.0,3495100000.0,1.073,9.893,-276600000.0,449900000.0,449900000.0,4559500000.0,396200000.0,1.479,1.437,1180400000.0,128500000.0,1051900000.0,1180400000.0,0.0,224500000.0,0.0,0.0,0.0,527900000.0,752400000.0,0.133,752400000.0,527900000.0,459100000.0,1.655,1.535,1.655,2258600000.0,2183700000.0,2258600000.0,8990498849.0,17.0,11.949,262300000.0,1.149,1.0,1093300000.0,0.193,1113500000.0,68800000.0,3779700000.0,3533025000.0,430600000.0,307900000.0,0.0,307900000.0,3245200000.0,1392300000.0,1852900000.0,8231398849.0,92500000.0,-152900000.0,-258600000.0,256300000.0,0.0,-13200000.0,-429500000.0,0.0,538900000.0,-3700000.0,377400000.0,377400000.0,377400000.0,0.0,18800000.0,0.067,589000000.0,504300000.0,1224100000.0,0.0,3.644,21.811,21.861,1542600000.0,0.0,36.18,1.456,1.461,1023900000.0,1560200000.0,5652800000.0,5652800000.0,0.0,0.072,0.173,0.149,0.093,22800000.0,566600000.0,1.0,227512406.0,228310000,259150000.0,24.759,4441500000.0,75800000.0,81700000.0,39700000.0,19.454,667600000.0
43,BWA,MRT,2010-09-30,2010-09-30,2010-09-30,2021-08-04,-39600000.0,5577700000.0,5081125000.0,2103700000.0,3474000000.0,1.047,10.003,-232600000.0,432200000.0,432200000.0,4317300000.0,337200000.0,1.48,1.451,1191300000.0,146200000.0,1045100000.0,1191300000.0,0.0,232900000.0,0.0,0.0,0.0,438100000.0,671000000.0,0.126,671000000.0,438100000.0,375200000.0,1.385,1.315,1.385,2255900000.0,2165375000.0,2255900000.0,6778371962.0,15.0,10.102,204800000.0,0.908,1.0,1000400000.0,0.188,1120000000.0,62900000.0,3795200000.0,3385275000.0,442000000.0,310300000.0,0.0,310300000.0,3272700000.0,1421600000.0,1851100000.0,5999571962.0,173400000.0,-150100000.0,-154000000.0,314400000.0,0.0,119100000.0,-382700000.0,0.0,437400000.0,-400000.0,318400000.0,318400000.0,318400000.0,0.0,18800000.0,0.06,586200000.0,414200000.0,1229900000.0,0.0,2.66,18.843,18.996,1509100000.0,0.0,26.31,1.128,1.116,1064400000.0,1448500000.0,5317700000.0,5317700000.0,0.0,0.063,0.147,0.129,0.082,19700000.0,562700000.0,1.0,228033902.0,225514000,255608000.0,23.58,4457700000.0,78900000.0,56800000.0,45500000.0,19.767,682100000.0
44,BWA,MRT,2010-06-30,2010-06-30,2010-06-30,2021-08-04,-193500000.0,4969200000.0,4884500000.0,1702300000.0,3266900000.0,1.01,8.738,-191100000.0,187500000.0,187500000.0,4055700000.0,245700000.0,1.231,1.444,966300000.0,185700000.0,780600000.0,966300000.0,0.0,235000000.0,0.0,0.0,0.0,340500000.0,575500000.0,0.117,575500000.0,340500000.0,283000000.0,0.985,0.955,0.985,2016100000.0,2135700000.0,2016100000.0,4928055798.0,14.0,8.563,194400000.0,0.843,1.0,878900000.0,0.178,1080700000.0,57500000.0,3285000000.0,3250700000.0,378800000.0,290000000.0,0.0,290000000.0,2911100000.0,1382300000.0,1528800000.0,4395755798.0,-69400000.0,-144800000.0,-125000000.0,72500000.0,0.0,-94500000.0,-335900000.0,0.0,385500000.0,-24500000.0,228900000.0,228900000.0,228900000.0,0.0,16800000.0,0.046,560200000.0,318700000.0,1161800000.0,0.0,2.18,19.204,18.954,1405900000.0,0.0,18.67,0.891,0.873,977400000.0,1341900000.0,4934600000.0,4934600000.0,0.0,0.047,0.107,0.105,0.069,20100000.0,538400000.0,1.0,235444874.0,230724000,258156000.0,21.387,3888500000.0,66600000.0,54100000.0,34800000.0,16.853,320000000.0
45,BWA,MRT,2010-03-31,2010-03-31,2010-03-31,2021-08-04,-60600000.0,4966200000.0,4794950000.0,1759000000.0,3207200000.0,0.924,9.47,-188700000.0,374100000.0,374100000.0,3709400000.0,124100000.0,1.484,1.236,906400000.0,132400000.0,774000000.0,906400000.0,0.0,234400000.0,0.0,0.0,0.0,171500000.0,405900000.0,0.092,405900000.0,171500000.0,119200000.0,0.47,0.46,0.47,2204200000.0,2146075000.0,2204200000.0,4948727643.0,29.0,12.192,158400000.0,0.681,1.0,719700000.0,0.162,1041200000.0,52300000.0,3272200000.0,3222875000.0,350300000.0,264900000.0,0.0,264900000.0,2723400000.0,1185100000.0,1538300000.0,4463827643.0,283300000.0,19000000.0,23300000.0,160300000.0,0.0,112900000.0,-169700000.0,0.0,347100000.0,-7000000.0,110200000.0,110200000.0,110200000.0,0.0,13900000.0,0.025,567800000.0,151900000.0,1042600000.0,0.0,2.025,40.507,40.617,1436400000.0,0.0,19.09,1.008,1.003,885200000.0,1262800000.0,4429100000.0,4429100000.0,0.0,0.023,0.051,0.053,0.039,21700000.0,516000000.0,1.0,233830678.0,232750000,259326000.0,19.029,3925000000.0,52000000.0,9000000.0,10100000.0,16.864,573900000.0
46,BWA,MRT,2009-12-31,2009-12-31,2009-12-31,2021-08-04,14500000.0,4811400000.0,4641825000.0,1551800000.0,3259600000.0,0.854,9.377,-172000000.0,357400000.0,357400000.0,3401000000.0,36400000.0,1.483,1.185,842300000.0,69100000.0,773200000.0,842300000.0,0.0,234600000.0,0.0,0.004,0.06,65700000.0,300300000.0,0.076,300300000.0,65700000.0,8500000.0,0.115,0.115,0.115,2185300000.0,2085275000.0,2185300000.0,4466840122.0,68.0,14.875,179000000.0,0.768,1.0,560800000.0,0.142,1061400000.0,57200000.0,3188700000.0,3112500000.0,314300000.0,257400000.0,0.0,257400000.0,2588700000.0,1046200000.0,1542500000.0,3877940122.0,254000000.0,17200000.0,8700000.0,102400000.0,-13800000.0,44800000.0,-154800000.0,0.0,351000000.0,13000000.0,27000000.0,27000000.0,27000000.0,0.0,9400000.0,0.007,510000000.0,50800000.0,977100000.0,0.522,1.775,143.627,144.435,1490300000.0,0.0,16.61,0.979,0.977,732000000.0,1193400000.0,3961800000.0,3961800000.0,0.0,0.006,0.013,0.021,0.017,22000000.0,459800000.0,1.0,233470206.0,233044000,233878000.0,17.0,3750000000.0,60200000.0,-18500000.0,0.0,16.091,505600000.0
47,BWA,MRT,2009-09-30,2009-09-30,2009-09-30,2021-08-04,21500000.0,4791200000.0,4599975000.0,1504900000.0,3286300000.0,0.803,9.155,-231300000.0,258800000.0,258800000.0,3273500000.0,-99500000.0,1.427,1.226,847700000.0,76800000.0,770900000.0,847700000.0,0.0,230300000.0,0.0,0.008,0.115,-134300000.0,96000000.0,0.026,96000000.0,-134300000.0,-185700000.0,-0.46,-0.46,-0.46,2137200000.0,2040450000.0,2137200000.0,4135041476.0,-31.0,43.073,130700000.0,0.56,1.0,421500000.0,0.114,1068600000.0,51400000.0,3256900000.0,3069950000.0,314600000.0,247200000.0,0.0,247200000.0,2620500000.0,1054600000.0,1565900000.0,3529941476.0,123000000.0,73300000.0,-800000.0,93700000.0,-26600000.0,-93900000.0,-158000000.0,0.0,362000000.0,12900000.0,-107100000.0,-107100000.0,-107100000.0,0.0,7600000.0,-0.029,570300000.0,-148800000.0,973200000.0,-0.25,1.652,-32.959,-32.891,1525000000.0,0.0,15.13,0.955,0.956,779600000.0,1155900000.0,3695000000.0,3695000000.0,0.0,-0.023,-0.052,-0.044,-0.036,26500000.0,407900000.0,1.0,233307434.0,233458000,234990000.0,15.827,3722600000.0,57900000.0,-78600000.0,4600000.0,15.945,450300000.0
48,BWA,MRT,2009-06-30,2009-06-30,2009-06-30,2021-08-04,-31400000.0,4611000000.0,4623675000.0,1394800000.0,3216200000.0,0.862,8.826,-295800000.0,256900000.0,256900000.0,3512100000.0,-247500000.0,1.416,1.229,862000000.0,95800000.0,766200000.0,862000000.0,0.0,238300000.0,0.0,0.01,0.17,-260900000.0,-22600000.0,-0.006,-22600000.0,-260900000.0,-310500000.0,-1.095,-1.095,-1.095,2057600000.0,2062900000.0,2057600000.0,4605498587.0,-18.0,-203.783,11700000.0,0.05,1.0,472000000.0,0.118,1057300000.0,49600000.0,3173700000.0,3013025000.0,313500000.0,232800000.0,0.0,232800000.0,2528200000.0,985100000.0,1543100000.0,3979398587.0,31000000.0,15400000.0,-15600000.0,208400000.0,-39100000.0,-6300000.0,-280400000.0,0.0,307500000.0,10200000.0,-254700000.0,-254700000.0,-254700000.0,0.0,7200000.0,-0.064,752200000.0,-280200000.0,889300000.0,-0.155,1.934,-15.624,-15.594,1502100000.0,0.0,17.075,0.999,0.999,681100000.0,1141000000.0,3984100000.0,3984100000.0,0.0,-0.055,-0.123,-0.087,-0.065,26600000.0,416800000.0,1.0,233054090.0,233128000,233128000.0,17.09,3553700000.0,62000000.0,-55800000.0,0.0,15.244,409700000.0
49,BWA,MRT,2009-03-31,2009-03-31,2009-03-31,2021-08-04,-117500000.0,4353700000.0,4831275000.0,1188400000.0,3165300000.0,0.949,8.45,-332900000.0,90800000.0,90800000.0,3949900000.0,-121300000.0,1.07,1.207,716900000.0,250400000.0,466500000.0,716900000.0,0.0,250200000.0,0.0,0.022,0.225,-86800000.0,163400000.0,0.036,163400000.0,-86800000.0,-138200000.0,-0.565,-0.57,-0.565,1961000000.0,2187225000.0,1961000000.0,3022214541.0,-35.0,18.496,61400000.0,0.265,1.0,634600000.0,0.138,1038100000.0,51400000.0,2830700000.0,3025425000.0,352400000.0,243000000.0,0.0,243000000.0,2366800000.0,1111000000.0,1255800000.0,2345314541.0,-112600000.0,16100000.0,-27500000.0,-12900000.0,-52100000.0,-224800000.0,-305900000.0,10900000.0,394300000.0,23800000.0,-131300000.0,-131300000.0,-131300000.0,0.0,10000000.0,-0.029,746600000.0,-112000000.0,851400000.0,-0.398,1.196,-17.862,-17.965,1510100000.0,0.0,10.15,0.512,0.514,622100000.0,1179600000.0,4584500000.0,4584500000.0,0.0,-0.027,-0.06,-0.029,-0.019,20900000.0,461300000.0,1.0,231065472.0,232058000,232058000.0,19.756,3315600000.0,61700000.0,-6900000.0,9200000.0,14.288,77400000.0
50,BWA,MRT,2008-12-31,2008-12-31,2008-12-31,2021-08-04,-85900000.0,4644000000.0,5064650000.0,1308200000.0,3335800000.0,1.039,8.646,-369700000.0,103400000.0,103400000.0,4425400000.0,-19300000.0,1.047,1.299,780300000.0,320700000.0,459600000.0,780300000.0,0.0,259700000.0,0.0,0.02,0.22,36500000.0,296200000.0,0.056,296200000.0,36500000.0,-2300000.0,-0.155,-0.155,-0.155,2006000000.0,2316825000.0,2006000000.0,3099375981.0,85.0,10.464,31100000.0,0.134,1.0,838500000.0,0.159,1052400000.0,38800000.0,3018500000.0,3137050000.0,451200000.0,266500000.0,0.0,266500000.0,2606500000.0,1250000000.0,1356500000.0,2520875981.0,-85100000.0,11200000.0,-38800000.0,107500000.0,-51100000.0,-136100000.0,-343900000.0,14600000.0,400800000.0,-5900000.0,-35600000.0,-35600000.0,-35600000.0,0.0,16300000.0,-0.007,831200000.0,7300000.0,923000000.0,-1.419,1.257,-70.811,-70.226,1586200000.0,0.0,10.885,0.479,0.48,607100000.0,1200500000.0,5263900000.0,5263900000.0,0.0,-0.007,-0.015,0.012,0.007,21200000.0,542900000.0,1.0,231591730.0,232014000,232014000.0,22.688,3591600000.0,67500000.0,33300000.0,6300000.0,15.48,58200000.0
51,BWA,MRT,2008-09-30,2008-09-30,2008-09-30,2021-08-04,40600000.0,4886000000.0,5143275000.0,1625000000.0,3261000000.0,1.109,9.599,-364900000.0,135800000.0,135800000.0,4683000000.0,159200000.0,1.188,1.194,714300000.0,283000000.0,431300000.0,714300000.0,0.0,268100000.0,0.0,0.013,0.208,289400000.0,557500000.0,0.098,557500000.0,289400000.0,252800000.0,0.505,0.485,0.505,2227000000.0,2395600000.0,2227000000.0,4209865817.0,15.0,7.551,137600000.0,0.593,1.0,1022300000.0,0.179,1067700000.0,36600000.0,3029200000.0,3170975000.0,499700000.0,248600000.0,0.0,248600000.0,2659000000.0,1367600000.0,1291400000.0,3808865817.0,-1600000.0,-39000000.0,-29600000.0,92500000.0,-48100000.0,-138400000.0,-365400000.0,38500000.0,502500000.0,-300000.0,117000000.0,117000000.0,117000000.0,0.0,42200000.0,0.021,760800000.0,261500000.0,980400000.0,0.412,1.71,32.554,32.446,1611400000.0,0.0,16.385,0.668,0.666,849100000.0,1294600000.0,5705300000.0,5705300000.0,0.0,0.023,0.049,0.091,0.051,16200000.0,586300000.0,1.0,232460532.0,231998000,231998000.0,24.592,3818300000.0,51900000.0,135800000.0,27500000.0,16.458,257400000.0
52,BWA,MRT,2008-06-30,2008-06-30,2008-06-30,2021-08-04,216900000.0,5441400000.0,5135325000.0,1812100000.0,3629300000.0,1.11,10.989,-333600000.0,225900000.0,225900000.0,4653300000.0,370400000.0,1.344,1.13,626900000.0,195800000.0,431100000.0,626900000.0,0.0,260800000.0,0.0,0.009,0.195,486800000.0,747600000.0,0.131,747600000.0,486800000.0,453000000.0,1.425,1.395,1.425,2554900000.0,2387550000.0,2554900000.0,5678918953.0,12.0,7.596,313600000.0,1.349,1.0,1048700000.0,0.184,1270700000.0,33800000.0,3223300000.0,3206425000.0,498300000.0,253700000.0,0.0,253700000.0,2886500000.0,1348400000.0,1538100000.0,5152718953.0,107400000.0,17000000.0,-22500000.0,-50900000.0,-45500000.0,-271700000.0,-256700000.0,59900000.0,647200000.0,-11400000.0,330600000.0,330600000.0,330600000.0,0.0,39800000.0,0.058,588700000.0,460000000.0,1120200000.0,0.137,2.017,15.586,15.572,1701800000.0,0.0,22.19,0.904,0.905,951100000.0,1439800000.0,5702000000.0,5702000000.0,0.0,0.064,0.138,0.152,0.085,14300000.0,585600000.0,1.0,232209056.0,232500000,236764000.0,24.525,4170700000.0,47500000.0,122400000.0,32400000.0,17.938,463700000.0
53,BWA,MRT,2008-03-31,2008-03-31,2008-03-31,2021-08-04,213200000.0,5287200000.0,4968875000.0,1767100000.0,3520100000.0,1.117,10.664,-311000000.0,203400000.0,203400000.0,4532200000.0,353800000.0,1.322,1.132,729600000.0,282900000.0,446700000.0,729600000.0,0.0,249700000.0,0.0,0.009,0.183,474200000.0,723900000.0,0.13,723900000.0,474200000.0,441900000.0,1.375,1.345,1.375,2479400000.0,2255050000.0,2479400000.0,5456357703.0,12.0,7.537,284400000.0,1.223,1.0,1017500000.0,0.183,1199800000.0,32300000.0,3277200000.0,3190300000.0,471800000.0,283800000.0,11800000.0,272000000.0,2807800000.0,1336400000.0,1471400000.0,5008557703.0,85300000.0,15500000.0,-24600000.0,-600000.0,-42400000.0,-221200000.0,-246300000.0,49200000.0,595400000.0,-42600000.0,318800000.0,318800000.0,318800000.0,0.0,35000000.0,0.057,563800000.0,453700000.0,1035600000.0,0.133,2.02,15.711,15.647,1672200000.0,0.0,21.515,0.902,0.901,955100000.0,1369500000.0,5549700000.0,5549700000.0,0.0,0.064,0.141,0.149,0.085,17600000.0,560900000.0,1.0,232793758.0,232494000,236932000.0,23.87,4087400000.0,46800000.0,123100000.0,17900000.0,17.581,430700000.0
54,BWA,MRT,2007-12-31,2007-12-31,2007-12-31,2021-08-04,127100000.0,4958500000.0,4823400000.0,1580300000.0,3378200000.0,1.105,10.005,-293900000.0,188500000.0,188500000.0,4378700000.0,316500000.0,1.458,1.136,636300000.0,63700000.0,572600000.0,636300000.0,0.0,243100000.0,0.0,0.007,0.17,437100000.0,680200000.0,0.128,680200000.0,437100000.0,402400000.0,1.245,1.225,1.245,2321100000.0,2123175000.0,2321100000.0,6078133826.0,14.0,8.936,309600000.0,1.334,1.0,949900000.0,0.178,1168200000.0,34700000.0,3154200000.0,3155825000.0,447600000.0,269700000.0,14600000.0,255100000.0,2637400000.0,1083900000.0,1553500000.0,5614033826.0,65200000.0,17300000.0,-700000.0,-101700000.0,-39400000.0,-298100000.0,-229200000.0,47400000.0,603500000.0,-11000000.0,288500000.0,288500000.0,288500000.0,0.0,28000000.0,0.054,531800000.0,418100000.0,993000000.0,0.137,2.419,19.459,19.442,1609100000.0,0.0,24.205,1.054,1.054,802400000.0,1295900000.0,5328600000.0,5328600000.0,0.0,0.06,0.136,0.139,0.082,16300000.0,531900000.0,1.0,231936948.0,232004000,235680000.0,22.968,3790300000.0,42800000.0,113900000.0,27200000.0,16.337,496400000.0
55,BWA,MRT,2007-09-30,2007-09-30,2007-09-30,2021-08-04,69100000.0,4854200000.0,4729775000.0,1635600000.0,3218600000.0,1.09,9.461,-271000000.0,137400000.0,137400000.0,4253000000.0,258200000.0,1.582,1.212,601500000.0,37100000.0,564400000.0,601500000.0,0.0,242800000.0,0.0,0.007,0.168,324200000.0,567000000.0,0.11,567000000.0,324200000.0,286200000.0,1.11,1.097,1.11,2194800000.0,2011750000.0,2194800000.0,5829624191.0,18.0,10.282,266500000.0,1.149,1.0,904400000.0,0.175,1113100000.0,38000000.0,3171000000.0,3132400000.0,450900000.0,282100000.0,38900000.0,243200000.0,2659400000.0,1034200000.0,1625200000.0,5302724191.0,70400000.0,5700000.0,12600000.0,-171900000.0,-38800000.0,-213000000.0,-227000000.0,38300000.0,537500000.0,-27100000.0,258200000.0,258200000.0,258200000.0,0.0,0.0,0.05,596000000.0,308400000.0,963200000.0,0.151,2.416,20.537,20.615,1524900000.0,0.0,22.883,1.028,1.029,870100000.0,1235200000.0,5157400000.0,5157400000.0,0.0,0.055,0.128,0.103,0.063,16300000.0,523500000.0,1.0,231737100.0,231996000,236108000.0,22.231,3741100000.0,40300000.0,28000000.0,33900000.0,16.126,601400000.0
56,BWA,MRT,2007-06-30,2007-06-30,2007-06-30,2021-08-04,-27200000.0,4775600000.0,4610500000.0,1582100000.0,3193500000.0,1.064,8.72,-245300000.0,118500000.0,118500000.0,4044600000.0,214200000.0,1.509,1.358,645400000.0,87800000.0,557600000.0,645400000.0,0.0,239400000.0,0.0,0.008,0.165,284300000.0,523700000.0,0.107,523700000.0,284300000.0,245200000.0,0.92,0.918,0.92,2024900000.0,1932375000.0,2024900000.0,5569603222.0,20.0,10.635,187000000.0,0.805,1.0,859000000.0,0.175,1095400000.0,39100000.0,3158800000.0,3063325000.0,424600000.0,277200000.0,58400000.0,218800000.0,2750700000.0,1048300000.0,1702400000.0,4992703222.0,51300000.0,-60400000.0,21000000.0,-44400000.0,-38100000.0,-75900000.0,-298900000.0,6800000.0,432300000.0,-6200000.0,214200000.0,214200000.0,214200000.0,0.0,0.0,0.044,590200000.0,268800000.0,925600000.0,0.179,2.466,23.309,23.38,1476700000.0,0.0,21.51,1.018,1.019,848300000.0,1161900000.0,4903600000.0,4903600000.0,0.0,0.046,0.111,0.093,0.058,15900000.0,506200000.0,1.0,232110796.0,232200000,235632000.0,21.118,3680200000.0,36700000.0,31000000.0,34900000.0,15.849,533800000.0
57,BWA,MRT,2007-03-31,2007-03-31,2007-03-31,2021-08-04,-40300000.0,4705300000.0,4490925000.0,1534500000.0,3170800000.0,1.048,8.426,-256300000.0,118100000.0,118100000.0,3865500000.0,208700000.0,1.458,1.411,695000000.0,113400000.0,581600000.0,695000000.0,0.0,241400000.0,0.0,0.009,0.163,278600000.0,520000000.0,0.11,520000000.0,278600000.0,238900000.0,0.9,0.9,0.9,1951900000.0,1887200000.0,1951900000.0,4970114157.0,18.0,9.558,220300000.0,0.951,1.0,842500000.0,0.179,1090500000.0,39700000.0,3139300000.0,2968725000.0,425000000.0,273800000.0,58000000.0,215800000.0,2753400000.0,1052400000.0,1701000000.0,4372314157.0,61300000.0,-59100000.0,37800000.0,-96900000.0,-37400000.0,-113400000.0,-302100000.0,13300000.0,476600000.0,200000.0,208700000.0,208700000.0,208700000.0,0.0,0.0,0.044,579300000.0,263200000.0,899500000.0,0.181,2.24,20.95,20.95,1460600000.0,0.0,18.855,0.929,0.928,795400000.0,1096100000.0,4708000000.0,4708000000.0,0.0,0.046,0.111,0.094,0.059,14000000.0,495300000.0,1.0,231891496.0,231664000,234476000.0,20.323,3614800000.0,36900000.0,30200000.0,39500000.0,15.604,482100000.0
58,BWA,MRT,2006-12-31,2006-12-31,2006-12-31,2021-08-04,-60300000.0,4584000000.0,4366150000.0,1437500000.0,3146500000.0,1.05,8.168,-268300000.0,123300000.0,123300000.0,3735500000.0,211600000.0,1.389,1.444,721100000.0,151700000.0,569400000.0,721100000.0,0.0,239100000.0,0.0,0.011,0.16,284200000.0,523300000.0,0.114,523300000.0,284200000.0,244000000.0,0.92,0.915,0.92,1875400000.0,1832725000.0,1875400000.0,4092663561.0,14.0,7.821,173800000.0,0.757,1.0,849900000.0,0.185,1086500000.0,40200000.0,3060500000.0,2886025000.0,386900000.0,257100000.0,59100000.0,198000000.0,2708600000.0,1034800000.0,1673800000.0,3396663561.0,33600000.0,-60100000.0,27100000.0,-35200000.0,-36700000.0,-59900000.0,-341100000.0,-12700000.0,442100000.0,-7500000.0,211600000.0,211600000.0,211600000.0,0.0,0.0,0.046,582800000.0,267100000.0,843400000.0,0.174,1.811,16.052,16.038,1460700000.0,0.0,14.755,0.741,0.739,744000000.0,1064100000.0,4585400000.0,4585400000.0,0.0,0.048,0.115,0.098,0.062,12700000.0,498100000.0,1.0,230204240.0,229612000,231884000.0,19.97,3497500000.0,33700000.0,32400000.0,39700000.0,15.232,402700000.0
59,BWA,MRT,2006-09-30,2006-09-30,2006-09-30,2021-08-04,-7200000.0,4377100000.0,4242500000.0,1344800000.0,3032300000.0,1.045,8.168,-304700000.0,67000000.0,67000000.0,3594500000.0,235400000.0,1.25,1.332,763000000.0,250500000.0,512500000.0,763000000.0,0.0,229900000.0,0.0,0.011,0.155,365700000.0,595600000.0,0.134,595600000.0,365700000.0,328600000.0,1.025,1.02,1.025,1877300000.0,1774925000.0,1877300000.0,3898978240.0,11.0,6.546,101700000.0,0.442,1.0,837200000.0,0.189,1102500000.0,37100000.0,2894700000.0,2767975000.0,379900000.0,280600000.0,71300000.0,209300000.0,2499800000.0,1075900000.0,1423900000.0,3280378240.0,-26200000.0,-47100000.0,13500000.0,-78500000.0,-27400000.0,-116800000.0,-373600000.0,-21800000.0,406400000.0,57800000.0,235400000.0,235400000.0,235400000.0,0.0,0.0,0.053,491300000.0,345900000.0,794400000.0,0.151,1.747,13.935,13.944,1445800000.0,0.0,14.293,0.74,0.741,695600000.0,1032400000.0,4431700000.0,4431700000.0,0.0,0.055,0.133,0.132,0.083,9100000.0,480700000.0,1.0,229517456.0,229836000,231960000.0,19.282,3274600000.0,0.0,93200000.0,31000000.0,14.248,268900000.0
60,BWA,MRT,2006-06-30,2006-06-30,2006-06-30,2021-08-04,-2700000.0,4297300000.0,4188175000.0,1291100000.0,3006200000.0,1.056,8.042,-324600000.0,67200000.0,67200000.0,3560700000.0,257600000.0,1.193,1.33,685800000.0,234300000.0,451500000.0,685800000.0,0.0,232000000.0,0.0,0.009,0.15,393700000.0,625700000.0,0.141,625700000.0,393700000.0,356500000.0,1.125,1.117,1.125,1844200000.0,1711975000.0,1844200000.0,4442582199.0,11.0,7.1,119000000.0,0.519,1.0,862100000.0,0.195,1052900000.0,37200000.0,2780400000.0,2756975000.0,357300000.0,270800000.0,61400000.0,209400000.0,2453100000.0,1082600000.0,1370500000.0,3726382199.0,-25500000.0,16100000.0,21600000.0,-167700000.0,-31300000.0,-201800000.0,-312900000.0,-4400000.0,443600000.0,45600000.0,257600000.0,257600000.0,257600000.0,0.0,0.0,0.058,480700000.0,381400000.0,816400000.0,0.133,2.021,14.466,14.467,1459500000.0,0.0,16.275,0.843,0.844,716700000.0,1002400000.0,4422800000.0,4422800000.0,0.0,0.062,0.15,0.143,0.089,5900000.0,483900000.0,1.0,228963576.0,229312000,231992000.0,19.287,3244400000.0,35500000.0,98900000.0,31900000.0,14.148,208500000.0
61,BWA,MRT,2006-03-31,2006-03-31,2006-03-31,2021-08-04,-43800000.0,4206200000.0,4148075000.0,1252800000.0,2953400000.0,1.052,7.581,-310000000.0,56800000.0,56800000.0,3502100000.0,223300000.0,1.163,1.349,773000000.0,262100000.0,510900000.0,773000000.0,0.0,234000000.0,0.0,0.01,0.145,342500000.0,576500000.0,0.132,576500000.0,342500000.0,305300000.0,0.98,0.972,0.98,1734000000.0,1642025000.0,1734000000.0,4084818000.0,12.0,7.086,89600000.0,0.392,1.0,863400000.0,0.198,1036800000.0,37200000.0,2808500000.0,2767900000.0,341300000.0,281700000.0,65800000.0,215900000.0,2339300000.0,1077100000.0,1262200000.0,3434018000.0,-60000000.0,17700000.0,18100000.0,-161500000.0,-30400000.0,-191100000.0,-314700000.0,-22400000.0,399600000.0,46200000.0,223300000.0,223300000.0,223300000.0,0.0,0.0,0.051,530100000.0,333300000.0,777000000.0,0.148,1.98,15.378,15.316,1415500000.0,0.0,15.01,0.787,0.786,703600000.0,941400000.0,4365500000.0,4365500000.0,0.0,0.054,0.136,0.124,0.078,2900000.0,491200000.0,1.0,228782012.0,228724000,231032000.0,19.086,3169400000.0,36500000.0,82000000.0,38000000.0,13.857,175700000.0
62,BWA,MRT,2005-12-31,2005-12-31,2005-12-31,2021-08-04,-73100000.0,4089400000.0,4148125000.0,1168700000.0,2920700000.0,1.035,7.249,-292500000.0,89700000.0,89700000.0,3440000000.0,239600000.0,1.042,1.487,740500000.0,299900000.0,440600000.0,740500000.0,0.0,223800000.0,0.0,0.009,0.14,331800000.0,555600000.0,0.129,555600000.0,331800000.0,294700000.0,1.055,1.045,1.055,1644200000.0,1602825000.0,1644200000.0,4117566462.0,12.0,7.411,104000000.0,0.458,1.0,853800000.0,0.199,1029800000.0,37100000.0,2588300000.0,2803925000.0,332000000.0,238300000.0,40600000.0,197700000.0,2445200000.0,1122100000.0,1323100000.0,3456466462.0,-140000000.0,-413500000.0,17600000.0,144700000.0,-31800000.0,122300000.0,-700100000.0,5900000.0,396500000.0,41300000.0,239600000.0,239600000.0,239600000.0,0.0,0.0,0.056,530700000.0,323100000.0,786400000.0,0.133,2.102,14.426,14.367,1401100000.0,0.0,15.158,0.805,0.801,626100000.0,889200000.0,4293800000.0,4293800000.0,0.0,0.058,0.149,0.118,0.077,0.0,495900000.0,1.0,228036712.0,226832000,229592000.0,18.929,3059600000.0,28000000.0,55100000.0,35800000.0,13.488,46600000.0
63,BWA,MRT,2005-09-30,2005-09-30,2005-09-30,2021-08-04,-32000000.0,4159800000.0,4008050000.0,1238300000.0,2921500000.0,1.032,7.153,-264900000.0,139500000.0,139500000.0,3317000000.0,242600000.0,1.299,1.479,800600000.0,174000000.0,626600000.0,800600000.0,0.0,214200000.0,0.0,0.01,0.136,324000000.0,538200000.0,0.13,538200000.0,324000000.0,288200000.0,1.078,1.062,1.078,1625500000.0,1575325000.0,1625500000.0,3874573647.0,12.0,7.199,101800000.0,0.448,1.0,818000000.0,0.198,1016600000.0,35800000.0,2850700000.0,2746675000.0,347800000.0,204600000.0,0.0,204600000.0,2404900000.0,953600000.0,1451300000.0,3192173647.0,-95800000.0,-423700000.0,19900000.0,244200000.0,-38900000.0,225200000.0,-688400000.0,200000.0,366700000.0,700000.0,242600000.0,242600000.0,242600000.0,0.0,0.0,0.059,507300000.0,310700000.0,740600000.0,0.126,1.964,13.158,13.094,1357600000.0,0.0,14.115,0.772,0.776,660800000.0,832700000.0,4135000000.0,4135000000.0,0.0,0.061,0.154,0.118,0.078,0.0,464900000.0,1.0,226154704.0,227244000,229932000.0,18.196,3143200000.0,0.0,45600000.0,39000000.0,13.832,284700000.0
64,BWA,MRT,2005-06-30,2005-06-30,2005-06-30,2021-08-04,-18200000.0,4136900000.0,3789775000.0,1221800000.0,2915100000.0,1.035,6.921,-251500000.0,146600000.0,146600000.0,3169000000.0,226000000.0,1.25,1.561,829000000.0,185400000.0,643600000.0,829000000.0,0.0,199100000.0,0.0,0.01,0.133,305800000.0,504900000.0,0.129,504900000.0,305800000.0,272100000.0,1.008,0.993,1.008,1564400000.0,1531150000.0,1564400000.0,3783965703.0,12.0,7.494,139700000.0,0.618,1.0,754900000.0,0.192,1018000000.0,33700000.0,2824100000.0,2602300000.0,351200000.0,200600000.0,0.0,200600000.0,2442000000.0,977200000.0,1464800000.0,3031765703.0,-51300000.0,-425300000.0,14500000.0,259300000.0,-32800000.0,241000000.0,-683900000.0,-7100000.0,391200000.0,400000.0,226000000.0,226000000.0,226000000.0,0.0,0.0,0.058,466500000.0,288400000.0,742100000.0,0.132,1.938,13.415,13.311,1352700000.0,0.0,13.418,0.773,0.773,640600000.0,779200000.0,3923900000.0,3923900000.0,0.0,0.06,0.148,0.118,0.078,0.0,422300000.0,1.0,225956080.0,226024000,228668000.0,17.361,3118900000.0,0.0,46100000.0,49700000.0,13.799,244600000.0
65,BWA,MRT,2005-03-31,2005-03-31,2005-03-31,2021-08-04,24000000.0,4206400000.0,3554250000.0,1227500000.0,2978900000.0,1.043,6.988,-251000000.0,163200000.0,163200000.0,3013400000.0,244800000.0,1.267,1.589,915400000.0,230700000.0,684700000.0,915400000.0,0.0,181200000.0,0.0,0.011,0.129,334200000.0,515400000.0,0.139,515400000.0,334200000.0,302700000.0,1.092,1.077,1.092,1577200000.0,1485450000.0,1577200000.0,3103955537.0,9.0,6.022,153900000.0,0.682,1.0,692300000.0,0.187,1037300000.0,31500000.0,2952600000.0,2448100000.0,331000000.0,200200000.0,0.0,200200000.0,2506200000.0,968700000.0,1537500000.0,2749155537.0,38100000.0,-427100000.0,14100000.0,319600000.0,-31500000.0,302200000.0,-673900000.0,4200000.0,404900000.0,4900000.0,244800000.0,244800000.0,244800000.0,0.0,0.0,0.066,381200000.0,311100000.0,677100000.0,0.118,1.743,11.23,11.145,1395000000.0,0.0,12.17,0.742,0.741,654700000.0,751100000.0,3705700000.0,3705700000.0,0.0,0.069,0.165,0.137,0.09,0.0,378500000.0,1.0,225896100.0,225704000,228612000.0,16.418,3169100000.0,0.0,57900000.0,60900000.0,14.041,258800000.0
66,BWA,MRT,2004-12-31,2004-12-31,2004-12-31,2021-08-04,55200000.0,3529100000.0,3295100000.0,1074300000.0,2454800000.0,1.07,6.865,-252400000.0,229700000.0,229700000.0,2874200000.0,218300000.0,1.618,1.3,584500000.0,16500000.0,568000000.0,584500000.0,0.0,177000000.0,0.0,0.009,0.125,329200000.0,506200000.0,0.144,506200000.0,329200000.0,299500000.0,0.978,0.965,0.978,1534200000.0,1426000000.0,1534200000.0,3444061565.0,10.0,6.804,174200000.0,0.779,1.0,651100000.0,0.185,860800000.0,29700000.0,2359300000.0,2274075000.0,223400000.0,237900000.0,44200000.0,193700000.0,1994900000.0,663800000.0,1331100000.0,3042761565.0,116600000.0,-4800000.0,14400000.0,-55900000.0,-27900000.0,-69400000.0,-257200000.0,0.0,426600000.0,16600000.0,218300000.0,218300000.0,218300000.0,0.0,0.0,0.062,342000000.0,309100000.0,608000000.0,0.128,1.983,13.938,13.847,1179300000.0,0.0,13.543,0.863,0.859,499100000.0,681400000.0,3525300000.0,3525300000.0,0.0,0.066,0.153,0.145,0.093,0.0,339000000.0,1.0,224682412.0,223488000,226148000.0,15.774,2668300000.0,22600000.0,81200000.0,39300000.0,11.939,410500000.0
67,BWA,MRT,2004-09-30,2004-09-30,2004-09-30,2021-08-04,33100000.0,3286700000.0,3197950000.0,1019400000.0,2267300000.0,1.074,6.465,-248700000.0,189000000.0,189000000.0,2788200000.0,200600000.0,1.811,1.269,590300000.0,7300000.0,583000000.0,590300000.0,0.0,175500000.0,0.0,0.011,0.116,319300000.0,494800000.0,0.144,494800000.0,319300000.0,289100000.0,0.903,0.891,0.903,1448800000.0,1357550000.0,1448800000.0,2855074121.0,9.0,5.77,158500000.0,0.707,1.0,646700000.0,0.188,851900000.0,30200000.0,2273200000.0,2270975000.0,221400000.0,223700000.0,40300000.0,183400000.0,1837900000.0,562900000.0,1275000000.0,2416174121.0,82200000.0,100000.0,21000000.0,-72300000.0,-25800000.0,-77100000.0,-248600000.0,0.0,407200000.0,700000.0,200600000.0,200600000.0,200600000.0,0.0,0.0,0.058,343500000.0,303200000.0,542400000.0,0.128,1.668,12.045,11.985,1108700000.0,0.0,10.822,0.703,0.706,497100000.0,620700000.0,3434900000.0,3434900000.0,0.0,0.063,0.148,0.141,0.093,0.0,343500000.0,1.0,223254712.0,224100000,226600000.0,15.328,2434800000.0,32900000.0,88500000.0,13200000.0,10.865,456500000.0
68,BWA,MRT,2004-06-30,2004-06-30,2004-06-30,2021-08-04,13500000.0,3194800000.0,3111150000.0,962900000.0,2231900000.0,1.067,6.194,-243200000.0,144000000.0,144000000.0,2689400000.0,191700000.0,1.672,1.312,582900000.0,9000000.0,573900000.0,582900000.0,0.0,172600000.0,0.0,0.01,0.107,305100000.0,477700000.0,0.144,477700000.0,305100000.0,274300000.0,0.868,0.856,0.868,1381600000.0,1290200000.0,1381600000.0,2971808696.0,10.0,6.221,129900000.0,0.582,1.0,630900000.0,0.19,850600000.0,30800000.0,2207300000.0,2240075000.0,215600000.0,116500000.0,39600000.0,76900000.0,1813200000.0,575800000.0,1237400000.0,2438308696.0,70600000.0,-8800000.0,41700000.0,-69800000.0,-23700000.0,-51800000.0,-252000000.0,0.0,373100000.0,1300000.0,191700000.0,191700000.0,191700000.0,0.0,0.0,0.058,339300000.0,291600000.0,549500000.0,0.123,1.765,12.719,12.607,1091900000.0,0.0,10.943,0.734,0.735,491200000.0,,3320300000.0,3320300000.0,0.0,0.062,0.149,0.136,0.092,0.0,338800000.0,1.0,222829216.0,223064000,225532000.0,14.885,2344200000.0,32900000.0,82600000.0,17300000.0,10.509,387100000.0
69,BWA,MRT,2004-03-31,2004-03-31,2004-03-31,2021-08-04,25300000.0,3169800000.0,3026525000.0,928600000.0,2241200000.0,1.056,6.039,-233900000.0,78700000.0,78700000.0,2588800000.0,181800000.0,1.56,1.367,612200000.0,9100000.0,603100000.0,612200000.0,0.0,167300000.0,0.0,0.009,0.099,290800000.0,458100000.0,0.143,458100000.0,290800000.0,259000000.0,0.83,0.821,0.83,1339400000.0,1224475000.0,1339400000.0,2892569575.0,10.0,6.314,110500000.0,0.498,1.0,607800000.0,0.19,851700000.0,31800000.0,2256500000.0,2212775000.0,215700000.0,224100000.0,39800000.0,184300000.0,1830400000.0,595100000.0,1235300000.0,2361669575.0,52800000.0,-22000000.0,39000000.0,-56400000.0,-21500000.0,-38900000.0,-255900000.0,0.0,344400000.0,3200000.0,181800000.0,181800000.0,181800000.0,0.0,0.0,0.057,327900000.0,279900000.0,551300000.0,0.119,1.763,12.99,12.776,1088300000.0,0.0,10.604,0.739,0.736,515600000.0,535500000.0,3196600000.0,3196600000.0,0.0,0.06,0.148,0.131,0.091,0.0,328000000.0,1.0,222720224.0,221776000,224176000.0,14.414,2318100000.0,32900000.0,77200000.0,34700000.0,10.452,333500000.0
70,BWA,MRT,2003-12-31,2003-12-31,2003-12-31,2021-08-04,14000000.0,3140500000.0,2921150000.0,838300000.0,2302200000.0,1.051,5.823,-214400000.0,113100000.0,113100000.0,2482500000.0,174900000.0,1.732,1.492,655500000.0,10000000.0,645500000.0,655500000.0,0.0,161300000.0,0.0,0.008,0.09,281400000.0,442700000.0,0.144,442700000.0,281400000.0,248100000.0,0.807,0.8,0.807,1260400000.0,1145975000.0,1260400000.0,2874177034.0,10.0,6.492,92500000.0,0.427,1.0,586700000.0,0.191,852000000.0,33300000.0,2346900000.0,2166475000.0,201300000.0,209300000.0,32000000.0,177300000.0,1880100000.0,484000000.0,1396100000.0,2333177034.0,76500000.0,-13800000.0,36800000.0,-21300000.0,-19400000.0,-3900000.0,-228200000.0,0.0,306900000.0,1700000.0,174900000.0,174900000.0,174900000.0,0.0,0.0,0.057,316800000.0,269900000.0,474000000.0,0.112,1.851,13.34,13.177,1075800000.0,0.0,10.634,0.76,0.75,414900000.0,491300000.0,3069200000.0,3069200000.0,0.0,0.06,0.153,0.13,0.092,0.0,316900000.0,1.0,219412440.0,216464000,218416000.0,14.179,2288500000.0,32800000.0,73200000.0,0.0,10.572,354300000.0
71,BWA,MRT,2003-09-30,2003-09-30,2003-09-30,2021-08-04,-7700000.0,2939500000.0,2806750000.0,753200000.0,2186300000.0,1.059,5.411,-200300000.0,106800000.0,106800000.0,2397700000.0,165700000.0,1.547,1.492,647800000.0,12800000.0,635000000.0,647800000.0,0.0,151500000.0,0.0,0.01,0.086,273900000.0,425400000.0,0.143,425400000.0,273900000.0,239000000.0,0.779,0.769,0.779,1179400000.0,1076225000.0,1179400000.0,2398713560.0,9.0,5.639,114400000.0,0.525,1.0,573500000.0,0.193,844000000.0,34900000.0,2149600000.0,2083450000.0,198400000.0,190400000.0,29700000.0,160700000.0,1760100000.0,486900000.0,1273200000.0,1833113560.0,60500000.0,-16000000.0,7700000.0,-29000000.0,-18600000.0,-39900000.0,-216300000.0,0.0,314700000.0,2000000.0,165700000.0,165700000.0,165700000.0,0.0,0.0,0.056,312600000.0,260900000.0,448800000.0,0.11,1.554,11.063,10.887,1014800000.0,0.0,8.481,0.617,0.622,381000000.0,446200000.0,2971200000.0,2971200000.0,0.0,0.059,0.154,0.131,0.092,0.0,312600000.0,1.0,216137192.0,217976000,220256000.0,13.631,2095500000.0,57200000.0,73300000.0,25300000.0,9.613,266300000.0
72,BWA,MRT,2003-06-30,2003-06-30,2003-06-30,2021-08-04,-6900000.0,2856300000.0,2740000000.0,696800000.0,2159500000.0,1.069,5.211,-180200000.0,73400000.0,73400000.0,2357900000.0,161700000.0,1.449,1.553,639000000.0,11400000.0,627600000.0,639000000.0,0.0,145400000.0,0.0,0.01,0.083,273300000.0,418700000.0,0.143,418700000.0,273300000.0,237200000.0,0.762,0.754,0.762,1118700000.0,1027600000.0,1118700000.0,2343693760.0,9.0,5.598,115200000.0,0.537,1.0,572100000.0,0.195,842900000.0,36100000.0,2098100000.0,2034300000.0,192600000.0,174900000.0,15600000.0,159300000.0,1737600000.0,480900000.0,1256700000.0,1720793760.0,43200000.0,-4700000.0,-17600000.0,-33700000.0,-17600000.0,-68900000.0,-184900000.0,0.0,295400000.0,1600000.0,161700000.0,161700000.0,161700000.0,0.0,0.0,0.055,313100000.0,259000000.0,452800000.0,0.109,1.538,10.642,10.564,1005000000.0,0.0,8.05,0.587,0.59,367000000.0,415200000.0,2930000000.0,2930000000.0,0.0,0.059,0.157,0.134,0.093,0.0,313100000.0,1.0,213763200.0,214680000,214680000.0,13.648,2013400000.0,54300000.0,75500000.0,16700000.0,9.379,215900000.0
73,BWA,MRT,2003-03-31,2003-03-31,2003-03-31,2021-08-04,-56900000.0,2748300000.0,2679875000.0,628700000.0,2119600000.0,1.072,4.81,-166900000.0,25900000.0,25900000.0,2296500000.0,162600000.0,1.334,1.68,648800000.0,15200000.0,633600000.0,648800000.0,0.0,141400000.0,0.0,0.013,0.079,279300000.0,420700000.0,0.146,420700000.0,279300000.0,242400000.0,0.771,0.764,0.771,1025400000.0,981975000.0,1025400000.0,1887765894.0,7.0,4.487,91400000.0,0.429,1.0,576400000.0,0.201,828500000.0,36900000.0,2071300000.0,1992100000.0,189200000.0,172300000.0,14700000.0,157600000.0,1722900000.0,471400000.0,1251500000.0,1277665894.0,4200000.0,9000000.0,-12800000.0,-67100000.0,-16700000.0,-96600000.0,-157900000.0,0.0,258300000.0,400000.0,162600000.0,162600000.0,162600000.0,0.0,0.0,0.057,312600000.0,263800000.0,448200000.0,0.102,1.246,7.858,7.756,977800000.0,0.0,5.98,0.445,0.444,358800000.0,375200000.0,2872900000.0,2872900000.0,0.0,0.061,0.166,0.14,0.097,0.0,312600000.0,1.0,213656504.0,213176000,214376000.0,13.477,1919800000.0,58600000.0,79800000.0,8000000.0,9.006,157300000.0
74,BWA,MRT,2002-12-31,2002-12-31,2002-12-31,2021-08-04,-54500000.0,2682900000.0,2618975000.0,580600000.0,2102300000.0,1.043,4.608,-166100000.0,36600000.0,36600000.0,2176500000.0,-119100000.0,1.287,1.734,646700000.0,14400000.0,632300000.0,646700000.0,0.0,137400000.0,0.0,0.012,0.075,-4200000.0,133200000.0,0.049,133200000.0,-4200000.0,-41900000.0,-0.557,-0.555,-0.557,981400000.0,938275000.0,981400000.0,1970295128.0,-469.0,14.792,95300000.0,0.447,1.0,554600000.0,0.203,827000000.0,37700000.0,2014800000.0,1940425000.0,180300000.0,167300000.0,14200000.0,153100000.0,1701500000.0,451200000.0,1250300000.0,1355695128.0,3700000.0,15600000.0,-8300000.0,-105800000.0,-16000000.0,-130100000.0,-130000000.0,0.0,261400000.0,2400000.0,-119100000.0,-119100000.0,-119100000.0,0.0,0.0,-0.044,303500000.0,251100000.0,435600000.0,-0.135,1.381,-11.383,-11.315,976900000.0,0.0,6.303,0.496,0.492,292100000.0,335800000.0,2731100000.0,2731100000.0,0.0,-0.045,-0.127,-0.002,-0.002,0.0,303500000.0,1.0,215104344.0,213000000,214832000.0,12.822,1855900000.0,62600000.0,77200000.0,1200000.0,8.713,129400000.0
75,BWA,MRT,2002-09-30,2002-09-30,2002-09-30,2021-08-04,-28700000.0,2672500000.0,2640975000.0,587400000.0,2085100000.0,0.989,4.601,-166200000.0,46300000.0,46300000.0,2131500000.0,-157700000.0,1.149,1.713,660900000.0,12600000.0,648300000.0,660900000.0,0.0,144000000.0,0.0,0.012,0.075,-61300000.0,82700000.0,0.032,82700000.0,-61300000.0,-100200000.0,-0.746,-0.738,-0.746,984900000.0,968975000.0,984900000.0,1961803341.0,-32.0,23.722,57000000.0,0.266,1.0,481700000.0,0.184,822900000.0,38900000.0,1953000000.0,1901575000.0,172100000.0,169900000.0,13400000.0,156500000.0,1687600000.0,511200000.0,1176400000.0,1324403341.0,7700000.0,13900000.0,8500000.0,-79000000.0,-15900000.0,-86400000.0,-131800000.0,0.0,223200000.0,2700000.0,-157700000.0,-157700000.0,-157700000.0,0.0,0.0,-0.06,286200000.0,195500000.0,465300000.0,-0.101,1.345,-8.398,-8.318,941000000.0,0.0,6.205,0.507,0.508,291600000.0,299100000.0,2613200000.0,2613200000.0,0.0,-0.06,-0.163,-0.032,-0.023,0.0,299800000.0,1.0,213441312.0,214048000,215912000.0,12.208,1849600000.0,76200000.0,57500000.0,33300000.0,8.641,76200000.0
76,BWA,MRT,2002-06-30,2002-06-30,2002-06-30,2021-08-04,-37900000.0,2615800000.0,2665425000.0,544100000.0,2071700000.0,0.934,4.405,-193400000.0,30200000.0,30200000.0,2026900000.0,-171200000.0,1.085,1.794,667600000.0,16500000.0,651100000.0,667600000.0,0.0,152000000.0,0.0,0.01,0.075,-77300000.0,74700000.0,0.03,74700000.0,-77300000.0,-119200000.0,-0.807,-0.797,-0.807,936200000.0,1006950000.0,936200000.0,2208242776.0,-29.0,29.561,56800000.0,0.267,1.0,462200000.0,0.186,822400000.0,41900000.0,1929300000.0,1855725000.0,156000000.0,155400000.0,13100000.0,142300000.0,1679600000.0,501500000.0,1178100000.0,1532942776.0,6600000.0,12600000.0,7300000.0,-77300000.0,-15900000.0,-85900000.0,-160300000.0,0.0,250200000.0,2600000.0,-171200000.0,-171200000.0,-171200000.0,0.0,0.0,-0.069,282600000.0,179600000.0,457100000.0,-0.093,1.637,-8.954,-8.947,946200000.0,0.0,7.22,0.616,0.616,295600000.0,271100000.0,2489100000.0,2489100000.0,0.0,-0.064,-0.17,-0.042,-0.031,0.0,285800000.0,1.0,212318944.0,212512000,215624000.0,11.713,1793400000.0,78500000.0,52000000.0,27900000.0,8.439,42600000.0
77,BWA,MRT,2002-03-31,2002-03-31,2002-03-31,2021-08-04,-75100000.0,2504700000.0,2691700000.0,475900000.0,2028800000.0,0.884,4.014,-199600000.0,21700000.0,21700000.0,1923900000.0,-192200000.0,0.949,1.945,697000000.0,53800000.0,643200000.0,697000000.0,0.0,165800000.0,0.0,0.01,0.075,-103800000.0,62000000.0,0.026,62000000.0,-103800000.0,-148600000.0,-0.906,-0.899,-0.906,850600000.0,1050925000.0,850600000.0,2368531003.0,-23.0,38.202,68600000.0,0.324,1.0,454800000.0,0.191,813900000.0,44800000.0,1864600000.0,1813425000.0,143500000.0,144100000.0,11900000.0,132200000.0,1654100000.0,501500000.0,1152600000.0,1664431003.0,6200000.0,20600000.0,4300000.0,-92200000.0,-15900000.0,-103800000.0,-158500000.0,0.0,268200000.0,300000.0,-192200000.0,-192200000.0,-192200000.0,0.0,0.0,-0.081,301400000.0,153400000.0,424900000.0,-0.083,1.957,-8.66,-8.681,828000000.0,0.0,7.865,0.7,0.701,249900000.0,229300000.0,2378700000.0,2378700000.0,0.0,-0.071,-0.183,-0.057,-0.044,0.0,268600000.0,1.0,211625048.0,211888000,213576000.0,11.226,1690800000.0,88000000.0,43600000.0,22800000.0,7.98,-25600000.0
78,BWA,MRT,2001-12-31,2001-12-31,2001-12-31,2021-08-04,-53100000.0,2770900000.0,2757575000.0,441300000.0,2329600000.0,0.853,5.245,-182900000.0,32900000.0,32900000.0,1890800000.0,66400000.0,0.97,1.509,737000000.0,35600000.0,701400000.0,737000000.0,0.0,169900000.0,0.0,0.011,0.075,153900000.0,323800000.0,0.138,323800000.0,153900000.0,106100000.0,0.315,0.314,0.315,1104200000.0,1114425000.0,1104200000.0,2074787480.0,13.0,6.408,54900000.0,0.261,1.0,460800000.0,0.196,1160600000.0,47800000.0,1859400000.0,1807450000.0,143800000.0,149600000.0,12200000.0,137400000.0,1666700000.0,455000000.0,1211700000.0,1377287480.0,11500000.0,17600000.0,2100000.0,-46800000.0,-15800000.0,-60500000.0,-165300000.0,0.0,237800000.0,-500000.0,66400000.0,66400000.0,66400000.0,0.0,0.0,0.028,320100000.0,140700000.0,410600000.0,0.238,1.247,20.742,20.734,922300000.0,0.0,6.531,0.586,0.585,203700000.0,470900000.0,2351600000.0,2351600000.0,0.0,0.024,0.06,0.085,0.065,0.0,249700000.0,1.0,210876552.0,210520000,211704000.0,11.17,1610300000.0,29300000.0,39700000.0,8800000.0,7.649,-13700000.0
79,BWA,MRT,2001-09-30,2001-09-30,2001-09-30,2021-08-04,-22000000.0,2770300000.0,2749750000.0,436000000.0,2334300000.0,0.86,5.395,-200700000.0,38600000.0,38600000.0,1917200000.0,71900000.0,0.83,1.437,736100000.0,40500000.0,695600000.0,736100000.0,0.0,188600000.0,0.0,0.015,0.075,167100000.0,355700000.0,0.15,355700000.0,167100000.0,114700000.0,0.344,0.341,0.344,1136800000.0,1110150000.0,1136800000.0,1770950936.0,11.0,4.979,144000000.0,0.683,1.0,447800000.0,0.189,1172800000.0,52400000.0,1769600000.0,1798975000.0,146400000.0,165600000.0,20300000.0,145300000.0,1633500000.0,525400000.0,1108100000.0,1060450936.0,10500000.0,36900000.0,3900000.0,-154000000.0,-15700000.0,-165800000.0,-163800000.0,0.0,344700000.0,-4600000.0,71900000.0,71900000.0,71900000.0,0.0,0.0,0.03,301800000.0,146000000.0,398000000.0,0.218,0.933,14.749,14.644,822200000.0,0.0,5.037,0.448,0.449,200000000.0,472700000.0,2365000000.0,2365000000.0,0.0,0.026,0.065,0.093,0.071,0.0,254000000.0,1.0,210511352.0,210720000,211968000.0,11.223,1597500000.0,32500000.0,42800000.0,86900000.0,7.581,-89400000.0
80,BWA,MRT,2001-06-30,2001-06-30,2001-06-30,2021-08-04,-31000000.0,2720900000.0,,411800000.0,2309100000.0,,5.284,,23600000.0,23600000.0,1938700000.0,58700000.0,0.837,1.447,734100000.0,27000000.0,707100000.0,734100000.0,0.0,,0.0,0.012,0.075,148300000.0,,,,148300000.0,92300000.0,0.281,0.279,0.281,1112100000.0,,1112100000.0,2084964207.0,14.0,,,,1.0,484900000.0,0.2,1179200000.0,56000000.0,1760100000.0,,143300000.0,158400000.0,19500000.0,138900000.0,1608800000.0,492100000.0,1116700000.0,1305364207.0,,,,,,,,,,,58700000.0,58700000.0,58700000.0,0.0,0.0,0.024,358300000.0,126600000.0,377900000.0,0.267,1.174,22.238,22.073,794600000.0,0.0,6.202,0.539,0.539,197000000.0,459300000.0,2423600000.0,2423600000.0,0.0,,,,0.061,,252300000.0,1.0,210457752.0,210472000,211656000.0,11.515,1541700000.0,40900000.0,33600000.0,87200000.0,7.325,-80300000.0
81,BWA,MRT,2001-03-31,2001-03-31,2001-03-31,2021-08-04,-18000000.0,2768200000.0,,434500000.0,2333700000.0,,5.259,,15500000.0,15500000.0,2011500000.0,74100000.0,0.843,1.506,795100000.0,55900000.0,739200000.0,795100000.0,0.0,,0.0,0.015,0.075,175700000.0,,,,175700000.0,116200000.0,0.352,0.351,0.352,1104600000.0,,1104600000.0,,,,,,1.0,511000000.0,0.203,1191400000.0,59500000.0,1840700000.0,,153500000.0,177000000.0,32100000.0,144900000.0,1663600000.0,515700000.0,1147900000.0,1054130265.0,,,,,,,,,,,74100000.0,74100000.0,74100000.0,0.0,0.0,0.029,357400000.0,153600000.0,368100000.0,0.213,0.954,14.226,14.229,791600000.0,0.0,5.009,0.418,0.417,202800000.0,439000000.0,2522500000.0,2522500000.0,0.0,,,,0.07,,250800000.0,1.0,210457752.0,210048000,211072000.0,12.009,1576800000.0,55600000.0,42100000.0,91700000.0,7.507,-81200000.0
82,BWA,MRT,2000-12-31,2000-12-31,2000-12-31,2021-08-04,-16000000.0,2739600000.0,,410600000.0,2329000000.0,,5.149,-196800000.0,21400000.0,21400000.0,2090700000.0,94000000.0,0.848,1.52,794800000.0,54400000.0,740400000.0,794800000.0,0.0,170400000.0,0.0,0.015,0.075,211400000.0,381800000.0,0.144,381800000.0,211400000.0,148800000.0,0.445,0.443,0.445,1087100000.0,,1087100000.0,,,,124400000.0,0.589,1.0,555200000.0,0.21,1203100000.0,62600000.0,1825500000.0,,161600000.0,142700000.0,0.0,142700000.0,1652500000.0,484400000.0,1168100000.0,,-300000.0,148100000.0,-21000000.0,-179900000.0,-15900000.0,-216800000.0,-91700000.0,0.0,321200000.0,-13000000.0,94000000.0,94000000.0,94000000.0,0.0,0.0,0.036,364900000.0,190300000.0,408200000.0,0.169,,,11.236,807200000.0,0.0,5.0,,0.399,168900000.0,422900000.0,2645900000.0,2645900000.0,0.0,,,,0.08,0.0,258700000.0,1.0,,211128000,211896000.0,12.532,1536500000.0,24800000.0,54800000.0,21800000.0,7.278,-73800000.0
83,BWA,MRT,2000-09-30,2000-09-30,2000-09-30,2021-08-04,,,,,,,,,,,,,,,,,,,,,,0.018,0.075,,,,,,,,,,,,,,,,,,1.0,,,,,,,,,,,,,,,,,,,,,,,,,,,,,,,,,,,,,,,,4.141,,,,,,,,,,,,,,1.0,,209680000,,,,,,,,
84,BWA,MRT,2000-06-30,2000-06-30,2000-06-30,2021-08-04,,,,,,,,,,,,,,,,,,,,,,0.017,0.075,,,,,,,,,,,,,,,,,,1.0,,,,,,,,,,,,,,,,,,,,,,,,,,,,,,,,,,,,,,,,4.391,,,,,,,,,,,,,,1.0,,211392000,,,,,,,,
85,BWA,MRT,2000-03-31,2000-03-31,2000-03-31,2021-08-04,,,,,,,,,,,,,,,,,,,,,,0.015,0.075,,,,,,,,,,,,,,,,,,1.0,,,,,,,,,,,,,,,,,,,,,,,,,,,,,,,,,,,,,,,,4.923,,,,,,,,,,,,,,1.0,,213472000,,,,,,,,
86,BWA,MRT,1999-12-31,1999-12-31,1999-12-31,2021-08-04,,,,,,,,-143400000.0,,,1888500000.0,132300000.0,,,,,,,,123400000.0,,0.015,0.075,256200000.0,379600000.0,0.154,379600000.0,256200000.0,207000000.0,0.637,0.634,0.637,,,,,,,201100000.0,0.969,1.0,570100000.0,0.232,,49200000.0,,,,,,,,,,,-22300000.0,-667300000.0,700000.0,461500000.0,-15500000.0,446700000.0,-810700000.0,0.0,344500000.0,-2800000.0,132300000.0,132300000.0,132300000.0,0.0,0.0,0.054,326700000.0,243400000.0,,0.118,,,7.947,,0.0,5.062,,0.427,,,2458600000.0,2458600000.0,0.0,,,,0.104,0.0,203300000.0,1.0,,207584000,208624000.0,11.844,,,74700000.0,,,
