None,ticker,dimension,calendardate,datekey,reportperiod,lastupdated,accoci,assets,assetsavg,assetsc,assetsnc,assetturnover,bvps,capex,cashneq,cashnequsd,cor,consolinc,currentratio,de,debt,debtc,debtnc,debtusd,deferredrev,depamor,deposits,divyield,dps,ebit,ebitda,ebitdamargin,ebitdausd,ebitusd,ebt,eps,epsdil,epsusd,equity,equityavg,equityusd,ev,evebit,evebitda,fcf,fcfps,fxusd,gp,grossmargin,intangibles,intexp,invcap,invcapavg,inventory,investments,investmentsc,investmentsnc,liabilities,liabilitiesc,liabilitiesnc,marketcap,ncf,ncfbus,ncfcommon,ncfdebt,ncfdiv,ncff,ncfi,ncfinv,ncfo,ncfx,netinc,netinccmn,netinccmnusd,netincdis,netincnci,netmargin,opex,opinc,payables,payoutratio,pb,pe,pe1,ppnenet,prefdivis,price,ps,ps1,receivables,retearn,revenue,revenueusd,rnd,roa,roe,roic,ros,sbcomp,sgna,sharefactor,sharesbas,shareswa,shareswadil,sps,tangibles,taxassets,taxexp,taxliabilities,tbvps,workingcapital
0,UPS,MRY,2020-12-31,2020-12-31,2020-12-31,2021-08-06,-7113000000.0,62408000000.0,61941500000.0,20216000000.0,42192000000.0,1.366,0.76,-5372000000.0,5910000000.0,5910000000.0,4947000000.0,1343000000.0,1.188,93.971,27754000000.0,3183000000.0,24571000000.0,27754000000.0,0.0,2698000000.0,0.0,0.024,4.04,2545000000.0,5243000000.0,0.062,5243000000.0,2545000000.0,1844000000.0,1.55,1.54,1.55,657000000.0,3477750000.0,657000000.0,165476620337.0,65.0,31.561,5087000000.0,5.885,1.0,79681000000.0,0.942,5641000000.0,701000000.0,61595000000.0,61259500000.0,0.0,431000000.0,406000000.0,25000000.0,61739000000.0,17016000000.0,44723000000.0,145564620337.0,672000000.0,-20000000.0,61000000.0,-851000000.0,-3374000000.0,-4517000000.0,-5283000000.0,150000000.0,10459000000.0,13000000.0,1343000000.0,1343000000.0,1343000000.0,0.0,0.0,0.016,71997000000.0,7684000000.0,6455000000.0,2.606,221.56,108.388,108.645,35327000000.0,0.0,168.4,1.72,1.72,10750000000.0,6896000000.0,84628000000.0,84628000000.0,0.0,0.022,0.386,0.042,0.03,796000000.0,46068000000.0,1.0,864397983.0,864397983.0,,97.904,56767000000.0,527000000.0,501000000.0,488000000.0,65.672,3200000000.0
1,UPS,MRY,2019-12-31,2019-12-31,2019-12-31,2021-08-06,-5997000000.0,57857000000.0,53996750000.0,17103000000.0,40754000000.0,1.372,3.808,-6315000000.0,5238000000.0,5238000000.0,5127000000.0,4440000000.0,1.11,16.705,28167000000.0,3958000000.0,24209000000.0,28167000000.0,0.0,2360000000.0,0.0,0.033,3.84,6305000000.0,8665000000.0,0.117,8665000000.0,6305000000.0,5652000000.0,5.14,5.11,5.14,3267000000.0,4174250000.0,3267000000.0,122840723623.0,19.0,14.177,2324000000.0,2.709,1.0,68967000000.0,0.931,5980000000.0,653000000.0,59393000000.0,56422500000.0,0.0,527000000.0,503000000.0,24000000.0,54574000000.0,15413000000.0,39161000000.0,100416723623.0,871000000.0,-6000000.0,-786000000.0,2419000000.0,-3194000000.0,-1727000000.0,-6061000000.0,335000000.0,8639000000.0,20000000.0,4440000000.0,4440000000.0,4440000000.0,0.0,0.0,0.06,61169000000.0,7798000000.0,5555000000.0,0.747,30.737,22.616,22.774,33338000000.0,0.0,117.06,1.355,1.355,9552000000.0,9105000000.0,74094000000.0,74094000000.0,0.0,0.082,1.064,0.112,0.085,915000000.0,40300000000.0,1.0,857822686.0,857822686.0,,86.374,51877000000.0,330000000.0,1212000000.0,1632000000.0,60.475,1690000000.0
2,UPS,MRY,2018-12-31,2018-12-31,2018-12-31,2021-08-06,-4994000000.0,50016000000.0,46598000000.0,16210000000.0,33806000000.0,1.542,3.516,-6246000000.0,4225000000.0,4225000000.0,5159000000.0,4791000000.0,1.151,15.551,22736000000.0,2805000000.0,19931000000.0,22736000000.0,0.0,2207000000.0,0.0,0.037,3.64,6624000000.0,8831000000.0,0.123,8831000000.0,6624000000.0,6019000000.0,5.53,5.51,5.53,3021000000.0,2447750000.0,3021000000.0,103004328165.0,16.0,11.664,6465000000.0,7.524,1.0,66702000000.0,0.928,5886000000.0,605000000.0,48554000000.0,47410500000.0,0.0,980000000.0,810000000.0,170000000.0,46979000000.0,14087000000.0,32892000000.0,83800328165.0,598000000.0,-2000000.0,-771000000.0,-1622000000.0,-3011000000.0,-5692000000.0,-6330000000.0,-83000000.0,12711000000.0,-91000000.0,4791000000.0,4791000000.0,4791000000.0,0.0,0.0,0.067,59678000000.0,7024000000.0,5188000000.0,0.658,27.739,17.491,17.637,26576000000.0,0.0,97.53,1.166,1.166,8958000000.0,8006000000.0,71861000000.0,71861000000.0,0.0,0.103,1.957,0.14,0.092,634000000.0,38597000000.0,1.0,859226168.0,859226168.0,,83.635,44130000000.0,1081000000.0,1228000000.0,1619000000.0,51.36,2123000000.0
3,UPS,MRY,2017-12-31,2017-12-31,2017-12-31,2021-08-06,-4867000000.0,45574000000.0,41258500000.0,15718000000.0,29856000000.0,1.614,1.153,-5203000000.0,3320000000.0,3320000000.0,4291000000.0,4905000000.0,1.22,44.819,24289000000.0,4011000000.0,20278000000.0,24289000000.0,0.0,2282000000.0,0.0,0.028,3.32,7590000000.0,9872000000.0,0.148,9872000000.0,7590000000.0,7137000000.0,5.63,5.61,5.63,994000000.0,1070500000.0,994000000.0,118167291901.0,16.0,11.97,-3724000000.0,-4.322,1.0,62294000000.0,0.936,5836000000.0,453000000.0,47821000000.0,40058750000.0,0.0,1232000000.0,749000000.0,483000000.0,44550000000.0,12886000000.0,31664000000.0,102675291901.0,-152000000.0,-134000000.0,-1566000000.0,7827000000.0,-2771000000.0,3287000000.0,-4971000000.0,365000000.0,1479000000.0,53000000.0,4905000000.0,4905000000.0,4905000000.0,0.0,0.0,0.074,54765000000.0,7529000000.0,3934000000.0,0.59,103.295,20.933,21.163,22118000000.0,0.0,119.15,1.542,1.542,8773000000.0,5852000000.0,66585000000.0,66585000000.0,0.0,0.119,4.582,0.189,0.114,584000000.0,35732000000.0,1.0,861731363.0,861731363.0,,77.269,39738000000.0,1839000000.0,2232000000.0,756000000.0,46.114,2832000000.0
4,UPS,MRY,2016-12-31,2016-12-31,2016-12-31,2021-08-06,-4483000000.0,40377000000.0,39056500000.0,13849000000.0,26528000000.0,1.577,0.464,-2877000000.0,3476000000.0,3476000000.0,3660000000.0,3422000000.0,1.181,98.637,16075000000.0,3681000000.0,12394000000.0,16075000000.0,0.0,2224000000.0,0.0,0.027,3.12,5502000000.0,7726000000.0,0.125,7726000000.0,5502000000.0,5121000000.0,3.88,3.86,3.88,405000000.0,2057750000.0,405000000.0,112068223195.0,20.0,14.505,3596000000.0,4.121,1.0,57950000000.0,0.941,5515000000.0,381000000.0,35731000000.0,34889500000.0,0.0,1567000000.0,1091000000.0,476000000.0,39948000000.0,11730000000.0,28218000000.0,100041223195.0,749000000.0,-547000000.0,-2433000000.0,2034000000.0,-2643000000.0,-3140000000.0,-2563000000.0,911000000.0,6473000000.0,-21000000.0,3422000000.0,3422000000.0,3422000000.0,0.0,0.0,0.056,50262000000.0,7688000000.0,3042000000.0,0.804,247.015,29.235,29.546,18800000000.0,0.0,114.64,1.624,1.624,7695000000.0,4879000000.0,61610000000.0,61610000000.0,0.0,0.088,1.663,0.158,0.089,591000000.0,33571000000.0,1.0,872655471.0,872655471.0,,70.601,34862000000.0,1224000000.0,1699000000.0,112000000.0,39.949,2119000000.0
5,UPS,MRY,2015-12-31,2015-12-31,2015-12-31,2021-08-06,-3540000000.0,38311000000.0,37974000000.0,13208000000.0,25103000000.0,1.537,2.774,-2353000000.0,2730000000.0,2730000000.0,3882000000.0,4844000000.0,1.235,14.502,14334000000.0,3018000000.0,11316000000.0,14334000000.0,0.0,2084000000.0,0.0,0.03,2.92,7683000000.0,9767000000.0,0.167,9767000000.0,7683000000.0,7342000000.0,5.38,5.35,5.38,2470000000.0,2044500000.0,2470000000.0,96844609179.0,13.0,9.915,5077000000.0,5.702,1.0,54481000000.0,0.933,4968000000.0,341000000.0,34251000000.0,33379250000.0,0.0,2469000000.0,1996000000.0,473000000.0,35820000000.0,10696000000.0,25124000000.0,85684609179.0,439000000.0,-1904000000.0,-2453000000.0,3588000000.0,-2525000000.0,-1565000000.0,-5309000000.0,-1027000000.0,7430000000.0,-117000000.0,4844000000.0,4844000000.0,4844000000.0,0.0,0.0,0.083,46813000000.0,7668000000.0,2587000000.0,0.543,34.69,17.689,17.887,18352000000.0,0.0,96.23,1.468,1.468,7134000000.0,6001000000.0,58363000000.0,58363000000.0,0.0,0.128,2.369,0.23,0.132,574000000.0,32050000000.0,1.0,890414727.0,890414727.0,,65.546,33343000000.0,255000000.0,2498000000.0,115000000.0,37.447,2512000000.0
6,UPS,MRY,2014-12-31,2014-12-31,2014-12-31,2021-08-06,-3594000000.0,35440000000.0,35823000000.0,11218000000.0,24222000000.0,1.626,2.365,-2275000000.0,2291000000.0,2291000000.0,5254000000.0,3032000000.0,1.301,15.545,10779000000.0,923000000.0,9856000000.0,10779000000.0,0.0,1923000000.0,0.0,0.024,2.68,4990000000.0,6913000000.0,0.119,6913000000.0,4990000000.0,4637000000.0,3.31,3.28,3.31,2141000000.0,4895750000.0,2141000000.0,108681009550.0,22.0,15.721,3451000000.0,3.812,1.0,52978000000.0,0.91,3031000000.0,353000000.0,32276000000.0,31863250000.0,0.0,1481000000.0,992000000.0,489000000.0,33282000000.0,8621000000.0,24661000000.0,100634009550.0,-2374000000.0,-88000000.0,-2421000000.0,-169000000.0,-2366000000.0,-5161000000.0,-2801000000.0,-419000000.0,5726000000.0,-138000000.0,3032000000.0,3032000000.0,3032000000.0,0.0,0.0,0.052,48010000000.0,4968000000.0,2754000000.0,0.81,47.003,33.191,33.586,18281000000.0,0.0,111.17,1.728,1.728,6661000000.0,5726000000.0,58232000000.0,58232000000.0,0.0,0.085,0.619,0.157,0.086,536000000.0,33089000000.0,1.0,905226316.0,905226316.0,,64.329,32409000000.0,1219000000.0,1605000000.0,78000000.0,35.802,2597000000.0
7,UPS,MRY,2013-12-31,2013-12-31,2013-12-31,2021-08-06,-460000000.0,36212000000.0,37099000000.0,13387000000.0,22825000000.0,1.494,6.974,-1961000000.0,4665000000.0,4665000000.0,5267000000.0,4372000000.0,1.877,4.591,10872000000.0,48000000.0,10824000000.0,10872000000.0,0.0,1867000000.0,0.0,0.024,2.48,7054000000.0,8921000000.0,0.161,8921000000.0,7054000000.0,6674000000.0,4.65,4.61,4.65,6474000000.0,4440250000.0,6474000000.0,104969028928.0,15.0,11.767,5343000000.0,5.755,1.0,50171000000.0,0.905,2965000000.0,380000000.0,32323000000.0,33407250000.0,0.0,1347000000.0,580000000.0,767000000.0,29724000000.0,7131000000.0,22593000000.0,97551028928.0,-2662000000.0,-22000000.0,-3347000000.0,-1775000000.0,-2260000000.0,-7807000000.0,-2114000000.0,9000000.0,7304000000.0,-45000000.0,4372000000.0,4372000000.0,4372000000.0,0.0,0.0,0.079,43137000000.0,7034000000.0,2478000000.0,0.533,15.068,22.313,22.598,17961000000.0,0.0,105.08,1.76,1.76,6502000000.0,6925000000.0,55438000000.0,55438000000.0,0.0,0.118,0.985,0.211,0.127,513000000.0,29507000000.0,1.0,928350104.0,928350104.0,,59.717,33247000000.0,794000000.0,2302000000.0,1244000000.0,35.813,6256000000.0
8,UPS,MRY,2012-12-31,2012-12-31,2012-12-31,2021-08-06,-3354000000.0,38863000000.0,37766750000.0,15591000000.0,23272000000.0,1.433,4.877,-2058000000.0,7327000000.0,7327000000.0,5318000000.0,807000000.0,1.858,7.335,12870000000.0,1781000000.0,11089000000.0,12870000000.0,0.0,1858000000.0,0.0,0.031,2.28,1367000000.0,3225000000.0,0.06,3225000000.0,1367000000.0,974000000.0,0.84,0.83,0.84,4653000000.0,6812500000.0,4653000000.0,76916211639.0,56.0,23.85,5158000000.0,5.407,1.0,48809000000.0,0.902,2776000000.0,393000000.0,33240000000.0,32649250000.0,0.0,1439000000.0,597000000.0,842000000.0,34130000000.0,8390000000.0,25740000000.0,70339211639.0,4293000000.0,-100000000.0,-1320000000.0,1729000000.0,-2130000000.0,-1817000000.0,-1335000000.0,628000000.0,7216000000.0,229000000.0,807000000.0,807000000.0,807000000.0,0.0,0.0,0.015,47466000000.0,1343000000.0,2278000000.0,2.714,15.117,87.161,87.774,17894000000.0,0.0,73.73,1.3,1.3,6111000000.0,7997000000.0,54127000000.0,54127000000.0,0.0,0.021,0.118,0.042,0.025,547000000.0,34004000000.0,1.0,954010737.0,954010737.0,,56.736,36087000000.0,1267000000.0,167000000.0,48000000.0,37.827,7201000000.0
9,UPS,MRY,2011-12-31,2011-12-31,2011-12-31,2021-08-06,-3103000000.0,34701000000.0,34921250000.0,12284000000.0,22417000000.0,1.521,7.29,-1978000000.0,3034000000.0,3034000000.0,5332000000.0,3804000000.0,1.886,3.922,11128000000.0,33000000.0,11095000000.0,11128000000.0,0.0,1782000000.0,0.0,0.028,2.08,6124000000.0,7906000000.0,0.149,7906000000.0,6124000000.0,5776000000.0,3.88,3.84,3.88,7035000000.0,7812750000.0,7035000000.0,78896517610.0,13.0,9.979,5095000000.0,5.28,1.0,47773000000.0,0.9,2686000000.0,348000000.0,33595000000.0,32724250000.0,0.0,2027000000.0,1241000000.0,786000000.0,27593000000.0,6514000000.0,21079000000.0,70627517610.0,-336000000.0,-73000000.0,-2375000000.0,-95000000.0,-1997000000.0,-4862000000.0,-2537000000.0,-413000000.0,7073000000.0,-10000000.0,3804000000.0,3804000000.0,3804000000.0,0.0,0.0,0.072,41693000000.0,6080000000.0,2300000000.0,0.536,10.039,18.567,18.863,17621000000.0,0.0,73.19,1.33,1.33,6246000000.0,10128000000.0,53105000000.0,53105000000.0,0.0,0.109,0.487,0.187,0.115,524000000.0,28518000000.0,1.0,964988627.0,964988627.0,,55.032,32015000000.0,729000000.0,1972000000.0,1900000000.0,33.177,5770000000.0
10,UPS,MRY,2010-12-31,2010-12-31,2010-12-31,2021-08-06,-2635000000.0,33597000000.0,33069250000.0,11569000000.0,22028000000.0,1.498,8.068,-1085000000.0,3370000000.0,3370000000.0,4103000000.0,3338000000.0,1.96,3.202,10846000000.0,355000000.0,10491000000.0,10846000000.0,0.0,1792000000.0,0.0,0.026,1.88,5644000000.0,7436000000.0,0.15,7436000000.0,5644000000.0,5290000000.0,3.36,3.33,3.36,7979000000.0,7962750000.0,7979000000.0,78398866010.0,14.0,10.543,2750000000.0,2.781,1.0,45442000000.0,0.917,2680000000.0,354000000.0,32491000000.0,30569500000.0,0.0,1169000000.0,711000000.0,458000000.0,25550000000.0,5902000000.0,19648000000.0,71776866010.0,1828000000.0,63000000.0,-599000000.0,1246000000.0,-1818000000.0,-1346000000.0,-654000000.0,30000000.0,3835000000.0,-7000000.0,3338000000.0,3338000000.0,3338000000.0,0.0,0.0,0.067,39801000000.0,5641000000.0,1974000000.0,0.56,8.996,21.503,21.601,17387000000.0,0.0,72.58,1.449,1.449,5627000000.0,10604000000.0,49545000000.0,49545000000.0,0.0,0.101,0.419,0.185,0.114,519000000.0,27496000000.0,1.0,988934500.0,988934500.0,,50.099,30917000000.0,659000000.0,1952000000.0,1870000000.0,31.263,5667000000.0
11,UPS,MRY,2009-12-31,2009-12-31,2009-12-31,2021-08-06,-5127000000.0,31883000000.0,32601750000.0,9275000000.0,22608000000.0,1.389,7.685,-1542000000.0,1542000000.0,1542000000.0,3440000000.0,1968000000.0,1.487,3.17,9521000000.0,853000000.0,8668000000.0,9521000000.0,0.0,1747000000.0,0.0,0.031,1.8,3518000000.0,5265000000.0,0.116,5265000000.0,3518000000.0,3073000000.0,1.97,1.96,1.97,7630000000.0,7046000000.0,7630000000.0,65020181085.0,18.0,12.35,3743000000.0,3.77,1.0,41857000000.0,0.924,2685000000.0,445000000.0,30938000000.0,30907250000.0,0.0,1378000000.0,845000000.0,533000000.0,24187000000.0,6239000000.0,17948000000.0,56957181085.0,1035000000.0,-9000000.0,-412000000.0,-522000000.0,-1751000000.0,-3045000000.0,-1248000000.0,-11000000.0,5285000000.0,43000000.0,1968000000.0,1968000000.0,1968000000.0,0.0,0.0,0.043,38349000000.0,3508000000.0,1766000000.0,0.914,7.465,28.942,29.122,17979000000.0,0.0,57.37,1.257,1.257,5706000000.0,12745000000.0,45297000000.0,45297000000.0,0.0,0.06,0.279,0.114,0.078,430000000.0,26918000000.0,1.0,992804272.0,992804272.0,,45.625,29198000000.0,851000000.0,1105000000.0,1293000000.0,29.41,3036000000.0
12,UPS,MRY,2008-12-31,2008-12-31,2008-12-31,2021-08-06,-5642000000.0,31879000000.0,36392500000.0,8845000000.0,23034000000.0,1.415,6.813,-2489000000.0,507000000.0,507000000.0,5328000000.0,3003000000.0,1.132,3.702,9871000000.0,2074000000.0,7797000000.0,9871000000.0,0.0,1814000000.0,0.0,0.033,1.8,5457000000.0,7271000000.0,0.141,7271000000.0,5457000000.0,5015000000.0,2.96,2.94,2.96,6780000000.0,10123750000.0,6780000000.0,64614385184.0,12.0,8.887,5937000000.0,5.966,1.0,46158000000.0,0.897,2497000000.0,442000000.0,30929000000.0,33825750000.0,0.0,1022000000.0,1022000000.0,0.0,25099000000.0,7817000000.0,17282000000.0,54894385184.0,-1520000000.0,0.0,-3401000000.0,-921000000.0,-2219000000.0,-6702000000.0,-3179000000.0,-278000000.0,8426000000.0,-65000000.0,3003000000.0,3003000000.0,3003000000.0,0.0,0.0,0.058,40776000000.0,5382000000.0,1855000000.0,0.608,8.097,18.28,18.635,18265000000.0,0.0,55.16,1.066,1.066,6023000000.0,12412000000.0,51486000000.0,51486000000.0,0.0,0.083,0.297,0.161,0.106,516000000.0,27090000000.0,1.0,995184648.0,995184648.0,,51.735,29382000000.0,661000000.0,2012000000.0,625000000.0,29.524,1028000000.0
13,UPS,MRY,2007-12-31,2007-12-31,2007-12-31,2021-08-06,-2013000000.0,39042000000.0,35106500000.0,11760000000.0,27282000000.0,1.415,11.594,-2735000000.0,2027000000.0,2027000000.0,4131000000.0,382000000.0,1.195,2.205,11018000000.0,3512000000.0,7506000000.0,11018000000.0,0.0,1745000000.0,0.0,0.024,1.68,677000000.0,2422000000.0,0.049,2422000000.0,677000000.0,431000000.0,0.36,0.36,0.36,12183000000.0,14576000000.0,12183000000.0,77731544896.0,115.0,32.094,-1612000000.0,-1.534,1.0,45561000000.0,0.917,3205000000.0,246000000.0,34988000000.0,28746750000.0,0.0,1045000000.0,1045000000.0,0.0,26859000000.0,9840000000.0,17019000000.0,74315544896.0,1233000000.0,0.0,-2465000000.0,6509000000.0,-1703000000.0,2297000000.0,-2199000000.0,621000000.0,1123000000.0,12000000.0,382000000.0,382000000.0,382000000.0,0.0,0.0,0.008,44983000000.0,578000000.0,1819000000.0,4.667,6.1,194.543,196.444,17663000000.0,0.0,70.72,1.496,1.496,6515000000.0,14186000000.0,49692000000.0,49692000000.0,0.0,0.011,0.026,0.024,0.014,447000000.0,32703000000.0,1.0,1050841981.0,1050841981.0,,47.288,35837000000.0,1862000000.0,49000000.0,2620000000.0,34.103,1920000000.0
14,UPS,MRY,2006-12-31,2006-12-31,2006-12-31,2021-08-06,-2205000000.0,33210000000.0,34761750000.0,9377000000.0,23833000000.0,1.368,14.421,-3010000000.0,794000000.0,794000000.0,3810000000.0,4202000000.0,1.396,1.145,4116000000.0,983000000.0,3133000000.0,4116000000.0,0.0,1748000000.0,0.0,0.02,1.52,6721000000.0,8469000000.0,0.178,8469000000.0,6721000000.0,6510000000.0,3.87,3.86,3.87,15482000000.0,16597500000.0,15482000000.0,84118294554.0,13.0,9.932,2579000000.0,2.402,1.0,43737000000.0,0.92,3221000000.0,211000000.0,26592000000.0,27544500000.0,0.0,1615000000.0,1615000000.0,0.0,17728000000.0,6719000000.0,11009000000.0,80494294554.0,-575000000.0,0.0,-2296000000.0,46000000.0,-1577000000.0,-3851000000.0,-2340000000.0,482000000.0,5589000000.0,27000000.0,4202000000.0,4202000000.0,4202000000.0,0.0,0.0,0.088,37102000000.0,6635000000.0,1841000000.0,0.393,5.199,19.156,19.375,16779000000.0,0.0,74.98,1.693,1.693,6168000000.0,17676000000.0,47547000000.0,47547000000.0,0.0,0.121,0.253,0.244,0.141,369000000.0,25359000000.0,1.0,1073543539.0,1073543539.0,,44.29,29989000000.0,479000000.0,2308000000.0,2529000000.0,27.935,2658000000.0
15,UPS,MRY,2005-12-31,2005-12-31,2005-12-31,2021-08-06,-164000000.0,34947000000.0,34080250000.0,10728000000.0,24219000000.0,1.249,15.3,-2160000000.0,1369000000.0,1369000000.0,3182000000.0,3870000000.0,1.646,1.07,3980000000.0,821000000.0,3159000000.0,3980000000.0,0.0,1644000000.0,0.0,0.018,1.32,6247000000.0,7891000000.0,0.185,7891000000.0,6247000000.0,6075000000.0,3.48,3.47,3.48,16884000000.0,16576000000.0,16884000000.0,86255738988.0,14.0,10.931,3633000000.0,3.292,1.0,39399000000.0,0.925,3233000000.0,172000000.0,27807000000.0,27786750000.0,0.0,2083000000.0,2083000000.0,0.0,18063000000.0,6518000000.0,11545000000.0,82931738988.0,630000000.0,-1488000000.0,-2315000000.0,-461000000.0,-1391000000.0,-4175000000.0,-975000000.0,2752000000.0,5793000000.0,-13000000.0,3870000000.0,3870000000.0,3870000000.0,0.0,0.0,0.091,33256000000.0,6143000000.0,1806000000.0,0.379,4.912,21.429,21.595,15289000000.0,0.0,75.15,1.948,1.948,6214000000.0,17037000000.0,42581000000.0,42581000000.0,0.0,0.114,0.233,0.225,0.147,234000000.0,23389000000.0,1.0,1103549421.0,1103549421.0,,38.585,31714000000.0,475000000.0,2205000000.0,3605000000.0,28.738,4210000000.0
16,UPS,MRY,2004-12-31,2004-12-31,2004-12-31,2021-08-06,-242000000.0,33088000000.0,30868250000.0,12605000000.0,20483000000.0,1.185,14.613,-2052000000.0,739000000.0,739000000.0,2421000000.0,3333000000.0,1.931,1.02,4448000000.0,1187000000.0,3261000000.0,4448000000.0,0.0,1543000000.0,0.0,0.013,1.12,5071000000.0,6614000000.0,0.181,6614000000.0,5071000000.0,4922000000.0,2.95,2.93,2.95,16378000000.0,15497500000.0,16378000000.0,96720977386.0,19.0,14.624,3279000000.0,2.926,1.0,34161000000.0,0.934,1924000000.0,149000000.0,28344000000.0,25061750000.0,0.0,4982000000.0,4982000000.0,0.0,16710000000.0,6529000000.0,10181000000.0,95782977386.0,-325000000.0,-238000000.0,-1117000000.0,343000000.0,-1208000000.0,-2014000000.0,-3638000000.0,-1598000000.0,5331000000.0,-4000000.0,3333000000.0,3333000000.0,3333000000.0,0.0,0.0,0.091,29172000000.0,4989000000.0,2312000000.0,0.38,5.848,28.738,28.969,13973000000.0,0.0,85.46,2.618,2.618,5156000000.0,16192000000.0,36582000000.0,36582000000.0,0.0,0.108,0.215,0.202,0.139,610000000.0,21575000000.0,1.0,1120793089.0,1120793089.0,,32.639,31164000000.0,763000000.0,1589000000.0,5529000000.0,27.805,6076000000.0
17,UPS,MRY,2003-12-31,2003-12-31,2003-12-31,2021-08-06,-177000000.0,29734000000.0,28023000000.0,9959000000.0,19775000000.0,1.195,13.211,-1829000000.0,1064000000.0,1064000000.0,0.0,2898000000.0,1.771,1.002,3823000000.0,674000000.0,3149000000.0,3823000000.0,0.0,1549000000.0,0.0,0.012,0.92,4491000000.0,6040000000.0,0.18,6040000000.0,4491000000.0,4370000000.0,2.57,2.55,2.57,14852000000.0,13677500000.0,14852000000.0,84774336599.0,19.0,14.035,2747000000.0,2.443,1.0,33485000000.0,1.0,1883000000.0,121000000.0,24986000000.0,23773750000.0,0.0,3728000000.0,3728000000.0,0.0,14882000000.0,5624000000.0,9258000000.0,83812336599.0,-60000000.0,8000000.0,-244000000.0,-884000000.0,-956000000.0,-2110000000.0,-2742000000.0,-965000000.0,4576000000.0,216000000.0,2898000000.0,2898000000.0,2898000000.0,0.0,0.0,0.087,29040000000.0,4445000000.0,2003000000.0,0.358,5.643,28.921,29.008,13298000000.0,0.0,74.55,2.503,2.503,4004000000.0,14356000000.0,33485000000.0,33485000000.0,0.0,0.103,0.212,0.189,0.134,497000000.0,19251000000.0,1.0,1124243281.0,1124243281.0,,29.784,27851000000.0,316000000.0,1472000000.0,4774000000.0,24.773,4335000000.0
18,UPS,MRY,2002-12-31,2002-12-31,2002-12-31,2021-08-06,-438000000.0,26357000000.0,25619500000.0,8738000000.0,17619000000.0,1.221,11.155,-1569000000.0,2211000000.0,2211000000.0,0.0,3182000000.0,1.573,1.116,4602000000.0,1107000000.0,3495000000.0,4602000000.0,0.0,1464000000.0,0.0,0.012,0.76,5110000000.0,6574000000.0,0.21,6574000000.0,5110000000.0,4937000000.0,2.84,2.81,2.84,12455000000.0,11094500000.0,12455000000.0,73832173600.0,14.0,11.231,4119000000.0,3.689,1.0,31272000000.0,1.0,1180000000.0,173000000.0,22013000000.0,23270000000.0,0.0,1671000000.0,1671000000.0,0.0,13902000000.0,5555000000.0,8347000000.0,70434173600.0,266000000.0,-14000000.0,-488000000.0,-680000000.0,-840000000.0,-2090000000.0,-3281000000.0,-1179000000.0,5688000000.0,-51000000.0,3182000000.0,3182000000.0,3182000000.0,0.0,0.0,0.102,27176000000.0,4096000000.0,1908000000.0,0.268,5.655,22.135,22.211,13612000000.0,0.0,63.08,2.252,2.252,3756000000.0,12495000000.0,31272000000.0,31272000000.0,0.0,0.124,0.287,0.22,0.163,445000000.0,17940000000.0,1.0,1116584870.0,1116584870.0,,28.007,25177000000.0,268000000.0,1755000000.0,3601000000.0,22.548,3183000000.0
19,UPS,MRY,2001-12-31,2001-12-31,2001-12-31,2021-08-06,-339000000.0,24636000000.0,23762500000.0,7597000000.0,17039000000.0,1.276,9.196,-2236000000.0,858000000.0,858000000.0,0.0,2399000000.0,1.587,1.404,5166000000.0,518000000.0,4648000000.0,5166000000.0,0.0,1396000000.0,0.0,0.014,0.76,4095000000.0,5491000000.0,0.181,5491000000.0,4095000000.0,3911000000.0,2.13,2.1,2.13,10248000000.0,9818750000.0,10248000000.0,64348603350.0,16.0,11.719,2334000000.0,2.094,1.0,30321000000.0,1.0,0.0,184000000.0,24158000000.0,21973000000.0,0.0,1466000000.0,1466000000.0,0.0,14388000000.0,4786000000.0,9602000000.0,60736603350.0,-21000000.0,-466000000.0,-1800000000.0,1223000000.0,-847000000.0,-1493000000.0,-3053000000.0,325000000.0,4570000000.0,-45000000.0,2399000000.0,2399000000.0,2399000000.0,0.0,0.0,0.079,26359000000.0,3962000000.0,1899000000.0,0.357,5.927,25.317,25.587,13438000000.0,0.0,54.5,2.003,2.003,4078000000.0,10162000000.0,30321000000.0,30321000000.0,0.0,0.101,0.244,0.186,0.135,495000000.0,17397000000.0,1.0,1114433089.0,1114433089.0,,27.208,24636000000.0,0.0,1512000000.0,3824000000.0,22.106,2811000000.0
20,UPS,MRY,2000-12-31,2000-12-31,2000-12-31,2021-08-06,-227000000.0,21662000000.0,21269250000.0,7124000000.0,14538000000.0,1.387,8.604,-1896000000.0,879000000.0,879000000.0,0.0,2934000000.0,1.583,1.225,3604000000.0,623000000.0,2981000000.0,3604000000.0,0.0,1173000000.0,0.0,0.012,0.68,5039000000.0,6212000000.0,0.211,6212000000.0,5039000000.0,4834000000.0,2.54,2.5,2.54,9735000000.0,9311500000.0,9735000000.0,68071941962.0,14.0,10.958,908000000.0,0.803,1.0,29498000000.0,1.0,0.0,205000000.0,19886000000.0,17455000000.0,0.0,1135000000.0,1135000000.0,0.0,11927000000.0,4501000000.0,7426000000.0,66471941962.0,-3325000000.0,-245000000.0,-5377000000.0,1129000000.0,-786000000.0,-5161000000.0,-937000000.0,1218000000.0,2804000000.0,-31000000.0,2934000000.0,2934000000.0,2934000000.0,0.0,0.0,0.099,24986000000.0,4512000000.0,1674000000.0,0.268,6.828,22.656,23.13,12329000000.0,0.0,58.75,2.253,2.253,4078000000.0,9684000000.0,29498000000.0,29498000000.0,0.0,0.138,0.315,0.289,0.171,539000000.0,16546000000.0,1.0,1131437310.0,1131437310.0,,26.071,21662000000.0,0.0,1900000000.0,3396000000.0,19.146,2623000000.0
21,UPS,MRY,1999-12-31,1999-12-31,1999-12-31,2021-08-06,-170000000.0,23028000000.0,20047500000.0,10192000000.0,12836000000.0,1.349,10.367,-1263000000.0,4204000000.0,4204000000.0,0.0,883000000.0,2.428,0.846,2424000000.0,512000000.0,1912000000.0,2424000000.0,0.0,1139000000.0,0.0,0.004,0.3,2316000000.0,3455000000.0,0.128,3455000000.0,2316000000.0,2088000000.0,0.79,0.77,0.79,12474000000.0,9823500000.0,12474000000.0,85040037463.0,37.0,24.614,996000000.0,0.828,1.0,27052000000.0,1.0,0.0,228000000.0,17050000000.0,15880500000.0,0.0,2074000000.0,2074000000.0,0.0,10554000000.0,4198000000.0,6356000000.0,83023037463.0,2964000000.0,-63000000.0,4719000000.0,-177000000.0,-672000000.0,3869000000.0,-3125000000.0,-1691000000.0,2259000000.0,-39000000.0,883000000.0,883000000.0,883000000.0,0.0,0.0,0.033,23147000000.0,3905000000.0,1295000000.0,0.38,6.656,94.024,87.342,11579000000.0,0.0,69.0,3.069,3.069,3167000000.0,7536000000.0,27052000000.0,27052000000.0,0.0,0.044,0.09,0.146,0.086,443000000.0,15285000000.0,1.0,1203232427.0,1203232427.0,,22.483,23028000000.0,0.0,1205000000.0,3911000000.0,19.138,5994000000.0
22,UPS,MRY,1998-12-31,1998-12-31,1998-12-31,2021-08-06,-63000000.0,17067000000.0,,5425000000.0,11642000000.0,,,-1429000000.0,1240000000.0,1240000000.0,0.0,1741000000.0,1.46,1.379,2601000000.0,410000000.0,2191000000.0,2601000000.0,0.0,1112000000.0,0.0,,0.0,3129000000.0,4241000000.0,0.171,4241000000.0,3129000000.0,2902000000.0,1.59,1.57,1.59,7173000000.0,,7173000000.0,,,,1507000000.0,,1.0,24788000000.0,1.0,0.0,227000000.0,14711000000.0,,0.0,389000000.0,389000000.0,0.0,9894000000.0,3717000000.0,6177000000.0,,780000000.0,0.0,-73000000.0,-23000000.0,-466000000.0,-501000000.0,-1655000000.0,-390000000.0,2936000000.0,0.0,1741000000.0,1741000000.0,1741000000.0,0.0,0.0,0.07,21785000000.0,3003000000.0,1322000000.0,0.0,,,,11384000000.0,0.0,,,,2713000000.0,7325000000.0,24788000000.0,24788000000.0,0.0,,,,0.126,347000000.0,14346000000.0,1.0,,,,,17067000000.0,0.0,1161000000.0,3017000000.0,,1708000000.0
23,UPS,MRY,1997-12-31,1997-12-31,1997-12-31,2021-08-06,,,,,,,,-1873000000.0,,,0.0,909000000.0,,,,,,,,1063000000.0,,,0.0,1740000000.0,2803000000.0,0.125,2803000000.0,1740000000.0,1553000000.0,0.82,0.81,0.82,,,,,,,633000000.0,,1.0,22458000000.0,1.0,,187000000.0,,,,,,,,,,,68000000.0,0.0,-719000000.0,32000000.0,-385000000.0,-584000000.0,-1827000000.0,0.0,2506000000.0,-27000000.0,909000000.0,909000000.0,909000000.0,0.0,0.0,0.04,20760000000.0,1698000000.0,,0.0,,,,,0.0,,,,,,22458000000.0,22458000000.0,0.0,,,,0.077,162000000.0,13289000000.0,1.0,,,,,,,644000000.0,,,
0,UPS,MRQ,2021-06-30,2021-06-30,2021-06-30,2021-08-06,-3064000000.0,64869000000.0,,21988000000.0,42881000000.0,,12.412,-846000000.0,9608000000.0,9608000000.0,1514000000.0,2676000000.0,1.394,5.002,26185000000.0,2120000000.0,24065000000.0,26185000000.0,0.0,739000000.0,0.0,0.02,1.02,3603000000.0,4342000000.0,0.185,4342000000.0,3603000000.0,3436000000.0,3.06,3.05,3.06,10805000000.0,,10805000000.0,200112666486.0,23.0,17.52,3077000000.0,3.535,1.0,21910000000.0,0.935,5595000000.0,167000000.0,60081000000.0,,0.0,371000000.0,346000000.0,25000000.0,54047000000.0,15770000000.0,38277000000.0,181044666486.0,1877000000.0,861000000.0,63000000.0,-1270000000.0,-860000000.0,-2093000000.0,32000000.0,22000000.0,3923000000.0,15000000.0,2676000000.0,2676000000.0,2676000000.0,0.0,0.0,0.114,18652000000.0,3258000000.0,6563000000.0,0.333,16.756,29.787,29.967,36199000000.0,0.0,207.97,1.958,1.958,10137000000.0,12531000000.0,23424000000.0,23424000000.0,0.0,,,,,206000000.0,11729000000.0,1.0,870532608.0,870532608.0,,26.908,59274000000.0,187000000.0,760000000.0,2584000000.0,68.089,6218000000.0
1,UPS,MRQ,2021-03-31,2021-03-31,2021-03-31,2021-08-06,-4659000000.0,63312000000.0,,20985000000.0,42327000000.0,,8.243,-824000000.0,7731000000.0,7731000000.0,1426000000.0,4792000000.0,1.287,7.857,26799000000.0,2359000000.0,24440000000.0,26799000000.0,0.0,722000000.0,0.0,0.024,1.02,6381000000.0,7103000000.0,0.31,7103000000.0,6381000000.0,6204000000.0,5.5,5.47,5.5,7147000000.0,,7147000000.0,169231879545.0,23.0,16.461,3707000000.0,4.275,1.0,21482000000.0,0.938,5614000000.0,177000000.0,60460000000.0,,0.0,376000000.0,351000000.0,25000000.0,56153000000.0,16306000000.0,39847000000.0,147387879545.0,1821000000.0,-3000000.0,78000000.0,-831000000.0,-858000000.0,-1945000000.0,-766000000.0,67000000.0,4531000000.0,1000000.0,4792000000.0,4792000000.0,4792000000.0,0.0,0.0,0.209,18717000000.0,2765000000.0,6305000000.0,0.185,20.622,28.508,28.715,35499000000.0,0.0,169.99,1.647,1.647,10127000000.0,10748000000.0,22908000000.0,22908000000.0,0.0,,,,,315000000.0,11949000000.0,1.0,867038529.0,867038529.0,,26.421,57698000000.0,243000000.0,1412000000.0,1997000000.0,66.546,4679000000.0
2,UPS,MRQ,2020-12-31,2020-12-31,2020-12-31,2021-08-06,-7113000000.0,62408000000.0,,20216000000.0,42192000000.0,,0.76,-2163000000.0,5910000000.0,5910000000.0,1376000000.0,-3347000000.0,1.188,93.971,27754000000.0,3183000000.0,24571000000.0,27754000000.0,0.0,712000000.0,0.0,0.024,1.01,-4113000000.0,-3401000000.0,-0.137,-3401000000.0,-4113000000.0,-4288000000.0,-3.87,-3.85,-3.87,657000000.0,,657000000.0,165476620337.0,65.0,31.561,-987000000.0,-1.142,1.0,23520000000.0,0.945,5641000000.0,175000000.0,61595000000.0,,0.0,431000000.0,406000000.0,25000000.0,61739000000.0,17016000000.0,44723000000.0,145564620337.0,-2930000000.0,-7000000.0,71000000.0,-1184000000.0,-846000000.0,-1961000000.0,-2177000000.0,19000000.0,1176000000.0,32000000.0,-3347000000.0,-3347000000.0,-3347000000.0,0.0,0.0,-0.134,21483000000.0,2037000000.0,6455000000.0,-0.261,221.56,108.388,108.645,35327000000.0,0.0,168.4,1.72,1.72,10750000000.0,6896000000.0,24896000000.0,24896000000.0,0.0,,,,,288000000.0,12948000000.0,1.0,864397983.0,864397983.0,,28.802,56767000000.0,527000000.0,-941000000.0,488000000.0,65.672,3200000000.0
3,UPS,MRQ,2020-09-30,2020-09-30,2020-09-30,2021-08-06,-6022000000.0,62406000000.0,,19930000000.0,42476000000.0,,6.477,-1146000000.0,8839000000.0,8839000000.0,1194000000.0,1957000000.0,1.289,10.157,28751000000.0,2942000000.0,25809000000.0,28751000000.0,0.0,677000000.0,0.0,0.024,1.01,2701000000.0,3378000000.0,0.159,3378000000.0,2701000000.0,2525000000.0,2.25,2.24,2.25,5592000000.0,,5592000000.0,164996256899.0,25.0,17.853,2190000000.0,2.537,1.0,20044000000.0,0.944,6105000000.0,176000000.0,60757000000.0,,0.0,427000000.0,402000000.0,25000000.0,56800000000.0,15456000000.0,41344000000.0,143864256899.0,26000000.0,-13000000.0,90000000.0,-1385000000.0,-845000000.0,-2157000000.0,-1163000000.0,5000000.0,3336000000.0,10000000.0,1957000000.0,1957000000.0,1957000000.0,0.0,0.0,0.092,17681000000.0,2363000000.0,5609000000.0,0.449,25.727,31.384,31.499,35186000000.0,0.0,166.63,1.792,1.792,8993000000.0,11115000000.0,21238000000.0,21238000000.0,0.0,,,,,140000000.0,11453000000.0,1.0,863375484.0,863375484.0,,24.599,56301000000.0,277000000.0,568000000.0,2145000000.0,65.21,4474000000.0
4,UPS,MRQ,2020-06-30,2020-06-30,2020-06-30,2021-08-06,-5933000000.0,62057000000.0,,20226000000.0,41831000000.0,,5.06,-1133000000.0,8813000000.0,8813000000.0,1053000000.0,1768000000.0,1.243,13.22,29945000000.0,4283000000.0,25662000000.0,29945000000.0,0.0,661000000.0,0.0,0.035,1.01,2540000000.0,3201000000.0,0.156,3201000000.0,2540000000.0,2357000000.0,2.04,2.03,2.04,4363000000.0,,4363000000.0,118521787384.0,19.0,13.444,2264000000.0,2.626,1.0,19406000000.0,0.949,5994000000.0,183000000.0,60924000000.0,,0.0,427000000.0,403000000.0,24000000.0,57681000000.0,16271000000.0,41410000000.0,95856787384.0,-142000000.0,2000000.0,50000000.0,-1757000000.0,-843000000.0,-2566000000.0,-1009000000.0,123000000.0,3397000000.0,36000000.0,1768000000.0,1768000000.0,1768000000.0,0.0,0.0,0.086,17194000000.0,2212000000.0,5271000000.0,0.495,21.97,21.9,21.929,34437000000.0,0.0,111.18,1.239,1.239,9230000000.0,10032000000.0,20459000000.0,20459000000.0,0.0,,,,,137000000.0,11198000000.0,1.0,862176537.0,862176537.0,,23.729,56063000000.0,277000000.0,589000000.0,1918000000.0,65.025,3955000000.0
5,UPS,MRQ,2020-03-31,2020-03-31,2020-03-31,2021-08-06,-5876000000.0,60895000000.0,,19389000000.0,41506000000.0,,3.843,-932000000.0,8955000000.0,8955000000.0,1324000000.0,965000000.0,1.224,17.454,31620000000.0,4931000000.0,26689000000.0,31620000000.0,0.0,648000000.0,0.0,0.042,1.01,1417000000.0,2065000000.0,0.114,2065000000.0,1417000000.0,1250000000.0,1.12,1.11,1.12,3299000000.0,,3299000000.0,103128918692.0,17.0,12.058,1618000000.0,1.885,1.0,16711000000.0,0.927,5952000000.0,167000000.0,61762000000.0,,0.0,528000000.0,505000000.0,23000000.0,57582000000.0,15846000000.0,41736000000.0,80199918692.0,3718000000.0,0.0,-150000000.0,3475000000.0,-840000000.0,2167000000.0,-934000000.0,3000000.0,2550000000.0,-65000000.0,965000000.0,965000000.0,965000000.0,0.0,0.0,0.054,15639000000.0,1072000000.0,4779000000.0,0.902,24.31,18.677,18.759,33949000000.0,0.0,93.42,1.07,1.07,8126000000.0,9137000000.0,18035000000.0,18035000000.0,0.0,,,,,231000000.0,10469000000.0,1.0,858487676.0,858487676.0,,21.008,54943000000.0,299000000.0,285000000.0,1787000000.0,64.0,3543000000.0
6,UPS,MRQ,2019-12-31,2019-12-31,2019-12-31,2021-08-06,-5997000000.0,57857000000.0,,17103000000.0,40754000000.0,,3.808,-2040000000.0,5238000000.0,5238000000.0,1284000000.0,-106000000.0,1.11,16.705,28167000000.0,3958000000.0,24209000000.0,28167000000.0,0.0,630000000.0,0.0,0.033,0.96,-32000000.0,598000000.0,0.029,598000000.0,-32000000.0,-198000000.0,-0.12,-0.12,-0.12,3267000000.0,,3267000000.0,122840723623.0,19.0,14.177,906000000.0,1.056,1.0,19284000000.0,0.938,5980000000.0,166000000.0,59393000000.0,,0.0,527000000.0,503000000.0,24000000.0,54574000000.0,15413000000.0,39161000000.0,100416723623.0,1053000000.0,0.0,-196000000.0,1128000000.0,-797000000.0,127000000.0,-2034000000.0,-3000000.0,2946000000.0,14000000.0,-106000000.0,-106000000.0,-106000000.0,0.0,0.0,-0.005,17151000000.0,2133000000.0,5555000000.0,-8.0,30.737,22.616,22.774,33338000000.0,0.0,117.06,1.355,1.355,9552000000.0,9105000000.0,20568000000.0,20568000000.0,0.0,,,,,199000000.0,11055000000.0,1.0,857822686.0,857822686.0,,23.977,51877000000.0,330000000.0,-92000000.0,1632000000.0,60.475,1690000000.0
7,UPS,MRQ,2019-09-30,2019-09-30,2019-09-30,2021-08-06,-4617000000.0,53282000000.0,,14184000000.0,39098000000.0,,6.473,-1420000000.0,4040000000.0,4040000000.0,1309000000.0,1750000000.0,1.105,8.584,26464000000.0,2661000000.0,23803000000.0,26464000000.0,0.0,587000000.0,0.0,0.032,0.96,2365000000.0,2952000000.0,0.161,2952000000.0,2365000000.0,2206000000.0,2.03,2.01,2.03,5558000000.0,,5558000000.0,124710030344.0,18.0,13.405,66000000.0,0.077,1.0,17009000000.0,0.929,5914000000.0,159000000.0,56957000000.0,,0.0,667000000.0,498000000.0,169000000.0,47708000000.0,12835000000.0,34873000000.0,102890030344.0,-31000000.0,-5000000.0,-216000000.0,677000000.0,-798000000.0,-320000000.0,-1180000000.0,233000000.0,1486000000.0,-17000000.0,1750000000.0,1750000000.0,1750000000.0,0.0,0.0,0.096,14881000000.0,2128000000.0,4218000000.0,0.473,18.512,20.582,20.73,31575000000.0,0.0,119.82,1.402,1.402,7951000000.0,10037000000.0,18318000000.0,18318000000.0,0.0,,,,,203000000.0,9936000000.0,1.0,858704977.0,858704977.0,,21.332,47368000000.0,398000000.0,456000000.0,1886000000.0,55.162,1349000000.0
8,UPS,MRQ,2019-06-30,2019-06-30,2019-06-30,2021-08-06,-4815000000.0,52787000000.0,,14843000000.0,37944000000.0,,5.118,-1345000000.0,4072000000.0,4072000000.0,1330000000.0,1685000000.0,1.089,10.979,25892000000.0,3439000000.0,22453000000.0,25892000000.0,0.0,575000000.0,0.0,0.036,0.96,2363000000.0,2938000000.0,0.163,2938000000.0,2363000000.0,2204000000.0,1.95,1.94,1.95,4405000000.0,,4405000000.0,110242233290.0,16.0,12.36,585000000.0,0.68,1.0,16718000000.0,0.926,5932000000.0,159000000.0,55042000000.0,,0.0,893000000.0,725000000.0,168000000.0,48364000000.0,13633000000.0,34731000000.0,88890233290.0,-326000000.0,0.0,-175000000.0,129000000.0,-800000000.0,-839000000.0,-1431000000.0,-6000000.0,1930000000.0,14000000.0,1685000000.0,1685000000.0,1685000000.0,0.0,0.0,0.093,14575000000.0,2143000000.0,4291000000.0,0.492,20.179,18.686,18.811,30572000000.0,0.0,103.27,1.226,1.226,8071000000.0,9109000000.0,18048000000.0,18048000000.0,0.0,,,,,205000000.0,9621000000.0,1.0,860755624.0,860755624.0,,20.968,46855000000.0,744000000.0,519000000.0,1947000000.0,54.435,1210000000.0
9,UPS,MRQ,2019-03-31,2019-03-31,2019-03-31,2021-08-06,-4818000000.0,52061000000.0,,14904000000.0,37157000000.0,,4.03,-1510000000.0,4399000000.0,4399000000.0,1204000000.0,1111000000.0,1.128,14.011,25751000000.0,3281000000.0,22470000000.0,25751000000.0,0.0,568000000.0,0.0,0.033,0.96,1609000000.0,2177000000.0,0.127,2177000000.0,1609000000.0,1440000000.0,1.28,1.28,1.28,3467000000.0,,3467000000.0,114632985778.0,18.0,13.333,767000000.0,0.892,1.0,15956000000.0,0.93,5906000000.0,169000000.0,54298000000.0,,0.0,881000000.0,712000000.0,169000000.0,48576000000.0,13209000000.0,35367000000.0,96121985778.0,175000000.0,-1000000.0,-199000000.0,485000000.0,-799000000.0,-695000000.0,-1416000000.0,111000000.0,2277000000.0,9000000.0,1111000000.0,1111000000.0,1111000000.0,0.0,0.0,0.065,14562000000.0,1394000000.0,3907000000.0,0.75,27.725,21.093,21.284,29790000000.0,0.0,111.74,1.337,1.337,7613000000.0,8249000000.0,17160000000.0,17160000000.0,0.0,,,,,308000000.0,9688000000.0,1.0,860228976.0,860228976.0,,19.948,46155000000.0,1000000000.0,329000000.0,1758000000.0,53.654,1695000000.0
10,UPS,MRQ,2018-12-31,2018-12-31,2018-12-31,2021-08-06,-4994000000.0,50016000000.0,,16210000000.0,33806000000.0,,3.516,-1801000000.0,4225000000.0,4225000000.0,1396000000.0,453000000.0,1.151,15.551,22736000000.0,2805000000.0,19931000000.0,22736000000.0,0.0,545000000.0,0.0,0.037,0.91,691000000.0,1236000000.0,0.062,1236000000.0,691000000.0,543000000.0,0.52,0.52,0.52,3021000000.0,,3021000000.0,103004328165.0,16.0,11.664,1488000000.0,1.732,1.0,18452000000.0,0.93,5886000000.0,148000000.0,48554000000.0,,0.0,980000000.0,810000000.0,170000000.0,46979000000.0,14087000000.0,32892000000.0,83800328165.0,-8000000.0,0.0,-177000000.0,-475000000.0,-751000000.0,-1432000000.0,-1831000000.0,-54000000.0,3289000000.0,-34000000.0,453000000.0,453000000.0,453000000.0,0.0,0.0,0.023,16448000000.0,2004000000.0,5188000000.0,1.75,27.739,17.491,17.637,26576000000.0,0.0,97.53,1.166,1.166,8958000000.0,8006000000.0,19848000000.0,19848000000.0,0.0,,,,,127000000.0,10510000000.0,1.0,859226168.0,859226168.0,,23.1,44130000000.0,1081000000.0,90000000.0,1619000000.0,51.36,2123000000.0
11,UPS,MRQ,2018-09-30,2018-09-30,2018-09-30,2021-08-06,-5288000000.0,46689000000.0,,13991000000.0,32698000000.0,,3.601,-1631000000.0,4097000000.0,4097000000.0,1304000000.0,1508000000.0,1.145,14.062,23301000000.0,3200000000.0,20101000000.0,23301000000.0,0.0,524000000.0,0.0,0.03,0.91,2044000000.0,2568000000.0,0.147,2568000000.0,2044000000.0,1889000000.0,1.74,1.73,1.74,3098000000.0,,3098000000.0,118942245943.0,16.0,12.276,591000000.0,0.687,1.0,16140000000.0,0.925,5895000000.0,155000000.0,47776000000.0,,0.0,1051000000.0,744000000.0,307000000.0,43563000000.0,12222000000.0,31341000000.0,100445245943.0,-116000000.0,0.0,-198000000.0,286000000.0,-753000000.0,-653000000.0,-1679000000.0,-36000000.0,2222000000.0,-6000000.0,1508000000.0,1508000000.0,1508000000.0,0.0,0.0,0.086,14413000000.0,1727000000.0,3689000000.0,0.523,32.423,18.485,18.65,25379000000.0,0.0,116.75,1.415,1.415,7494000000.0,8377000000.0,17444000000.0,17444000000.0,0.0,,,,,129000000.0,9336000000.0,1.0,860344719.0,860344719.0,,20.276,40794000000.0,513000000.0,381000000.0,1069000000.0,47.416,1769000000.0
12,UPS,MRQ,2018-06-30,2018-06-30,2018-06-30,2021-08-06,-5346000000.0,45223000000.0,,13874000000.0,31349000000.0,,2.702,-1297000000.0,4214000000.0,4214000000.0,1275000000.0,1485000000.0,1.208,18.414,22711000000.0,2591000000.0,20120000000.0,22711000000.0,0.0,542000000.0,0.0,0.033,0.91,2075000000.0,2617000000.0,0.15,2617000000.0,2075000000.0,1926000000.0,1.71,1.71,1.71,2328000000.0,,2328000000.0,111085135468.0,15.0,11.404,1836000000.0,2.131,1.0,16181000000.0,0.927,5865000000.0,149000000.0,46367000000.0,,0.0,1026000000.0,720000000.0,306000000.0,42867000000.0,11488000000.0,31379000000.0,91537135468.0,665000000.0,-2000000.0,-212000000.0,-101000000.0,-753000000.0,-1057000000.0,-1374000000.0,-62000000.0,3133000000.0,-37000000.0,1485000000.0,1485000000.0,1485000000.0,0.0,0.0,0.085,14408000000.0,1773000000.0,3785000000.0,0.532,39.32,17.654,17.794,23901000000.0,0.0,106.23,1.313,1.313,7363000000.0,7665000000.0,17456000000.0,17456000000.0,0.0,,,,,139000000.0,9345000000.0,1.0,861688181.0,861688181.0,,20.258,39358000000.0,517000000.0,441000000.0,975000000.0,45.675,2386000000.0
13,UPS,MRQ,2018-03-31,2018-03-31,2018-03-31,2021-08-06,-5638000000.0,44464000000.0,,13620000000.0,30844000000.0,,1.56,-1517000000.0,3544000000.0,3544000000.0,1184000000.0,1345000000.0,1.222,32.06,23092000000.0,2683000000.0,20409000000.0,23092000000.0,0.0,596000000.0,0.0,0.032,0.91,1814000000.0,2410000000.0,0.141,2410000000.0,1814000000.0,1661000000.0,1.55,1.55,1.55,1344000000.0,,1344000000.0,111145602770.0,15.0,11.209,2550000000.0,2.96,1.0,15929000000.0,0.931,5918000000.0,153000000.0,46945000000.0,,0.0,976000000.0,665000000.0,311000000.0,43089000000.0,11149000000.0,31940000000.0,90176602770.0,57000000.0,0.0,-184000000.0,-1332000000.0,-754000000.0,-2550000000.0,-1446000000.0,69000000.0,4067000000.0,-14000000.0,1345000000.0,1345000000.0,1345000000.0,0.0,0.0,0.079,14409000000.0,1520000000.0,3501000000.0,0.587,67.096,17.737,17.891,23239000000.0,0.0,104.66,1.322,1.322,7606000000.0,6973000000.0,17113000000.0,17113000000.0,0.0,,,,,239000000.0,9406000000.0,1.0,861614779.0,861614779.0,,19.862,38546000000.0,552000000.0,316000000.0,837000000.0,44.737,2471000000.0
14,UPS,MRQ,2017-12-31,2017-12-31,2017-12-31,2021-08-06,-4867000000.0,45574000000.0,,15718000000.0,29856000000.0,,1.153,-1513000000.0,3320000000.0,3320000000.0,1237000000.0,1096000000.0,1.22,44.819,24289000000.0,4011000000.0,20278000000.0,24289000000.0,0.0,594000000.0,0.0,0.028,0.83,1500000000.0,2094000000.0,0.11,2094000000.0,1500000000.0,1371000000.0,1.26,1.26,1.26,994000000.0,,994000000.0,118167291901.0,16.0,11.97,-4452000000.0,-5.166,1.0,17738000000.0,0.935,5836000000.0,129000000.0,47821000000.0,,0.0,1232000000.0,749000000.0,483000000.0,44550000000.0,12886000000.0,31664000000.0,102675291901.0,-97000000.0,-73000000.0,-397000000.0,5303000000.0,-686000000.0,4201000000.0,-1356000000.0,248000000.0,-2939000000.0,-3000000.0,1096000000.0,1096000000.0,1096000000.0,0.0,0.0,0.058,15675000000.0,2063000000.0,3934000000.0,0.659,103.295,20.933,21.163,22118000000.0,0.0,119.15,1.542,1.542,8773000000.0,5852000000.0,18975000000.0,18975000000.0,0.0,,,,,121000000.0,9855000000.0,1.0,861731363.0,861731363.0,,22.02,39738000000.0,1839000000.0,275000000.0,756000000.0,46.114,2832000000.0
15,UPS,MRQ,2017-09-30,2017-09-30,2017-09-30,2021-08-06,-4224000000.0,41356000000.0,,12910000000.0,28446000000.0,,1.743,-1695000000.0,3418000000.0,3418000000.0,1035000000.0,1259000000.0,1.061,26.386,18910000000.0,4555000000.0,14355000000.0,18910000000.0,0.0,572000000.0,0.0,0.027,0.83,2048000000.0,2620000000.0,0.162,2620000000.0,2048000000.0,1937000000.0,1.45,1.44,1.45,1509000000.0,,1509000000.0,118524123540.0,21.0,14.984,102000000.0,0.118,1.0,15138000000.0,0.936,5735000000.0,111000000.0,38946000000.0,,0.0,1524000000.0,1043000000.0,481000000.0,39817000000.0,12167000000.0,27650000000.0,103994123540.0,-125000000.0,-4000000.0,-403000000.0,739000000.0,-696000000.0,-358000000.0,-1590000000.0,88000000.0,1797000000.0,26000000.0,1259000000.0,1259000000.0,1259000000.0,0.0,0.0,0.078,13326000000.0,1812000000.0,2808000000.0,0.572,68.916,29.204,29.29,20988000000.0,0.0,120.09,1.594,1.594,6937000000.0,5724000000.0,16173000000.0,16173000000.0,0.0,,,,,118000000.0,8719000000.0,1.0,865968220.0,865968220.0,,18.676,35621000000.0,318000000.0,678000000.0,75000000.0,41.134,743000000.0
16,UPS,MRQ,2017-06-30,2017-06-30,2017-06-30,2021-08-06,-4202000000.0,39724000000.0,,12394000000.0,27330000000.0,,1.434,-1068000000.0,3544000000.0,3544000000.0,1008000000.0,1384000000.0,1.118,30.908,18074000000.0,3817000000.0,14257000000.0,18074000000.0,0.0,562000000.0,0.0,0.029,0.83,2230000000.0,2792000000.0,0.175,2792000000.0,2230000000.0,2119000000.0,1.59,1.58,1.59,1244000000.0,,1244000000.0,110518923441.0,20.0,14.006,1314000000.0,1.514,1.0,14919000000.0,0.937,5674000000.0,111000000.0,37498000000.0,,0.0,1539000000.0,1060000000.0,479000000.0,38450000000.0,11082000000.0,27368000000.0,95965923441.0,849000000.0,-32000000.0,-402000000.0,654000000.0,-694000000.0,-432000000.0,-1115000000.0,-18000000.0,2382000000.0,14000000.0,1384000000.0,1384000000.0,1384000000.0,0.0,0.0,0.087,12882000000.0,2037000000.0,2648000000.0,0.522,77.143,26.866,27.039,19841000000.0,0.0,110.59,1.499,1.499,6553000000.0,5437000000.0,15927000000.0,15927000000.0,0.0,,,,,133000000.0,8548000000.0,1.0,867763120.0,867763120.0,,18.354,34050000000.0,362000000.0,735000000.0,95000000.0,39.239,1312000000.0
17,UPS,MRQ,2017-03-31,2017-03-31,2017-03-31,2021-08-06,-4462000000.0,38380000000.0,,11494000000.0,26886000000.0,,0.615,-927000000.0,2687000000.0,2687000000.0,1011000000.0,1166000000.0,1.008,70.692,17240000000.0,4302000000.0,12938000000.0,17240000000.0,0.0,554000000.0,0.0,0.03,0.83,1812000000.0,2366000000.0,0.153,2366000000.0,1812000000.0,1710000000.0,1.33,1.33,1.33,535000000.0,,535000000.0,105953180694.0,19.0,13.76,-688000000.0,-0.791,1.0,14499000000.0,0.935,5557000000.0,102000000.0,35970000000.0,,0.0,1521000000.0,1031000000.0,490000000.0,37820000000.0,11406000000.0,26414000000.0,93354180694.0,-779000000.0,-25000000.0,-364000000.0,1131000000.0,-695000000.0,-124000000.0,-910000000.0,47000000.0,239000000.0,16000000.0,1166000000.0,1166000000.0,1166000000.0,0.0,0.0,0.075,12882000000.0,1617000000.0,2404000000.0,0.624,174.494,27.004,27.303,19225000000.0,0.0,107.3,1.489,1.489,6475000000.0,4988000000.0,15510000000.0,15510000000.0,0.0,,,,,212000000.0,8610000000.0,1.0,870029643.0,870029643.0,,17.827,32823000000.0,526000000.0,544000000.0,107000000.0,37.726,88000000.0
18,UPS,MRQ,2016-12-31,2016-12-31,2016-12-31,2021-08-06,-4483000000.0,40377000000.0,,13849000000.0,26528000000.0,,0.464,-1116000000.0,3476000000.0,3476000000.0,1030000000.0,-248000000.0,1.181,98.637,16075000000.0,3681000000.0,12394000000.0,16075000000.0,0.0,563000000.0,0.0,0.027,0.78,-431000000.0,132000000.0,0.007,132000000.0,-431000000.0,-531000000.0,-0.27,-0.27,-0.27,405000000.0,,405000000.0,112068223195.0,20.0,14.505,-6000000.0,-0.007,1.0,16605000000.0,0.942,5515000000.0,100000000.0,35731000000.0,,0.0,1567000000.0,1091000000.0,476000000.0,39948000000.0,11730000000.0,28218000000.0,100041223195.0,180000000.0,-544000000.0,-622000000.0,1028000000.0,-656000000.0,-359000000.0,-536000000.0,1123000000.0,1110000000.0,-35000000.0,-248000000.0,-248000000.0,-248000000.0,0.0,0.0,-0.014,14812000000.0,1793000000.0,3042000000.0,-2.889,247.015,29.235,29.546,18800000000.0,0.0,114.64,1.624,1.624,7695000000.0,4879000000.0,17635000000.0,17635000000.0,0.0,,,,,120000000.0,9361000000.0,1.0,872655471.0,872655471.0,,20.208,34862000000.0,1224000000.0,-283000000.0,112000000.0,39.949,2119000000.0
19,UPS,MRQ,2016-09-30,2016-09-30,2016-09-30,2021-08-06,-3651000000.0,38342000000.0,,12853000000.0,25489000000.0,,3.124,-809000000.0,3299000000.0,3299000000.0,927000000.0,1270000000.0,1.18,12.969,15326000000.0,3820000000.0,11506000000.0,15326000000.0,0.0,554000000.0,0.0,0.028,0.78,2047000000.0,2601000000.0,0.174,2601000000.0,2047000000.0,1953000000.0,1.44,1.44,1.44,2743000000.0,,2743000000.0,107332263640.0,13.0,10.534,-139000000.0,-0.158,1.0,14001000000.0,0.938,4973000000.0,94000000.0,34507000000.0,,0.0,2544000000.0,2059000000.0,485000000.0,35575000000.0,10889000000.0,24686000000.0,96025263640.0,240000000.0,0.0,-629000000.0,1031000000.0,-660000000.0,-197000000.0,-233000000.0,579000000.0,670000000.0,0.0,1270000000.0,1270000000.0,1270000000.0,0.0,0.0,0.085,11967000000.0,2034000000.0,2287000000.0,0.542,35.007,19.201,19.459,18489000000.0,0.0,109.36,1.6,1.6,6272000000.0,6385000000.0,14928000000.0,14928000000.0,0.0,,,,,125000000.0,8105000000.0,1.0,878065688.0,878065688.0,,17.001,33369000000.0,456000000.0,683000000.0,236000000.0,38.003,1964000000.0
20,UPS,MRQ,2016-06-30,2016-06-30,2016-06-30,2021-08-06,-3606000000.0,38339000000.0,,13123000000.0,25216000000.0,,2.975,-528000000.0,3059000000.0,3059000000.0,888000000.0,1269000000.0,1.317,13.591,14366000000.0,2816000000.0,11550000000.0,14366000000.0,0.0,555000000.0,0.0,0.028,0.78,2046000000.0,2601000000.0,0.178,2601000000.0,2046000000.0,1952000000.0,1.43,1.43,1.43,2626000000.0,,2626000000.0,106632117068.0,13.0,10.555,1495000000.0,1.694,1.0,13741000000.0,0.939,4977000000.0,94000000.0,34708000000.0,,0.0,3098000000.0,2613000000.0,485000000.0,35689000000.0,9961000000.0,25728000000.0,95081117068.0,-828000000.0,3000000.0,-625000000.0,-844000000.0,-661000000.0,-2144000000.0,-686000000.0,-166000000.0,2023000000.0,-21000000.0,1269000000.0,1269000000.0,1269000000.0,0.0,0.0,0.087,11703000000.0,2038000000.0,2405000000.0,0.545,36.208,19.062,19.305,18251000000.0,0.0,107.72,1.602,1.602,6111000000.0,6223000000.0,14629000000.0,14629000000.0,0.0,,,,,131000000.0,7983000000.0,1.0,882669115.0,882669115.0,,16.574,33362000000.0,310000000.0,683000000.0,205000000.0,37.797,3162000000.0
21,UPS,MRQ,2016-03-31,2016-03-31,2016-03-31,2021-08-06,-3647000000.0,39168000000.0,,13912000000.0,25256000000.0,,2.778,-424000000.0,3887000000.0,3887000000.0,815000000.0,1131000000.0,1.254,14.932,15438000000.0,3869000000.0,11569000000.0,15438000000.0,0.0,552000000.0,0.0,0.028,0.78,1840000000.0,2392000000.0,0.166,2392000000.0,1840000000.0,1747000000.0,1.27,1.27,1.27,2457000000.0,,2457000000.0,104880783740.0,13.0,10.513,2246000000.0,2.54,1.0,13603000000.0,0.943,5009000000.0,93000000.0,34612000000.0,,0.0,2864000000.0,2380000000.0,484000000.0,36688000000.0,11098000000.0,25590000000.0,93276783740.0,1157000000.0,-6000000.0,-557000000.0,819000000.0,-666000000.0,-440000000.0,-1108000000.0,-625000000.0,2670000000.0,35000000.0,1131000000.0,1131000000.0,1131000000.0,0.0,0.0,0.078,11780000000.0,1823000000.0,2040000000.0,0.614,37.964,18.848,19.107,18285000000.0,0.0,105.47,1.586,1.586,6241000000.0,6095000000.0,14418000000.0,14418000000.0,0.0,,,,,215000000.0,8122000000.0,1.0,884391616.0,884391616.0,,16.303,34159000000.0,328000000.0,616000000.0,642000000.0,38.624,2814000000.0
22,UPS,MRQ,2015-12-31,2015-12-31,2015-12-31,2021-08-06,-3540000000.0,38311000000.0,,13208000000.0,25103000000.0,,2.774,-719000000.0,2730000000.0,2730000000.0,913000000.0,1331000000.0,1.235,14.502,14334000000.0,3018000000.0,11316000000.0,14334000000.0,0.0,541000000.0,0.0,0.03,0.73,2054000000.0,2595000000.0,0.162,2595000000.0,2054000000.0,1969000000.0,1.48,1.48,1.48,2470000000.0,,2470000000.0,96844609179.0,13.0,9.915,296000000.0,0.332,1.0,15141000000.0,0.943,4968000000.0,85000000.0,34251000000.0,,0.0,2469000000.0,1996000000.0,473000000.0,35820000000.0,10696000000.0,25124000000.0,85684609179.0,-711000000.0,21000000.0,-619000000.0,-186000000.0,-626000000.0,-1405000000.0,-350000000.0,226000000.0,1015000000.0,29000000.0,1331000000.0,1331000000.0,1331000000.0,0.0,0.0,0.083,13090000000.0,2051000000.0,2587000000.0,0.493,34.69,17.689,17.887,18352000000.0,0.0,96.23,1.468,1.468,7134000000.0,6001000000.0,16054000000.0,16054000000.0,0.0,,,,,122000000.0,8761000000.0,1.0,890414727.0,890414727.0,,18.03,33343000000.0,255000000.0,638000000.0,115000000.0,37.447,2512000000.0
23,UPS,MRQ,2015-09-30,2015-09-30,2015-09-30,2021-08-06,-3851000000.0,39002000000.0,,13581000000.0,25421000000.0,,2.152,-684000000.0,3441000000.0,3441000000.0,979000000.0,1257000000.0,1.144,19.209,14601000000.0,4557000000.0,10044000000.0,14601000000.0,0.0,527000000.0,0.0,0.029,0.73,1988000000.0,2515000000.0,0.177,2515000000.0,1988000000.0,1905000000.0,1.4,1.39,1.4,1929000000.0,,1929000000.0,98166847407.0,15.0,11.662,1492000000.0,1.665,1.0,13258000000.0,0.931,4965000000.0,83000000.0,33328000000.0,,0.0,3186000000.0,2248000000.0,938000000.0,37054000000.0,11869000000.0,25185000000.0,88444847407.0,11000000.0,-1835000000.0,-626000000.0,1371000000.0,-629000000.0,92000000.0,-2183000000.0,460000000.0,2176000000.0,-74000000.0,1257000000.0,1257000000.0,1257000000.0,0.0,0.0,0.088,11274000000.0,1984000000.0,2058000000.0,0.521,45.85,22.301,22.43,18163000000.0,0.0,98.69,1.52,1.52,6055000000.0,5771000000.0,14237000000.0,14237000000.0,0.0,,,,,124000000.0,7699000000.0,1.0,896188544.0,896188544.0,,15.886,34037000000.0,1210000000.0,648000000.0,77000000.0,37.98,1712000000.0
24,UPS,MRQ,2015-06-30,2015-06-30,2015-06-30,2021-08-06,-3727000000.0,37251000000.0,,13768000000.0,23483000000.0,,2.164,-587000000.0,3430000000.0,3430000000.0,996000000.0,1230000000.0,1.336,18.094,13152000000.0,3252000000.0,9900000000.0,13152000000.0,0.0,510000000.0,0.0,0.029,0.73,1964000000.0,2474000000.0,0.176,2474000000.0,1964000000.0,1878000000.0,1.37,1.35,1.37,1950000000.0,,1950000000.0,95961808394.0,15.0,11.501,901000000.0,1.0,1.0,13099000000.0,0.929,3092000000.0,86000000.0,33578000000.0,,0.0,3696000000.0,2792000000.0,904000000.0,35283000000.0,10303000000.0,24980000000.0,87339808394.0,-1052000000.0,-80000000.0,-604000000.0,59000000.0,-634000000.0,-1151000000.0,-1419000000.0,-747000000.0,1488000000.0,30000000.0,1230000000.0,1230000000.0,1230000000.0,0.0,0.0,0.087,11139000000.0,1960000000.0,2150000000.0,0.533,44.79,22.264,22.381,17970000000.0,0.0,96.91,1.499,1.499,5618000000.0,5668000000.0,14095000000.0,14095000000.0,0.0,,,,,134000000.0,7732000000.0,1.0,901246604.0,901246604.0,,15.639,34159000000.0,1375000000.0,648000000.0,0.0,37.902,3465000000.0
25,UPS,MRQ,2015-03-31,2015-03-31,2015-03-31,2021-08-06,-3688000000.0,37332000000.0,,13915000000.0,23417000000.0,,2.027,-363000000.0,4482000000.0,4482000000.0,994000000.0,1026000000.0,1.311,19.401,13104000000.0,3163000000.0,9941000000.0,13104000000.0,0.0,506000000.0,0.0,0.028,0.73,1677000000.0,2183000000.0,0.156,2183000000.0,1677000000.0,1590000000.0,1.13,1.12,1.13,1829000000.0,,1829000000.0,95988103905.0,19.0,13.491,2388000000.0,2.646,1.0,12983000000.0,0.929,2984000000.0,87000000.0,32360000000.0,,0.0,3019000000.0,1935000000.0,1084000000.0,35485000000.0,10610000000.0,24875000000.0,87492103905.0,2191000000.0,-10000000.0,-604000000.0,2344000000.0,-636000000.0,899000000.0,-1357000000.0,-966000000.0,2751000000.0,-102000000.0,1026000000.0,1026000000.0,1026000000.0,0.0,0.0,0.073,11310000000.0,1673000000.0,2055000000.0,0.646,47.836,27.802,28.099,17901000000.0,0.0,96.94,1.497,1.497,5724000000.0,5508000000.0,13977000000.0,13977000000.0,0.0,,,,,194000000.0,7858000000.0,1.0,902538724.0,902538724.0,,15.486,34348000000.0,1166000000.0,564000000.0,500000000.0,38.057,3305000000.0
26,UPS,MRQ,2014-12-31,2014-12-31,2014-12-31,2021-08-06,-3594000000.0,35440000000.0,,11218000000.0,24222000000.0,,2.365,-859000000.0,2291000000.0,2291000000.0,1313000000.0,453000000.0,1.301,15.545,10779000000.0,923000000.0,9856000000.0,10779000000.0,0.0,497000000.0,0.0,0.024,0.67,749000000.0,1246000000.0,0.078,1246000000.0,749000000.0,662000000.0,0.5,0.5,0.5,2141000000.0,,2141000000.0,108681009550.0,22.0,15.721,676000000.0,0.747,1.0,14582000000.0,0.917,3031000000.0,87000000.0,32276000000.0,,0.0,1481000000.0,992000000.0,489000000.0,33282000000.0,8621000000.0,24661000000.0,100634009550.0,-1913000000.0,-66000000.0,-562000000.0,-1500000000.0,-586000000.0,-2748000000.0,-662000000.0,276000000.0,1535000000.0,-38000000.0,453000000.0,453000000.0,453000000.0,0.0,0.0,0.028,13828000000.0,754000000.0,2754000000.0,1.34,47.003,33.191,33.586,18281000000.0,0.0,111.17,1.728,1.728,6661000000.0,5726000000.0,15895000000.0,15895000000.0,0.0,,,,,106000000.0,9453000000.0,1.0,905226316.0,905226316.0,,17.559,32409000000.0,1219000000.0,209000000.0,78000000.0,35.802,2597000000.0
27,UPS,MRQ,2014-09-30,2014-09-30,2014-09-30,2021-08-06,-611000000.0,35906000000.0,,13318000000.0,22588000000.0,,6.16,-613000000.0,4204000000.0,4204000000.0,1319000000.0,1214000000.0,1.464,5.378,12251000000.0,2393000000.0,9858000000.0,12251000000.0,0.0,485000000.0,0.0,0.027,0.67,1956000000.0,2441000000.0,0.171,2441000000.0,1956000000.0,1869000000.0,1.33,1.32,1.33,5627000000.0,,5627000000.0,98574198862.0,16.0,12.242,1746000000.0,1.911,1.0,12971000000.0,0.908,2982000000.0,87000000.0,31875000000.0,,0.0,2253000000.0,1367000000.0,886000000.0,30262000000.0,9096000000.0,21166000000.0,89788198862.0,1148000000.0,0.0,-629000000.0,491000000.0,-588000000.0,-781000000.0,-337000000.0,264000000.0,2359000000.0,-93000000.0,1214000000.0,1214000000.0,1214000000.0,0.0,0.0,0.085,11017000000.0,1954000000.0,2112000000.0,0.504,15.957,23.969,24.209,17843000000.0,0.0,98.29,1.567,1.567,5822000000.0,6229000000.0,14290000000.0,14290000000.0,0.0,,,,,124000000.0,7458000000.0,1.0,913502888.0,913502888.0,,15.643,32924000000.0,591000000.0,655000000.0,1276000000.0,36.041,4222000000.0
28,UPS,MRQ,2014-06-30,2014-06-30,2014-06-30,2021-08-06,-596000000.0,34861000000.0,,12341000000.0,22520000000.0,,6.083,-485000000.0,3056000000.0,3056000000.0,1321000000.0,454000000.0,1.48,5.258,11842000000.0,1902000000.0,9940000000.0,11842000000.0,0.0,473000000.0,0.0,0.025,0.67,772000000.0,1245000000.0,0.087,1245000000.0,772000000.0,683000000.0,0.49,0.49,0.49,5568000000.0,,5568000000.0,100110812166.0,17.0,12.709,-920000000.0,-1.005,1.0,12947000000.0,0.907,3032000000.0,89000000.0,32278000000.0,,0.0,2330000000.0,1543000000.0,787000000.0,29276000000.0,8337000000.0,20939000000.0,93974812166.0,-2890000000.0,0.0,-636000000.0,-335000000.0,-596000000.0,-1512000000.0,-957000000.0,-463000000.0,-435000000.0,14000000.0,454000000.0,454000000.0,454000000.0,0.0,0.0,0.032,12200000000.0,747000000.0,2106000000.0,1.367,16.878,25.896,26.323,17787000000.0,0.0,102.66,1.662,1.662,5845000000.0,6155000000.0,14268000000.0,14268000000.0,0.0,,,,,142000000.0,8616000000.0,1.0,915398521.0,915398521.0,,15.587,31829000000.0,638000000.0,229000000.0,933000000.0,34.771,4004000000.0
29,UPS,MRQ,2014-03-31,2014-03-31,2014-03-31,2021-08-06,-489000000.0,37085000000.0,,14620000000.0,22465000000.0,,6.769,-318000000.0,5946000000.0,5946000000.0,1301000000.0,911000000.0,1.59,4.934,12082000000.0,2222000000.0,9860000000.0,12082000000.0,0.0,468000000.0,0.0,0.026,0.67,1513000000.0,1981000000.0,0.144,1981000000.0,1513000000.0,1423000000.0,0.99,0.98,0.99,6247000000.0,,6247000000.0,96079817850.0,14.0,10.865,1949000000.0,2.112,1.0,12478000000.0,0.906,3004000000.0,90000000.0,31024000000.0,,0.0,1839000000.0,1089000000.0,750000000.0,30823000000.0,9193000000.0,21630000000.0,89872817850.0,1281000000.0,-22000000.0,-594000000.0,1175000000.0,-596000000.0,-120000000.0,-845000000.0,-496000000.0,2267000000.0,-21000000.0,911000000.0,911000000.0,911000000.0,0.0,0.0,0.066,10965000000.0,1513000000.0,2126000000.0,0.677,14.387,21.166,21.402,17769000000.0,0.0,97.38,1.611,1.611,5804000000.0,6727000000.0,13779000000.0,13779000000.0,0.0,,,,,164000000.0,7562000000.0,1.0,922908378.0,922908378.0,,14.93,34081000000.0,685000000.0,512000000.0,1673000000.0,36.928,5427000000.0
30,UPS,MRQ,2013-12-31,2013-12-31,2013-12-31,2021-08-06,-460000000.0,36212000000.0,,13387000000.0,22825000000.0,,6.974,-446000000.0,4665000000.0,4665000000.0,1372000000.0,1167000000.0,1.877,4.591,10872000000.0,48000000.0,10824000000.0,10872000000.0,0.0,467000000.0,0.0,0.024,0.62,1918000000.0,2385000000.0,0.159,2385000000.0,1918000000.0,1824000000.0,1.25,1.24,1.25,6474000000.0,,6474000000.0,104969028928.0,15.0,11.767,1798000000.0,1.937,1.0,13604000000.0,0.908,2965000000.0,94000000.0,32323000000.0,,0.0,1347000000.0,580000000.0,767000000.0,29724000000.0,7131000000.0,22593000000.0,97551028928.0,-517000000.0,-2000000.0,-849000000.0,-1667000000.0,-558000000.0,-3091000000.0,349000000.0,991000000.0,2244000000.0,-19000000.0,1167000000.0,1167000000.0,1167000000.0,0.0,0.0,0.078,11696000000.0,1908000000.0,2478000000.0,0.496,15.068,22.313,22.598,17961000000.0,0.0,105.08,1.76,1.76,6502000000.0,6925000000.0,14976000000.0,14976000000.0,0.0,,,,,107000000.0,7894000000.0,1.0,928350104.0,928350104.0,,16.132,33247000000.0,794000000.0,657000000.0,1244000000.0,35.813,6256000000.0
31,UPS,MRQ,2013-09-30,2013-09-30,2013-09-30,2021-08-06,-3469000000.0,37476000000.0,,13758000000.0,23718000000.0,,3.882,-549000000.0,5182000000.0,5182000000.0,1279000000.0,1097000000.0,1.759,9.286,12600000000.0,1703000000.0,10897000000.0,12600000000.0,0.0,460000000.0,0.0,0.027,0.62,1806000000.0,2266000000.0,0.168,2266000000.0,1806000000.0,1714000000.0,1.17,1.16,1.17,3642000000.0,,3642000000.0,92845266333.0,39.0,21.918,1080000000.0,1.151,1.0,12242000000.0,0.905,2951000000.0,92000000.0,34122000000.0,,0.0,2210000000.0,1467000000.0,743000000.0,33821000000.0,7821000000.0,26000000000.0,85730266333.0,374000000.0,-20000000.0,-924000000.0,608000000.0,-562000000.0,-675000000.0,-610000000.0,-84000000.0,1629000000.0,30000000.0,1097000000.0,1097000000.0,1097000000.0,0.0,0.0,0.081,10438000000.0,1804000000.0,1817000000.0,0.53,23.539,58.84,57.829,17992000000.0,0.0,91.37,1.558,1.558,5592000000.0,7102000000.0,13521000000.0,13521000000.0,0.0,,,,,118000000.0,7186000000.0,1.0,938275871.0,938275871.0,,14.41,34525000000.0,1560000000.0,617000000.0,237000000.0,36.796,5937000000.0
32,UPS,MRQ,2013-06-30,2013-06-30,2013-06-30,2021-08-06,-3577000000.0,36703000000.0,,13226000000.0,23477000000.0,,3.83,-525000000.0,4808000000.0,4808000000.0,1301000000.0,1071000000.0,1.841,9.144,11923000000.0,1086000000.0,10837000000.0,11923000000.0,0.0,466000000.0,0.0,0.028,0.62,1745000000.0,2211000000.0,0.164,2211000000.0,1745000000.0,1647000000.0,1.14,1.13,1.14,3617000000.0,,3617000000.0,87876639689.0,66.0,27.41,1148000000.0,1.216,1.0,12206000000.0,0.904,2827000000.0,98000000.0,33808000000.0,,0.0,2121000000.0,1384000000.0,737000000.0,33073000000.0,7183000000.0,25890000000.0,81666639689.0,-1648000000.0,0.0,-730000000.0,-538000000.0,-568000000.0,-2195000000.0,-1100000000.0,-498000000.0,1673000000.0,-26000000.0,1071000000.0,1071000000.0,1071000000.0,0.0,0.0,0.079,10464000000.0,1742000000.0,2008000000.0,0.544,22.579,98.512,96.089,17880000000.0,0.0,86.48,1.496,1.496,5438000000.0,7185000000.0,13507000000.0,13507000000.0,0.0,,,,,131000000.0,7206000000.0,1.0,944341347.0,944341347.0,,14.303,33876000000.0,1527000000.0,576000000.0,221000000.0,35.873,6043000000.0
33,UPS,MRQ,2013-03-31,2013-03-31,2013-03-31,2021-08-06,-3595000000.0,38005000000.0,,14481000000.0,23524000000.0,,4.225,-441000000.0,6456000000.0,6456000000.0,1315000000.0,1037000000.0,1.802,8.431,12666000000.0,1615000000.0,11051000000.0,12666000000.0,0.0,474000000.0,0.0,0.027,0.62,1585000000.0,2059000000.0,0.153,2059000000.0,1585000000.0,1489000000.0,1.09,1.08,1.09,4028000000.0,,4028000000.0,87444350018.0,64.0,26.906,1317000000.0,1.381,1.0,12119000000.0,0.902,2805000000.0,96000000.0,33376000000.0,,0.0,1770000000.0,876000000.0,894000000.0,33962000000.0,8034000000.0,25928000000.0,81901350018.0,-871000000.0,0.0,-844000000.0,-178000000.0,-572000000.0,-1846000000.0,-753000000.0,-400000000.0,1758000000.0,-30000000.0,1037000000.0,1037000000.0,1037000000.0,0.0,0.0,0.077,10539000000.0,1580000000.0,1956000000.0,0.569,20.333,93.709,93.37,17888000000.0,0.0,85.9,1.505,1.505,5617000000.0,7614000000.0,13434000000.0,13434000000.0,0.0,,,,,157000000.0,7221000000.0,1.0,953449942.0,953449942.0,,14.09,35200000000.0,1456000000.0,452000000.0,589000000.0,36.919,6447000000.0
34,UPS,MRQ,2012-12-31,2012-12-31,2012-12-31,2021-08-06,-3354000000.0,38863000000.0,,15591000000.0,23272000000.0,,4.877,-516000000.0,7327000000.0,7327000000.0,1399000000.0,-1748000000.0,1.858,7.335,12870000000.0,1781000000.0,11089000000.0,12870000000.0,0.0,476000000.0,0.0,0.031,0.57,-2776000000.0,-2300000000.0,-0.158,-2300000000.0,-2776000000.0,-2885000000.0,-1.82,-1.8,-1.82,4653000000.0,,4653000000.0,76916211639.0,56.0,23.85,1597000000.0,1.674,1.0,13172000000.0,0.904,2776000000.0,109000000.0,33240000000.0,,0.0,1439000000.0,597000000.0,842000000.0,34130000000.0,8390000000.0,25740000000.0,70339211639.0,-1103000000.0,0.0,-171000000.0,-2079000000.0,-530000000.0,-2884000000.0,-428000000.0,-17000000.0,2113000000.0,96000000.0,-1748000000.0,-1748000000.0,-1748000000.0,0.0,0.0,-0.12,15954000000.0,-2782000000.0,2278000000.0,-0.313,15.117,87.161,87.774,17894000000.0,0.0,73.73,1.3,1.3,6111000000.0,7997000000.0,14571000000.0,14571000000.0,0.0,,,,,126000000.0,12175000000.0,1.0,954010737.0,954010737.0,,15.273,36087000000.0,1267000000.0,-1137000000.0,48000000.0,37.827,7201000000.0
35,UPS,MRQ,2012-09-30,2012-09-30,2012-09-30,2021-08-06,-2929000000.0,39064000000.0,,16344000000.0,22720000000.0,,7.855,-625000000.0,8430000000.0,8430000000.0,1275000000.0,469000000.0,1.588,4.177,15007000000.0,3859000000.0,11148000000.0,15007000000.0,0.0,464000000.0,0.0,0.031,0.57,772000000.0,1236000000.0,0.095,1236000000.0,772000000.0,674000000.0,0.49,0.48,0.49,7529000000.0,,7529000000.0,74900626449.0,14.0,10.43,628000000.0,0.655,1.0,11796000000.0,0.902,2784000000.0,98000000.0,32568000000.0,,0.0,891000000.0,586000000.0,305000000.0,31450000000.0,10289000000.0,21161000000.0,68595626449.0,1712000000.0,0.0,-458000000.0,1935000000.0,-532000000.0,909000000.0,-600000000.0,-19000000.0,1253000000.0,150000000.0,469000000.0,469000000.0,469000000.0,0.0,0.0,0.036,11030000000.0,766000000.0,1863000000.0,1.163,9.111,20.913,20.927,17829000000.0,0.0,71.57,1.277,1.277,5545000000.0,10448000000.0,13071000000.0,13071000000.0,0.0,,,,,126000000.0,7797000000.0,1.0,958441057.0,958441057.0,,13.638,36280000000.0,569000000.0,205000000.0,1723000000.0,37.853,6055000000.0
36,UPS,MRQ,2012-06-30,2012-06-30,2012-06-30,2021-08-06,-3192000000.0,37177000000.0,,14702000000.0,22475000000.0,,7.968,-508000000.0,6718000000.0,6718000000.0,1317000000.0,1116000000.0,1.75,3.852,13023000000.0,1911000000.0,11112000000.0,13023000000.0,0.0,459000000.0,0.0,0.028,0.57,1796000000.0,2255000000.0,0.169,2255000000.0,1796000000.0,1704000000.0,1.16,1.15,1.16,7645000000.0,,7645000000.0,82434927328.0,13.0,10.21,1062000000.0,1.107,1.0,12032000000.0,0.901,2767000000.0,92000000.0,32315000000.0,,0.0,908000000.0,604000000.0,304000000.0,29452000000.0,8400000000.0,21052000000.0,75569927328.0,1585000000.0,0.0,-275000000.0,984000000.0,-534000000.0,107000000.0,-48000000.0,362000000.0,1570000000.0,-44000000.0,1116000000.0,1116000000.0,1116000000.0,0.0,0.0,0.084,10242000000.0,1790000000.0,2046000000.0,0.491,9.885,19.462,19.543,17597000000.0,0.0,78.76,1.404,1.404,5541000000.0,10827000000.0,13349000000.0,13349000000.0,0.0,,,,,133000000.0,6960000000.0,1.0,959496284.0,959496284.0,,13.913,34410000000.0,593000000.0,588000000.0,2168000000.0,35.863,6302000000.0
37,UPS,MRQ,2012-03-31,2012-03-31,2012-03-31,2021-08-06,-3020000000.0,35963000000.0,,13473000000.0,22490000000.0,,7.743,-409000000.0,5133000000.0,5133000000.0,1327000000.0,970000000.0,1.786,3.835,11998000000.0,919000000.0,11079000000.0,11998000000.0,0.0,459000000.0,0.0,0.026,0.57,1575000000.0,2034000000.0,0.155,2034000000.0,1575000000.0,1481000000.0,1.01,1.0,1.01,7423000000.0,,7423000000.0,85481910204.0,14.0,10.664,1871000000.0,1.952,1.0,11809000000.0,0.899,2811000000.0,94000000.0,32474000000.0,,0.0,1251000000.0,947000000.0,304000000.0,28464000000.0,7543000000.0,20921000000.0,77387910204.0,2099000000.0,-100000000.0,-416000000.0,889000000.0,-534000000.0,51000000.0,-259000000.0,302000000.0,2280000000.0,27000000.0,970000000.0,970000000.0,970000000.0,0.0,0.0,0.074,10240000000.0,1569000000.0,2000000000.0,0.564,10.425,20.054,20.281,17614000000.0,0.0,80.72,1.442,1.442,5637000000.0,10433000000.0,13136000000.0,13136000000.0,0.0,,,,,162000000.0,7072000000.0,1.0,958720394.0,958720394.0,,13.702,33152000000.0,635000000.0,511000000.0,2437000000.0,34.579,5930000000.0
38,UPS,MRQ,2011-12-31,2011-12-31,2011-12-31,2021-08-06,-3103000000.0,34701000000.0,,12284000000.0,22417000000.0,,7.29,-450000000.0,3034000000.0,3034000000.0,1396000000.0,725000000.0,1.886,3.922,11128000000.0,33000000.0,11095000000.0,11128000000.0,0.0,451000000.0,0.0,0.028,0.52,1205000000.0,1656000000.0,0.117,1656000000.0,1205000000.0,1109000000.0,0.76,0.75,0.76,7035000000.0,,7035000000.0,78896517610.0,13.0,9.979,1261000000.0,1.307,1.0,12770000000.0,0.901,2686000000.0,96000000.0,33595000000.0,,0.0,2027000000.0,1241000000.0,786000000.0,27593000000.0,6514000000.0,21079000000.0,70627517610.0,-1099000000.0,-73000000.0,-422000000.0,-1302000000.0,-497000000.0,-2378000000.0,-421000000.0,60000000.0,1711000000.0,-11000000.0,725000000.0,725000000.0,725000000.0,0.0,0.0,0.051,11573000000.0,1197000000.0,2300000000.0,0.684,10.039,18.567,18.863,17621000000.0,0.0,73.19,1.33,1.33,6246000000.0,10128000000.0,14166000000.0,14166000000.0,0.0,,,,,122000000.0,7958000000.0,1.0,964988627.0,964988627.0,,14.68,32015000000.0,729000000.0,384000000.0,1900000000.0,33.177,5770000000.0
39,UPS,MRQ,2011-09-30,2011-09-30,2011-09-30,2021-08-06,-6040000000.0,35238000000.0,,12628000000.0,22610000000.0,,7.951,-599000000.0,4133000000.0,4133000000.0,1339000000.0,1072000000.0,1.681,3.51,12402000000.0,1310000000.0,11092000000.0,12402000000.0,0.0,447000000.0,0.0,0.032,0.52,1682000000.0,2129000000.0,0.162,2129000000.0,1682000000.0,1598000000.0,1.1,1.09,1.1,7798000000.0,,7798000000.0,69406828634.0,11.0,8.377,1449000000.0,1.477,1.0,11827000000.0,0.898,2688000000.0,84000000.0,33308000000.0,,0.0,1789000000.0,1486000000.0,303000000.0,27369000000.0,7511000000.0,19858000000.0,61936828634.0,-558000000.0,0.0,-1064000000.0,45000000.0,-493000000.0,-1513000000.0,-1047000000.0,-375000000.0,2048000000.0,-46000000.0,1072000000.0,1072000000.0,1072000000.0,0.0,0.0,0.081,10161000000.0,1666000000.0,1974000000.0,0.473,7.943,15.301,15.365,17581000000.0,0.0,63.15,1.183,1.183,5649000000.0,13828000000.0,13166000000.0,13166000000.0,0.0,,,,,130000000.0,6876000000.0,1.0,980789052.0,980789052.0,,13.424,32550000000.0,634000000.0,526000000.0,2394000000.0,33.188,5117000000.0
40,UPS,MRQ,2011-06-30,2011-06-30,2011-06-30,2021-08-06,-5977000000.0,35152000000.0,,12950000000.0,22202000000.0,,8.369,-538000000.0,4691000000.0,4691000000.0,1374000000.0,1092000000.0,1.7,3.25,12161000000.0,1374000000.0,10787000000.0,12161000000.0,0.0,443000000.0,0.0,0.027,0.52,1754000000.0,2197000000.0,0.167,2197000000.0,1754000000.0,1671000000.0,1.11,1.09,1.11,8254000000.0,,8254000000.0,79325598835.0,12.0,9.633,1495000000.0,1.516,1.0,11817000000.0,0.896,2694000000.0,83000000.0,32310000000.0,,0.0,1442000000.0,1138000000.0,304000000.0,26823000000.0,7618000000.0,19205000000.0,71924598835.0,34000000.0,0.0,-488000000.0,-34000000.0,-504000000.0,-1218000000.0,-787000000.0,-197000000.0,2033000000.0,6000000.0,1092000000.0,1092000000.0,1092000000.0,0.0,0.0,0.083,10072000000.0,1745000000.0,2078000000.0,0.468,8.714,18.131,18.187,17489000000.0,0.0,72.93,1.4,1.4,5850000000.0,14218000000.0,13191000000.0,13191000000.0,0.0,,,,,152000000.0,6861000000.0,1.0,986214162.0,986214162.0,,13.375,32458000000.0,818000000.0,579000000.0,2175000000.0,32.912,5332000000.0
41,UPS,MRQ,2011-03-31,2011-03-31,2011-03-31,2021-08-06,-6052000000.0,34594000000.0,,12618000000.0,21976000000.0,,8.271,-391000000.0,4657000000.0,4657000000.0,1223000000.0,915000000.0,1.659,3.229,12058000000.0,1554000000.0,10504000000.0,12058000000.0,0.0,441000000.0,0.0,0.026,0.52,1483000000.0,1924000000.0,0.153,1924000000.0,1483000000.0,1398000000.0,0.92,0.91,0.92,8164000000.0,,8164000000.0,80838637556.0,13.0,10.27,890000000.0,0.902,1.0,11359000000.0,0.903,2706000000.0,85000000.0,31684000000.0,,0.0,1286000000.0,983000000.0,303000000.0,26360000000.0,7605000000.0,18755000000.0,73362637556.0,1287000000.0,0.0,-401000000.0,1196000000.0,-503000000.0,247000000.0,-282000000.0,99000000.0,1281000000.0,41000000.0,915000000.0,915000000.0,915000000.0,0.0,0.0,0.073,9887000000.0,1472000000.0,2017000000.0,0.565,8.986,19.721,19.819,17407000000.0,0.0,74.32,1.456,1.456,5737000000.0,14206000000.0,12582000000.0,12582000000.0,0.0,,,,,120000000.0,6823000000.0,1.0,987118374.0,987118374.0,,12.746,31888000000.0,818000000.0,483000000.0,2331000000.0,32.304,5013000000.0
42,UPS,MRQ,2010-12-31,2010-12-31,2010-12-31,2021-08-06,-2635000000.0,33597000000.0,,11569000000.0,22028000000.0,,8.068,-368000000.0,3370000000.0,3370000000.0,1147000000.0,969000000.0,1.96,3.202,10846000000.0,355000000.0,10491000000.0,10846000000.0,0.0,444000000.0,0.0,0.026,0.47,1591000000.0,2035000000.0,0.152,2035000000.0,1591000000.0,1497000000.0,0.98,0.97,0.98,7979000000.0,,7979000000.0,78398866010.0,14.0,10.543,-456000000.0,-0.461,1.0,12274000000.0,0.915,2680000000.0,94000000.0,32491000000.0,,0.0,1169000000.0,711000000.0,458000000.0,25550000000.0,5902000000.0,19648000000.0,71776866010.0,350000000.0,63000000.0,-151000000.0,1314000000.0,-455000000.0,593000000.0,-161000000.0,63000000.0,-88000000.0,6000000.0,969000000.0,969000000.0,969000000.0,0.0,0.0,0.072,10693000000.0,1581000000.0,1974000000.0,0.48,8.996,21.503,21.601,17387000000.0,0.0,72.58,1.449,1.449,5627000000.0,10604000000.0,13421000000.0,13421000000.0,0.0,,,,,170000000.0,7331000000.0,1.0,988934500.0,988934500.0,,13.571,30917000000.0,659000000.0,528000000.0,1870000000.0,31.263,5667000000.0
43,UPS,MRQ,2010-09-30,2010-09-30,2010-09-30,2021-08-06,-5153000000.0,32907000000.0,,10756000000.0,22151000000.0,,8.539,-93000000.0,3020000000.0,3020000000.0,1006000000.0,991000000.0,1.582,2.882,9642000000.0,994000000.0,8648000000.0,9642000000.0,0.0,448000000.0,0.0,0.028,0.47,1631000000.0,2079000000.0,0.171,2079000000.0,1631000000.0,1540000000.0,1.0,0.99,1.0,8460000000.0,,8460000000.0,73068485696.0,15.0,10.698,818000000.0,0.826,1.0,11186000000.0,0.917,2694000000.0,91000000.0,30034000000.0,,0.0,991000000.0,991000000.0,0.0,24381000000.0,6801000000.0,17580000000.0,66069485696.0,-232000000.0,0.0,-111000000.0,-729000000.0,-452000000.0,-1293000000.0,115000000.0,93000000.0,911000000.0,35000000.0,991000000.0,991000000.0,991000000.0,0.0,0.0,0.081,9570000000.0,1616000000.0,1840000000.0,0.47,7.81,22.457,22.53,17471000000.0,0.0,66.69,1.362,1.362,5563000000.0,13603000000.0,12192000000.0,12192000000.0,0.0,,,,,111000000.0,6633000000.0,1.0,990695542.0,990695542.0,,12.307,30213000000.0,782000000.0,549000000.0,1626000000.0,30.497,3955000000.0
44,UPS,MRQ,2010-06-30,2010-06-30,2010-06-30,2021-08-06,-5217000000.0,33269000000.0,,11024000000.0,22245000000.0,,7.941,-361000000.0,3252000000.0,3252000000.0,998000000.0,845000000.0,1.434,3.222,10251000000.0,1637000000.0,8614000000.0,10251000000.0,0.0,449000000.0,0.0,0.032,0.47,1384000000.0,1833000000.0,0.15,1833000000.0,1384000000.0,1300000000.0,0.85,0.84,0.85,7865000000.0,,7865000000.0,63758175259.0,15.0,10.406,1102000000.0,1.113,1.0,11206000000.0,0.918,2678000000.0,84000000.0,29903000000.0,,0.0,1021000000.0,1021000000.0,0.0,25339000000.0,7687000000.0,17652000000.0,56348175259.0,708000000.0,0.0,-104000000.0,187000000.0,-455000000.0,-389000000.0,-358000000.0,-150000000.0,1463000000.0,-8000000.0,845000000.0,845000000.0,845000000.0,0.0,0.0,0.069,9804000000.0,1402000000.0,1708000000.0,0.553,7.164,22.539,22.665,17615000000.0,0.0,56.89,1.187,1.187,5422000000.0,13067000000.0,12204000000.0,12204000000.0,0.0,,,,,138000000.0,6731000000.0,1.0,990475923.0,990475923.0,,12.321,30591000000.0,836000000.0,455000000.0,1720000000.0,30.885,3337000000.0
45,UPS,MRQ,2010-03-31,2010-03-31,2010-03-31,2021-08-06,-5155000000.0,32504000000.0,,10060000000.0,22444000000.0,,7.601,-263000000.0,2544000000.0,2544000000.0,952000000.0,533000000.0,1.366,3.298,9954000000.0,1406000000.0,8548000000.0,9954000000.0,0.0,451000000.0,0.0,0.028,0.47,1038000000.0,1489000000.0,0.127,1489000000.0,1038000000.0,953000000.0,0.54,0.53,0.54,7547000000.0,,7547000000.0,71928620508.0,19.0,12.86,1286000000.0,1.295,1.0,10776000000.0,0.919,2698000000.0,85000000.0,29850000000.0,,0.0,848000000.0,848000000.0,0.0,24891000000.0,7366000000.0,17525000000.0,63949620508.0,1002000000.0,0.0,-233000000.0,474000000.0,-456000000.0,-257000000.0,-250000000.0,24000000.0,1549000000.0,-40000000.0,533000000.0,533000000.0,533000000.0,0.0,0.0,0.045,9734000000.0,1042000000.0,1788000000.0,0.87,8.474,30.452,30.526,17758000000.0,0.0,64.41,1.388,1.388,5414000000.0,12692000000.0,11728000000.0,11728000000.0,0.0,,,,,100000000.0,6801000000.0,1.0,992852360.0,992852360.0,,11.812,29806000000.0,808000000.0,420000000.0,1842000000.0,30.021,2694000000.0
46,UPS,MRQ,2009-12-31,2009-12-31,2009-12-31,2021-08-06,-5127000000.0,31883000000.0,,9275000000.0,22608000000.0,,7.685,-397000000.0,1542000000.0,1542000000.0,956000000.0,573000000.0,1.487,3.17,9521000000.0,853000000.0,8668000000.0,9521000000.0,0.0,450000000.0,0.0,0.031,0.45,979000000.0,1429000000.0,0.115,1429000000.0,979000000.0,890000000.0,0.57,0.57,0.57,7630000000.0,,7630000000.0,65020181085.0,18.0,12.35,655000000.0,0.66,1.0,11421000000.0,0.923,2685000000.0,89000000.0,30938000000.0,,0.0,1378000000.0,845000000.0,533000000.0,24187000000.0,6239000000.0,17948000000.0,56957181085.0,-700000000.0,-9000000.0,-121000000.0,-748000000.0,-438000000.0,-1384000000.0,-369000000.0,1000000.0,1052000000.0,1000000.0,573000000.0,573000000.0,573000000.0,0.0,0.0,0.046,10455000000.0,966000000.0,1766000000.0,0.789,7.465,28.942,29.122,17979000000.0,0.0,57.37,1.257,1.257,5706000000.0,12745000000.0,12377000000.0,12377000000.0,0.0,,,,,118000000.0,7177000000.0,1.0,992804272.0,992804272.0,,12.467,29198000000.0,851000000.0,317000000.0,1293000000.0,29.41,3036000000.0
47,UPS,MRQ,2009-09-30,2009-09-30,2009-09-30,2021-08-06,-5531000000.0,32211000000.0,,9566000000.0,22645000000.0,,7.02,-491000000.0,2242000000.0,2242000000.0,900000000.0,549000000.0,1.412,3.605,10305000000.0,1397000000.0,8908000000.0,10305000000.0,0.0,441000000.0,0.0,0.032,0.45,935000000.0,1376000000.0,0.123,1376000000.0,935000000.0,842000000.0,0.55,0.55,0.55,6981000000.0,,6981000000.0,64221999439.0,19.0,12.568,587000000.0,0.59,1.0,10253000000.0,0.919,2620000000.0,93000000.0,30880000000.0,,0.0,851000000.0,851000000.0,0.0,25165000000.0,6774000000.0,18391000000.0,56156999439.0,-576000000.0,0.0,-112000000.0,-677000000.0,-437000000.0,-1226000000.0,-464000000.0,-14000000.0,1078000000.0,36000000.0,549000000.0,549000000.0,549000000.0,0.0,0.0,0.049,9324000000.0,929000000.0,1486000000.0,0.818,8.044,34.055,33.814,18092000000.0,0.0,56.47,1.231,1.231,5213000000.0,12453000000.0,11153000000.0,11153000000.0,0.0,,,,,93000000.0,6582000000.0,1.0,994457224.0,994457224.0,,11.215,29591000000.0,698000000.0,293000000.0,927000000.0,29.756,2792000000.0
48,UPS,MRQ,2009-06-30,2009-06-30,2009-06-30,2021-08-06,-5628000000.0,32540000000.0,,10182000000.0,22358000000.0,,6.827,-278000000.0,2818000000.0,2818000000.0,812000000.0,445000000.0,1.423,3.79,10883000000.0,2017000000.0,8866000000.0,10883000000.0,0.0,426000000.0,0.0,0.036,0.45,873000000.0,1299000000.0,0.12,1299000000.0,873000000.0,692000000.0,0.45,0.44,0.45,6793000000.0,,6793000000.0,58087015707.0,14.0,9.999,681000000.0,0.684,1.0,10017000000.0,0.925,2488000000.0,181000000.0,30960000000.0,,0.0,854000000.0,854000000.0,0.0,25747000000.0,7157000000.0,18590000000.0,49742015707.0,-920000000.0,0.0,-94000000.0,-1333000000.0,-438000000.0,-1892000000.0,-19000000.0,104000000.0,959000000.0,32000000.0,445000000.0,445000000.0,445000000.0,0.0,0.0,0.041,9122000000.0,895000000.0,1517000000.0,1.0,7.323,24.03,24.034,17974000000.0,0.0,49.99,1.046,1.046,4948000000.0,12352000000.0,10829000000.0,10829000000.0,0.0,,,,,114000000.0,6555000000.0,1.0,995039322.0,995039322.0,,10.883,30052000000.0,630000000.0,247000000.0,824000000.0,30.202,3025000000.0
49,UPS,MRQ,2009-03-31,2009-03-31,2009-03-31,2021-08-06,-5639000000.0,33773000000.0,,11368000000.0,22405000000.0,,6.811,-376000000.0,3738000000.0,3738000000.0,772000000.0,401000000.0,1.293,3.981,12083000000.0,3346000000.0,8737000000.0,12083000000.0,0.0,430000000.0,0.0,0.037,0.45,731000000.0,1161000000.0,0.106,1161000000.0,731000000.0,649000000.0,0.4,0.4,0.4,6780000000.0,,6780000000.0,58359492125.0,13.0,9.076,1820000000.0,1.828,1.0,10166000000.0,0.929,2473000000.0,82000000.0,30851000000.0,,0.0,1016000000.0,1016000000.0,0.0,26993000000.0,8794000000.0,18199000000.0,48995492125.0,3231000000.0,0.0,-85000000.0,2236000000.0,-438000000.0,1457000000.0,-396000000.0,-102000000.0,2196000000.0,-26000000.0,401000000.0,401000000.0,401000000.0,0.0,0.0,0.037,9448000000.0,718000000.0,1677000000.0,1.125,7.226,19.614,19.767,18000000000.0,0.0,49.22,0.985,0.985,5109000000.0,12363000000.0,10938000000.0,10938000000.0,0.0,,,,,105000000.0,6604000000.0,1.0,995438686.0,995438686.0,,10.988,31300000000.0,503000000.0,248000000.0,583000000.0,31.443,2574000000.0
50,UPS,MRQ,2008-12-31,2008-12-31,2008-12-31,2021-08-06,-5642000000.0,31879000000.0,,8845000000.0,23034000000.0,,6.813,-485000000.0,507000000.0,507000000.0,1112000000.0,254000000.0,1.132,3.702,9871000000.0,2074000000.0,7797000000.0,9871000000.0,0.0,454000000.0,0.0,0.033,0.45,820000000.0,1274000000.0,0.1,1274000000.0,820000000.0,720000000.0,0.27,0.27,0.27,6780000000.0,,6780000000.0,64614385184.0,12.0,8.887,993000000.0,0.998,1.0,11585000000.0,0.912,2497000000.0,100000000.0,30929000000.0,,0.0,1022000000.0,1022000000.0,0.0,25099000000.0,7817000000.0,17282000000.0,54894385184.0,-732000000.0,0.0,-252000000.0,-926000000.0,-438000000.0,-1665000000.0,-486000000.0,8000000.0,1478000000.0,-59000000.0,254000000.0,254000000.0,254000000.0,0.0,0.0,0.02,10782000000.0,803000000.0,1855000000.0,1.667,8.097,18.28,18.635,18265000000.0,0.0,55.16,1.066,1.066,6023000000.0,12412000000.0,12697000000.0,12697000000.0,0.0,,,,,142000000.0,6872000000.0,1.0,995184648.0,995184648.0,,12.758,29382000000.0,661000000.0,466000000.0,625000000.0,29.524,1028000000.0
51,UPS,MRQ,2008-09-30,2008-09-30,2008-09-30,2021-08-06,-1619000000.0,38165000000.0,,10072000000.0,28093000000.0,,11.012,-688000000.0,1239000000.0,1239000000.0,1498000000.0,970000000.0,1.123,2.438,10959000000.0,2895000000.0,8064000000.0,10959000000.0,0.0,456000000.0,0.0,0.028,0.45,1619000000.0,2075000000.0,0.158,2075000000.0,1619000000.0,1515000000.0,0.96,0.96,0.96,11102000000.0,,11102000000.0,73079386226.0,171.0,32.771,1232000000.0,1.222,1.0,11615000000.0,0.886,3151000000.0,104000000.0,35762000000.0,,0.0,1112000000.0,1112000000.0,0.0,27063000000.0,8972000000.0,18091000000.0,63403386226.0,61000000.0,0.0,-953000000.0,175000000.0,-444000000.0,-1051000000.0,-754000000.0,-11000000.0,1920000000.0,-54000000.0,970000000.0,970000000.0,970000000.0,0.0,0.0,0.074,9983000000.0,1632000000.0,2010000000.0,0.469,5.711,587.068,314.45,18361000000.0,0.0,62.89,1.215,1.215,6384000000.0,12711000000.0,13113000000.0,13113000000.0,0.0,,,,,123000000.0,6672000000.0,1.0,1008163241.0,1008163241.0,,13.007,35014000000.0,748000000.0,545000000.0,2768000000.0,34.73,1100000000.0
52,UPS,MRQ,2008-06-30,2008-06-30,2008-06-30,2021-08-06,-1831000000.0,38056000000.0,,9924000000.0,28132000000.0,,10.795,-712000000.0,1178000000.0,1178000000.0,1470000000.0,873000000.0,0.996,2.453,10854000000.0,3621000000.0,7233000000.0,10854000000.0,0.0,452000000.0,0.0,0.028,0.45,1468000000.0,1920000000.0,0.148,1920000000.0,1468000000.0,1364000000.0,0.86,0.85,0.86,11020000000.0,,11020000000.0,71545071184.0,135.0,30.945,1011000000.0,0.99,1.0,11531000000.0,0.887,3220000000.0,104000000.0,34545000000.0,,0.0,1035000000.0,1035000000.0,0.0,27036000000.0,9967000000.0,17069000000.0,62752071184.0,169000000.0,0.0,-1071000000.0,1077000000.0,-451000000.0,-644000000.0,-911000000.0,-1000000.0,1723000000.0,1000000.0,873000000.0,873000000.0,873000000.0,0.0,0.0,0.067,10077000000.0,1454000000.0,2284000000.0,0.523,5.694,293.234,236.423,18213000000.0,0.0,61.47,1.224,1.224,6411000000.0,12841000000.0,13001000000.0,13001000000.0,0.0,,,,,134000000.0,6766000000.0,1.0,1020856860.0,1020856860.0,,12.735,34836000000.0,776000000.0,491000000.0,2512000000.0,34.124,-43000000.0
53,UPS,MRQ,2008-03-31,2008-03-31,2008-03-31,2021-08-06,-1934000000.0,37470000000.0,,9602000000.0,27868000000.0,,11.208,-604000000.0,1009000000.0,1009000000.0,1248000000.0,906000000.0,1.07,2.232,9802000000.0,2508000000.0,7294000000.0,9802000000.0,0.0,452000000.0,0.0,0.023,0.45,1550000000.0,2002000000.0,0.158,2002000000.0,1550000000.0,1416000000.0,0.87,0.87,0.87,11593000000.0,,11593000000.0,84520209699.0,99.0,32.309,2701000000.0,2.611,1.0,11427000000.0,0.902,3219000000.0,134000000.0,34067000000.0,,0.0,988000000.0,988000000.0,0.0,25877000000.0,8977000000.0,16900000000.0,75529209699.0,-1018000000.0,0.0,-1125000000.0,-1247000000.0,-886000000.0,-3342000000.0,-1028000000.0,-274000000.0,3305000000.0,47000000.0,906000000.0,906000000.0,906000000.0,0.0,0.0,0.071,9934000000.0,1493000000.0,1946000000.0,0.517,6.515,169.729,165.955,17921000000.0,0.0,73.02,1.497,1.497,6406000000.0,13517000000.0,12675000000.0,12675000000.0,0.0,,,,,117000000.0,6780000000.0,1.0,1034363321.0,1034363321.0,,12.254,34251000000.0,768000000.0,510000000.0,2831000000.0,33.113,625000000.0
54,UPS,MRQ,2007-12-31,2007-12-31,2007-12-31,2021-08-06,-2013000000.0,39042000000.0,,11760000000.0,27282000000.0,,11.594,-784000000.0,2027000000.0,2027000000.0,1190000000.0,-2641000000.0,1.195,2.205,11018000000.0,3512000000.0,7506000000.0,11018000000.0,0.0,443000000.0,0.0,0.024,0.42,-4210000000.0,-3767000000.0,-0.281,-3767000000.0,-4210000000.0,-4293000000.0,-2.49,-2.48,-2.49,12183000000.0,,12183000000.0,77731544896.0,115.0,32.094,-4929000000.0,-4.691,1.0,12202000000.0,0.911,3205000000.0,83000000.0,34988000000.0,,0.0,1045000000.0,1045000000.0,0.0,26859000000.0,9840000000.0,17019000000.0,74315544896.0,782000000.0,0.0,-530000000.0,6011000000.0,-5000000.0,5430000000.0,-506000000.0,178000000.0,-4145000000.0,3000000.0,-2641000000.0,-2641000000.0,-2641000000.0,0.0,0.0,-0.197,16455000000.0,-4253000000.0,1819000000.0,-0.169,6.1,194.543,196.444,17663000000.0,0.0,70.72,1.496,1.496,6515000000.0,14186000000.0,13392000000.0,13392000000.0,0.0,,,,,112000000.0,13081000000.0,1.0,1050841981.0,1050841981.0,,12.744,35837000000.0,1862000000.0,-1652000000.0,2620000000.0,34.103,1920000000.0
55,UPS,MRQ,2007-09-30,2007-09-30,2007-09-30,2021-08-06,-2174000000.0,34496000000.0,,9542000000.0,24954000000.0,,14.831,-779000000.0,1245000000.0,1245000000.0,1021000000.0,1076000000.0,1.216,1.216,4661000000.0,1374000000.0,3287000000.0,4661000000.0,0.0,435000000.0,0.0,0.022,0.42,1722000000.0,2157000000.0,0.177,2157000000.0,1722000000.0,1669000000.0,1.02,1.02,1.02,15569000000.0,,15569000000.0,82571122508.0,12.0,9.778,893000000.0,0.851,1.0,11184000000.0,0.916,3230000000.0,53000000.0,26833000000.0,,0.0,1226000000.0,1226000000.0,0.0,18927000000.0,7849000000.0,11078000000.0,78839122508.0,389000000.0,0.0,-488000000.0,0.0,-432000000.0,-918000000.0,-370000000.0,519000000.0,1672000000.0,5000000.0,1076000000.0,1076000000.0,1076000000.0,0.0,0.0,0.088,9476000000.0,1708000000.0,1620000000.0,0.412,5.064,18.993,19.306,17327000000.0,0.0,75.1,1.611,1.611,6148000000.0,17733000000.0,12205000000.0,12205000000.0,0.0,,,,,122000000.0,6487000000.0,1.0,1049788582.0,1049788582.0,,11.626,31266000000.0,601000000.0,593000000.0,3180000000.0,29.783,1693000000.0
56,UPS,MRQ,2007-06-30,2007-06-30,2007-06-30,2021-08-06,-2198000000.0,33513000000.0,,9462000000.0,24051000000.0,,14.394,-524000000.0,856000000.0,856000000.0,998000000.0,1104000000.0,1.312,1.198,4588000000.0,1487000000.0,3101000000.0,4588000000.0,0.0,431000000.0,0.0,0.022,0.42,1793000000.0,2224000000.0,0.182,2224000000.0,1793000000.0,1732000000.0,1.04,1.04,1.04,15244000000.0,,15244000000.0,80554246748.0,12.0,9.67,579000000.0,0.547,1.0,11191000000.0,0.918,3225000000.0,61000000.0,26810000000.0,,0.0,1688000000.0,1688000000.0,0.0,18269000000.0,7210000000.0,11059000000.0,77310246748.0,-15000000.0,0.0,-816000000.0,511000000.0,-436000000.0,-741000000.0,-378000000.0,256000000.0,1103000000.0,1000000.0,1104000000.0,1104000000.0,1104000000.0,0.0,0.0,0.091,9426000000.0,1765000000.0,1664000000.0,0.404,5.072,18.797,19.06,16987000000.0,0.0,73.0,1.598,1.598,5975000000.0,17431000000.0,12189000000.0,12189000000.0,0.0,,,,,118000000.0,6542000000.0,1.0,1059044476.0,1059044476.0,,11.509,30288000000.0,533000000.0,628000000.0,2676000000.0,28.599,2252000000.0
57,UPS,MRQ,2007-03-31,2007-03-31,2007-03-31,2021-08-06,-2179000000.0,33375000000.0,,9522000000.0,23853000000.0,,14.354,-648000000.0,871000000.0,871000000.0,922000000.0,843000000.0,1.357,1.18,4115000000.0,976000000.0,3139000000.0,4115000000.0,0.0,436000000.0,0.0,0.022,0.42,1372000000.0,1808000000.0,0.152,1808000000.0,1372000000.0,1323000000.0,0.79,0.78,0.79,15308000000.0,,15308000000.0,78080605347.0,12.0,9.453,1845000000.0,1.73,1.0,10984000000.0,0.923,3246000000.0,49000000.0,26356000000.0,,0.0,1936000000.0,1936000000.0,0.0,18067000000.0,7017000000.0,11050000000.0,74758605347.0,77000000.0,0.0,-631000000.0,-13000000.0,-830000000.0,-1474000000.0,-945000000.0,-332000000.0,2493000000.0,3000000.0,843000000.0,843000000.0,843000000.0,0.0,0.0,0.071,9626000000.0,1358000000.0,1797000000.0,0.532,4.884,18.368,18.594,16738000000.0,0.0,70.1,1.56,1.56,5884000000.0,17476000000.0,11906000000.0,11906000000.0,0.0,,,,,95000000.0,6593000000.0,1.0,1066456567.0,1066456567.0,,11.164,30129000000.0,489000000.0,480000000.0,3074000000.0,28.252,2505000000.0
58,UPS,MRQ,2006-12-31,2006-12-31,2006-12-31,2021-08-06,-2205000000.0,33210000000.0,,9377000000.0,23833000000.0,,14.421,-758000000.0,794000000.0,794000000.0,981000000.0,1128000000.0,1.396,1.145,4116000000.0,983000000.0,3133000000.0,4116000000.0,0.0,432000000.0,0.0,0.02,0.38,1824000000.0,2256000000.0,0.179,2256000000.0,1824000000.0,1769000000.0,1.04,1.04,1.04,15482000000.0,,15482000000.0,84118294554.0,13.0,9.932,755000000.0,0.703,1.0,11647000000.0,0.922,3221000000.0,55000000.0,26592000000.0,,0.0,1615000000.0,1615000000.0,0.0,17728000000.0,6719000000.0,11009000000.0,80494294554.0,-345000000.0,0.0,-382000000.0,-657000000.0,-8000000.0,-1074000000.0,-794000000.0,-81000000.0,1513000000.0,10000000.0,1128000000.0,1128000000.0,1128000000.0,0.0,0.0,0.089,9838000000.0,1809000000.0,1841000000.0,0.365,5.199,19.156,19.375,16779000000.0,0.0,74.98,1.693,1.693,6168000000.0,17676000000.0,12628000000.0,12628000000.0,0.0,,,,,134000000.0,6746000000.0,1.0,1073543539.0,1073543539.0,,11.763,29989000000.0,479000000.0,641000000.0,2529000000.0,27.935,2658000000.0
59,UPS,MRQ,2006-09-30,2006-09-30,2006-09-30,2021-08-06,-112000000.0,36172000000.0,,10141000000.0,26031000000.0,,15.89,-827000000.0,1139000000.0,1139000000.0,1004000000.0,1038000000.0,1.297,1.106,4763000000.0,1650000000.0,3113000000.0,4763000000.0,0.0,441000000.0,0.0,0.02,0.38,1601000000.0,2042000000.0,0.175,2042000000.0,1601000000.0,1547000000.0,0.96,0.96,0.96,17177000000.0,,17177000000.0,80445452401.0,12.0,9.619,-715000000.0,-0.661,1.0,10658000000.0,0.914,3196000000.0,54000000.0,28781000000.0,,0.0,1570000000.0,1570000000.0,0.0,18995000000.0,7819000000.0,11176000000.0,77768452401.0,194000000.0,0.0,-582000000.0,1050000000.0,-401000000.0,70000000.0,19000000.0,816000000.0,112000000.0,-7000000.0,1038000000.0,1038000000.0,1038000000.0,0.0,0.0,0.089,9082000000.0,1576000000.0,2371000000.0,0.396,4.527,18.862,19.032,16353000000.0,0.0,71.94,1.659,1.659,5892000000.0,17278000000.0,11662000000.0,11662000000.0,0.0,,,,,79000000.0,6130000000.0,1.0,1081018243.0,1081018243.0,,10.788,32976000000.0,635000000.0,509000000.0,6312000000.0,30.505,2322000000.0
60,UPS,MRQ,2006-06-30,2006-06-30,2006-06-30,2021-08-06,-118000000.0,34874000000.0,,10525000000.0,24349000000.0,,15.687,-839000000.0,945000000.0,945000000.0,958000000.0,1061000000.0,1.592,1.05,3622000000.0,545000000.0,3077000000.0,3622000000.0,0.0,436000000.0,0.0,0.017,0.38,1718000000.0,2154000000.0,0.184,2154000000.0,1718000000.0,1664000000.0,0.98,0.97,0.98,17015000000.0,,17015000000.0,91914956534.0,14.0,11.129,597000000.0,0.55,1.0,10778000000.0,0.918,3276000000.0,54000000.0,27662000000.0,,0.0,2381000000.0,2381000000.0,0.0,17859000000.0,6613000000.0,11246000000.0,89299956534.0,-179000000.0,0.0,-505000000.0,-140000000.0,-405000000.0,-1050000000.0,-587000000.0,85000000.0,1436000000.0,22000000.0,1061000000.0,1061000000.0,1061000000.0,0.0,0.0,0.09,9083000000.0,1695000000.0,2360000000.0,0.388,5.248,22.115,22.372,15903000000.0,0.0,82.33,1.951,1.951,5711000000.0,17122000000.0,11736000000.0,11736000000.0,0.0,,,,,88000000.0,6212000000.0,1.0,1084658770.0,1084658770.0,,10.82,31598000000.0,534000000.0,603000000.0,6395000000.0,29.132,3912000000.0
61,UPS,MRQ,2006-03-31,2006-03-31,2006-03-31,2021-08-06,-156000000.0,34791000000.0,,10843000000.0,23948000000.0,,15.306,-586000000.0,1124000000.0,1124000000.0,867000000.0,975000000.0,1.548,1.081,3739000000.0,693000000.0,3046000000.0,3739000000.0,0.0,439000000.0,0.0,0.017,0.38,1578000000.0,2017000000.0,0.175,2017000000.0,1578000000.0,1530000000.0,0.89,0.89,0.89,16716000000.0,,16716000000.0,89303697465.0,14.0,11.032,1942000000.0,1.778,1.0,10654000000.0,0.925,3257000000.0,48000000.0,27143000000.0,,0.0,2447000000.0,2447000000.0,0.0,18075000000.0,7006000000.0,11069000000.0,86692697465.0,-245000000.0,0.0,-827000000.0,-207000000.0,-763000000.0,-1797000000.0,-978000000.0,-338000000.0,2528000000.0,2000000.0,975000000.0,975000000.0,975000000.0,0.0,0.0,0.085,9099000000.0,1555000000.0,2227000000.0,0.427,5.186,21.876,22.173,15450000000.0,0.0,79.38,1.961,1.961,5738000000.0,16861000000.0,11521000000.0,11521000000.0,0.0,,,,,68000000.0,6271000000.0,1.0,1092122669.0,1092122669.0,,10.549,31534000000.0,500000000.0,555000000.0,6773000000.0,28.874,3837000000.0
62,UPS,MRQ,2005-12-31,2005-12-31,2005-12-31,2021-08-06,-164000000.0,34947000000.0,,10728000000.0,24219000000.0,,15.3,-568000000.0,1369000000.0,1369000000.0,3182000000.0,1049000000.0,1.646,1.07,3980000000.0,821000000.0,3159000000.0,3980000000.0,0.0,431000000.0,0.0,0.018,0.33,1719000000.0,2150000000.0,0.18,2150000000.0,1719000000.0,1667000000.0,0.95,0.95,0.95,16884000000.0,,16884000000.0,86255738988.0,14.0,10.931,674000000.0,0.611,1.0,8772000000.0,0.734,3233000000.0,52000000.0,27807000000.0,,0.0,2083000000.0,2083000000.0,0.0,18063000000.0,6518000000.0,11545000000.0,82931738988.0,-339000000.0,-25000000.0,-486000000.0,-1013000000.0,1000000.0,-1504000000.0,-77000000.0,531000000.0,1242000000.0,0.0,1049000000.0,1049000000.0,1049000000.0,0.0,0.0,0.088,7061000000.0,1711000000.0,1806000000.0,0.347,4.912,21.429,21.595,15289000000.0,0.0,75.15,1.948,1.948,6214000000.0,17037000000.0,11954000000.0,11954000000.0,0.0,,,,,105000000.0,7000000000.0,1.0,1103549421.0,1103549421.0,,10.832,31714000000.0,475000000.0,618000000.0,3605000000.0,28.738,4210000000.0
63,UPS,MRQ,2005-09-30,2005-09-30,2005-09-30,2021-08-06,-128000000.0,35079000000.0,,11433000000.0,23646000000.0,,15.007,-559000000.0,1708000000.0,1708000000.0,0.0,953000000.0,1.453,1.111,5032000000.0,1850000000.0,3182000000.0,5032000000.0,0.0,412000000.0,0.0,0.018,0.33,1526000000.0,1938000000.0,0.184,1938000000.0,1526000000.0,1489000000.0,0.86,0.86,0.86,16617000000.0,,16617000000.0,79407998348.0,14.0,10.791,-84000000.0,-0.076,1.0,10550000000.0,1.0,3129000000.0,37000000.0,27405000000.0,,0.0,2698000000.0,2698000000.0,0.0,18462000000.0,7869000000.0,10593000000.0,76544998348.0,448000000.0,-1371000000.0,-509000000.0,849000000.0,-359000000.0,-23000000.0,-9000000.0,2017000000.0,475000000.0,5000000.0,953000000.0,953000000.0,953000000.0,0.0,0.0,0.09,9052000000.0,1498000000.0,2374000000.0,0.384,4.606,20.761,21.076,14889000000.0,0.0,69.13,1.892,1.892,5446000000.0,16734000000.0,10550000000.0,10550000000.0,0.0,,,,,49000000.0,5603000000.0,1.0,1107261657.0,1107261657.0,,9.528,31950000000.0,571000000.0,536000000.0,5805000000.0,28.855,3564000000.0
64,UPS,MRQ,2005-06-30,2005-06-30,2005-06-30,2021-08-06,-166000000.0,33166000000.0,,12474000000.0,20692000000.0,,14.767,-538000000.0,1260000000.0,1260000000.0,0.0,986000000.0,1.998,1.016,4123000000.0,865000000.0,3258000000.0,4123000000.0,0.0,403000000.0,0.0,0.018,0.33,1587000000.0,1990000000.0,0.195,1990000000.0,1587000000.0,1541000000.0,0.88,0.88,0.88,16449000000.0,,16449000000.0,80410725389.0,15.0,11.345,1212000000.0,1.088,1.0,10191000000.0,1.0,1965000000.0,46000000.0,27821000000.0,,0.0,4716000000.0,4716000000.0,0.0,16717000000.0,6243000000.0,10474000000.0,77038725389.0,581000000.0,-52000000.0,-581000000.0,63000000.0,-362000000.0,-879000000.0,-274000000.0,310000000.0,1750000000.0,-16000000.0,986000000.0,986000000.0,986000000.0,0.0,0.0,0.097,8642000000.0,1549000000.0,2131000000.0,0.375,4.683,21.258,21.545,14154000000.0,0.0,69.16,1.982,1.982,4887000000.0,16604000000.0,10191000000.0,10191000000.0,0.0,,,,,40000000.0,5389000000.0,1.0,1113920263.0,1113920263.0,,9.149,31201000000.0,529000000.0,555000000.0,5737000000.0,28.01,6231000000.0
65,UPS,MRQ,2005-03-31,2005-03-31,2005-03-31,2021-08-06,-177000000.0,33129000000.0,,12599000000.0,20530000000.0,,14.612,-495000000.0,679000000.0,679000000.0,0.0,882000000.0,1.955,1.026,4051000000.0,840000000.0,3211000000.0,4051000000.0,0.0,398000000.0,0.0,0.016,0.33,1415000000.0,1813000000.0,0.183,1813000000.0,1415000000.0,1378000000.0,0.78,0.78,0.78,16354000000.0,,16354000000.0,85121292004.0,16.0,12.505,1831000000.0,1.636,1.0,9886000000.0,1.0,1942000000.0,37000000.0,28114000000.0,,0.0,5043000000.0,5043000000.0,0.0,16775000000.0,6445000000.0,10330000000.0,81412292004.0,-60000000.0,-40000000.0,-739000000.0,-360000000.0,-671000000.0,-1769000000.0,-615000000.0,-106000000.0,2326000000.0,-2000000.0,882000000.0,882000000.0,882000000.0,0.0,0.0,0.089,8501000000.0,1385000000.0,2192000000.0,0.423,4.978,23.557,23.771,14058000000.0,0.0,72.74,2.168,2.168,5042000000.0,16520000000.0,9886000000.0,9886000000.0,0.0,,,,,40000000.0,5397000000.0,1.0,1119223151.0,1119223151.0,,8.833,31187000000.0,897000000.0,496000000.0,5966000000.0,27.865,6154000000.0
66,UPS,MRQ,2004-12-31,2004-12-31,2004-12-31,2021-08-06,-242000000.0,33088000000.0,,12605000000.0,20483000000.0,,14.613,-614000000.0,739000000.0,739000000.0,2421000000.0,866000000.0,1.931,1.02,4448000000.0,1187000000.0,3261000000.0,4448000000.0,0.0,389000000.0,0.0,0.013,0.28,1229000000.0,1618000000.0,0.164,1618000000.0,1229000000.0,1192000000.0,0.76,0.76,0.76,16378000000.0,,16378000000.0,96720977386.0,19.0,14.624,323000000.0,0.288,1.0,7419000000.0,0.754,1924000000.0,37000000.0,28344000000.0,,0.0,4982000000.0,4982000000.0,0.0,16710000000.0,6529000000.0,10181000000.0,95782977386.0,79000000.0,-160000000.0,-164000000.0,497000000.0,1000000.0,331000000.0,-1281000000.0,-567000000.0,937000000.0,92000000.0,866000000.0,866000000.0,866000000.0,0.0,0.0,0.088,6215000000.0,1204000000.0,2312000000.0,0.368,5.848,28.738,28.969,13973000000.0,0.0,85.46,2.618,2.618,5156000000.0,16192000000.0,9840000000.0,9840000000.0,0.0,,,,,151000000.0,6189000000.0,1.0,1120793089.0,1120793089.0,,8.779,31164000000.0,763000000.0,326000000.0,5529000000.0,27.805,6076000000.0
67,UPS,MRQ,2004-09-30,2004-09-30,2004-09-30,2021-08-06,-237000000.0,30969000000.0,,11071000000.0,19898000000.0,,13.774,-527000000.0,2823000000.0,2823000000.0,0.0,890000000.0,1.924,1.0,3761000000.0,616000000.0,3145000000.0,3761000000.0,0.0,383000000.0,0.0,0.014,0.28,1284000000.0,1667000000.0,0.186,1667000000.0,1284000000.0,1246000000.0,0.79,0.78,0.79,15487000000.0,,15487000000.0,86037790742.0,17.0,12.828,445000000.0,0.396,1.0,8952000000.0,1.0,1309000000.0,38000000.0,24843000000.0,,0.0,2322000000.0,2322000000.0,0.0,15482000000.0,5755000000.0,9727000000.0,85362790742.0,-371000000.0,9000000.0,-312000000.0,-254000000.0,-306000000.0,-872000000.0,-439000000.0,-7000000.0,972000000.0,-32000000.0,890000000.0,890000000.0,890000000.0,0.0,0.0,0.099,7694000000.0,1258000000.0,1905000000.0,0.354,5.512,25.688,25.736,14220000000.0,0.0,75.92,2.393,2.393,4192000000.0,15713000000.0,8952000000.0,8952000000.0,0.0,,,,,147000000.0,5139000000.0,1.0,1124378171.0,1124378171.0,,7.962,29660000000.0,1048000000.0,356000000.0,5159000000.0,26.379,5316000000.0
68,UPS,MRQ,2004-06-30,2004-06-30,2004-06-30,2021-08-06,-238000000.0,29857000000.0,,10612000000.0,19245000000.0,,13.467,-442000000.0,3312000000.0,3312000000.0,0.0,818000000.0,1.832,0.967,3987000000.0,805000000.0,3182000000.0,3987000000.0,0.0,385000000.0,0.0,0.014,0.28,1324000000.0,1709000000.0,0.193,1709000000.0,1324000000.0,1289000000.0,0.73,0.72,0.73,15179000000.0,,15179000000.0,85861841582.0,17.0,13.021,875000000.0,0.776,1.0,8871000000.0,1.0,1314000000.0,35000000.0,23425000000.0,,0.0,2408000000.0,2408000000.0,0.0,14678000000.0,5793000000.0,8885000000.0,84728841582.0,43000000.0,-22000000.0,-297000000.0,82000000.0,-313000000.0,-558000000.0,-689000000.0,-288000000.0,1317000000.0,-27000000.0,818000000.0,818000000.0,818000000.0,0.0,0.0,0.092,7561000000.0,1310000000.0,2022000000.0,0.384,5.582,26.711,26.656,14072000000.0,0.0,75.17,2.418,2.418,3964000000.0,15301000000.0,8871000000.0,8871000000.0,0.0,,,,,158000000.0,5079000000.0,1.0,1127162985.0,1127162985.0,,7.87,28543000000.0,297000000.0,471000000.0,4267000000.0,25.323,4819000000.0
69,UPS,MRQ,2004-03-31,2004-03-31,2004-03-31,2021-08-06,-224000000.0,29559000000.0,,10418000000.0,19141000000.0,,13.238,-469000000.0,2823000000.0,2823000000.0,0.0,759000000.0,1.815,0.978,3956000000.0,683000000.0,3273000000.0,3956000000.0,0.0,386000000.0,0.0,0.014,0.28,1234000000.0,1620000000.0,0.182,1620000000.0,1234000000.0,1195000000.0,0.67,0.67,0.67,14946000000.0,,14946000000.0,79725661027.0,17.0,12.524,1636000000.0,1.449,1.0,8919000000.0,1.0,1317000000.0,39000000.0,23635000000.0,,0.0,2621000000.0,2621000000.0,0.0,14613000000.0,5740000000.0,8873000000.0,78853661027.0,-76000000.0,-65000000.0,-344000000.0,18000000.0,-590000000.0,-915000000.0,-1229000000.0,-736000000.0,2105000000.0,-37000000.0,759000000.0,759000000.0,759000000.0,0.0,0.0,0.085,7702000000.0,1217000000.0,2108000000.0,0.418,5.276,25.888,25.867,14008000000.0,0.0,69.84,2.293,2.293,3954000000.0,14799000000.0,8919000000.0,8919000000.0,0.0,,,,,154000000.0,5168000000.0,1.0,1129061584.0,1129061584.0,,7.899,28242000000.0,320000000.0,436000000.0,4202000000.0,25.014,4678000000.0
70,UPS,MRQ,2003-12-31,2003-12-31,2003-12-31,2021-08-06,-177000000.0,29734000000.0,,9959000000.0,19775000000.0,,13.211,-415000000.0,1064000000.0,1064000000.0,0.0,856000000.0,1.771,1.002,3823000000.0,674000000.0,3149000000.0,3823000000.0,0.0,387000000.0,0.0,0.012,0.25,1324000000.0,1711000000.0,0.192,1711000000.0,1324000000.0,1297000000.0,0.76,0.75,0.76,14852000000.0,,14852000000.0,84774336599.0,19.0,14.035,1000000.0,0.001,1.0,8932000000.0,1.0,1883000000.0,27000000.0,24986000000.0,,0.0,3728000000.0,3728000000.0,0.0,14882000000.0,5624000000.0,9258000000.0,83812336599.0,-957000000.0,0.0,-8000000.0,-285000000.0,-213000000.0,-506000000.0,-1003000000.0,-756000000.0,416000000.0,136000000.0,856000000.0,856000000.0,856000000.0,0.0,0.0,0.096,7659000000.0,1273000000.0,2003000000.0,0.329,5.643,28.921,29.008,13298000000.0,0.0,74.55,2.503,2.503,4004000000.0,14356000000.0,8932000000.0,8932000000.0,0.0,,,,,103000000.0,4959000000.0,1.0,1124243281.0,1124243281.0,,7.945,27851000000.0,316000000.0,441000000.0,4774000000.0,24.773,4335000000.0
71,UPS,MRQ,2003-09-30,2003-09-30,2003-09-30,2021-08-06,-305000000.0,28373000000.0,,9978000000.0,18395000000.0,,12.201,-432000000.0,3108000000.0,3108000000.0,0.0,739000000.0,1.646,1.066,4070000000.0,645000000.0,3425000000.0,4070000000.0,0.0,384000000.0,0.0,0.013,0.25,1170000000.0,1554000000.0,0.187,1554000000.0,1170000000.0,1139000000.0,0.66,0.65,0.66,13731000000.0,,13731000000.0,73682037606.0,14.0,10.648,1149000000.0,1.021,1.0,8312000000.0,1.0,0.0,31000000.0,23272000000.0,,0.0,1883000000.0,1883000000.0,0.0,14642000000.0,6063000000.0,8579000000.0,71798037606.0,923000000.0,10000000.0,-120000000.0,-20000000.0,-271000000.0,-411000000.0,-276000000.0,165000000.0,1581000000.0,29000000.0,739000000.0,739000000.0,739000000.0,0.0,0.0,0.089,7165000000.0,1147000000.0,2118000000.0,0.379,5.229,20.259,20.254,13931000000.0,0.0,63.8,2.188,2.188,3741000000.0,13783000000.0,8312000000.0,8312000000.0,0.0,,,,,134000000.0,4830000000.0,1.0,1125361091.0,1125361091.0,,7.386,28373000000.0,383000000.0,400000000.0,4200000000.0,25.212,3915000000.0
72,UPS,MRQ,2003-06-30,2003-06-30,2003-06-30,2021-08-06,-353000000.0,27235000000.0,,9317000000.0,17918000000.0,,11.832,-425000000.0,2185000000.0,2185000000.0,0.0,692000000.0,1.725,1.046,4069000000.0,549000000.0,3520000000.0,4069000000.0,0.0,391000000.0,0.0,0.013,0.21,1090000000.0,1481000000.0,0.18,1481000000.0,1090000000.0,1052000000.0,0.61,0.61,0.61,13314000000.0,,13314000000.0,73610578060.0,14.0,10.972,679000000.0,0.603,1.0,8226000000.0,1.0,0.0,38000000.0,23717000000.0,,0.0,2053000000.0,2053000000.0,0.0,13921000000.0,5402000000.0,8519000000.0,71680578060.0,50000000.0,-2000000.0,17000000.0,-64000000.0,-240000000.0,-314000000.0,-782000000.0,-289000000.0,1104000000.0,42000000.0,692000000.0,692000000.0,692000000.0,0.0,0.0,0.084,7146000000.0,1080000000.0,1943000000.0,0.344,5.384,21.188,21.163,13869000000.0,0.0,63.7,2.223,2.223,3675000000.0,13326000000.0,8226000000.0,8226000000.0,0.0,,,,,136000000.0,4754000000.0,1.0,1125283800.0,1125283800.0,,7.31,27235000000.0,356000000.0,360000000.0,3662000000.0,24.203,3915000000.0
73,UPS,MRQ,2003-03-31,2003-03-31,2003-03-31,2021-08-06,-356000000.0,26750000000.0,,8954000000.0,17796000000.0,,11.401,-557000000.0,2135000000.0,2135000000.0,0.0,611000000.0,1.61,1.088,4065000000.0,598000000.0,3467000000.0,4065000000.0,0.0,387000000.0,0.0,0.014,0.21,907000000.0,1294000000.0,0.161,1294000000.0,907000000.0,882000000.0,0.54,0.54,0.54,12813000000.0,,12813000000.0,66450543309.0,13.0,10.023,918000000.0,0.817,1.0,8015000000.0,1.0,0.0,25000000.0,23120000000.0,,0.0,1810000000.0,1810000000.0,0.0,13937000000.0,5560000000.0,8377000000.0,64059543309.0,-76000000.0,0.0,-133000000.0,-515000000.0,-232000000.0,-879000000.0,-681000000.0,-85000000.0,1475000000.0,9000000.0,611000000.0,611000000.0,611000000.0,0.0,0.0,0.076,7070000000.0,945000000.0,1944000000.0,0.389,5.0,19.4,19.322,13808000000.0,0.0,57.0,2.02,2.02,3659000000.0,12869000000.0,8015000000.0,8015000000.0,0.0,,,,,124000000.0,4708000000.0,1.0,1123851637.0,1123851637.0,,7.132,26750000000.0,406000000.0,271000000.0,3987000000.0,23.802,3394000000.0
74,UPS,MRQ,2002-12-31,2002-12-31,2002-12-31,2021-08-06,-438000000.0,26357000000.0,,8738000000.0,17619000000.0,,11.155,-345000000.0,2211000000.0,2211000000.0,0.0,1502000000.0,1.573,1.116,4602000000.0,1107000000.0,3495000000.0,4602000000.0,0.0,378000000.0,0.0,0.012,0.19,2213000000.0,2591000000.0,0.314,2591000000.0,2213000000.0,2161000000.0,1.34,1.33,1.34,12455000000.0,,12455000000.0,73832173600.0,14.0,11.231,832000000.0,0.745,1.0,8257000000.0,1.0,1180000000.0,52000000.0,22013000000.0,,0.0,1671000000.0,1671000000.0,0.0,13902000000.0,5555000000.0,8347000000.0,70434173600.0,-328000000.0,-14000000.0,-12000000.0,-273000000.0,-202000000.0,-487000000.0,-958000000.0,-693000000.0,1177000000.0,-60000000.0,1502000000.0,1502000000.0,1502000000.0,0.0,0.0,0.182,7086000000.0,1171000000.0,1908000000.0,0.142,5.655,22.135,22.211,13612000000.0,0.0,63.08,2.252,2.252,3756000000.0,12495000000.0,8257000000.0,8257000000.0,0.0,,,,,84000000.0,4540000000.0,1.0,1116584870.0,1116584870.0,,7.395,25177000000.0,268000000.0,659000000.0,3601000000.0,22.548,3183000000.0
75,UPS,MRQ,2002-09-30,2002-09-30,2002-09-30,2021-08-06,-333000000.0,25950000000.0,,8316000000.0,17634000000.0,,9.815,-275000000.0,1452000000.0,1452000000.0,0.0,578000000.0,1.349,1.368,4850000000.0,1292000000.0,3558000000.0,4850000000.0,0.0,373000000.0,0.0,0.012,0.19,970000000.0,1343000000.0,0.173,1343000000.0,970000000.0,940000000.0,0.52,0.51,0.52,10957000000.0,,10957000000.0,73256893630.0,18.0,13.494,832000000.0,0.745,1.0,7754000000.0,1.0,0.0,30000000.0,23185000000.0,,0.0,2210000000.0,2210000000.0,0.0,14993000000.0,6163000000.0,8830000000.0,69808893630.0,48000000.0,0.0,-33000000.0,-69000000.0,-213000000.0,-315000000.0,-708000000.0,-191000000.0,1107000000.0,-36000000.0,578000000.0,578000000.0,578000000.0,0.0,0.0,0.075,6804000000.0,950000000.0,1997000000.0,0.365,6.371,30.025,30.062,13612000000.0,0.0,62.53,2.251,2.251,3745000000.0,11276000000.0,7754000000.0,7754000000.0,0.0,,,,,104000000.0,4520000000.0,1.0,1116406423.0,1116406423.0,,6.945,25950000000.0,0.0,362000000.0,4038000000.0,23.244,2153000000.0
76,UPS,MRQ,2002-06-30,2002-06-30,2002-06-30,2021-08-06,-261000000.0,25442000000.0,,7938000000.0,17504000000.0,,9.559,-397000000.0,1404000000.0,1404000000.0,0.0,611000000.0,1.633,1.383,4852000000.0,123000000.0,4729000000.0,4852000000.0,0.0,362000000.0,0.0,0.012,0.19,1040000000.0,1402000000.0,0.183,1402000000.0,1040000000.0,992000000.0,0.55,0.54,0.55,10678000000.0,,10678000000.0,72826847298.0,18.0,13.427,1289000000.0,1.154,1.0,7682000000.0,1.0,0.0,48000000.0,24028000000.0,,0.0,1882000000.0,1882000000.0,0.0,14764000000.0,4862000000.0,9902000000.0,68975847298.0,262000000.0,0.0,-107000000.0,-162000000.0,-212000000.0,-563000000.0,-915000000.0,-168000000.0,1686000000.0,54000000.0,611000000.0,611000000.0,611000000.0,0.0,0.0,0.08,6654000000.0,1028000000.0,1982000000.0,0.345,6.46,29.795,29.976,13699000000.0,0.0,61.75,2.25,2.25,3722000000.0,10911000000.0,7682000000.0,7682000000.0,0.0,,,,,117000000.0,4426000000.0,1.0,1117017770.0,1117017770.0,,6.877,25442000000.0,0.0,381000000.0,4098000000.0,22.777,3076000000.0
77,UPS,MRQ,2002-03-31,2002-03-31,2002-03-31,2021-08-06,-335000000.0,24729000000.0,,7438000000.0,17291000000.0,,9.223,-552000000.0,1142000000.0,1142000000.0,0.0,491000000.0,1.574,1.404,4993000000.0,276000000.0,4717000000.0,4993000000.0,0.0,351000000.0,0.0,0.013,0.19,887000000.0,1238000000.0,0.163,1238000000.0,887000000.0,844000000.0,0.44,0.43,0.44,10288000000.0,,10288000000.0,72128136963.0,18.0,13.259,1166000000.0,1.045,1.0,7579000000.0,1.0,0.0,43000000.0,23854000000.0,,0.0,1525000000.0,1525000000.0,0.0,14441000000.0,4726000000.0,9715000000.0,67820136963.0,284000000.0,0.0,-336000000.0,-176000000.0,-213000000.0,-725000000.0,-700000000.0,-127000000.0,1718000000.0,-9000000.0,491000000.0,491000000.0,491000000.0,0.0,0.0,0.065,6632000000.0,947000000.0,1756000000.0,0.432,6.592,29.057,29.372,13654000000.0,0.0,60.8,2.226,2.226,3896000000.0,10512000000.0,7579000000.0,7579000000.0,0.0,,,,,140000000.0,4449000000.0,1.0,1115462779.0,1115462779.0,,6.794,24729000000.0,0.0,353000000.0,4126000000.0,22.169,2712000000.0
78,UPS,MRQ,2001-12-31,2001-12-31,2001-12-31,2021-08-06,-339000000.0,24636000000.0,,7597000000.0,17039000000.0,,9.196,-385000000.0,858000000.0,858000000.0,0.0,645000000.0,1.587,1.404,5166000000.0,518000000.0,4648000000.0,5166000000.0,0.0,379000000.0,0.0,0.014,0.19,1067000000.0,1446000000.0,0.181,1446000000.0,1067000000.0,1019000000.0,0.57,0.57,0.57,10248000000.0,,10248000000.0,64348603350.0,16.0,11.719,76000000.0,0.068,1.0,7997000000.0,1.0,0.0,48000000.0,24158000000.0,,0.0,1466000000.0,1466000000.0,0.0,14388000000.0,4786000000.0,9602000000.0,60736603350.0,-445000000.0,-33000000.0,-292000000.0,232000000.0,-203000000.0,-263000000.0,-587000000.0,434000000.0,461000000.0,-56000000.0,645000000.0,645000000.0,645000000.0,0.0,0.0,0.081,6963000000.0,1034000000.0,1899000000.0,0.333,5.927,25.317,25.587,13438000000.0,0.0,54.5,2.003,2.003,4078000000.0,10162000000.0,7997000000.0,7997000000.0,0.0,,,,,109000000.0,4571000000.0,1.0,1114433089.0,1114433089.0,,7.176,24636000000.0,0.0,374000000.0,3824000000.0,22.106,2811000000.0
79,UPS,MRQ,2001-09-30,2001-09-30,2001-09-30,2021-08-06,-288000000.0,24619000000.0,,7684000000.0,16935000000.0,,8.622,-656000000.0,1303000000.0,1303000000.0,0.0,568000000.0,1.271,1.537,4915000000.0,682000000.0,4233000000.0,4915000000.0,0.0,361000000.0,0.0,0.014,0.19,977000000.0,1338000000.0,0.181,1338000000.0,977000000.0,932000000.0,0.5,0.5,0.5,9705000000.0,,9705000000.0,60980345573.0,14.0,10.985,158000000.0,0.14,1.0,7398000000.0,1.0,0.0,45000000.0,22187000000.0,,0.0,1191000000.0,1191000000.0,0.0,14914000000.0,6044000000.0,8870000000.0,58512345573.0,-759000000.0,-94000000.0,-649000000.0,65000000.0,-214000000.0,-798000000.0,-839000000.0,-74000000.0,814000000.0,64000000.0,568000000.0,568000000.0,568000000.0,0.0,0.0,0.077,6455000000.0,943000000.0,1970000000.0,0.38,6.029,23.613,23.844,13401000000.0,0.0,51.98,1.954,1.954,4549000000.0,9982000000.0,7398000000.0,7398000000.0,0.0,,,,,104000000.0,4306000000.0,1.0,1125670365.0,1125670365.0,,6.572,24619000000.0,0.0,364000000.0,4202000000.0,21.871,1640000000.0
80,UPS,MRQ,2001-06-30,2001-06-30,2001-06-30,2021-08-06,-303000000.0,23792000000.0,,7759000000.0,16033000000.0,,8.831,-691000000.0,2062000000.0,2062000000.0,0.0,630000000.0,1.508,1.396,4530000000.0,392000000.0,4138000000.0,4530000000.0,0.0,338000000.0,0.0,0.012,0.19,1080000000.0,1418000000.0,0.189,1418000000.0,1080000000.0,1033000000.0,0.56,0.55,0.56,9928000000.0,,9928000000.0,67712853463.0,15.0,11.84,898000000.0,0.799,1.0,7491000000.0,1.0,0.0,47000000.0,21115000000.0,,0.0,1081000000.0,1081000000.0,0.0,13864000000.0,5145000000.0,8719000000.0,64978853463.0,744000000.0,-267000000.0,-255000000.0,472000000.0,-215000000.0,-67000000.0,-808000000.0,229000000.0,1589000000.0,30000000.0,630000000.0,630000000.0,630000000.0,0.0,0.0,0.084,6450000000.0,1041000000.0,1829000000.0,0.339,6.545,24.877,25.13,13062000000.0,0.0,57.8,2.172,2.172,3932000000.0,10120000000.0,7491000000.0,7491000000.0,0.0,,,,,139000000.0,4269000000.0,1.0,1124201617.0,1124201617.0,,6.663,23792000000.0,0.0,403000000.0,3962000000.0,21.163,2614000000.0
81,UPS,MRQ,2001-03-31,2001-03-31,2001-03-31,2021-08-06,-322000000.0,22003000000.0,,7272000000.0,14731000000.0,,8.303,-504000000.0,1318000000.0,1318000000.0,0.0,556000000.0,1.689,1.342,4052000000.0,249000000.0,3803000000.0,4052000000.0,0.0,318000000.0,0.0,0.012,0.19,971000000.0,1289000000.0,0.173,1289000000.0,971000000.0,927000000.0,0.49,0.48,0.49,9394000000.0,,9394000000.0,65978782939.0,16.0,12.608,1202000000.0,1.062,1.0,7435000000.0,1.0,0.0,44000000.0,20432000000.0,,0.0,1307000000.0,1307000000.0,0.0,12609000000.0,4305000000.0,8304000000.0,64378782939.0,439000000.0,-72000000.0,-604000000.0,454000000.0,-215000000.0,-365000000.0,-819000000.0,-264000000.0,1706000000.0,-83000000.0,556000000.0,556000000.0,556000000.0,0.0,0.0,0.075,6491000000.0,944000000.0,1559000000.0,0.388,6.853,27.337,26.967,12464000000.0,0.0,56.9,2.126,2.126,3716000000.0,9705000000.0,7435000000.0,7435000000.0,0.0,,,,,143000000.0,4251000000.0,1.0,1131437310.0,1131437310.0,,6.571,22003000000.0,0.0,371000000.0,3748000000.0,19.447,2967000000.0
82,UPS,MRQ,2000-12-31,2000-12-31,2000-12-31,2021-08-06,-227000000.0,21662000000.0,,7124000000.0,14538000000.0,,8.604,-864000000.0,879000000.0,879000000.0,0.0,724000000.0,1.583,1.225,3604000000.0,623000000.0,2981000000.0,3604000000.0,0.0,309000000.0,0.0,0.012,0.17,1197000000.0,1506000000.0,0.197,1506000000.0,1197000000.0,1150000000.0,0.63,0.63,0.63,9735000000.0,,9735000000.0,68071941962.0,14.0,10.958,-1074000000.0,-0.949,1.0,7627000000.0,1.0,0.0,47000000.0,19886000000.0,,0.0,1135000000.0,1135000000.0,0.0,11927000000.0,4501000000.0,7426000000.0,66471941962.0,-791000000.0,-114000000.0,-564000000.0,328000000.0,-192000000.0,-437000000.0,-136000000.0,835000000.0,-210000000.0,-8000000.0,724000000.0,724000000.0,724000000.0,0.0,0.0,0.095,6484000000.0,1143000000.0,1674000000.0,0.27,6.828,22.656,23.13,12329000000.0,0.0,58.75,2.253,2.253,4078000000.0,9684000000.0,7627000000.0,7627000000.0,0.0,,,,,124000000.0,4357000000.0,1.0,1131437310.0,1131437310.0,,6.741,21662000000.0,0.0,426000000.0,3396000000.0,19.146,2623000000.0
83,UPS,MRQ,2000-09-30,2000-09-30,2000-09-30,2021-08-06,-242000000.0,21412000000.0,,9107000000.0,12305000000.0,,8.114,-589000000.0,1670000000.0,1670000000.0,0.0,702000000.0,1.621,1.311,3270000000.0,1218000000.0,2052000000.0,3270000000.0,0.0,294000000.0,0.0,0.014,0.17,1212000000.0,1506000000.0,0.204,1506000000.0,1212000000.0,1171000000.0,0.62,0.6,0.62,9266000000.0,,9266000000.0,65203281829.0,15.0,11.696,-258000000.0,-0.226,1.0,7367000000.0,1.0,0.0,41000000.0,17393000000.0,,0.0,1922000000.0,1922000000.0,0.0,12146000000.0,5619000000.0,6527000000.0,64387281829.0,-711000000.0,25000000.0,-485000000.0,46000000.0,-194000000.0,-629000000.0,-407000000.0,314000000.0,331000000.0,-6000000.0,702000000.0,702000000.0,702000000.0,0.0,0.0,0.095,6226000000.0,1141000000.0,1433000000.0,0.274,6.949,25.26,24.947,11721000000.0,0.0,56.38,2.154,2.154,3383000000.0,9152000000.0,7367000000.0,7367000000.0,0.0,,,,,127000000.0,4072000000.0,1.0,1142023445.0,1142023445.0,,6.451,21412000000.0,0.0,469000000.0,3968000000.0,18.749,3488000000.0
84,UPS,MRQ,2000-06-30,2000-06-30,2000-06-30,2021-08-06,-205000000.0,21085000000.0,,9256000000.0,11829000000.0,,8.074,-321000000.0,2381000000.0,2381000000.0,0.0,373000000.0,1.67,1.277,3197000000.0,1449000000.0,1748000000.0,3197000000.0,0.0,287000000.0,0.0,0.011,0.17,645000000.0,932000000.0,0.119,932000000.0,645000000.0,606000000.0,0.37,0.36,0.37,9261000000.0,,9261000000.0,68283122240.0,16.0,,991000000.0,0.864,1.0,7856000000.0,1.0,0.0,39000000.0,16358000000.0,,0.0,2277000000.0,2277000000.0,0.0,11824000000.0,5543000000.0,6281000000.0,67558122240.0,-90000000.0,-87000000.0,-228000000.0,-19000000.0,-194000000.0,-563000000.0,-823000000.0,-550000000.0,1312000000.0,-16000000.0,373000000.0,373000000.0,373000000.0,0.0,0.0,0.047,6938000000.0,918000000.0,1267000000.0,0.459,7.295,27.871,27.143,11450000000.0,0.0,58.9,2.311,2.311,3216000000.0,8644000000.0,7856000000.0,7856000000.0,0.0,,,,,144000000.0,4445000000.0,1.0,1146996982.0,1146996982.0,,6.849,21085000000.0,0.0,233000000.0,3994000000.0,18.383,3713000000.0
85,UPS,MRQ,2000-03-31,2000-03-31,2000-03-31,2021-08-06,-182000000.0,20918000000.0,,9080000000.0,11838000000.0,,7.42,-122000000.0,2471000000.0,2471000000.0,0.0,813000000.0,1.663,1.328,3196000000.0,1244000000.0,1952000000.0,3196000000.0,0.0,283000000.0,0.0,0.007,0.17,1406000000.0,1689000000.0,0.234,1689000000.0,1406000000.0,1354000000.0,0.68,0.67,0.68,8984000000.0,,8984000000.0,74485360067.0,26.0,,1249000000.0,1.032,1.0,7220000000.0,1.0,0.0,52000000.0,16183000000.0,,0.0,1707000000.0,1707000000.0,0.0,11934000000.0,5460000000.0,6474000000.0,76265360067.0,-1733000000.0,-69000000.0,-4100000000.0,774000000.0,-206000000.0,-3532000000.0,429000000.0,619000000.0,1371000000.0,-1000000.0,813000000.0,813000000.0,813000000.0,0.0,0.0,0.113,6153000000.0,1067000000.0,1568000000.0,0.25,8.489,63.714,61.155,11462000000.0,0.0,62.99,2.73,2.73,3306000000.0,8143000000.0,7220000000.0,7220000000.0,0.0,,,,,144000000.0,4075000000.0,1.0,1210753454.0,1210753454.0,,5.963,20918000000.0,0.0,541000000.0,4077000000.0,17.277,3620000000.0
86,UPS,MRQ,1999-12-31,1999-12-31,1999-12-31,2021-08-06,-170000000.0,23028000000.0,,10192000000.0,12836000000.0,,10.367,-338000000.0,4204000000.0,4204000000.0,0.0,661000000.0,2.428,0.846,2424000000.0,512000000.0,1912000000.0,2424000000.0,0.0,289000000.0,0.0,0.004,0.3,1159000000.0,1448000000.0,0.194,1448000000.0,1159000000.0,1101000000.0,0.59,0.57,0.59,12474000000.0,,12474000000.0,85040037463.0,37.0,24.614,380000000.0,0.316,1.0,7446000000.0,1.0,0.0,58000000.0,17050000000.0,,0.0,2074000000.0,2074000000.0,0.0,10554000000.0,4198000000.0,6356000000.0,83023037463.0,2249000000.0,-63000000.0,5231000000.0,-1548000000.0,-361000000.0,3331000000.0,-1773000000.0,-1387000000.0,718000000.0,-27000000.0,661000000.0,661000000.0,661000000.0,0.0,0.0,0.089,6399000000.0,1047000000.0,1295000000.0,0.508,6.656,94.024,87.342,11579000000.0,0.0,69.0,3.069,3.069,3167000000.0,7536000000.0,7446000000.0,7446000000.0,0.0,,,,,139000000.0,4059000000.0,1.0,1203232427.0,1203232427.0,,6.188,23028000000.0,0.0,440000000.0,3911000000.0,19.138,5994000000.0
87,UPS,MRQ,1999-09-30,1999-09-30,1999-09-30,2021-08-06,-134000000.0,18717000000.0,,6919000000.0,11798000000.0,,5.677,,1955000000.0,1955000000.0,0.0,577000000.0,1.135,1.74,3972000000.0,2155000000.0,1817000000.0,3972000000.0,0.0,,0.0,,0.0,1027000000.0,,,,1027000000.0,962000000.0,0.53,0.52,0.53,6831000000.0,,6831000000.0,,,,,,1.0,6715000000.0,1.0,0.0,65000000.0,14636000000.0,,0.0,688000000.0,688000000.0,0.0,11886000000.0,6098000000.0,5788000000.0,,,,,,,,,,,,577000000.0,577000000.0,577000000.0,0.0,0.0,0.086,5725000000.0,990000000.0,1313000000.0,0.0,,,,11567000000.0,0.0,,,,2845000000.0,7191000000.0,6715000000.0,6715000000.0,0.0,,,,,,3849000000.0,1.0,1203232427.0,1203232427.0,,5.581,18717000000.0,0.0,385000000.0,3685000000.0,15.556,821000000.0
88,UPS,MRQ,1999-06-30,1999-06-30,1999-06-30,2021-08-06,,,,,,,,,,,0.0,-854000000.0,,,,,,,,,,,0.0,-751000000.0,,,,-751000000.0,-807000000.0,-0.77,-0.76,-0.77,,,,,,,,,1.0,6560000000.0,1.0,,56000000.0,,,,,,,,,,,,,,,,,,,,,-854000000.0,-854000000.0,-854000000.0,0.0,0.0,-0.13,5558000000.0,1002000000.0,,0.0,,,,,0.0,,,,,,6560000000.0,6560000000.0,0.0,,,,,,3725000000.0,1.0,,,,,,,47000000.0,,,
89,UPS,MRQ,1999-03-31,1999-03-31,1999-03-31,2021-08-06,,,,,,,,-202000000.0,,,0.0,499000000.0,,,,,,,,283000000.0,,,0.0,881000000.0,1164000000.0,0.184,1164000000.0,881000000.0,832000000.0,0.45,0.44,0.45,,,,,,,967000000.0,,1.0,6331000000.0,1.0,,49000000.0,,,,,,,,,,,1555000000.0,0.0,117000000.0,698000000.0,0.0,846000000.0,-437000000.0,-88000000.0,1169000000.0,-23000000.0,499000000.0,499000000.0,499000000.0,0.0,0.0,0.079,5465000000.0,866000000.0,,0.0,,,,,0.0,,,,,,6331000000.0,6331000000.0,0.0,,,,,88000000.0,3652000000.0,1.0,,,,,,,333000000.0,,,
90,UPS,MRQ,1998-12-31,1998-12-31,1998-12-31,2021-08-06,-63000000.0,17067000000.0,,5425000000.0,11642000000.0,,,-567000000.0,1240000000.0,1240000000.0,0.0,482000000.0,1.46,1.379,2601000000.0,410000000.0,2191000000.0,2601000000.0,0.0,276000000.0,0.0,,0.0,854000000.0,1130000000.0,0.17,1130000000.0,854000000.0,796000000.0,-0.72,-0.71,-0.72,7173000000.0,,7173000000.0,,,,15000000.0,,1.0,6664000000.0,1.0,0.0,58000000.0,14711000000.0,,0.0,389000000.0,389000000.0,0.0,9894000000.0,3717000000.0,6177000000.0,,-92000000.0,0.0,357000000.0,-13000000.0,-247000000.0,-145000000.0,-537000000.0,-43000000.0,582000000.0,8000000.0,482000000.0,482000000.0,482000000.0,0.0,0.0,0.072,5883000000.0,781000000.0,1322000000.0,0.0,,,,11384000000.0,0.0,,,,2713000000.0,7325000000.0,6664000000.0,6664000000.0,0.0,,,,,129000000.0,3759000000.0,1.0,,,,,17067000000.0,0.0,314000000.0,3017000000.0,,1708000000.0
0,UPS,MRT,2021-06-30,2021-06-30,2021-06-30,2021-08-06,-3064000000.0,64869000000.0,63248750000.0,21988000000.0,42881000000.0,1.462,12.412,-4979000000.0,9608000000.0,9608000000.0,5510000000.0,6078000000.0,1.394,5.002,26185000000.0,2120000000.0,24065000000.0,26185000000.0,0.0,2850000000.0,0.0,0.02,4.06,8572000000.0,11422000000.0,0.124,11422000000.0,8572000000.0,7877000000.0,6.94,6.91,6.94,10805000000.0,6050250000.0,10805000000.0,200112666486.0,23.0,17.52,7987000000.0,9.175,1.0,86956000000.0,0.94,5595000000.0,695000000.0,60081000000.0,60723250000.0,0.0,371000000.0,346000000.0,25000000.0,54047000000.0,15770000000.0,38277000000.0,181044666486.0,794000000.0,838000000.0,302000000.0,-4670000000.0,-3409000000.0,-8156000000.0,-4074000000.0,113000000.0,12966000000.0,58000000.0,6078000000.0,6078000000.0,6078000000.0,0.0,0.0,0.066,76533000000.0,10423000000.0,6563000000.0,0.585,16.756,29.787,29.967,36199000000.0,0.0,207.97,1.958,1.958,10137000000.0,12531000000.0,92466000000.0,92466000000.0,0.0,0.096,1.005,0.141,0.093,949000000.0,48079000000.0,1.0,870532608.0,870532608.0,,106.218,59274000000.0,187000000.0,1799000000.0,2584000000.0,68.089,6218000000.0
1,UPS,MRT,2021-03-31,2021-03-31,2021-03-31,2021-08-06,-4659000000.0,63312000000.0,62545750000.0,20985000000.0,42327000000.0,1.431,8.243,-5266000000.0,7731000000.0,7731000000.0,5049000000.0,5170000000.0,1.287,7.857,26799000000.0,2359000000.0,24440000000.0,26799000000.0,0.0,2772000000.0,0.0,0.024,4.05,7509000000.0,10281000000.0,0.115,10281000000.0,7509000000.0,6798000000.0,5.92,5.89,5.92,7147000000.0,4439750000.0,7147000000.0,169231879545.0,23.0,16.461,7174000000.0,8.274,1.0,84452000000.0,0.944,5614000000.0,711000000.0,60460000000.0,60934000000.0,0.0,376000000.0,351000000.0,25000000.0,56153000000.0,16306000000.0,39847000000.0,147387879545.0,-1225000000.0,-21000000.0,289000000.0,-5157000000.0,-3392000000.0,-8629000000.0,-5115000000.0,214000000.0,12440000000.0,79000000.0,5170000000.0,5170000000.0,5170000000.0,0.0,0.0,0.058,75075000000.0,9377000000.0,6305000000.0,0.684,20.622,28.508,28.715,35499000000.0,0.0,169.99,1.647,1.647,10127000000.0,10748000000.0,89501000000.0,89501000000.0,0.0,0.083,1.164,0.123,0.084,880000000.0,47548000000.0,1.0,867038529.0,867038529.0,,103.226,57698000000.0,243000000.0,1628000000.0,1997000000.0,66.546,4679000000.0
2,UPS,MRT,2020-12-31,2020-12-31,2020-12-31,2021-08-06,-7113000000.0,62408000000.0,61941500000.0,20216000000.0,42192000000.0,1.366,0.76,-5372000000.0,5910000000.0,5910000000.0,4947000000.0,1343000000.0,1.188,93.971,27754000000.0,3183000000.0,24571000000.0,27754000000.0,0.0,2698000000.0,0.0,0.024,4.04,2545000000.0,5243000000.0,0.062,5243000000.0,2545000000.0,1844000000.0,1.55,1.54,1.55,657000000.0,3477750000.0,657000000.0,165476620337.0,65.0,31.561,5087000000.0,5.885,1.0,79681000000.0,0.942,5641000000.0,701000000.0,61595000000.0,61259500000.0,0.0,431000000.0,406000000.0,25000000.0,61739000000.0,17016000000.0,44723000000.0,145564620337.0,672000000.0,-20000000.0,61000000.0,-851000000.0,-3374000000.0,-4517000000.0,-5283000000.0,150000000.0,10459000000.0,13000000.0,1343000000.0,1343000000.0,1343000000.0,0.0,0.0,0.016,71997000000.0,7684000000.0,6455000000.0,2.606,221.56,108.388,108.645,35327000000.0,0.0,168.4,1.72,1.72,10750000000.0,6896000000.0,84628000000.0,84628000000.0,0.0,0.022,0.386,0.042,0.03,796000000.0,46068000000.0,1.0,864397983.0,864397983.0,,97.904,56767000000.0,527000000.0,501000000.0,488000000.0,65.672,3200000000.0
3,UPS,MRT,2020-09-30,2020-09-30,2020-09-30,2021-08-06,-6022000000.0,62406000000.0,60803750000.0,19930000000.0,42476000000.0,1.321,6.477,-5251000000.0,8839000000.0,8839000000.0,4855000000.0,4584000000.0,1.289,10.157,28751000000.0,2942000000.0,25809000000.0,28751000000.0,0.0,2616000000.0,0.0,0.024,3.99,6626000000.0,9242000000.0,0.115,9242000000.0,6626000000.0,5934000000.0,5.29,5.26,5.29,5592000000.0,4130250000.0,5592000000.0,164996256899.0,25.0,17.853,6978000000.0,8.082,1.0,75445000000.0,0.94,6105000000.0,692000000.0,60757000000.0,60709000000.0,0.0,427000000.0,402000000.0,25000000.0,56800000000.0,15456000000.0,41344000000.0,143864256899.0,4655000000.0,-11000000.0,-206000000.0,1461000000.0,-3325000000.0,-2429000000.0,-5140000000.0,128000000.0,12229000000.0,-5000000.0,4584000000.0,4584000000.0,4584000000.0,0.0,0.0,0.057,67665000000.0,7780000000.0,5609000000.0,0.754,25.727,31.384,31.499,35186000000.0,0.0,166.63,1.792,1.792,8993000000.0,11115000000.0,80300000000.0,80300000000.0,0.0,0.075,1.11,0.109,0.083,707000000.0,44175000000.0,1.0,863375484.0,863375484.0,,93.007,56301000000.0,277000000.0,1350000000.0,2145000000.0,65.21,4474000000.0
4,UPS,MRT,2020-06-30,2020-06-30,2020-06-30,2021-08-06,-5933000000.0,62057000000.0,58522750000.0,20226000000.0,41831000000.0,1.322,5.06,-5525000000.0,8813000000.0,8813000000.0,4970000000.0,4377000000.0,1.243,13.22,29945000000.0,4283000000.0,25662000000.0,29945000000.0,0.0,2526000000.0,0.0,0.035,3.94,6290000000.0,8816000000.0,0.114,8816000000.0,6290000000.0,5615000000.0,5.07,5.03,5.07,4363000000.0,4121750000.0,4363000000.0,118521787384.0,19.0,13.444,4854000000.0,5.63,1.0,72410000000.0,0.936,5994000000.0,675000000.0,60924000000.0,59759000000.0,0.0,427000000.0,403000000.0,24000000.0,57681000000.0,16271000000.0,41410000000.0,95856787384.0,4598000000.0,-3000000.0,-512000000.0,3523000000.0,-3278000000.0,-592000000.0,-5157000000.0,356000000.0,10379000000.0,-32000000.0,4377000000.0,4377000000.0,4377000000.0,0.0,0.0,0.057,64865000000.0,7545000000.0,5271000000.0,0.777,21.97,21.9,21.929,34437000000.0,0.0,111.18,1.239,1.239,9230000000.0,10032000000.0,77380000000.0,77380000000.0,0.0,0.075,1.062,0.105,0.081,770000000.0,42658000000.0,1.0,862176537.0,862176537.0,,89.75,56063000000.0,277000000.0,1238000000.0,1918000000.0,65.025,3955000000.0
5,UPS,MRT,2020-03-31,2020-03-31,2020-03-31,2021-08-06,-5876000000.0,60895000000.0,56205250000.0,19389000000.0,41506000000.0,1.334,3.843,-5737000000.0,8955000000.0,8955000000.0,5247000000.0,4294000000.0,1.224,17.454,31620000000.0,4931000000.0,26689000000.0,31620000000.0,0.0,2440000000.0,0.0,0.042,3.89,6113000000.0,8553000000.0,0.114,8553000000.0,6113000000.0,5462000000.0,4.98,4.94,4.98,3299000000.0,4132250000.0,3299000000.0,103128918692.0,17.0,12.058,3175000000.0,3.698,1.0,69722000000.0,0.93,5952000000.0,651000000.0,61762000000.0,58288500000.0,0.0,528000000.0,505000000.0,23000000.0,57582000000.0,15846000000.0,41736000000.0,80199918692.0,4414000000.0,-5000000.0,-737000000.0,5409000000.0,-3235000000.0,1135000000.0,-5579000000.0,227000000.0,8912000000.0,-54000000.0,4294000000.0,4294000000.0,4294000000.0,0.0,0.0,0.057,62246000000.0,7476000000.0,4779000000.0,0.781,24.31,18.677,18.759,33949000000.0,0.0,93.42,1.07,1.07,8126000000.0,9137000000.0,74969000000.0,74969000000.0,0.0,0.076,1.039,0.105,0.082,838000000.0,41081000000.0,1.0,858487676.0,858487676.0,,87.327,54943000000.0,299000000.0,1168000000.0,1787000000.0,64.0,3543000000.0
6,UPS,MRT,2019-12-31,2019-12-31,2019-12-31,2021-08-06,-5997000000.0,57857000000.0,53996750000.0,17103000000.0,40754000000.0,1.372,3.808,-6315000000.0,5238000000.0,5238000000.0,5127000000.0,4440000000.0,1.11,16.705,28167000000.0,3958000000.0,24209000000.0,28167000000.0,0.0,2360000000.0,0.0,0.033,3.84,6305000000.0,8665000000.0,0.117,8665000000.0,6305000000.0,5652000000.0,5.14,5.11,5.14,3267000000.0,4174250000.0,3267000000.0,122840723623.0,19.0,14.177,2324000000.0,2.709,1.0,68967000000.0,0.931,5980000000.0,653000000.0,59393000000.0,56422500000.0,0.0,527000000.0,503000000.0,24000000.0,54574000000.0,15413000000.0,39161000000.0,100416723623.0,871000000.0,-6000000.0,-786000000.0,2419000000.0,-3194000000.0,-1727000000.0,-6061000000.0,335000000.0,8639000000.0,20000000.0,4440000000.0,4440000000.0,4440000000.0,0.0,0.0,0.06,61169000000.0,7798000000.0,5555000000.0,0.747,30.737,22.616,22.774,33338000000.0,0.0,117.06,1.355,1.355,9552000000.0,9105000000.0,74094000000.0,74094000000.0,0.0,0.082,1.064,0.112,0.085,915000000.0,40300000000.0,1.0,857822686.0,857822686.0,,86.374,51877000000.0,330000000.0,1212000000.0,1632000000.0,60.475,1690000000.0
7,UPS,MRT,2019-09-30,2019-09-30,2019-09-30,2021-08-06,-4617000000.0,53282000000.0,52036500000.0,14184000000.0,39098000000.0,1.41,6.473,-6076000000.0,4040000000.0,4040000000.0,5239000000.0,4999000000.0,1.105,8.584,26464000000.0,2661000000.0,23803000000.0,26464000000.0,0.0,2275000000.0,0.0,0.032,3.79,7028000000.0,9303000000.0,0.127,9303000000.0,7028000000.0,6393000000.0,5.78,5.75,5.78,5558000000.0,4112750000.0,5558000000.0,124710030344.0,18.0,13.405,2906000000.0,3.384,1.0,68135000000.0,0.929,5914000000.0,635000000.0,56957000000.0,53712750000.0,0.0,667000000.0,498000000.0,169000000.0,47708000000.0,12835000000.0,34873000000.0,102890030344.0,-190000000.0,-6000000.0,-767000000.0,816000000.0,-3148000000.0,-3286000000.0,-5858000000.0,284000000.0,8982000000.0,-28000000.0,4999000000.0,4999000000.0,4999000000.0,0.0,0.0,0.068,60466000000.0,7669000000.0,4218000000.0,0.656,18.512,20.582,20.73,31575000000.0,0.0,119.82,1.402,1.402,7951000000.0,10037000000.0,73374000000.0,73374000000.0,0.0,0.096,1.215,0.131,0.096,843000000.0,39755000000.0,1.0,858704977.0,858704977.0,,85.447,47368000000.0,398000000.0,1394000000.0,1886000000.0,55.162,1349000000.0
8,UPS,MRT,2019-06-30,2019-06-30,2019-06-30,2021-08-06,-4815000000.0,52787000000.0,50388250000.0,14843000000.0,37944000000.0,1.439,5.118,-6287000000.0,4072000000.0,4072000000.0,5234000000.0,4757000000.0,1.089,10.979,25892000000.0,3439000000.0,22453000000.0,25892000000.0,0.0,2212000000.0,0.0,0.036,3.74,6707000000.0,8919000000.0,0.123,8919000000.0,6707000000.0,6076000000.0,5.49,5.47,5.49,4405000000.0,3497750000.0,4405000000.0,110242233290.0,16.0,12.36,3431000000.0,3.986,1.0,67266000000.0,0.928,5932000000.0,631000000.0,55042000000.0,51417500000.0,0.0,893000000.0,725000000.0,168000000.0,48364000000.0,13633000000.0,34731000000.0,88890233290.0,-275000000.0,-1000000.0,-749000000.0,425000000.0,-3103000000.0,-3619000000.0,-6357000000.0,15000000.0,9718000000.0,-17000000.0,4757000000.0,4757000000.0,4757000000.0,0.0,0.0,0.066,59998000000.0,7268000000.0,4291000000.0,0.681,20.179,18.686,18.811,30572000000.0,0.0,103.27,1.226,1.226,8071000000.0,9109000000.0,72500000000.0,72500000000.0,0.0,0.094,1.36,0.13,0.093,769000000.0,39155000000.0,1.0,860755624.0,860755624.0,,84.228,46855000000.0,744000000.0,1319000000.0,1947000000.0,54.435,1210000000.0
9,UPS,MRT,2019-03-31,2019-03-31,2019-03-31,2021-08-06,-4818000000.0,52061000000.0,48497250000.0,14904000000.0,37157000000.0,1.483,4.03,-6239000000.0,4399000000.0,4399000000.0,5179000000.0,4557000000.0,1.128,14.011,25751000000.0,3281000000.0,22470000000.0,25751000000.0,0.0,2179000000.0,0.0,0.033,3.69,6419000000.0,8598000000.0,0.12,8598000000.0,6419000000.0,5798000000.0,5.25,5.24,5.25,3467000000.0,2978500000.0,3467000000.0,114632985778.0,18.0,13.333,4682000000.0,5.443,1.0,66729000000.0,0.928,5906000000.0,621000000.0,54298000000.0,49248750000.0,0.0,881000000.0,712000000.0,169000000.0,48576000000.0,13209000000.0,35367000000.0,96121985778.0,716000000.0,-3000000.0,-786000000.0,195000000.0,-3056000000.0,-3837000000.0,-6300000000.0,-41000000.0,10921000000.0,-68000000.0,4557000000.0,4557000000.0,4557000000.0,0.0,0.0,0.063,59831000000.0,6898000000.0,3907000000.0,0.703,27.725,21.093,21.284,29790000000.0,0.0,111.74,1.337,1.337,7613000000.0,8249000000.0,71908000000.0,71908000000.0,0.0,0.094,1.53,0.13,0.089,703000000.0,38879000000.0,1.0,860228976.0,860228976.0,,83.592,46155000000.0,1000000000.0,1241000000.0,1758000000.0,53.654,1695000000.0
10,UPS,MRT,2018-12-31,2018-12-31,2018-12-31,2021-08-06,-4994000000.0,50016000000.0,46598000000.0,16210000000.0,33806000000.0,1.542,3.516,-6246000000.0,4225000000.0,4225000000.0,5159000000.0,4791000000.0,1.151,15.551,22736000000.0,2805000000.0,19931000000.0,22736000000.0,0.0,2207000000.0,0.0,0.037,3.64,6624000000.0,8831000000.0,0.123,8831000000.0,6624000000.0,6019000000.0,5.53,5.51,5.53,3021000000.0,2447750000.0,3021000000.0,103004328165.0,16.0,11.664,6465000000.0,7.524,1.0,66702000000.0,0.928,5886000000.0,605000000.0,48554000000.0,47410500000.0,0.0,980000000.0,810000000.0,170000000.0,46979000000.0,14087000000.0,32892000000.0,83800328165.0,598000000.0,-2000000.0,-771000000.0,-1622000000.0,-3011000000.0,-5692000000.0,-6330000000.0,-83000000.0,12711000000.0,-91000000.0,4791000000.0,4791000000.0,4791000000.0,0.0,0.0,0.067,59678000000.0,7024000000.0,5188000000.0,0.658,27.739,17.491,17.637,26576000000.0,0.0,97.53,1.166,1.166,8958000000.0,8006000000.0,71861000000.0,71861000000.0,0.0,0.103,1.957,0.14,0.092,634000000.0,38597000000.0,1.0,859226168.0,859226168.0,,83.635,44130000000.0,1081000000.0,1228000000.0,1619000000.0,51.36,2123000000.0
11,UPS,MRT,2018-09-30,2018-09-30,2018-09-30,2021-08-06,-5288000000.0,46689000000.0,45487500000.0,13991000000.0,32698000000.0,1.561,3.601,-5958000000.0,4097000000.0,4097000000.0,5000000000.0,5434000000.0,1.145,14.062,23301000000.0,3200000000.0,20101000000.0,23301000000.0,0.0,2256000000.0,0.0,0.03,3.56,7433000000.0,9689000000.0,0.136,9689000000.0,7433000000.0,6847000000.0,6.26,6.25,6.26,3098000000.0,1941000000.0,3098000000.0,118942245943.0,16.0,12.276,525000000.0,0.61,1.0,65988000000.0,0.93,5895000000.0,586000000.0,47776000000.0,47227250000.0,0.0,1051000000.0,744000000.0,307000000.0,43563000000.0,12222000000.0,31341000000.0,100445245943.0,509000000.0,-75000000.0,-991000000.0,4156000000.0,-2946000000.0,-59000000.0,-5855000000.0,219000000.0,6483000000.0,-60000000.0,5434000000.0,5434000000.0,5434000000.0,0.0,0.0,0.077,58905000000.0,7083000000.0,3689000000.0,0.569,32.423,18.485,18.65,25379000000.0,0.0,116.75,1.415,1.415,7494000000.0,8377000000.0,70988000000.0,70988000000.0,0.0,0.119,2.8,0.157,0.105,628000000.0,37942000000.0,1.0,860344719.0,860344719.0,,82.511,40794000000.0,513000000.0,1413000000.0,1069000000.0,47.416,1769000000.0
12,UPS,MRT,2018-06-30,2018-06-30,2018-06-30,2021-08-06,-5346000000.0,45223000000.0,44154250000.0,13874000000.0,31349000000.0,1.579,2.702,-6022000000.0,4214000000.0,4214000000.0,4731000000.0,5185000000.0,1.208,18.414,22711000000.0,2591000000.0,20120000000.0,22711000000.0,0.0,2304000000.0,0.0,0.033,3.48,7437000000.0,9741000000.0,0.14,9741000000.0,7437000000.0,6895000000.0,5.97,5.96,5.97,2328000000.0,1543750000.0,2328000000.0,111085135468.0,15.0,11.404,36000000.0,0.042,1.0,64986000000.0,0.932,5865000000.0,542000000.0,46367000000.0,45019750000.0,0.0,1026000000.0,720000000.0,306000000.0,42867000000.0,11488000000.0,31379000000.0,91537135468.0,500000000.0,-79000000.0,-1196000000.0,4609000000.0,-2889000000.0,236000000.0,-5766000000.0,343000000.0,6058000000.0,-28000000.0,5185000000.0,5185000000.0,5185000000.0,0.0,0.0,0.074,57818000000.0,7168000000.0,3785000000.0,0.583,39.32,17.654,17.794,23901000000.0,0.0,106.23,1.313,1.313,7363000000.0,7665000000.0,69717000000.0,69717000000.0,0.0,0.117,3.359,0.165,0.107,617000000.0,37325000000.0,1.0,861688181.0,861688181.0,,80.907,39358000000.0,517000000.0,1710000000.0,975000000.0,45.675,2386000000.0
13,UPS,MRT,2018-03-31,2018-03-31,2018-03-31,2021-08-06,-5638000000.0,44464000000.0,42779500000.0,13620000000.0,30844000000.0,1.594,1.56,-5793000000.0,3544000000.0,3544000000.0,4464000000.0,5084000000.0,1.222,32.06,23092000000.0,2683000000.0,20409000000.0,23092000000.0,0.0,2324000000.0,0.0,0.032,3.4,7592000000.0,9916000000.0,0.145,9916000000.0,7592000000.0,7088000000.0,5.85,5.83,5.85,1344000000.0,1272750000.0,1344000000.0,111145602770.0,15.0,11.209,-486000000.0,-0.564,1.0,63724000000.0,0.935,5918000000.0,504000000.0,46945000000.0,42802500000.0,0.0,976000000.0,665000000.0,311000000.0,43089000000.0,11149000000.0,31940000000.0,90176602770.0,684000000.0,-109000000.0,-1386000000.0,5364000000.0,-2830000000.0,861000000.0,-5507000000.0,387000000.0,5307000000.0,23000000.0,5084000000.0,5084000000.0,5084000000.0,0.0,0.0,0.075,56292000000.0,7432000000.0,3501000000.0,0.581,67.096,17.737,17.891,23239000000.0,0.0,104.66,1.322,1.322,7606000000.0,6973000000.0,68188000000.0,68188000000.0,0.0,0.119,3.995,0.177,0.111,611000000.0,36528000000.0,1.0,861614779.0,861614779.0,,79.14,38546000000.0,552000000.0,2004000000.0,837000000.0,44.737,2471000000.0
14,UPS,MRT,2017-12-31,2017-12-31,2017-12-31,2021-08-06,-4867000000.0,45574000000.0,41258500000.0,15718000000.0,29856000000.0,1.614,1.153,-5203000000.0,3320000000.0,3320000000.0,4291000000.0,4905000000.0,1.22,44.819,24289000000.0,4011000000.0,20278000000.0,24289000000.0,0.0,2282000000.0,0.0,0.028,3.32,7590000000.0,9872000000.0,0.148,9872000000.0,7590000000.0,7137000000.0,5.63,5.61,5.63,994000000.0,1070500000.0,994000000.0,118167291901.0,16.0,11.97,-3724000000.0,-4.322,1.0,62294000000.0,0.936,5836000000.0,453000000.0,47821000000.0,40058750000.0,0.0,1232000000.0,749000000.0,483000000.0,44550000000.0,12886000000.0,31664000000.0,102675291901.0,-152000000.0,-134000000.0,-1566000000.0,7827000000.0,-2771000000.0,3287000000.0,-4971000000.0,365000000.0,1479000000.0,53000000.0,4905000000.0,4905000000.0,4905000000.0,0.0,0.0,0.074,54765000000.0,7529000000.0,3934000000.0,0.59,103.295,20.933,21.163,22118000000.0,0.0,119.15,1.542,1.542,8773000000.0,5852000000.0,66585000000.0,66585000000.0,0.0,0.119,4.582,0.189,0.114,584000000.0,35732000000.0,1.0,861731363.0,861731363.0,,77.269,39738000000.0,1839000000.0,2232000000.0,756000000.0,46.114,2832000000.0
15,UPS,MRT,2017-09-30,2017-09-30,2017-09-30,2021-08-06,-4224000000.0,41356000000.0,39959250000.0,12910000000.0,28446000000.0,1.633,1.743,-4806000000.0,3418000000.0,3418000000.0,4084000000.0,3561000000.0,1.061,26.386,18910000000.0,4555000000.0,14355000000.0,18910000000.0,0.0,2251000000.0,0.0,0.027,3.27,5659000000.0,7910000000.0,0.121,7910000000.0,5659000000.0,5235000000.0,4.1,4.08,4.1,1509000000.0,923250000.0,1509000000.0,118524123540.0,21.0,14.984,722000000.0,0.834,1.0,61161000000.0,0.937,5735000000.0,424000000.0,38946000000.0,37036250000.0,0.0,1524000000.0,1043000000.0,481000000.0,39817000000.0,12167000000.0,27650000000.0,103994123540.0,125000000.0,-605000000.0,-1791000000.0,3552000000.0,-2741000000.0,-1273000000.0,-4151000000.0,1240000000.0,5528000000.0,21000000.0,3561000000.0,3561000000.0,3561000000.0,0.0,0.0,0.055,53902000000.0,7259000000.0,2808000000.0,0.798,68.916,29.204,29.29,20988000000.0,0.0,120.09,1.594,1.594,6937000000.0,5724000000.0,65245000000.0,65245000000.0,0.0,0.089,3.857,0.153,0.087,583000000.0,35238000000.0,1.0,865968220.0,865968220.0,,75.343,35621000000.0,318000000.0,1674000000.0,75000000.0,41.134,743000000.0
16,UPS,MRT,2017-06-30,2017-06-30,2017-06-30,2021-08-06,-4202000000.0,39724000000.0,39205750000.0,12394000000.0,27330000000.0,1.632,1.434,-3920000000.0,3544000000.0,3544000000.0,3976000000.0,3572000000.0,1.118,30.908,18074000000.0,3817000000.0,14257000000.0,18074000000.0,0.0,2233000000.0,0.0,0.029,3.22,5658000000.0,7891000000.0,0.123,7891000000.0,5658000000.0,5251000000.0,4.09,4.08,4.09,1244000000.0,1231750000.0,1244000000.0,110518923441.0,20.0,14.006,481000000.0,0.554,1.0,60024000000.0,0.938,5674000000.0,407000000.0,37498000000.0,35926500000.0,0.0,1539000000.0,1060000000.0,479000000.0,38450000000.0,11082000000.0,27368000000.0,95965923441.0,490000000.0,-601000000.0,-2017000000.0,3844000000.0,-2705000000.0,-1112000000.0,-2794000000.0,1731000000.0,4401000000.0,-5000000.0,3572000000.0,3572000000.0,3572000000.0,0.0,0.0,0.056,52543000000.0,7481000000.0,2648000000.0,0.787,77.143,26.866,27.039,19841000000.0,0.0,110.59,1.499,1.499,6553000000.0,5437000000.0,64000000000.0,64000000000.0,0.0,0.091,2.9,0.157,0.088,590000000.0,34624000000.0,1.0,867763120.0,867763120.0,,73.753,34050000000.0,362000000.0,1679000000.0,95000000.0,39.239,1312000000.0
17,UPS,MRT,2017-03-31,2017-03-31,2017-03-31,2021-08-06,-4462000000.0,38380000000.0,38859500000.0,11494000000.0,26886000000.0,1.614,0.615,-3380000000.0,2687000000.0,2687000000.0,3856000000.0,3457000000.0,1.008,70.692,17240000000.0,4302000000.0,12938000000.0,17240000000.0,0.0,2226000000.0,0.0,0.03,3.17,5474000000.0,7700000000.0,0.123,7700000000.0,5474000000.0,5084000000.0,3.93,3.93,3.93,535000000.0,1577250000.0,535000000.0,105953180694.0,19.0,13.76,662000000.0,0.761,1.0,58846000000.0,0.939,5557000000.0,390000000.0,35970000000.0,35229000000.0,0.0,1521000000.0,1031000000.0,490000000.0,37820000000.0,11406000000.0,26414000000.0,93354180694.0,-1187000000.0,-566000000.0,-2240000000.0,2346000000.0,-2672000000.0,-2824000000.0,-2365000000.0,1583000000.0,4042000000.0,-40000000.0,3457000000.0,3457000000.0,3457000000.0,0.0,0.0,0.055,51364000000.0,7482000000.0,2404000000.0,0.807,174.494,27.004,27.303,19225000000.0,0.0,107.3,1.489,1.489,6475000000.0,4988000000.0,62702000000.0,62702000000.0,0.0,0.089,2.192,0.155,0.087,588000000.0,34059000000.0,1.0,870029643.0,870029643.0,,72.069,32823000000.0,526000000.0,1627000000.0,107000000.0,37.726,88000000.0
18,UPS,MRT,2016-12-31,2016-12-31,2016-12-31,2021-08-06,-4483000000.0,40377000000.0,39056500000.0,13849000000.0,26528000000.0,1.577,0.464,-2877000000.0,3476000000.0,3476000000.0,3660000000.0,3422000000.0,1.181,98.637,16075000000.0,3681000000.0,12394000000.0,16075000000.0,0.0,2224000000.0,0.0,0.027,3.12,5502000000.0,7726000000.0,0.125,7726000000.0,5502000000.0,5121000000.0,3.88,3.86,3.88,405000000.0,2057750000.0,405000000.0,112068223195.0,20.0,14.505,3596000000.0,4.121,1.0,57950000000.0,0.941,5515000000.0,381000000.0,35731000000.0,34889500000.0,0.0,1567000000.0,1091000000.0,476000000.0,39948000000.0,11730000000.0,28218000000.0,100041223195.0,749000000.0,-547000000.0,-2433000000.0,2034000000.0,-2643000000.0,-3140000000.0,-2563000000.0,911000000.0,6473000000.0,-21000000.0,3422000000.0,3422000000.0,3422000000.0,0.0,0.0,0.056,50262000000.0,7688000000.0,3042000000.0,0.804,247.015,29.235,29.546,18800000000.0,0.0,114.64,1.624,1.624,7695000000.0,4879000000.0,61610000000.0,61610000000.0,0.0,0.088,1.663,0.158,0.089,591000000.0,33571000000.0,1.0,872655471.0,872655471.0,,70.601,34862000000.0,1224000000.0,1699000000.0,112000000.0,39.949,2119000000.0
19,UPS,MRT,2016-09-30,2016-09-30,2016-09-30,2021-08-06,-3651000000.0,38342000000.0,38540000000.0,12853000000.0,25489000000.0,1.558,3.124,-2480000000.0,3299000000.0,3299000000.0,3543000000.0,5001000000.0,1.18,12.969,15326000000.0,3820000000.0,11506000000.0,15326000000.0,0.0,2202000000.0,0.0,0.028,3.07,7987000000.0,10189000000.0,0.17,10189000000.0,7987000000.0,7621000000.0,5.62,5.62,5.62,2743000000.0,2574000000.0,2743000000.0,107332263640.0,13.0,10.534,3898000000.0,4.439,1.0,56486000000.0,0.941,4973000000.0,366000000.0,34507000000.0,34519500000.0,0.0,2544000000.0,2059000000.0,485000000.0,35575000000.0,10889000000.0,24686000000.0,96025263640.0,-142000000.0,18000000.0,-2430000000.0,820000000.0,-2613000000.0,-4186000000.0,-2377000000.0,14000000.0,6378000000.0,43000000.0,5001000000.0,5001000000.0,5001000000.0,0.0,0.0,0.083,48540000000.0,7946000000.0,2287000000.0,0.546,35.007,19.201,19.459,18489000000.0,0.0,109.36,1.6,1.6,6272000000.0,6385000000.0,60029000000.0,60029000000.0,0.0,0.13,1.943,0.231,0.133,593000000.0,32971000000.0,1.0,878065688.0,878065688.0,,68.365,33369000000.0,456000000.0,2620000000.0,236000000.0,38.003,1964000000.0
20,UPS,MRT,2016-06-30,2016-06-30,2016-06-30,2021-08-06,-3606000000.0,38339000000.0,38705000000.0,13123000000.0,25216000000.0,1.533,2.975,-2355000000.0,3059000000.0,3059000000.0,3595000000.0,4988000000.0,1.317,13.591,14366000000.0,2816000000.0,11550000000.0,14366000000.0,0.0,2175000000.0,0.0,0.028,3.02,7928000000.0,10103000000.0,0.17,10103000000.0,7928000000.0,7573000000.0,5.58,5.57,5.58,2626000000.0,2370500000.0,2626000000.0,106632117068.0,13.0,10.555,5529000000.0,6.264,1.0,55743000000.0,0.939,4977000000.0,355000000.0,34708000000.0,34224750000.0,0.0,3098000000.0,2613000000.0,485000000.0,35689000000.0,9961000000.0,25728000000.0,95081117068.0,-371000000.0,-1817000000.0,-2427000000.0,1160000000.0,-2582000000.0,-3897000000.0,-4327000000.0,-105000000.0,7884000000.0,-31000000.0,4988000000.0,4988000000.0,4988000000.0,0.0,0.0,0.084,47847000000.0,7896000000.0,2405000000.0,0.541,36.208,19.062,19.305,18251000000.0,0.0,107.72,1.602,1.602,6111000000.0,6223000000.0,59338000000.0,59338000000.0,0.0,0.129,2.104,0.232,0.134,592000000.0,32565000000.0,1.0,882669115.0,882669115.0,,67.226,33362000000.0,310000000.0,2585000000.0,205000000.0,37.797,3162000000.0
21,UPS,MRT,2016-03-31,2016-03-31,2016-03-31,2021-08-06,-3647000000.0,39168000000.0,38433000000.0,13912000000.0,25256000000.0,1.53,2.778,-2414000000.0,3887000000.0,3887000000.0,3703000000.0,4949000000.0,1.254,14.932,15438000000.0,3869000000.0,11569000000.0,15438000000.0,0.0,2130000000.0,0.0,0.028,2.97,7846000000.0,9976000000.0,0.17,9976000000.0,7846000000.0,7499000000.0,5.52,5.49,5.52,2457000000.0,2201500000.0,2457000000.0,104880783740.0,13.0,10.513,4935000000.0,5.58,1.0,55101000000.0,0.937,5009000000.0,347000000.0,34612000000.0,33942250000.0,0.0,2864000000.0,2380000000.0,484000000.0,36688000000.0,11098000000.0,25590000000.0,93276783740.0,-595000000.0,-1900000000.0,-2406000000.0,2063000000.0,-2555000000.0,-2904000000.0,-5060000000.0,-686000000.0,7349000000.0,20000000.0,4949000000.0,4949000000.0,4949000000.0,0.0,0.0,0.084,47283000000.0,7818000000.0,2040000000.0,0.538,37.964,18.848,19.107,18285000000.0,0.0,105.47,1.586,1.586,6241000000.0,6095000000.0,58804000000.0,58804000000.0,0.0,0.129,2.248,0.231,0.133,595000000.0,32314000000.0,1.0,884391616.0,884391616.0,,66.491,34159000000.0,328000000.0,2550000000.0,642000000.0,38.624,2814000000.0
22,UPS,MRT,2015-12-31,2015-12-31,2015-12-31,2021-08-06,-3540000000.0,38311000000.0,37974000000.0,13208000000.0,25103000000.0,1.537,2.774,-2353000000.0,2730000000.0,2730000000.0,3882000000.0,4844000000.0,1.235,14.502,14334000000.0,3018000000.0,11316000000.0,14334000000.0,0.0,2084000000.0,0.0,0.03,2.92,7683000000.0,9767000000.0,0.167,9767000000.0,7683000000.0,7342000000.0,5.38,5.35,5.38,2470000000.0,2044500000.0,2470000000.0,96844609179.0,13.0,9.915,5077000000.0,5.702,1.0,54481000000.0,0.933,4968000000.0,341000000.0,34251000000.0,33379250000.0,0.0,2469000000.0,1996000000.0,473000000.0,35820000000.0,10696000000.0,25124000000.0,85684609179.0,439000000.0,-1904000000.0,-2453000000.0,3588000000.0,-2525000000.0,-1565000000.0,-5309000000.0,-1027000000.0,7430000000.0,-117000000.0,4844000000.0,4844000000.0,4844000000.0,0.0,0.0,0.083,46813000000.0,7668000000.0,2587000000.0,0.543,34.69,17.689,17.887,18352000000.0,0.0,96.23,1.468,1.468,7134000000.0,6001000000.0,58363000000.0,58363000000.0,0.0,0.128,2.369,0.23,0.132,574000000.0,32050000000.0,1.0,890414727.0,890414727.0,,65.546,33343000000.0,255000000.0,2498000000.0,115000000.0,37.447,2512000000.0
23,UPS,MRT,2015-09-30,2015-09-30,2015-09-30,2021-08-06,-3851000000.0,39002000000.0,37256250000.0,13581000000.0,25421000000.0,1.562,2.152,-2493000000.0,3441000000.0,3441000000.0,4282000000.0,3966000000.0,1.144,19.209,14601000000.0,4557000000.0,10044000000.0,14601000000.0,0.0,2040000000.0,0.0,0.029,2.86,6378000000.0,8418000000.0,0.145,8418000000.0,6378000000.0,6035000000.0,4.4,4.36,4.4,1929000000.0,1962250000.0,1929000000.0,98166847407.0,15.0,11.662,5457000000.0,6.089,1.0,53922000000.0,0.926,4965000000.0,343000000.0,33328000000.0,32885500000.0,0.0,3186000000.0,2248000000.0,938000000.0,37054000000.0,11869000000.0,25185000000.0,88444847407.0,-763000000.0,-1991000000.0,-2396000000.0,2274000000.0,-2485000000.0,-2908000000.0,-5621000000.0,-977000000.0,7950000000.0,-184000000.0,3966000000.0,3966000000.0,3966000000.0,0.0,0.0,0.068,47551000000.0,6371000000.0,2058000000.0,0.65,45.85,22.301,22.43,18163000000.0,0.0,98.69,1.52,1.52,6055000000.0,5771000000.0,58204000000.0,58204000000.0,0.0,0.106,2.021,0.194,0.11,558000000.0,32742000000.0,1.0,896188544.0,896188544.0,,64.946,34037000000.0,1210000000.0,2069000000.0,77000000.0,37.98,1712000000.0
24,UPS,MRT,2015-06-30,2015-06-30,2015-06-30,2021-08-06,-3727000000.0,37251000000.0,36482250000.0,13768000000.0,23483000000.0,1.597,2.164,-2422000000.0,3430000000.0,3430000000.0,4622000000.0,3923000000.0,1.336,18.094,13152000000.0,3252000000.0,9900000000.0,13152000000.0,0.0,1998000000.0,0.0,0.029,2.8,6346000000.0,8344000000.0,0.143,8344000000.0,6346000000.0,5999000000.0,4.33,4.29,4.33,1950000000.0,2886750000.0,1950000000.0,95961808394.0,15.0,11.501,5711000000.0,6.337,1.0,53635000000.0,0.921,3092000000.0,347000000.0,33578000000.0,32522250000.0,0.0,3696000000.0,2792000000.0,904000000.0,35283000000.0,10303000000.0,24980000000.0,87339808394.0,374000000.0,-156000000.0,-2399000000.0,1394000000.0,-2444000000.0,-3781000000.0,-3775000000.0,-1173000000.0,8133000000.0,-203000000.0,3923000000.0,3923000000.0,3923000000.0,0.0,0.0,0.067,47294000000.0,6341000000.0,2150000000.0,0.647,44.79,22.264,22.381,17970000000.0,0.0,96.91,1.499,1.499,5618000000.0,5668000000.0,58257000000.0,58257000000.0,0.0,0.108,1.359,0.195,0.109,558000000.0,32501000000.0,1.0,901246604.0,901246604.0,,64.64,34159000000.0,1375000000.0,2076000000.0,0.0,37.902,3465000000.0
25,UPS,MRT,2015-03-31,2015-03-31,2015-03-31,2021-08-06,-3688000000.0,37332000000.0,35884750000.0,13915000000.0,23417000000.0,1.628,2.027,-2320000000.0,4482000000.0,4482000000.0,4947000000.0,3147000000.0,1.311,19.401,13104000000.0,3163000000.0,9941000000.0,13104000000.0,0.0,1961000000.0,0.0,0.028,2.74,5154000000.0,7115000000.0,0.122,7115000000.0,5154000000.0,4804000000.0,3.45,3.43,3.45,1829000000.0,3791250000.0,1829000000.0,95988103905.0,19.0,13.491,3890000000.0,4.31,1.0,53483000000.0,0.915,2984000000.0,350000000.0,32360000000.0,32197250000.0,0.0,3019000000.0,1935000000.0,1084000000.0,35485000000.0,10610000000.0,24875000000.0,87492103905.0,-1464000000.0,-76000000.0,-2431000000.0,1000000000.0,-2406000000.0,-4142000000.0,-3313000000.0,-889000000.0,6210000000.0,-219000000.0,3147000000.0,3147000000.0,3147000000.0,0.0,0.0,0.054,48355000000.0,5128000000.0,2055000000.0,0.794,47.836,27.802,28.099,17901000000.0,0.0,96.94,1.497,1.497,5724000000.0,5508000000.0,58430000000.0,58430000000.0,0.0,0.088,0.83,0.16,0.088,566000000.0,33385000000.0,1.0,902538724.0,902538724.0,,64.74,34348000000.0,1166000000.0,1657000000.0,500000000.0,38.057,3305000000.0
26,UPS,MRT,2014-12-31,2014-12-31,2014-12-31,2021-08-06,-3594000000.0,35440000000.0,35823000000.0,11218000000.0,24222000000.0,1.626,2.365,-2275000000.0,2291000000.0,2291000000.0,5254000000.0,3032000000.0,1.301,15.545,10779000000.0,923000000.0,9856000000.0,10779000000.0,0.0,1923000000.0,0.0,0.024,2.68,4990000000.0,6913000000.0,0.119,6913000000.0,4990000000.0,4637000000.0,3.31,3.28,3.31,2141000000.0,4895750000.0,2141000000.0,108681009550.0,22.0,15.721,3451000000.0,3.812,1.0,52978000000.0,0.91,3031000000.0,353000000.0,32276000000.0,31863250000.0,0.0,1481000000.0,992000000.0,489000000.0,33282000000.0,8621000000.0,24661000000.0,100634009550.0,-2374000000.0,-88000000.0,-2421000000.0,-169000000.0,-2366000000.0,-5161000000.0,-2801000000.0,-419000000.0,5726000000.0,-138000000.0,3032000000.0,3032000000.0,3032000000.0,0.0,0.0,0.052,48010000000.0,4968000000.0,2754000000.0,0.81,47.003,33.191,33.586,18281000000.0,0.0,111.17,1.728,1.728,6661000000.0,5726000000.0,58232000000.0,58232000000.0,0.0,0.085,0.619,0.157,0.086,536000000.0,33089000000.0,1.0,905226316.0,905226316.0,,64.329,32409000000.0,1219000000.0,1605000000.0,78000000.0,35.802,2597000000.0
27,UPS,MRT,2014-09-30,2014-09-30,2014-09-30,2021-08-06,-611000000.0,35906000000.0,36016000000.0,13318000000.0,22588000000.0,1.591,6.16,-1862000000.0,4204000000.0,4204000000.0,5313000000.0,3746000000.0,1.464,5.378,12251000000.0,2393000000.0,9858000000.0,12251000000.0,0.0,1893000000.0,0.0,0.027,2.63,6159000000.0,8052000000.0,0.14,8052000000.0,6159000000.0,5799000000.0,4.06,4.03,4.06,5627000000.0,5979000000.0,5627000000.0,98574198862.0,16.0,12.242,4573000000.0,5.006,1.0,52000000000.0,0.907,2982000000.0,360000000.0,31875000000.0,31875000000.0,0.0,2253000000.0,1367000000.0,886000000.0,30262000000.0,9096000000.0,21166000000.0,89788198862.0,-978000000.0,-24000000.0,-2708000000.0,-336000000.0,-2338000000.0,-5504000000.0,-1790000000.0,296000000.0,6435000000.0,-119000000.0,3746000000.0,3746000000.0,3746000000.0,0.0,0.0,0.065,45878000000.0,6122000000.0,2112000000.0,0.648,15.957,23.969,24.209,17843000000.0,0.0,98.29,1.567,1.567,5822000000.0,6229000000.0,57313000000.0,57313000000.0,0.0,0.104,0.627,0.193,0.107,537000000.0,31530000000.0,1.0,913502888.0,913502888.0,,62.74,32924000000.0,591000000.0,2053000000.0,1276000000.0,36.041,4222000000.0
28,UPS,MRT,2014-06-30,2014-06-30,2014-06-30,2021-08-06,-596000000.0,34861000000.0,36408500000.0,12341000000.0,22520000000.0,1.553,6.083,-1798000000.0,3056000000.0,3056000000.0,5273000000.0,3629000000.0,1.48,5.258,11842000000.0,1902000000.0,9940000000.0,11842000000.0,0.0,1868000000.0,0.0,0.025,2.58,6009000000.0,7877000000.0,0.139,7877000000.0,6009000000.0,5644000000.0,3.9,3.87,3.9,5568000000.0,5482750000.0,5568000000.0,100110812166.0,17.0,12.709,3907000000.0,4.268,1.0,51271000000.0,0.907,3032000000.0,365000000.0,32278000000.0,32436750000.0,0.0,2330000000.0,1543000000.0,787000000.0,29276000000.0,8337000000.0,20939000000.0,93974812166.0,-1752000000.0,-44000000.0,-3003000000.0,-219000000.0,-2312000000.0,-5398000000.0,-2063000000.0,-52000000.0,5705000000.0,4000000.0,3629000000.0,3629000000.0,3629000000.0,0.0,0.0,0.064,45299000000.0,5972000000.0,2106000000.0,0.662,16.878,25.896,26.323,17787000000.0,0.0,102.66,1.662,1.662,5845000000.0,6155000000.0,56544000000.0,56544000000.0,0.0,0.1,0.662,0.185,0.106,531000000.0,31258000000.0,1.0,915398521.0,915398521.0,,61.77,31829000000.0,638000000.0,2015000000.0,933000000.0,34.771,4004000000.0
29,UPS,MRT,2014-03-31,2014-03-31,2014-03-31,2021-08-06,-489000000.0,37085000000.0,36869000000.0,14620000000.0,22465000000.0,1.513,6.769,-1838000000.0,5946000000.0,5946000000.0,5253000000.0,4246000000.0,1.59,4.934,12082000000.0,2222000000.0,9860000000.0,12082000000.0,0.0,1861000000.0,0.0,0.026,2.53,6982000000.0,8843000000.0,0.159,8843000000.0,6982000000.0,6608000000.0,4.55,4.51,4.55,6247000000.0,4995000000.0,6247000000.0,96079817850.0,14.0,10.865,5975000000.0,6.474,1.0,50530000000.0,0.906,3004000000.0,374000000.0,31024000000.0,32819250000.0,0.0,1839000000.0,1089000000.0,750000000.0,30823000000.0,9193000000.0,21630000000.0,89872817850.0,-510000000.0,-44000000.0,-3097000000.0,-422000000.0,-2284000000.0,-6081000000.0,-2206000000.0,-87000000.0,7813000000.0,-36000000.0,4246000000.0,4246000000.0,4246000000.0,0.0,0.0,0.076,43563000000.0,6967000000.0,2126000000.0,0.556,14.387,21.166,21.402,17769000000.0,0.0,97.38,1.611,1.611,5804000000.0,6727000000.0,55783000000.0,55783000000.0,0.0,0.115,0.85,0.213,0.125,520000000.0,29848000000.0,1.0,922908378.0,922908378.0,,60.443,34081000000.0,685000000.0,2362000000.0,1673000000.0,36.928,5427000000.0
30,UPS,MRT,2013-12-31,2013-12-31,2013-12-31,2021-08-06,-460000000.0,36212000000.0,37099000000.0,13387000000.0,22825000000.0,1.494,6.974,-1961000000.0,4665000000.0,4665000000.0,5267000000.0,4372000000.0,1.877,4.591,10872000000.0,48000000.0,10824000000.0,10872000000.0,0.0,1867000000.0,0.0,0.024,2.48,7054000000.0,8921000000.0,0.161,8921000000.0,7054000000.0,6674000000.0,4.65,4.61,4.65,6474000000.0,4440250000.0,6474000000.0,104969028928.0,15.0,11.767,5343000000.0,5.755,1.0,50171000000.0,0.905,2965000000.0,380000000.0,32323000000.0,33407250000.0,0.0,1347000000.0,580000000.0,767000000.0,29724000000.0,7131000000.0,22593000000.0,97551028928.0,-2662000000.0,-22000000.0,-3347000000.0,-1775000000.0,-2260000000.0,-7807000000.0,-2114000000.0,9000000.0,7304000000.0,-45000000.0,4372000000.0,4372000000.0,4372000000.0,0.0,0.0,0.079,43137000000.0,7034000000.0,2478000000.0,0.533,15.068,22.313,22.598,17961000000.0,0.0,105.08,1.76,1.76,6502000000.0,6925000000.0,55438000000.0,55438000000.0,0.0,0.118,0.985,0.211,0.127,513000000.0,29507000000.0,1.0,928350104.0,928350104.0,,59.717,33247000000.0,794000000.0,2302000000.0,1244000000.0,35.813,6256000000.0
31,UPS,MRT,2013-09-30,2013-09-30,2013-09-30,2021-08-06,-3469000000.0,37476000000.0,37761750000.0,13758000000.0,23718000000.0,1.457,3.882,-2031000000.0,5182000000.0,5182000000.0,5294000000.0,1457000000.0,1.759,9.286,12600000000.0,1703000000.0,10897000000.0,12600000000.0,0.0,1876000000.0,0.0,0.027,2.43,2360000000.0,4236000000.0,0.077,4236000000.0,2360000000.0,1965000000.0,1.58,1.57,1.58,3642000000.0,3985000000.0,3642000000.0,92845266333.0,39.0,21.918,5142000000.0,5.48,1.0,49739000000.0,0.904,2951000000.0,395000000.0,34122000000.0,33636500000.0,0.0,2210000000.0,1467000000.0,743000000.0,33821000000.0,7821000000.0,26000000000.0,85730266333.0,-3248000000.0,-20000000.0,-2669000000.0,-2187000000.0,-2232000000.0,-7600000000.0,-2891000000.0,-999000000.0,7173000000.0,70000000.0,1457000000.0,1457000000.0,1457000000.0,0.0,0.0,0.026,47395000000.0,2344000000.0,1817000000.0,1.538,23.539,58.84,57.829,17992000000.0,0.0,91.37,1.558,1.558,5592000000.0,7102000000.0,55033000000.0,55033000000.0,0.0,0.039,0.366,0.07,0.043,532000000.0,33788000000.0,1.0,938275871.0,938275871.0,,58.653,34525000000.0,1560000000.0,508000000.0,237000000.0,36.796,5937000000.0
32,UPS,MRT,2013-06-30,2013-06-30,2013-06-30,2021-08-06,-3577000000.0,36703000000.0,38158750000.0,13226000000.0,23477000000.0,1.43,3.83,-2107000000.0,4808000000.0,4808000000.0,5290000000.0,829000000.0,1.841,9.144,11923000000.0,1086000000.0,10837000000.0,11923000000.0,0.0,1880000000.0,0.0,0.028,2.38,1326000000.0,3206000000.0,0.059,3206000000.0,1326000000.0,925000000.0,0.9,0.89,0.9,3617000000.0,4956750000.0,3617000000.0,87876639689.0,66.0,27.41,4690000000.0,4.966,1.0,49293000000.0,0.903,2827000000.0,401000000.0,33808000000.0,33248000000.0,0.0,2121000000.0,1384000000.0,737000000.0,33073000000.0,7183000000.0,25890000000.0,81666639689.0,-1910000000.0,0.0,-2203000000.0,-860000000.0,-2202000000.0,-6016000000.0,-2881000000.0,-934000000.0,6797000000.0,190000000.0,829000000.0,829000000.0,829000000.0,0.0,0.0,0.015,47987000000.0,1306000000.0,2008000000.0,2.644,22.579,98.512,96.089,17880000000.0,0.0,86.48,1.496,1.496,5438000000.0,7185000000.0,54583000000.0,54583000000.0,0.0,0.022,0.167,0.04,0.024,540000000.0,34399000000.0,1.0,944341347.0,944341347.0,,57.8,33876000000.0,1527000000.0,96000000.0,221000000.0,35.873,6043000000.0
33,UPS,MRT,2013-03-31,2013-03-31,2013-03-31,2021-08-06,-3595000000.0,38005000000.0,38277250000.0,14481000000.0,23524000000.0,1.422,4.225,-2090000000.0,6456000000.0,6456000000.0,5306000000.0,874000000.0,1.802,8.431,12666000000.0,1615000000.0,11051000000.0,12666000000.0,0.0,1873000000.0,0.0,0.027,2.33,1377000000.0,3250000000.0,0.06,3250000000.0,1377000000.0,982000000.0,0.92,0.91,0.92,4028000000.0,5963750000.0,4028000000.0,87444350018.0,64.0,26.906,4604000000.0,4.829,1.0,49119000000.0,0.903,2805000000.0,395000000.0,33376000000.0,32874750000.0,0.0,1770000000.0,876000000.0,894000000.0,33962000000.0,8034000000.0,25928000000.0,81901350018.0,1323000000.0,0.0,-1748000000.0,662000000.0,-2168000000.0,-3714000000.0,-1829000000.0,-74000000.0,6694000000.0,172000000.0,874000000.0,874000000.0,874000000.0,0.0,0.0,0.016,47765000000.0,1354000000.0,1956000000.0,2.533,20.333,93.709,93.37,17888000000.0,0.0,85.9,1.505,1.505,5617000000.0,7614000000.0,54425000000.0,54425000000.0,0.0,0.023,0.147,0.042,0.025,542000000.0,34153000000.0,1.0,953449942.0,953449942.0,,57.082,35200000000.0,1456000000.0,108000000.0,589000000.0,36.919,6447000000.0
34,UPS,MRT,2012-12-31,2012-12-31,2012-12-31,2021-08-06,-3354000000.0,38863000000.0,37766750000.0,15591000000.0,23272000000.0,1.433,4.877,-2058000000.0,7327000000.0,7327000000.0,5318000000.0,807000000.0,1.858,7.335,12870000000.0,1781000000.0,11089000000.0,12870000000.0,0.0,1858000000.0,0.0,0.031,2.28,1367000000.0,3225000000.0,0.06,3225000000.0,1367000000.0,974000000.0,0.84,0.83,0.84,4653000000.0,6812500000.0,4653000000.0,76916211639.0,56.0,23.85,5158000000.0,5.407,1.0,48809000000.0,0.902,2776000000.0,393000000.0,33240000000.0,32649250000.0,0.0,1439000000.0,597000000.0,842000000.0,34130000000.0,8390000000.0,25740000000.0,70339211639.0,4293000000.0,-100000000.0,-1320000000.0,1729000000.0,-2130000000.0,-1817000000.0,-1335000000.0,628000000.0,7216000000.0,229000000.0,807000000.0,807000000.0,807000000.0,0.0,0.0,0.015,47466000000.0,1343000000.0,2278000000.0,2.714,15.117,87.161,87.774,17894000000.0,0.0,73.73,1.3,1.3,6111000000.0,7997000000.0,54127000000.0,54127000000.0,0.0,0.021,0.118,0.042,0.025,547000000.0,34004000000.0,1.0,954010737.0,954010737.0,,56.736,36087000000.0,1267000000.0,167000000.0,48000000.0,37.827,7201000000.0
35,UPS,MRT,2012-09-30,2012-09-30,2012-09-30,2021-08-06,-2929000000.0,39064000000.0,36726250000.0,16344000000.0,22720000000.0,1.463,7.855,-1992000000.0,8430000000.0,8430000000.0,5315000000.0,3280000000.0,1.588,4.177,15007000000.0,3859000000.0,11148000000.0,15007000000.0,0.0,1833000000.0,0.0,0.031,2.23,5348000000.0,7181000000.0,0.134,7181000000.0,5348000000.0,4968000000.0,3.42,3.38,3.42,7529000000.0,7408000000.0,7529000000.0,74900626449.0,14.0,10.43,4822000000.0,5.031,1.0,48407000000.0,0.901,2784000000.0,380000000.0,32568000000.0,32738000000.0,0.0,891000000.0,586000000.0,305000000.0,31450000000.0,10289000000.0,21161000000.0,68595626449.0,4297000000.0,-173000000.0,-1571000000.0,2506000000.0,-2097000000.0,-1311000000.0,-1328000000.0,705000000.0,6814000000.0,122000000.0,3280000000.0,3280000000.0,3280000000.0,0.0,0.0,0.061,43085000000.0,5322000000.0,1863000000.0,0.652,9.111,20.913,20.927,17829000000.0,0.0,71.57,1.277,1.277,5545000000.0,10448000000.0,53722000000.0,53722000000.0,0.0,0.089,0.443,0.163,0.1,543000000.0,29787000000.0,1.0,958441057.0,958441057.0,,56.051,36280000000.0,569000000.0,1688000000.0,1723000000.0,37.853,6055000000.0
36,UPS,MRT,2012-06-30,2012-06-30,2012-06-30,2021-08-06,-3192000000.0,37177000000.0,35769750000.0,14702000000.0,22475000000.0,1.505,7.968,-1966000000.0,6718000000.0,6718000000.0,5379000000.0,3883000000.0,1.75,3.852,13023000000.0,1911000000.0,11112000000.0,13023000000.0,0.0,1816000000.0,0.0,0.028,2.18,6258000000.0,8074000000.0,0.15,8074000000.0,6258000000.0,5892000000.0,4.03,3.99,4.03,7645000000.0,7475250000.0,7645000000.0,82434927328.0,13.0,10.21,5643000000.0,5.881,1.0,48438000000.0,0.9,2767000000.0,366000000.0,32315000000.0,32923000000.0,0.0,908000000.0,604000000.0,304000000.0,29452000000.0,8400000000.0,21052000000.0,75569927328.0,2027000000.0,-173000000.0,-2177000000.0,616000000.0,-2058000000.0,-3733000000.0,-1775000000.0,349000000.0,7609000000.0,-74000000.0,3883000000.0,3883000000.0,3883000000.0,0.0,0.0,0.072,42216000000.0,6222000000.0,2046000000.0,0.541,9.885,19.462,19.543,17597000000.0,0.0,78.76,1.404,1.404,5541000000.0,10827000000.0,53817000000.0,53817000000.0,0.0,0.109,0.519,0.19,0.116,547000000.0,28866000000.0,1.0,959496284.0,959496284.0,,56.089,34410000000.0,593000000.0,2009000000.0,2168000000.0,35.863,6302000000.0
37,UPS,MRT,2012-03-31,2012-03-31,2012-03-31,2021-08-06,-3020000000.0,35963000000.0,35263500000.0,13473000000.0,22490000000.0,1.522,7.743,-1996000000.0,5133000000.0,5133000000.0,5436000000.0,3859000000.0,1.786,3.835,11998000000.0,919000000.0,11079000000.0,11998000000.0,0.0,1800000000.0,0.0,0.026,2.13,6216000000.0,8016000000.0,0.149,8016000000.0,6216000000.0,5859000000.0,3.98,3.93,3.98,7423000000.0,7627500000.0,7423000000.0,85481910204.0,14.0,10.664,6076000000.0,6.338,1.0,48223000000.0,0.899,2811000000.0,357000000.0,32474000000.0,32921750000.0,0.0,1251000000.0,947000000.0,304000000.0,28464000000.0,7543000000.0,20921000000.0,77387910204.0,476000000.0,-173000000.0,-2390000000.0,-402000000.0,-2028000000.0,-5058000000.0,-2514000000.0,-210000000.0,8072000000.0,-24000000.0,3859000000.0,3859000000.0,3859000000.0,0.0,0.0,0.072,42046000000.0,6177000000.0,2000000000.0,0.535,10.425,20.054,20.281,17614000000.0,0.0,80.72,1.442,1.442,5637000000.0,10433000000.0,53659000000.0,53659000000.0,0.0,0.109,0.506,0.189,0.116,566000000.0,28767000000.0,1.0,958720394.0,958720394.0,,55.969,33152000000.0,635000000.0,2000000000.0,2437000000.0,34.579,5930000000.0
38,UPS,MRT,2011-12-31,2011-12-31,2011-12-31,2021-08-06,-3103000000.0,34701000000.0,34921250000.0,12284000000.0,22417000000.0,1.521,7.29,-1978000000.0,3034000000.0,3034000000.0,5332000000.0,3804000000.0,1.886,3.922,11128000000.0,33000000.0,11095000000.0,11128000000.0,0.0,1782000000.0,0.0,0.028,2.08,6124000000.0,7906000000.0,0.149,7906000000.0,6124000000.0,5776000000.0,3.88,3.84,3.88,7035000000.0,7812750000.0,7035000000.0,78896517610.0,13.0,9.979,5095000000.0,5.28,1.0,47773000000.0,0.9,2686000000.0,348000000.0,33595000000.0,32724250000.0,0.0,2027000000.0,1241000000.0,786000000.0,27593000000.0,6514000000.0,21079000000.0,70627517610.0,-336000000.0,-73000000.0,-2375000000.0,-95000000.0,-1997000000.0,-4862000000.0,-2537000000.0,-413000000.0,7073000000.0,-10000000.0,3804000000.0,3804000000.0,3804000000.0,0.0,0.0,0.072,41693000000.0,6080000000.0,2300000000.0,0.536,10.039,18.567,18.863,17621000000.0,0.0,73.19,1.33,1.33,6246000000.0,10128000000.0,53105000000.0,53105000000.0,0.0,0.109,0.487,0.187,0.115,524000000.0,28518000000.0,1.0,964988627.0,964988627.0,,55.032,32015000000.0,729000000.0,1972000000.0,1900000000.0,33.177,5770000000.0
39,UPS,MRT,2011-09-30,2011-09-30,2011-09-30,2021-08-06,-6040000000.0,35238000000.0,34645250000.0,12628000000.0,22610000000.0,1.511,7.951,-1896000000.0,4133000000.0,4133000000.0,5083000000.0,4048000000.0,1.681,3.51,12402000000.0,1310000000.0,11092000000.0,12402000000.0,0.0,1775000000.0,0.0,0.032,2.03,6510000000.0,8285000000.0,0.158,8285000000.0,6510000000.0,6164000000.0,4.11,4.06,4.11,7798000000.0,8048750000.0,7798000000.0,69406828634.0,11.0,8.377,3378000000.0,3.444,1.0,47277000000.0,0.903,2688000000.0,346000000.0,33308000000.0,32448250000.0,0.0,1789000000.0,1486000000.0,303000000.0,27369000000.0,7511000000.0,19858000000.0,61936828634.0,1113000000.0,63000000.0,-2104000000.0,2521000000.0,-1955000000.0,-1891000000.0,-2277000000.0,-410000000.0,5274000000.0,7000000.0,4048000000.0,4048000000.0,4048000000.0,0.0,0.0,0.077,40813000000.0,6464000000.0,1974000000.0,0.494,7.943,15.301,15.365,17581000000.0,0.0,63.15,1.183,1.183,5649000000.0,13828000000.0,52360000000.0,52360000000.0,0.0,0.117,0.503,0.201,0.124,572000000.0,27891000000.0,1.0,980789052.0,980789052.0,,53.386,32550000000.0,634000000.0,2116000000.0,2394000000.0,33.188,5117000000.0
40,UPS,MRT,2011-06-30,2011-06-30,2011-06-30,2021-08-06,-5977000000.0,35152000000.0,34062500000.0,12950000000.0,22202000000.0,1.509,8.369,-1390000000.0,4691000000.0,4691000000.0,4750000000.0,3967000000.0,1.7,3.25,12161000000.0,1374000000.0,10787000000.0,12161000000.0,0.0,1776000000.0,0.0,0.027,1.98,6459000000.0,8235000000.0,0.16,8235000000.0,6459000000.0,6106000000.0,4.01,3.96,4.01,8254000000.0,8214250000.0,8254000000.0,79325598835.0,12.0,9.633,2747000000.0,2.785,1.0,46636000000.0,0.908,2694000000.0,353000000.0,32310000000.0,31629750000.0,0.0,1442000000.0,1138000000.0,304000000.0,26823000000.0,7618000000.0,19205000000.0,71924598835.0,1439000000.0,63000000.0,-1151000000.0,1747000000.0,-1914000000.0,-1671000000.0,-1115000000.0,58000000.0,4137000000.0,88000000.0,3967000000.0,3967000000.0,3967000000.0,0.0,0.0,0.077,40222000000.0,6414000000.0,2078000000.0,0.494,8.714,18.131,18.187,17489000000.0,0.0,72.93,1.4,1.4,5850000000.0,14218000000.0,51386000000.0,51386000000.0,0.0,0.116,0.483,0.204,0.126,553000000.0,27648000000.0,1.0,986214162.0,986214162.0,,52.104,32458000000.0,818000000.0,2139000000.0,2175000000.0,32.912,5332000000.0
41,UPS,MRT,2011-03-31,2011-03-31,2011-03-31,2021-08-06,-6052000000.0,34594000000.0,33591750000.0,12618000000.0,21976000000.0,1.5,8.271,-1213000000.0,4657000000.0,4657000000.0,4374000000.0,3720000000.0,1.659,3.229,12058000000.0,1554000000.0,10504000000.0,12058000000.0,0.0,1782000000.0,0.0,0.026,1.93,6089000000.0,7871000000.0,0.156,7871000000.0,6089000000.0,5735000000.0,3.75,3.71,3.75,8164000000.0,8117000000.0,8164000000.0,80838637556.0,13.0,10.27,2354000000.0,2.385,1.0,46025000000.0,0.913,2706000000.0,354000000.0,31684000000.0,31028000000.0,0.0,1286000000.0,983000000.0,303000000.0,26360000000.0,7605000000.0,18755000000.0,73362637556.0,2113000000.0,63000000.0,-767000000.0,1968000000.0,-1865000000.0,-842000000.0,-686000000.0,105000000.0,3567000000.0,74000000.0,3720000000.0,3720000000.0,3720000000.0,0.0,0.0,0.074,39954000000.0,6071000000.0,2017000000.0,0.515,8.986,19.721,19.819,17407000000.0,0.0,74.32,1.456,1.456,5737000000.0,14206000000.0,50399000000.0,50399000000.0,0.0,0.111,0.458,0.196,0.121,539000000.0,27518000000.0,1.0,987118374.0,987118374.0,,51.057,31888000000.0,818000000.0,2015000000.0,2331000000.0,32.304,5013000000.0
42,UPS,MRT,2010-12-31,2010-12-31,2010-12-31,2021-08-06,-2635000000.0,33597000000.0,33069250000.0,11569000000.0,22028000000.0,1.498,8.068,-1085000000.0,3370000000.0,3370000000.0,4103000000.0,3338000000.0,1.96,3.202,10846000000.0,355000000.0,10491000000.0,10846000000.0,0.0,1792000000.0,0.0,0.026,1.88,5644000000.0,7436000000.0,0.15,7436000000.0,5644000000.0,5290000000.0,3.36,3.33,3.36,7979000000.0,7962750000.0,7979000000.0,78398866010.0,14.0,10.543,2750000000.0,2.781,1.0,45442000000.0,0.917,2680000000.0,354000000.0,32491000000.0,30569500000.0,0.0,1169000000.0,711000000.0,458000000.0,25550000000.0,5902000000.0,19648000000.0,71776866010.0,1828000000.0,63000000.0,-599000000.0,1246000000.0,-1818000000.0,-1346000000.0,-654000000.0,30000000.0,3835000000.0,-7000000.0,3338000000.0,3338000000.0,3338000000.0,0.0,0.0,0.067,39801000000.0,5641000000.0,1974000000.0,0.56,8.996,21.503,21.601,17387000000.0,0.0,72.58,1.449,1.449,5627000000.0,10604000000.0,49545000000.0,49545000000.0,0.0,0.101,0.419,0.185,0.114,519000000.0,27496000000.0,1.0,988934500.0,988934500.0,,50.099,30917000000.0,659000000.0,1952000000.0,1870000000.0,31.263,5667000000.0
43,UPS,MRT,2010-09-30,2010-09-30,2010-09-30,2021-08-06,-5153000000.0,32907000000.0,32640750000.0,10756000000.0,22151000000.0,1.486,8.539,-1114000000.0,3020000000.0,3020000000.0,3912000000.0,2942000000.0,1.582,2.882,9642000000.0,994000000.0,8648000000.0,9642000000.0,0.0,1798000000.0,0.0,0.028,1.86,5032000000.0,6830000000.0,0.141,6830000000.0,5032000000.0,4683000000.0,2.96,2.93,2.96,8460000000.0,7875500000.0,8460000000.0,73068485696.0,15.0,10.698,3861000000.0,3.897,1.0,44589000000.0,0.919,2694000000.0,349000000.0,30034000000.0,30181250000.0,0.0,991000000.0,991000000.0,0.0,24381000000.0,6801000000.0,17580000000.0,66069485696.0,778000000.0,-9000000.0,-569000000.0,-816000000.0,-1801000000.0,-3323000000.0,-862000000.0,-32000000.0,4975000000.0,-12000000.0,2942000000.0,2942000000.0,2942000000.0,0.0,0.0,0.061,39563000000.0,5026000000.0,1840000000.0,0.628,7.81,22.457,22.53,17471000000.0,0.0,66.69,1.362,1.362,5563000000.0,13603000000.0,48501000000.0,48501000000.0,0.0,0.09,0.374,0.167,0.104,467000000.0,27342000000.0,1.0,990695542.0,990695542.0,,48.957,30213000000.0,782000000.0,1741000000.0,1626000000.0,30.497,3955000000.0
44,UPS,MRT,2010-06-30,2010-06-30,2010-06-30,2021-08-06,-5217000000.0,33269000000.0,32466750000.0,11024000000.0,22245000000.0,1.462,7.941,-1512000000.0,3252000000.0,3252000000.0,3806000000.0,2500000000.0,1.434,3.222,10251000000.0,1637000000.0,8614000000.0,10251000000.0,0.0,1791000000.0,0.0,0.032,1.84,4336000000.0,6127000000.0,0.129,6127000000.0,4336000000.0,3985000000.0,2.51,2.49,2.51,7865000000.0,7505750000.0,7865000000.0,63758175259.0,15.0,10.406,3630000000.0,3.665,1.0,43656000000.0,0.92,2678000000.0,351000000.0,29903000000.0,30392750000.0,0.0,1021000000.0,1021000000.0,0.0,25339000000.0,7687000000.0,17652000000.0,56348175259.0,434000000.0,-9000000.0,-570000000.0,-764000000.0,-1786000000.0,-3256000000.0,-1441000000.0,-139000000.0,5142000000.0,-11000000.0,2500000000.0,2500000000.0,2500000000.0,0.0,0.0,0.053,39317000000.0,4339000000.0,1708000000.0,0.733,7.164,22.539,22.665,17615000000.0,0.0,56.89,1.187,1.187,5422000000.0,13067000000.0,47462000000.0,47462000000.0,0.0,0.077,0.333,0.143,0.091,449000000.0,27291000000.0,1.0,990475923.0,990475923.0,,47.918,30591000000.0,836000000.0,1485000000.0,1720000000.0,30.885,3337000000.0
45,UPS,MRT,2010-03-31,2010-03-31,2010-03-31,2021-08-06,-5155000000.0,32504000000.0,32284500000.0,10060000000.0,22444000000.0,1.428,7.601,-1429000000.0,2544000000.0,2544000000.0,3620000000.0,2100000000.0,1.366,3.298,9954000000.0,1406000000.0,8548000000.0,9954000000.0,0.0,1768000000.0,0.0,0.028,1.82,3825000000.0,5593000000.0,0.121,5593000000.0,3825000000.0,3377000000.0,2.11,2.09,2.11,7547000000.0,7237750000.0,7547000000.0,71928620508.0,19.0,12.86,3209000000.0,3.232,1.0,42467000000.0,0.921,2698000000.0,448000000.0,29850000000.0,30657000000.0,0.0,848000000.0,848000000.0,0.0,24891000000.0,7366000000.0,17525000000.0,63949620508.0,-1194000000.0,-9000000.0,-560000000.0,-2284000000.0,-1769000000.0,-4759000000.0,-1102000000.0,115000000.0,4638000000.0,29000000.0,2100000000.0,2100000000.0,2100000000.0,0.0,0.0,0.046,38635000000.0,3832000000.0,1788000000.0,0.863,8.474,30.452,30.526,17758000000.0,0.0,64.41,1.388,1.388,5414000000.0,12692000000.0,46087000000.0,46087000000.0,0.0,0.065,0.29,0.125,0.083,425000000.0,27115000000.0,1.0,992852360.0,992852360.0,,46.419,29806000000.0,808000000.0,1277000000.0,1842000000.0,30.021,2694000000.0
46,UPS,MRT,2009-12-31,2009-12-31,2009-12-31,2021-08-06,-5127000000.0,31883000000.0,32601750000.0,9275000000.0,22608000000.0,1.389,7.685,-1542000000.0,1542000000.0,1542000000.0,3440000000.0,1968000000.0,1.487,3.17,9521000000.0,853000000.0,8668000000.0,9521000000.0,0.0,1747000000.0,0.0,0.031,1.8,3518000000.0,5265000000.0,0.116,5265000000.0,3518000000.0,3073000000.0,1.97,1.96,1.97,7630000000.0,7046000000.0,7630000000.0,65020181085.0,18.0,12.35,3743000000.0,3.77,1.0,41857000000.0,0.924,2685000000.0,445000000.0,30938000000.0,30907250000.0,0.0,1378000000.0,845000000.0,533000000.0,24187000000.0,6239000000.0,17948000000.0,56957181085.0,1035000000.0,-9000000.0,-412000000.0,-522000000.0,-1751000000.0,-3045000000.0,-1248000000.0,-11000000.0,5285000000.0,43000000.0,1968000000.0,1968000000.0,1968000000.0,0.0,0.0,0.043,38349000000.0,3508000000.0,1766000000.0,0.914,7.465,28.942,29.122,17979000000.0,0.0,57.37,1.257,1.257,5706000000.0,12745000000.0,45297000000.0,45297000000.0,0.0,0.06,0.279,0.114,0.078,430000000.0,26918000000.0,1.0,992804272.0,992804272.0,,45.625,29198000000.0,851000000.0,1105000000.0,1293000000.0,29.41,3036000000.0
47,UPS,MRT,2009-09-30,2009-09-30,2009-09-30,2021-08-06,-5531000000.0,32211000000.0,32600750000.0,9566000000.0,22645000000.0,1.399,7.02,-1630000000.0,2242000000.0,2242000000.0,3596000000.0,1649000000.0,1.412,3.605,10305000000.0,1397000000.0,8908000000.0,10305000000.0,0.0,1751000000.0,0.0,0.032,1.8,3359000000.0,5110000000.0,0.112,5110000000.0,3359000000.0,2903000000.0,1.67,1.66,1.67,6981000000.0,6833500000.0,6981000000.0,64221999439.0,19.0,12.568,4081000000.0,4.104,1.0,42021000000.0,0.921,2620000000.0,456000000.0,30880000000.0,30905000000.0,0.0,851000000.0,851000000.0,0.0,25165000000.0,6774000000.0,18391000000.0,56156999439.0,1003000000.0,0.0,-543000000.0,-700000000.0,-1751000000.0,-3326000000.0,-1365000000.0,-4000000.0,5711000000.0,-17000000.0,1649000000.0,1649000000.0,1649000000.0,0.0,0.0,0.036,38676000000.0,3345000000.0,1486000000.0,1.078,8.044,34.055,33.814,18092000000.0,0.0,56.47,1.231,1.231,5213000000.0,12453000000.0,45617000000.0,45617000000.0,0.0,0.051,0.241,0.109,0.074,454000000.0,26613000000.0,1.0,994457224.0,994457224.0,,45.871,29591000000.0,698000000.0,1254000000.0,927000000.0,29.756,2792000000.0
48,UPS,MRT,2009-06-30,2009-06-30,2009-06-30,2021-08-06,-5628000000.0,32540000000.0,34089250000.0,10182000000.0,22358000000.0,1.396,6.827,-1827000000.0,2818000000.0,2818000000.0,4194000000.0,2070000000.0,1.423,3.79,10883000000.0,2017000000.0,8866000000.0,10883000000.0,0.0,1766000000.0,0.0,0.036,1.8,4043000000.0,5809000000.0,0.122,5809000000.0,4043000000.0,3576000000.0,2.08,2.07,2.08,6793000000.0,7863750000.0,6793000000.0,58087015707.0,14.0,9.999,4726000000.0,4.75,1.0,43383000000.0,0.912,2488000000.0,467000000.0,30960000000.0,32125500000.0,0.0,854000000.0,854000000.0,0.0,25747000000.0,7157000000.0,18590000000.0,49742015707.0,1640000000.0,0.0,-1384000000.0,152000000.0,-1758000000.0,-3151000000.0,-1655000000.0,-1000000.0,6553000000.0,-107000000.0,2070000000.0,2070000000.0,2070000000.0,0.0,0.0,0.044,39335000000.0,4048000000.0,1517000000.0,0.865,7.323,24.03,24.034,17974000000.0,0.0,49.99,1.046,1.046,4948000000.0,12352000000.0,47577000000.0,47577000000.0,0.0,0.061,0.263,0.126,0.085,484000000.0,26703000000.0,1.0,995039322.0,995039322.0,,47.814,30052000000.0,630000000.0,1506000000.0,824000000.0,30.202,3025000000.0
49,UPS,MRT,2009-03-31,2009-03-31,2009-03-31,2021-08-06,-5639000000.0,33773000000.0,35468250000.0,11368000000.0,22405000000.0,1.403,6.811,-2261000000.0,3738000000.0,3738000000.0,4852000000.0,2498000000.0,1.293,3.981,12083000000.0,3346000000.0,8737000000.0,12083000000.0,0.0,1792000000.0,0.0,0.037,1.8,4638000000.0,6430000000.0,0.129,6430000000.0,4638000000.0,4248000000.0,2.49,2.48,2.49,6780000000.0,8920500000.0,6780000000.0,58359492125.0,13.0,9.076,5056000000.0,5.079,1.0,44897000000.0,0.902,2473000000.0,390000000.0,30851000000.0,33021750000.0,0.0,1016000000.0,1016000000.0,0.0,26993000000.0,8794000000.0,18199000000.0,48995492125.0,2729000000.0,0.0,-2361000000.0,2562000000.0,-1771000000.0,-1903000000.0,-2547000000.0,-106000000.0,7317000000.0,-138000000.0,2498000000.0,2498000000.0,2498000000.0,0.0,0.0,0.05,40290000000.0,4607000000.0,1677000000.0,0.723,7.226,19.614,19.767,18000000000.0,0.0,49.22,0.985,0.985,5109000000.0,12363000000.0,49749000000.0,49749000000.0,0.0,0.07,0.28,0.14,0.093,504000000.0,26914000000.0,1.0,995438686.0,995438686.0,,49.977,31300000000.0,503000000.0,1750000000.0,583000000.0,31.443,2574000000.0
50,UPS,MRT,2008-12-31,2008-12-31,2008-12-31,2021-08-06,-5642000000.0,31879000000.0,36392500000.0,8845000000.0,23034000000.0,1.415,6.813,-2489000000.0,507000000.0,507000000.0,5328000000.0,3003000000.0,1.132,3.702,9871000000.0,2074000000.0,7797000000.0,9871000000.0,0.0,1814000000.0,0.0,0.033,1.8,5457000000.0,7271000000.0,0.141,7271000000.0,5457000000.0,5015000000.0,2.96,2.94,2.96,6780000000.0,10123750000.0,6780000000.0,64614385184.0,12.0,8.887,5937000000.0,5.966,1.0,46158000000.0,0.897,2497000000.0,442000000.0,30929000000.0,33825750000.0,0.0,1022000000.0,1022000000.0,0.0,25099000000.0,7817000000.0,17282000000.0,54894385184.0,-1520000000.0,0.0,-3401000000.0,-921000000.0,-2219000000.0,-6702000000.0,-3179000000.0,-278000000.0,8426000000.0,-65000000.0,3003000000.0,3003000000.0,3003000000.0,0.0,0.0,0.058,40776000000.0,5382000000.0,1855000000.0,0.608,8.097,18.28,18.635,18265000000.0,0.0,55.16,1.066,1.066,6023000000.0,12412000000.0,51486000000.0,51486000000.0,0.0,0.083,0.297,0.161,0.106,516000000.0,27090000000.0,1.0,995184648.0,995184648.0,,51.735,29382000000.0,661000000.0,2012000000.0,625000000.0,29.524,1028000000.0
51,UPS,MRT,2008-09-30,2008-09-30,2008-09-30,2021-08-06,-1619000000.0,38165000000.0,38183250000.0,10072000000.0,28093000000.0,1.367,11.012,-2788000000.0,1239000000.0,1239000000.0,5406000000.0,108000000.0,1.123,2.438,10959000000.0,2895000000.0,8064000000.0,10959000000.0,0.0,1803000000.0,0.0,0.028,1.77,427000000.0,2230000000.0,0.043,2230000000.0,427000000.0,2000000.0,0.2,0.2,0.2,11102000000.0,11474500000.0,11102000000.0,73079386226.0,171.0,32.771,15000000.0,0.015,1.0,46775000000.0,0.896,3151000000.0,425000000.0,35762000000.0,34840500000.0,0.0,1112000000.0,1112000000.0,0.0,27063000000.0,8972000000.0,18091000000.0,63403386226.0,-6000000.0,0.0,-3679000000.0,6016000000.0,-1786000000.0,393000000.0,-3199000000.0,-108000000.0,2803000000.0,-3000000.0,108000000.0,108000000.0,108000000.0,0.0,0.0,0.002,46449000000.0,326000000.0,2010000000.0,8.85,5.711,587.068,314.45,18361000000.0,0.0,62.89,1.215,1.215,6384000000.0,12711000000.0,52181000000.0,52181000000.0,0.0,0.003,0.009,0.012,0.008,486000000.0,33299000000.0,1.0,1008163241.0,1008163241.0,,51.758,35014000000.0,748000000.0,-106000000.0,2768000000.0,34.73,1100000000.0
52,UPS,MRT,2008-06-30,2008-06-30,2008-06-30,2021-08-06,-1831000000.0,38056000000.0,37266000000.0,9924000000.0,28132000000.0,1.376,10.795,-2879000000.0,1178000000.0,1178000000.0,4929000000.0,214000000.0,0.996,2.453,10854000000.0,3621000000.0,7233000000.0,10854000000.0,0.0,1782000000.0,0.0,0.028,1.74,530000000.0,2312000000.0,0.045,2312000000.0,530000000.0,156000000.0,0.26,0.26,0.26,11020000000.0,12591250000.0,11020000000.0,71545071184.0,135.0,30.945,-324000000.0,-0.317,1.0,46344000000.0,0.904,3220000000.0,374000000.0,34545000000.0,32608250000.0,0.0,1035000000.0,1035000000.0,0.0,27036000000.0,9967000000.0,17069000000.0,62752071184.0,322000000.0,0.0,-3214000000.0,5841000000.0,-1774000000.0,526000000.0,-2815000000.0,422000000.0,2555000000.0,56000000.0,214000000.0,214000000.0,214000000.0,0.0,0.0,0.004,45942000000.0,402000000.0,2284000000.0,6.692,5.694,293.234,236.423,18213000000.0,0.0,61.47,1.224,1.224,6411000000.0,12841000000.0,51273000000.0,51273000000.0,0.0,0.006,0.017,0.016,0.01,485000000.0,33114000000.0,1.0,1020856860.0,1020856860.0,,50.225,34836000000.0,776000000.0,-58000000.0,2512000000.0,34.124,-43000000.0
53,UPS,MRT,2008-03-31,2008-03-31,2008-03-31,2021-08-06,-1934000000.0,37470000000.0,36130250000.0,9602000000.0,27868000000.0,1.397,11.208,-2691000000.0,1009000000.0,1009000000.0,4457000000.0,445000000.0,1.07,2.232,9802000000.0,2508000000.0,7294000000.0,9802000000.0,0.0,1761000000.0,0.0,0.023,1.71,855000000.0,2616000000.0,0.052,2616000000.0,855000000.0,524000000.0,0.44,0.45,0.44,11593000000.0,13647250000.0,11593000000.0,84520209699.0,99.0,32.309,-756000000.0,-0.731,1.0,46004000000.0,0.912,3219000000.0,331000000.0,34067000000.0,30674500000.0,0.0,988000000.0,988000000.0,0.0,25877000000.0,8977000000.0,16900000000.0,75529209699.0,138000000.0,0.0,-2959000000.0,5275000000.0,-1759000000.0,429000000.0,-2282000000.0,679000000.0,1935000000.0,56000000.0,445000000.0,445000000.0,445000000.0,0.0,0.0,0.009,45291000000.0,713000000.0,1946000000.0,3.886,6.515,169.729,165.955,17921000000.0,0.0,73.02,1.497,1.497,6406000000.0,13517000000.0,50461000000.0,50461000000.0,0.0,0.012,0.033,0.028,0.017,469000000.0,32890000000.0,1.0,1034363321.0,1034363321.0,,48.785,34251000000.0,768000000.0,79000000.0,2831000000.0,33.113,625000000.0
54,UPS,MRT,2007-12-31,2007-12-31,2007-12-31,2021-08-06,-2013000000.0,39042000000.0,35106500000.0,11760000000.0,27282000000.0,1.415,11.594,-2735000000.0,2027000000.0,2027000000.0,4131000000.0,382000000.0,1.195,2.205,11018000000.0,3512000000.0,7506000000.0,11018000000.0,0.0,1745000000.0,0.0,0.024,1.68,677000000.0,2422000000.0,0.049,2422000000.0,677000000.0,431000000.0,0.36,0.36,0.36,12183000000.0,14576000000.0,12183000000.0,77731544896.0,115.0,32.094,-1612000000.0,-1.534,1.0,45561000000.0,0.917,3205000000.0,246000000.0,34988000000.0,28746750000.0,0.0,1045000000.0,1045000000.0,0.0,26859000000.0,9840000000.0,17019000000.0,74315544896.0,1233000000.0,0.0,-2465000000.0,6509000000.0,-1703000000.0,2297000000.0,-2199000000.0,621000000.0,1123000000.0,12000000.0,382000000.0,382000000.0,382000000.0,0.0,0.0,0.008,44983000000.0,578000000.0,1819000000.0,4.667,6.1,194.543,196.444,17663000000.0,0.0,70.72,1.496,1.496,6515000000.0,14186000000.0,49692000000.0,49692000000.0,0.0,0.011,0.026,0.024,0.014,447000000.0,32703000000.0,1.0,1050841981.0,1050841981.0,,47.288,35837000000.0,1862000000.0,49000000.0,2620000000.0,34.103,1920000000.0
55,UPS,MRT,2007-09-30,2007-09-30,2007-09-30,2021-08-06,-2174000000.0,34496000000.0,33648500000.0,9542000000.0,24954000000.0,1.454,14.831,-2709000000.0,1245000000.0,1245000000.0,3922000000.0,4151000000.0,1.216,1.216,4661000000.0,1374000000.0,3287000000.0,4661000000.0,0.0,1734000000.0,0.0,0.022,1.64,6711000000.0,8445000000.0,0.173,8445000000.0,6711000000.0,6493000000.0,3.89,3.88,3.89,15569000000.0,15400750000.0,15569000000.0,82571122508.0,12.0,9.778,4072000000.0,3.879,1.0,45006000000.0,0.92,3230000000.0,218000000.0,26833000000.0,26647750000.0,0.0,1226000000.0,1226000000.0,0.0,18927000000.0,7849000000.0,11078000000.0,78839122508.0,106000000.0,0.0,-2317000000.0,-159000000.0,-1706000000.0,-4207000000.0,-2487000000.0,362000000.0,6781000000.0,19000000.0,4151000000.0,4151000000.0,4151000000.0,0.0,0.0,0.085,38366000000.0,6640000000.0,1620000000.0,0.422,5.064,18.993,19.306,17327000000.0,0.0,75.1,1.611,1.611,6148000000.0,17733000000.0,48928000000.0,48928000000.0,0.0,0.123,0.27,0.252,0.137,469000000.0,26368000000.0,1.0,1049788582.0,1049788582.0,,46.607,31266000000.0,601000000.0,2342000000.0,3180000000.0,29.783,1693000000.0
56,UPS,MRT,2007-06-30,2007-06-30,2007-06-30,2021-08-06,-2198000000.0,33513000000.0,34067500000.0,9462000000.0,24051000000.0,1.42,14.394,-2757000000.0,856000000.0,856000000.0,3905000000.0,4113000000.0,1.312,1.198,4588000000.0,1487000000.0,3101000000.0,4588000000.0,0.0,1740000000.0,0.0,0.022,1.6,6590000000.0,8330000000.0,0.172,8330000000.0,6590000000.0,6371000000.0,3.83,3.82,3.83,15244000000.0,15802750000.0,15244000000.0,80554246748.0,12.0,9.67,2464000000.0,2.327,1.0,44480000000.0,0.919,3225000000.0,219000000.0,26810000000.0,27134750000.0,0.0,1688000000.0,1688000000.0,0.0,18269000000.0,7210000000.0,11059000000.0,77310246748.0,-89000000.0,0.0,-2411000000.0,891000000.0,-1675000000.0,-3219000000.0,-2098000000.0,659000000.0,5221000000.0,7000000.0,4113000000.0,4113000000.0,4113000000.0,0.0,0.0,0.085,37972000000.0,6508000000.0,1664000000.0,0.418,5.072,18.797,19.06,16987000000.0,0.0,73.0,1.598,1.598,5975000000.0,17431000000.0,48385000000.0,48385000000.0,0.0,0.121,0.26,0.243,0.136,426000000.0,26011000000.0,1.0,1059044476.0,1059044476.0,,45.687,30288000000.0,533000000.0,2258000000.0,2676000000.0,28.599,2252000000.0
57,UPS,MRT,2007-03-31,2007-03-31,2007-03-31,2021-08-06,-2179000000.0,33375000000.0,34407750000.0,9522000000.0,23853000000.0,1.393,14.354,-3072000000.0,871000000.0,871000000.0,3865000000.0,4070000000.0,1.357,1.18,4115000000.0,976000000.0,3139000000.0,4115000000.0,0.0,1745000000.0,0.0,0.022,1.56,6515000000.0,8260000000.0,0.172,8260000000.0,6515000000.0,6303000000.0,3.77,3.75,3.77,15308000000.0,16245500000.0,15308000000.0,78080605347.0,12.0,9.453,2482000000.0,2.327,1.0,44067000000.0,0.919,3246000000.0,212000000.0,26356000000.0,27347750000.0,0.0,1936000000.0,1936000000.0,0.0,18067000000.0,7017000000.0,11050000000.0,74758605347.0,-253000000.0,0.0,-2100000000.0,240000000.0,-1644000000.0,-3528000000.0,-2307000000.0,488000000.0,5554000000.0,28000000.0,4070000000.0,4070000000.0,4070000000.0,0.0,0.0,0.085,37629000000.0,6438000000.0,1797000000.0,0.414,4.884,18.368,18.594,16738000000.0,0.0,70.1,1.56,1.56,5884000000.0,17476000000.0,47932000000.0,47932000000.0,0.0,0.118,0.251,0.238,0.136,396000000.0,25681000000.0,1.0,1066456567.0,1066456567.0,,44.945,30129000000.0,489000000.0,2233000000.0,3074000000.0,28.252,2505000000.0
58,UPS,MRT,2006-12-31,2006-12-31,2006-12-31,2021-08-06,-2205000000.0,33210000000.0,34761750000.0,9377000000.0,23833000000.0,1.368,14.421,-3010000000.0,794000000.0,794000000.0,3810000000.0,4202000000.0,1.396,1.145,4116000000.0,983000000.0,3133000000.0,4116000000.0,0.0,1748000000.0,0.0,0.02,1.52,6721000000.0,8469000000.0,0.178,8469000000.0,6721000000.0,6510000000.0,3.87,3.86,3.87,15482000000.0,16597500000.0,15482000000.0,84118294554.0,13.0,9.932,2579000000.0,2.402,1.0,43737000000.0,0.92,3221000000.0,211000000.0,26592000000.0,27544500000.0,0.0,1615000000.0,1615000000.0,0.0,17728000000.0,6719000000.0,11009000000.0,80494294554.0,-575000000.0,0.0,-2296000000.0,46000000.0,-1577000000.0,-3851000000.0,-2340000000.0,482000000.0,5589000000.0,27000000.0,4202000000.0,4202000000.0,4202000000.0,0.0,0.0,0.088,37102000000.0,6635000000.0,1841000000.0,0.393,5.199,19.156,19.375,16779000000.0,0.0,74.98,1.693,1.693,6168000000.0,17676000000.0,47547000000.0,47547000000.0,0.0,0.121,0.253,0.244,0.141,369000000.0,25359000000.0,1.0,1073543539.0,1073543539.0,,44.29,29989000000.0,479000000.0,2308000000.0,2529000000.0,27.935,2658000000.0
59,UPS,MRT,2006-09-30,2006-09-30,2006-09-30,2021-08-06,-112000000.0,36172000000.0,35196000000.0,10141000000.0,26031000000.0,1.332,15.89,-2820000000.0,1139000000.0,1139000000.0,6011000000.0,4123000000.0,1.297,1.106,4763000000.0,1650000000.0,3113000000.0,4763000000.0,0.0,1747000000.0,0.0,0.02,1.47,6616000000.0,8363000000.0,0.178,8363000000.0,6616000000.0,6408000000.0,3.78,3.77,3.78,17177000000.0,16948000000.0,17177000000.0,80445452401.0,12.0,9.619,2498000000.0,2.311,1.0,40862000000.0,0.872,3196000000.0,208000000.0,28781000000.0,27848250000.0,0.0,1570000000.0,1570000000.0,0.0,18995000000.0,7819000000.0,11176000000.0,77768452401.0,-569000000.0,-25000000.0,-2400000000.0,-310000000.0,-1568000000.0,-4281000000.0,-1623000000.0,1094000000.0,5318000000.0,17000000.0,4123000000.0,4123000000.0,4123000000.0,0.0,0.0,0.088,34325000000.0,6537000000.0,2371000000.0,0.389,4.527,18.862,19.032,16353000000.0,0.0,71.94,1.659,1.659,5892000000.0,17278000000.0,46873000000.0,46873000000.0,0.0,0.117,0.243,0.238,0.141,340000000.0,25613000000.0,1.0,1081018243.0,1081018243.0,,43.36,32976000000.0,635000000.0,2285000000.0,6312000000.0,30.505,2322000000.0
60,UPS,MRT,2006-06-30,2006-06-30,2006-06-30,2021-08-06,-118000000.0,34874000000.0,34922750000.0,10525000000.0,24349000000.0,1.31,15.687,-2552000000.0,945000000.0,945000000.0,5007000000.0,4038000000.0,1.592,1.05,3622000000.0,545000000.0,3077000000.0,3622000000.0,0.0,1718000000.0,0.0,0.017,1.42,6541000000.0,8259000000.0,0.18,8259000000.0,6541000000.0,6350000000.0,3.68,3.67,3.68,17015000000.0,16808000000.0,17015000000.0,91914956534.0,14.0,11.129,3129000000.0,2.885,1.0,40754000000.0,0.891,3276000000.0,191000000.0,27662000000.0,27504250000.0,0.0,2381000000.0,2381000000.0,0.0,17859000000.0,6613000000.0,11246000000.0,89299956534.0,-315000000.0,-1396000000.0,-2327000000.0,-511000000.0,-1526000000.0,-4374000000.0,-1651000000.0,2295000000.0,5681000000.0,29000000.0,4038000000.0,4038000000.0,4038000000.0,0.0,0.0,0.088,34295000000.0,6459000000.0,2360000000.0,0.386,5.248,22.115,22.372,15903000000.0,0.0,82.33,1.951,1.951,5711000000.0,17122000000.0,45761000000.0,45761000000.0,0.0,0.116,0.24,0.238,0.143,310000000.0,25086000000.0,1.0,1084658770.0,1084658770.0,,42.189,31598000000.0,534000000.0,2312000000.0,6395000000.0,29.132,3912000000.0
61,UPS,MRT,2006-03-31,2006-03-31,2006-03-31,2021-08-06,-156000000.0,34791000000.0,34495750000.0,10843000000.0,23948000000.0,1.282,15.306,-2251000000.0,1124000000.0,1124000000.0,4049000000.0,3963000000.0,1.548,1.081,3739000000.0,693000000.0,3046000000.0,3739000000.0,0.0,1685000000.0,0.0,0.017,1.37,6410000000.0,8095000000.0,0.183,8095000000.0,6410000000.0,6227000000.0,3.58,3.58,3.58,16716000000.0,16666500000.0,16716000000.0,89303697465.0,14.0,11.032,3744000000.0,3.428,1.0,40167000000.0,0.908,3257000000.0,183000000.0,27143000000.0,27544000000.0,0.0,2447000000.0,2447000000.0,0.0,18075000000.0,7006000000.0,11069000000.0,86692697465.0,445000000.0,-1448000000.0,-2403000000.0,-308000000.0,-1483000000.0,-4203000000.0,-1338000000.0,2520000000.0,5995000000.0,-9000000.0,3963000000.0,3963000000.0,3963000000.0,0.0,0.0,0.09,33854000000.0,6313000000.0,2227000000.0,0.383,5.186,21.876,22.173,15450000000.0,0.0,79.38,1.961,1.961,5738000000.0,16861000000.0,44216000000.0,44216000000.0,0.0,0.115,0.238,0.233,0.145,262000000.0,24263000000.0,1.0,1092122669.0,1092122669.0,,40.486,31534000000.0,500000000.0,2264000000.0,6773000000.0,28.874,3837000000.0
62,UPS,MRT,2005-12-31,2005-12-31,2005-12-31,2021-08-06,-164000000.0,34947000000.0,34080250000.0,10728000000.0,24219000000.0,1.249,15.3,-2160000000.0,1369000000.0,1369000000.0,3182000000.0,3870000000.0,1.646,1.07,3980000000.0,821000000.0,3159000000.0,3980000000.0,0.0,1644000000.0,0.0,0.018,1.32,6247000000.0,7891000000.0,0.185,7891000000.0,6247000000.0,6075000000.0,3.48,3.47,3.48,16884000000.0,16576000000.0,16884000000.0,86255738988.0,14.0,10.931,3633000000.0,3.292,1.0,39399000000.0,0.925,3233000000.0,172000000.0,27807000000.0,27786750000.0,0.0,2083000000.0,2083000000.0,0.0,18063000000.0,6518000000.0,11545000000.0,82931738988.0,630000000.0,-1488000000.0,-2315000000.0,-461000000.0,-1391000000.0,-4175000000.0,-975000000.0,2752000000.0,5793000000.0,-13000000.0,3870000000.0,3870000000.0,3870000000.0,0.0,0.0,0.091,33256000000.0,6143000000.0,1806000000.0,0.379,4.912,21.429,21.595,15289000000.0,0.0,75.15,1.948,1.948,6214000000.0,17037000000.0,42581000000.0,42581000000.0,0.0,0.114,0.233,0.225,0.147,234000000.0,23389000000.0,1.0,1103549421.0,1103549421.0,,38.585,31714000000.0,475000000.0,2205000000.0,3605000000.0,28.738,4210000000.0
63,UPS,MRT,2005-09-30,2005-09-30,2005-09-30,2021-08-06,-128000000.0,35079000000.0,33615500000.0,11433000000.0,23646000000.0,1.204,15.007,-2206000000.0,1708000000.0,1708000000.0,2421000000.0,3687000000.0,1.453,1.111,5032000000.0,1850000000.0,3182000000.0,5032000000.0,0.0,1602000000.0,0.0,0.018,1.27,5757000000.0,7359000000.0,0.182,7359000000.0,5757000000.0,5600000000.0,3.28,3.28,3.28,16617000000.0,16449500000.0,16617000000.0,79407998348.0,14.0,10.791,3282000000.0,2.964,1.0,38046000000.0,0.94,3129000000.0,157000000.0,27405000000.0,27921000000.0,0.0,2698000000.0,2698000000.0,0.0,18462000000.0,7869000000.0,10593000000.0,76544998348.0,1048000000.0,-1623000000.0,-1993000000.0,1049000000.0,-1391000000.0,-2340000000.0,-2179000000.0,1654000000.0,5488000000.0,79000000.0,3687000000.0,3687000000.0,3687000000.0,0.0,0.0,0.091,32410000000.0,5636000000.0,2374000000.0,0.387,4.606,20.761,21.076,14889000000.0,0.0,69.13,1.892,1.892,5446000000.0,16734000000.0,40467000000.0,40467000000.0,0.0,0.11,0.224,0.206,0.142,280000000.0,22578000000.0,1.0,1107261657.0,1107261657.0,,36.547,31950000000.0,571000000.0,1913000000.0,5805000000.0,28.855,3564000000.0
64,UPS,MRT,2005-06-30,2005-06-30,2005-06-30,2021-08-06,-166000000.0,33166000000.0,32588000000.0,12474000000.0,20692000000.0,1.193,14.767,-2174000000.0,1260000000.0,1260000000.0,2421000000.0,3624000000.0,1.998,1.016,4123000000.0,865000000.0,3258000000.0,4123000000.0,0.0,1573000000.0,0.0,0.018,1.22,5515000000.0,7088000000.0,0.182,7088000000.0,5515000000.0,5357000000.0,3.21,3.2,3.21,16449000000.0,16167000000.0,16449000000.0,80410725389.0,15.0,11.345,3811000000.0,3.421,1.0,36448000000.0,0.938,1965000000.0,158000000.0,27821000000.0,27280500000.0,0.0,4716000000.0,4716000000.0,0.0,16717000000.0,6243000000.0,10474000000.0,77038725389.0,229000000.0,-243000000.0,-1796000000.0,-54000000.0,-1338000000.0,-3189000000.0,-2609000000.0,-370000000.0,5985000000.0,42000000.0,3624000000.0,3624000000.0,3624000000.0,0.0,0.0,0.093,31052000000.0,5396000000.0,2131000000.0,0.38,4.683,21.258,21.545,14154000000.0,0.0,69.16,1.982,1.982,4887000000.0,16604000000.0,38869000000.0,38869000000.0,0.0,0.111,0.224,0.202,0.142,378000000.0,22114000000.0,1.0,1113920263.0,1113920263.0,,34.894,31201000000.0,529000000.0,1733000000.0,5737000000.0,28.01,6231000000.0
65,UPS,MRT,2005-03-31,2005-03-31,2005-03-31,2021-08-06,-177000000.0,33129000000.0,31760750000.0,12599000000.0,20530000000.0,1.182,14.612,-2078000000.0,679000000.0,679000000.0,2421000000.0,3456000000.0,1.955,1.026,4051000000.0,840000000.0,3211000000.0,4051000000.0,0.0,1555000000.0,0.0,0.016,1.17,5252000000.0,6807000000.0,0.181,6807000000.0,5252000000.0,5105000000.0,3.06,3.04,3.06,16354000000.0,15849500000.0,16354000000.0,85121292004.0,16.0,12.505,3474000000.0,3.104,1.0,35128000000.0,0.936,1942000000.0,147000000.0,28114000000.0,26181500000.0,0.0,5043000000.0,5043000000.0,0.0,16775000000.0,6445000000.0,10330000000.0,81412292004.0,-309000000.0,-213000000.0,-1512000000.0,-35000000.0,-1289000000.0,-2868000000.0,-3024000000.0,-968000000.0,5552000000.0,31000000.0,3456000000.0,3456000000.0,3456000000.0,0.0,0.0,0.092,29971000000.0,5157000000.0,2192000000.0,0.382,4.978,23.557,23.771,14058000000.0,0.0,72.74,2.168,2.168,5042000000.0,16520000000.0,37549000000.0,37549000000.0,0.0,0.109,0.218,0.201,0.14,496000000.0,21804000000.0,1.0,1119223151.0,1119223151.0,,33.549,31187000000.0,897000000.0,1649000000.0,5966000000.0,27.865,6154000000.0
66,UPS,MRT,2004-12-31,2004-12-31,2004-12-31,2021-08-06,-242000000.0,33088000000.0,30868250000.0,12605000000.0,20483000000.0,1.185,14.613,-2052000000.0,739000000.0,739000000.0,2421000000.0,3333000000.0,1.931,1.02,4448000000.0,1187000000.0,3261000000.0,4448000000.0,0.0,1543000000.0,0.0,0.013,1.12,5071000000.0,6614000000.0,0.181,6614000000.0,5071000000.0,4922000000.0,2.95,2.93,2.95,16378000000.0,15497500000.0,16378000000.0,96720977386.0,19.0,14.624,3279000000.0,2.926,1.0,34161000000.0,0.934,1924000000.0,149000000.0,28344000000.0,25061750000.0,0.0,4982000000.0,4982000000.0,0.0,16710000000.0,6529000000.0,10181000000.0,95782977386.0,-325000000.0,-238000000.0,-1117000000.0,343000000.0,-1208000000.0,-2014000000.0,-3638000000.0,-1598000000.0,5331000000.0,-4000000.0,3333000000.0,3333000000.0,3333000000.0,0.0,0.0,0.091,29172000000.0,4989000000.0,2312000000.0,0.38,5.848,28.738,28.969,13973000000.0,0.0,85.46,2.618,2.618,5156000000.0,16192000000.0,36582000000.0,36582000000.0,0.0,0.108,0.215,0.202,0.139,610000000.0,21575000000.0,1.0,1120793089.0,1120793089.0,,32.639,31164000000.0,763000000.0,1589000000.0,5529000000.0,27.805,6076000000.0
67,UPS,MRT,2004-09-30,2004-09-30,2004-09-30,2021-08-06,-237000000.0,30969000000.0,30029750000.0,11071000000.0,19898000000.0,1.188,13.774,-1853000000.0,2823000000.0,2823000000.0,0.0,3323000000.0,1.924,1.0,3761000000.0,616000000.0,3145000000.0,3761000000.0,0.0,1541000000.0,0.0,0.014,1.09,5166000000.0,6707000000.0,0.188,6707000000.0,5166000000.0,5027000000.0,2.95,2.92,2.95,15487000000.0,15116000000.0,15487000000.0,86037790742.0,17.0,12.828,2957000000.0,2.63,1.0,35674000000.0,1.0,1309000000.0,139000000.0,24843000000.0,24222250000.0,0.0,2322000000.0,2322000000.0,0.0,15482000000.0,5755000000.0,9727000000.0,85362790742.0,-1361000000.0,-78000000.0,-961000000.0,-439000000.0,-1422000000.0,-2851000000.0,-3360000000.0,-1787000000.0,4810000000.0,40000000.0,3323000000.0,3323000000.0,3323000000.0,0.0,0.0,0.093,30616000000.0,5058000000.0,1905000000.0,0.369,5.512,25.688,25.736,14220000000.0,0.0,75.92,2.393,2.393,4192000000.0,15713000000.0,35674000000.0,35674000000.0,0.0,0.111,0.22,0.213,0.145,562000000.0,20345000000.0,1.0,1124378171.0,1124378171.0,,31.728,29660000000.0,1048000000.0,1704000000.0,5159000000.0,26.379,5316000000.0
68,UPS,MRT,2004-06-30,2004-06-30,2004-06-30,2021-08-06,-238000000.0,29857000000.0,29380750000.0,10612000000.0,19245000000.0,1.192,13.467,-1758000000.0,3312000000.0,3312000000.0,0.0,3172000000.0,1.832,0.967,3987000000.0,805000000.0,3182000000.0,3987000000.0,0.0,1542000000.0,0.0,0.014,1.06,5052000000.0,6594000000.0,0.188,6594000000.0,5052000000.0,4920000000.0,2.82,2.79,2.82,15179000000.0,14677000000.0,15179000000.0,85861841582.0,17.0,13.021,3661000000.0,3.248,1.0,35034000000.0,1.0,1314000000.0,132000000.0,23425000000.0,23829500000.0,0.0,2408000000.0,2408000000.0,0.0,14678000000.0,5793000000.0,8885000000.0,84728841582.0,-67000000.0,-77000000.0,-769000000.0,-205000000.0,-1387000000.0,-2390000000.0,-3197000000.0,-1615000000.0,5419000000.0,101000000.0,3172000000.0,3172000000.0,3172000000.0,0.0,0.0,0.091,30087000000.0,4947000000.0,2022000000.0,0.376,5.582,26.711,26.656,14072000000.0,0.0,75.17,2.418,2.418,3964000000.0,15301000000.0,35034000000.0,35034000000.0,0.0,0.108,0.216,0.212,0.144,549000000.0,20036000000.0,1.0,1127162985.0,1127162985.0,,31.082,28543000000.0,297000000.0,1748000000.0,4267000000.0,25.323,4819000000.0
69,UPS,MRT,2004-03-31,2004-03-31,2004-03-31,2021-08-06,-224000000.0,29559000000.0,28725250000.0,10418000000.0,19141000000.0,1.197,13.238,-1741000000.0,2823000000.0,2823000000.0,0.0,3046000000.0,1.815,0.978,3956000000.0,683000000.0,3273000000.0,3956000000.0,0.0,1548000000.0,0.0,0.014,0.99,4818000000.0,6366000000.0,0.185,6366000000.0,4818000000.0,4683000000.0,2.7,2.68,2.7,14946000000.0,14210750000.0,14946000000.0,79725661027.0,17.0,12.524,3465000000.0,3.069,1.0,34389000000.0,1.0,1317000000.0,135000000.0,23635000000.0,23902500000.0,0.0,2621000000.0,2621000000.0,0.0,14613000000.0,5740000000.0,8873000000.0,78853661027.0,-60000000.0,-57000000.0,-455000000.0,-351000000.0,-1314000000.0,-2146000000.0,-3290000000.0,-1616000000.0,5206000000.0,170000000.0,3046000000.0,3046000000.0,3046000000.0,0.0,0.0,0.089,29672000000.0,4717000000.0,2108000000.0,0.367,5.276,25.888,25.867,14008000000.0,0.0,69.84,2.293,2.293,3954000000.0,14799000000.0,34389000000.0,34389000000.0,0.0,0.106,0.214,0.202,0.14,527000000.0,19711000000.0,1.0,1129061584.0,1129061584.0,,30.458,28242000000.0,320000000.0,1637000000.0,4202000000.0,25.014,4678000000.0
70,UPS,MRT,2003-12-31,2003-12-31,2003-12-31,2021-08-06,-177000000.0,29734000000.0,28023000000.0,9959000000.0,19775000000.0,1.195,13.211,-1829000000.0,1064000000.0,1064000000.0,0.0,2898000000.0,1.771,1.002,3823000000.0,674000000.0,3149000000.0,3823000000.0,0.0,1549000000.0,0.0,0.012,0.92,4491000000.0,6040000000.0,0.18,6040000000.0,4491000000.0,4370000000.0,2.57,2.55,2.57,14852000000.0,13677500000.0,14852000000.0,84774336599.0,19.0,14.035,2747000000.0,2.443,1.0,33485000000.0,1.0,1883000000.0,121000000.0,24986000000.0,23773750000.0,0.0,3728000000.0,3728000000.0,0.0,14882000000.0,5624000000.0,9258000000.0,83812336599.0,-60000000.0,8000000.0,-244000000.0,-884000000.0,-956000000.0,-2110000000.0,-2742000000.0,-965000000.0,4576000000.0,216000000.0,2898000000.0,2898000000.0,2898000000.0,0.0,0.0,0.087,29040000000.0,4445000000.0,2003000000.0,0.358,5.643,28.921,29.008,13298000000.0,0.0,74.55,2.503,2.503,4004000000.0,14356000000.0,33485000000.0,33485000000.0,0.0,0.103,0.212,0.189,0.134,497000000.0,19251000000.0,1.0,1124243281.0,1124243281.0,,29.784,27851000000.0,316000000.0,1472000000.0,4774000000.0,24.773,4335000000.0
71,UPS,MRT,2003-09-30,2003-09-30,2003-09-30,2021-08-06,-305000000.0,28373000000.0,27178750000.0,9978000000.0,18395000000.0,1.207,12.201,-1759000000.0,3108000000.0,3108000000.0,0.0,3544000000.0,1.646,1.066,4070000000.0,645000000.0,3425000000.0,4070000000.0,0.0,1540000000.0,0.0,0.013,0.86,5380000000.0,6920000000.0,0.211,6920000000.0,5380000000.0,5234000000.0,3.15,3.13,3.15,13731000000.0,13078250000.0,13731000000.0,73682037606.0,14.0,10.648,3578000000.0,3.179,1.0,32810000000.0,1.0,0.0,146000000.0,23272000000.0,23030500000.0,0.0,1883000000.0,1883000000.0,0.0,14642000000.0,6063000000.0,8579000000.0,71798037606.0,569000000.0,-6000000.0,-248000000.0,-872000000.0,-945000000.0,-2091000000.0,-2697000000.0,-902000000.0,5337000000.0,20000000.0,3544000000.0,3544000000.0,3544000000.0,0.0,0.0,0.108,28467000000.0,4343000000.0,2118000000.0,0.273,5.229,20.259,20.254,13931000000.0,0.0,63.8,2.188,2.188,3741000000.0,13783000000.0,32810000000.0,32810000000.0,0.0,0.13,0.271,0.234,0.164,478000000.0,18832000000.0,1.0,1125361091.0,1125361091.0,,29.155,28373000000.0,383000000.0,1690000000.0,4200000000.0,25.212,3915000000.0
72,UPS,MRT,2003-06-30,2003-06-30,2003-06-30,2021-08-06,-353000000.0,27235000000.0,26573000000.0,9317000000.0,17918000000.0,1.214,11.832,-1602000000.0,2185000000.0,2185000000.0,0.0,3383000000.0,1.725,1.046,4069000000.0,549000000.0,3520000000.0,4069000000.0,0.0,1529000000.0,0.0,0.013,0.8,5180000000.0,6709000000.0,0.208,6709000000.0,5180000000.0,5035000000.0,3.01,2.99,3.01,13314000000.0,12384750000.0,13314000000.0,73610578060.0,14.0,10.972,3261000000.0,2.898,1.0,32252000000.0,1.0,0.0,145000000.0,23717000000.0,23008750000.0,0.0,2053000000.0,2053000000.0,0.0,13921000000.0,5402000000.0,8519000000.0,71680578060.0,-306000000.0,-16000000.0,-161000000.0,-921000000.0,-887000000.0,-1995000000.0,-3129000000.0,-1258000000.0,4863000000.0,-45000000.0,3383000000.0,3383000000.0,3383000000.0,0.0,0.0,0.105,28106000000.0,4146000000.0,1943000000.0,0.266,5.384,21.188,21.163,13869000000.0,0.0,63.7,2.223,2.223,3675000000.0,13326000000.0,32252000000.0,32252000000.0,0.0,0.127,0.273,0.225,0.161,448000000.0,18522000000.0,1.0,1125283800.0,1125283800.0,,28.661,27235000000.0,356000000.0,1652000000.0,3662000000.0,24.203,3915000000.0
73,UPS,MRT,2003-03-31,2003-03-31,2003-03-31,2021-08-06,-356000000.0,26750000000.0,26124750000.0,8954000000.0,17796000000.0,1.214,11.401,-1574000000.0,2135000000.0,2135000000.0,0.0,3302000000.0,1.61,1.088,4065000000.0,598000000.0,3467000000.0,4065000000.0,0.0,1500000000.0,0.0,0.014,0.78,5130000000.0,6630000000.0,0.209,6630000000.0,5130000000.0,4975000000.0,2.95,2.92,2.95,12813000000.0,11725750000.0,12813000000.0,66450543309.0,13.0,10.023,3871000000.0,3.444,1.0,31708000000.0,1.0,0.0,155000000.0,23120000000.0,23086500000.0,0.0,1810000000.0,1810000000.0,0.0,13937000000.0,5560000000.0,8377000000.0,64059543309.0,-94000000.0,-14000000.0,-285000000.0,-1019000000.0,-859000000.0,-2244000000.0,-3262000000.0,-1137000000.0,5445000000.0,-33000000.0,3302000000.0,3302000000.0,3302000000.0,0.0,0.0,0.104,27614000000.0,4094000000.0,1944000000.0,0.264,5.0,19.4,19.322,13808000000.0,0.0,57.0,2.02,2.02,3659000000.0,12869000000.0,31708000000.0,31708000000.0,0.0,0.126,0.282,0.222,0.162,429000000.0,18194000000.0,1.0,1123851637.0,1123851637.0,,28.214,26750000000.0,406000000.0,1673000000.0,3987000000.0,23.802,3394000000.0
74,UPS,MRT,2002-12-31,2002-12-31,2002-12-31,2021-08-06,-438000000.0,26357000000.0,25619500000.0,8738000000.0,17619000000.0,1.221,11.155,-1569000000.0,2211000000.0,2211000000.0,0.0,3182000000.0,1.573,1.116,4602000000.0,1107000000.0,3495000000.0,4602000000.0,0.0,1464000000.0,0.0,0.012,0.76,5110000000.0,6574000000.0,0.21,6574000000.0,5110000000.0,4937000000.0,2.84,2.81,2.84,12455000000.0,11094500000.0,12455000000.0,73832173600.0,14.0,11.231,4119000000.0,3.689,1.0,31272000000.0,1.0,1180000000.0,173000000.0,22013000000.0,23270000000.0,0.0,1671000000.0,1671000000.0,0.0,13902000000.0,5555000000.0,8347000000.0,70434173600.0,266000000.0,-14000000.0,-488000000.0,-680000000.0,-840000000.0,-2090000000.0,-3281000000.0,-1179000000.0,5688000000.0,-51000000.0,3182000000.0,3182000000.0,3182000000.0,0.0,0.0,0.102,27176000000.0,4096000000.0,1908000000.0,0.268,5.655,22.135,22.211,13612000000.0,0.0,63.08,2.252,2.252,3756000000.0,12495000000.0,31272000000.0,31272000000.0,0.0,0.124,0.287,0.22,0.163,445000000.0,17940000000.0,1.0,1116584870.0,1116584870.0,,28.007,25177000000.0,268000000.0,1755000000.0,3601000000.0,22.548,3183000000.0
75,UPS,MRT,2002-09-30,2002-09-30,2002-09-30,2021-08-06,-333000000.0,25950000000.0,25189250000.0,8316000000.0,17634000000.0,1.231,9.815,-1609000000.0,1452000000.0,1452000000.0,0.0,2325000000.0,1.349,1.368,4850000000.0,1292000000.0,3558000000.0,4850000000.0,0.0,1465000000.0,0.0,0.012,0.76,3964000000.0,5429000000.0,0.175,5429000000.0,3964000000.0,3795000000.0,2.08,2.05,2.08,10957000000.0,10542750000.0,10957000000.0,73256893630.0,18.0,13.494,3363000000.0,3.012,1.0,31012000000.0,1.0,0.0,169000000.0,23185000000.0,23806250000.0,0.0,2210000000.0,2210000000.0,0.0,14993000000.0,6163000000.0,8830000000.0,69808893630.0,149000000.0,-33000000.0,-768000000.0,-175000000.0,-841000000.0,-1866000000.0,-2910000000.0,-52000000.0,4972000000.0,-47000000.0,2325000000.0,2325000000.0,2325000000.0,0.0,0.0,0.075,27053000000.0,3959000000.0,1997000000.0,0.365,6.371,30.025,30.062,13612000000.0,0.0,62.53,2.251,2.251,3745000000.0,11276000000.0,31012000000.0,31012000000.0,0.0,0.092,0.221,0.167,0.128,470000000.0,17966000000.0,1.0,1116406423.0,1116406423.0,,27.778,25950000000.0,0.0,1470000000.0,4038000000.0,23.244,2153000000.0
76,UPS,MRT,2002-06-30,2002-06-30,2002-06-30,2021-08-06,-261000000.0,25442000000.0,24856500000.0,7938000000.0,17504000000.0,1.233,9.559,-1990000000.0,1404000000.0,1404000000.0,0.0,2315000000.0,1.633,1.383,4852000000.0,123000000.0,4729000000.0,4852000000.0,0.0,1453000000.0,0.0,0.012,0.76,3971000000.0,5424000000.0,0.177,5424000000.0,3971000000.0,3787000000.0,2.06,2.04,2.06,10678000000.0,10229750000.0,10678000000.0,72826847298.0,18.0,13.427,2689000000.0,2.407,1.0,30656000000.0,1.0,0.0,184000000.0,24028000000.0,23556750000.0,0.0,1882000000.0,1882000000.0,0.0,14764000000.0,4862000000.0,9902000000.0,68975847298.0,-658000000.0,-127000000.0,-1384000000.0,-41000000.0,-842000000.0,-2349000000.0,-3041000000.0,65000000.0,4679000000.0,53000000.0,2315000000.0,2315000000.0,2315000000.0,0.0,0.0,0.076,26704000000.0,3952000000.0,1982000000.0,0.369,6.46,29.795,29.976,13699000000.0,0.0,61.75,2.25,2.25,3722000000.0,10911000000.0,30656000000.0,30656000000.0,0.0,0.093,0.226,0.169,0.13,470000000.0,17752000000.0,1.0,1117017770.0,1117017770.0,,27.445,25442000000.0,0.0,1472000000.0,4098000000.0,22.777,3076000000.0
77,UPS,MRT,2002-03-31,2002-03-31,2002-03-31,2021-08-06,-335000000.0,24729000000.0,24444000000.0,7438000000.0,17291000000.0,1.246,9.223,-2284000000.0,1142000000.0,1142000000.0,0.0,2334000000.0,1.574,1.404,4993000000.0,276000000.0,4717000000.0,4993000000.0,0.0,1429000000.0,0.0,0.013,0.76,4011000000.0,5440000000.0,0.179,5440000000.0,4011000000.0,3828000000.0,2.07,2.05,2.07,10288000000.0,10042250000.0,10288000000.0,72128136963.0,18.0,13.259,2298000000.0,2.06,1.0,30465000000.0,1.0,0.0,183000000.0,23854000000.0,22828500000.0,0.0,1525000000.0,1525000000.0,0.0,14441000000.0,4726000000.0,9715000000.0,67820136963.0,-176000000.0,-394000000.0,-1532000000.0,593000000.0,-845000000.0,-1853000000.0,-2934000000.0,462000000.0,4582000000.0,29000000.0,2334000000.0,2334000000.0,2334000000.0,0.0,0.0,0.077,26500000000.0,3965000000.0,1756000000.0,0.367,6.592,29.057,29.372,13654000000.0,0.0,60.8,2.226,2.226,3896000000.0,10512000000.0,30465000000.0,30465000000.0,0.0,0.095,0.232,0.176,0.132,492000000.0,17595000000.0,1.0,1115462779.0,1115462779.0,,27.312,24729000000.0,0.0,1494000000.0,4126000000.0,22.169,2712000000.0
78,UPS,MRT,2001-12-31,2001-12-31,2001-12-31,2021-08-06,-339000000.0,24636000000.0,23762500000.0,7597000000.0,17039000000.0,1.276,9.196,-2236000000.0,858000000.0,858000000.0,0.0,2399000000.0,1.587,1.404,5166000000.0,518000000.0,4648000000.0,5166000000.0,0.0,1396000000.0,0.0,0.014,0.76,4095000000.0,5491000000.0,0.181,5491000000.0,4095000000.0,3911000000.0,2.13,2.1,2.13,10248000000.0,9818750000.0,10248000000.0,64348603350.0,16.0,11.719,2334000000.0,2.094,1.0,30321000000.0,1.0,0.0,184000000.0,24158000000.0,21973000000.0,0.0,1466000000.0,1466000000.0,0.0,14388000000.0,4786000000.0,9602000000.0,60736603350.0,-21000000.0,-466000000.0,-1800000000.0,1223000000.0,-847000000.0,-1493000000.0,-3053000000.0,325000000.0,4570000000.0,-45000000.0,2399000000.0,2399000000.0,2399000000.0,0.0,0.0,0.079,26359000000.0,3962000000.0,1899000000.0,0.357,5.927,25.317,25.587,13438000000.0,0.0,54.5,2.003,2.003,4078000000.0,10162000000.0,30321000000.0,30321000000.0,0.0,0.101,0.244,0.186,0.135,495000000.0,17397000000.0,1.0,1114433089.0,1114433089.0,,27.208,24636000000.0,0.0,1512000000.0,3824000000.0,22.106,2811000000.0
79,UPS,MRT,2001-09-30,2001-09-30,2001-09-30,2021-08-06,-288000000.0,24619000000.0,23019000000.0,7684000000.0,16935000000.0,1.301,8.622,-2715000000.0,1303000000.0,1303000000.0,0.0,2478000000.0,1.271,1.537,4915000000.0,682000000.0,4233000000.0,4915000000.0,0.0,1326000000.0,0.0,0.014,0.74,4225000000.0,5551000000.0,0.185,5551000000.0,4225000000.0,4042000000.0,2.18,2.16,2.18,9705000000.0,9690500000.0,9705000000.0,60980345573.0,14.0,10.985,1184000000.0,1.052,1.0,29951000000.0,1.0,0.0,183000000.0,22187000000.0,20905000000.0,0.0,1191000000.0,1191000000.0,0.0,14914000000.0,6044000000.0,8870000000.0,58512345573.0,-367000000.0,-547000000.0,-2072000000.0,1319000000.0,-836000000.0,-1667000000.0,-2602000000.0,726000000.0,3899000000.0,3000000.0,2478000000.0,2478000000.0,2478000000.0,0.0,0.0,0.083,25880000000.0,4071000000.0,1970000000.0,0.339,6.029,23.613,23.844,13401000000.0,0.0,51.98,1.954,1.954,4549000000.0,9982000000.0,29951000000.0,29951000000.0,0.0,0.108,0.256,0.202,0.141,510000000.0,17183000000.0,1.0,1125670365.0,1125670365.0,,26.607,24619000000.0,0.0,1564000000.0,4202000000.0,21.871,1640000000.0
80,UPS,MRT,2001-06-30,2001-06-30,2001-06-30,2021-08-06,-303000000.0,23792000000.0,22217250000.0,7759000000.0,16033000000.0,1.347,8.831,-2648000000.0,2062000000.0,2062000000.0,0.0,2612000000.0,1.508,1.396,4530000000.0,392000000.0,4138000000.0,4530000000.0,0.0,1259000000.0,0.0,0.012,0.72,4460000000.0,5719000000.0,0.191,5719000000.0,4460000000.0,4281000000.0,2.3,2.26,2.3,9928000000.0,9580750000.0,9928000000.0,67712853463.0,15.0,11.84,768000000.0,0.683,1.0,29920000000.0,1.0,0.0,179000000.0,21115000000.0,19706500000.0,0.0,1081000000.0,1081000000.0,0.0,13864000000.0,5145000000.0,8719000000.0,64978853463.0,-319000000.0,-428000000.0,-1908000000.0,1300000000.0,-816000000.0,-1498000000.0,-2170000000.0,1114000000.0,3416000000.0,-67000000.0,2612000000.0,2612000000.0,2612000000.0,0.0,0.0,0.087,25651000000.0,4269000000.0,1829000000.0,0.313,6.545,24.877,25.13,13062000000.0,0.0,57.8,2.172,2.172,3932000000.0,10120000000.0,29920000000.0,29920000000.0,0.0,0.118,0.273,0.226,0.149,533000000.0,16949000000.0,1.0,1124201617.0,1124201617.0,,26.614,23792000000.0,0.0,1669000000.0,3962000000.0,21.163,2614000000.0
81,UPS,MRT,2001-03-31,2001-03-31,2001-03-31,2021-08-06,-322000000.0,22003000000.0,21540500000.0,7272000000.0,14731000000.0,1.406,8.303,-2278000000.0,1318000000.0,1318000000.0,0.0,2355000000.0,1.689,1.342,4052000000.0,249000000.0,3803000000.0,4052000000.0,0.0,1208000000.0,0.0,0.012,0.7,4025000000.0,5233000000.0,0.173,5233000000.0,4025000000.0,3854000000.0,2.11,2.07,2.11,9394000000.0,9414000000.0,9394000000.0,65978782939.0,16.0,12.608,861000000.0,0.761,1.0,30285000000.0,1.0,0.0,171000000.0,20432000000.0,18517250000.0,0.0,1307000000.0,1307000000.0,0.0,12609000000.0,4305000000.0,8304000000.0,64378782939.0,-1153000000.0,-248000000.0,-1881000000.0,809000000.0,-795000000.0,-1994000000.0,-2185000000.0,335000000.0,3139000000.0,-113000000.0,2355000000.0,2355000000.0,2355000000.0,0.0,0.0,0.078,26139000000.0,4146000000.0,1559000000.0,0.332,6.853,27.337,26.967,12464000000.0,0.0,56.9,2.126,2.126,3716000000.0,9705000000.0,30285000000.0,30285000000.0,0.0,0.109,0.25,0.217,0.133,538000000.0,17125000000.0,1.0,1131437310.0,1131437310.0,,26.767,22003000000.0,0.0,1499000000.0,3748000000.0,19.447,2967000000.0
82,UPS,MRT,2000-12-31,2000-12-31,2000-12-31,2021-08-06,-227000000.0,21662000000.0,21269250000.0,7124000000.0,14538000000.0,1.387,8.604,-1896000000.0,879000000.0,879000000.0,0.0,2934000000.0,1.583,1.225,3604000000.0,623000000.0,2981000000.0,3604000000.0,0.0,1173000000.0,0.0,0.012,0.68,5039000000.0,6212000000.0,0.211,6212000000.0,5039000000.0,4834000000.0,2.54,2.5,2.54,9735000000.0,9311500000.0,9735000000.0,68071941962.0,14.0,10.958,908000000.0,0.803,1.0,29498000000.0,1.0,0.0,205000000.0,19886000000.0,17455000000.0,0.0,1135000000.0,1135000000.0,0.0,11927000000.0,4501000000.0,7426000000.0,66471941962.0,-3325000000.0,-245000000.0,-5377000000.0,1129000000.0,-786000000.0,-5161000000.0,-937000000.0,1218000000.0,2804000000.0,-31000000.0,2934000000.0,2934000000.0,2934000000.0,0.0,0.0,0.099,24986000000.0,4512000000.0,1674000000.0,0.268,6.828,22.656,23.13,12329000000.0,0.0,58.75,2.253,2.253,4078000000.0,9684000000.0,29498000000.0,29498000000.0,0.0,0.138,0.315,0.289,0.171,539000000.0,16546000000.0,1.0,1131437310.0,1131437310.0,,26.071,21662000000.0,0.0,1900000000.0,3396000000.0,19.146,2623000000.0
83,UPS,MRT,2000-09-30,2000-09-30,2000-09-30,2021-08-06,-242000000.0,21412000000.0,21610750000.0,9107000000.0,12305000000.0,1.383,8.114,-1370000000.0,1670000000.0,1670000000.0,0.0,2549000000.0,1.621,1.311,3270000000.0,1218000000.0,2052000000.0,3270000000.0,0.0,1153000000.0,0.0,0.014,0.81,4422000000.0,5575000000.0,0.187,5575000000.0,4422000000.0,4232000000.0,2.26,2.2,2.26,9266000000.0,9996250000.0,9266000000.0,65203281829.0,15.0,11.696,2362000000.0,2.068,1.0,29889000000.0,1.0,0.0,190000000.0,17393000000.0,16746000000.0,0.0,1922000000.0,1922000000.0,0.0,12146000000.0,5619000000.0,6527000000.0,64387281829.0,-285000000.0,-194000000.0,418000000.0,-747000000.0,-955000000.0,-1393000000.0,-2574000000.0,-1004000000.0,3732000000.0,-50000000.0,2549000000.0,2549000000.0,2549000000.0,0.0,0.0,0.085,25716000000.0,4173000000.0,1433000000.0,0.358,6.949,25.26,24.947,11721000000.0,0.0,56.38,2.154,2.154,3383000000.0,9152000000.0,29889000000.0,29889000000.0,0.0,0.118,0.255,0.264,0.148,554000000.0,16651000000.0,1.0,1142023445.0,1142023445.0,,26.172,21412000000.0,0.0,1683000000.0,3968000000.0,18.749,3488000000.0
84,UPS,MRT,2000-06-30,2000-06-30,2000-06-30,2021-08-06,-205000000.0,21085000000.0,20937000000.0,9256000000.0,11829000000.0,1.396,8.074,,2381000000.0,2381000000.0,0.0,2424000000.0,1.67,1.277,3197000000.0,1449000000.0,1748000000.0,3197000000.0,0.0,,0.0,0.011,0.64,4237000000.0,,,,4237000000.0,4023000000.0,2.17,2.12,2.17,9261000000.0,9387500000.0,9261000000.0,68283122240.0,16.0,,,,1.0,29237000000.0,1.0,0.0,214000000.0,16358000000.0,16056750000.0,0.0,2277000000.0,2277000000.0,0.0,11824000000.0,5543000000.0,6281000000.0,67558122240.0,,,,,,,,,,,2424000000.0,2424000000.0,2424000000.0,0.0,0.0,0.083,25215000000.0,4022000000.0,1267000000.0,0.295,7.295,27.871,27.143,11450000000.0,0.0,58.9,2.311,2.311,3216000000.0,8644000000.0,29237000000.0,29237000000.0,0.0,0.116,0.258,0.264,0.145,,16428000000.0,1.0,1146996982.0,1146996982.0,,25.49,21085000000.0,0.0,1599000000.0,3994000000.0,18.383,3713000000.0
85,UPS,MRT,2000-03-31,2000-03-31,2000-03-31,2021-08-06,-182000000.0,20918000000.0,,9080000000.0,11838000000.0,,7.42,,2471000000.0,2471000000.0,0.0,1197000000.0,1.663,1.328,3196000000.0,1244000000.0,1952000000.0,3196000000.0,0.0,,0.0,0.007,0.47,2841000000.0,,,,2841000000.0,2610000000.0,1.03,1.0,1.03,8984000000.0,,8984000000.0,74485360067.0,26.0,,,,1.0,27941000000.0,1.0,0.0,231000000.0,16183000000.0,,0.0,1707000000.0,1707000000.0,0.0,11934000000.0,5460000000.0,6474000000.0,76265360067.0,,,,,,,,,,,1197000000.0,1197000000.0,1197000000.0,0.0,0.0,0.043,23835000000.0,4106000000.0,1568000000.0,0.456,8.489,63.714,61.155,11462000000.0,0.0,62.99,2.73,2.73,3306000000.0,8143000000.0,27941000000.0,27941000000.0,0.0,,,,0.102,,15708000000.0,1.0,1210753454.0,1210753454.0,,23.077,20918000000.0,0.0,1413000000.0,4077000000.0,17.277,3620000000.0
86,UPS,MRT,1999-12-31,1999-12-31,1999-12-31,2021-08-06,-170000000.0,23028000000.0,20047500000.0,10192000000.0,12836000000.0,1.349,10.367,-1263000000.0,4204000000.0,4204000000.0,0.0,883000000.0,2.428,0.846,2424000000.0,512000000.0,1912000000.0,2424000000.0,0.0,1139000000.0,0.0,0.004,0.3,2316000000.0,3455000000.0,0.128,3455000000.0,2316000000.0,2088000000.0,0.79,0.77,0.79,12474000000.0,9823500000.0,12474000000.0,85040037463.0,37.0,24.614,996000000.0,0.828,1.0,27052000000.0,1.0,0.0,228000000.0,17050000000.0,15880500000.0,0.0,2074000000.0,2074000000.0,0.0,10554000000.0,4198000000.0,6356000000.0,83023037463.0,2964000000.0,-63000000.0,4719000000.0,-177000000.0,-672000000.0,3869000000.0,-3125000000.0,-1691000000.0,2259000000.0,-39000000.0,883000000.0,883000000.0,883000000.0,0.0,0.0,0.033,23147000000.0,3905000000.0,1295000000.0,0.38,6.656,94.024,87.342,11579000000.0,0.0,69.0,3.069,3.069,3167000000.0,7536000000.0,27052000000.0,27052000000.0,0.0,0.044,0.09,0.146,0.086,443000000.0,15285000000.0,1.0,1203232427.0,1203232427.0,,22.483,23028000000.0,0.0,1205000000.0,3911000000.0,19.138,5994000000.0
87,UPS,MRT,1999-09-30,1999-09-30,1999-09-30,2021-08-06,-134000000.0,18717000000.0,,6919000000.0,11798000000.0,,5.677,,1955000000.0,1955000000.0,0.0,704000000.0,1.135,1.74,3972000000.0,2155000000.0,1817000000.0,3972000000.0,0.0,,0.0,,0.0,2011000000.0,,,,2011000000.0,1783000000.0,-0.51,-0.51,-0.51,6831000000.0,,6831000000.0,,,,,,1.0,26270000000.0,1.0,0.0,228000000.0,14636000000.0,,0.0,688000000.0,688000000.0,0.0,11886000000.0,6098000000.0,5788000000.0,,,,,,,,,,,,704000000.0,704000000.0,704000000.0,0.0,0.0,0.027,22631000000.0,3639000000.0,1313000000.0,0.0,,,,11567000000.0,0.0,,,,2845000000.0,7191000000.0,26270000000.0,26270000000.0,0.0,,,,0.077,,14985000000.0,1.0,1203232427.0,1203232427.0,,21.833,18717000000.0,0.0,1079000000.0,3685000000.0,15.556,821000000.0
88,UPS,MRT,1999-06-30,1999-06-30,1999-06-30,2021-08-06,,,,,,,,,,,,,,,,,,,,,,,0.0,,,,,,,,,,,,,,,,,,1.0,,,,,,,,,,,,,,,,,,,,,,,,,,,,,,,,,,,,,,,,,,,,,,,,,,,,,,1.0,,,,,,,,,,
89,UPS,MRT,1999-03-31,1999-03-31,1999-03-31,2021-08-06,,,,,,,,,,,,,,,,,,,,,,,0.0,,,,,,,,,,,,,,,,,,1.0,,,,,,,,,,,,,,,,,,,,,,,,,,,,,,,,,,,,,,,,,,,,,,,,,,,,,,1.0,,,,,,,,,,
90,UPS,MRT,1998-12-31,1998-12-31,1998-12-31,2021-08-06,-63000000.0,17067000000.0,,5425000000.0,11642000000.0,,,-1429000000.0,1240000000.0,1240000000.0,0.0,1741000000.0,1.46,1.379,2601000000.0,410000000.0,2191000000.0,2601000000.0,0.0,1112000000.0,0.0,,0.0,3129000000.0,4241000000.0,0.171,4241000000.0,3129000000.0,2902000000.0,1.59,1.57,1.59,7173000000.0,,7173000000.0,,,,1507000000.0,,1.0,24788000000.0,1.0,0.0,227000000.0,14711000000.0,,0.0,389000000.0,389000000.0,0.0,9894000000.0,3717000000.0,6177000000.0,,780000000.0,0.0,-73000000.0,-23000000.0,-466000000.0,-501000000.0,-1655000000.0,-390000000.0,2936000000.0,0.0,1741000000.0,1741000000.0,1741000000.0,0.0,0.0,0.07,21785000000.0,3003000000.0,1322000000.0,0.0,,,,11384000000.0,0.0,,,,2713000000.0,7325000000.0,24788000000.0,24788000000.0,0.0,,,,0.126,347000000.0,14346000000.0,1.0,,,,,17067000000.0,0.0,1161000000.0,3017000000.0,,1708000000.0
91,UPS,MRT,1997-12-31,1997-12-31,1997-12-31,2021-08-06,,,,,,,,-1873000000.0,,,0.0,909000000.0,,,,,,,,1063000000.0,,,0.0,1740000000.0,2803000000.0,0.125,2803000000.0,1740000000.0,1553000000.0,0.82,0.81,0.82,,,,,,,633000000.0,,1.0,22458000000.0,1.0,,187000000.0,,,,,,,,,,,68000000.0,0.0,-719000000.0,32000000.0,-385000000.0,-584000000.0,-1827000000.0,0.0,2506000000.0,-27000000.0,909000000.0,909000000.0,909000000.0,0.0,0.0,0.04,20760000000.0,1698000000.0,,0.0,,,,,0.0,,,,,,22458000000.0,22458000000.0,0.0,,,,0.077,162000000.0,13289000000.0,1.0,,,,,,,644000000.0,,,
