None,ticker,dimension,calendardate,datekey,reportperiod,lastupdated,accoci,assets,assetsavg,assetsc,assetsnc,assetturnover,bvps,capex,cashneq,cashnequsd,cor,consolinc,currentratio,de,debt,debtc,debtnc,debtusd,deferredrev,depamor,deposits,divyield,dps,ebit,ebitda,ebitdamargin,ebitdausd,ebitusd,ebt,eps,epsdil,epsusd,equity,equityavg,equityusd,ev,evebit,evebitda,fcf,fcfps,fxusd,gp,grossmargin,intangibles,intexp,invcap,invcapavg,inventory,investments,investmentsc,investmentsnc,liabilities,liabilitiesc,liabilitiesnc,marketcap,ncf,ncfbus,ncfcommon,ncfdebt,ncfdiv,ncff,ncfi,ncfinv,ncfo,ncfx,netinc,netinccmn,netinccmnusd,netincdis,netincnci,netmargin,opex,opinc,payables,payoutratio,pb,pe,pe1,ppnenet,prefdivis,price,ps,ps1,receivables,retearn,revenue,revenueusd,rnd,roa,roe,roic,ros,sbcomp,sgna,sharefactor,sharesbas,shareswa,shareswadil,sps,tangibles,taxassets,taxexp,taxliabilities,tbvps,workingcapital
0,JNS,MRY,2016-12-31,2016-12-31,2016-12-31,2020-10-19,-7900000.0,2949900000.0,2874875000.0,963000000.0,1986900000.0,0.352,8.928,-9300000.0,492000000.0,492000000.0,0.0,151300000.0,4.156,0.728,406300000.0,0.0,406300000.0,406300000.0,0.0,35500000.0,0.0,0.032,0.42,257800000.0,293300000.0,0.29,293300000.0,257800000.0,237000000.0,0.79,0.78,0.79,1630400000.0,1607825000.0,1630400000.0,2457605097.0,10.0,8.379,252900000.0,1.385,1.0,1010700000.0,1.0,1940900000.0,20800000.0,691600000.0,726975000.0,0.0,303700000.0,303700000.0,0.0,1187500000.0,231700000.0,955800000.0,2423305097.0,121500000.0,0.0,-64000000.0,-1400000.0,-77200000.0,-153300000.0,13300000.0,22600000.0,262200000.0,-700000.0,146100000.0,146100000.0,146100000.0,0.0,5200000.0,0.145,749100000.0,261600000.0,93200000.0,0.532,1.486,16.587,16.797,34200000.0,0.0,13.27,2.398,2.398,129900000.0,1636500000.0,1010700000.0,1010700000.0,0.0,0.051,0.091,0.355,0.255,56200000.0,634700000.0,1.0,182615305.0,182615305,,5.535,1009000000.0,0.0,90900000.0,502800000.0,5.525,731300000.0
1,JNS,MRY,2015-12-31,2015-12-31,2015-12-31,2020-10-19,-8900000.0,2867700000.0,2792125000.0,869300000.0,1998400000.0,0.385,8.567,-13700000.0,364400000.0,364400000.0,0.0,159300000.0,2.603,0.742,402300000.0,107500000.0,294800000.0,402300000.0,0.0,33000000.0,0.0,0.025,0.35,277500000.0,310500000.0,0.289,310500000.0,277500000.0,249800000.0,0.84,0.8,0.84,1582700000.0,1576650000.0,1582700000.0,2715958248.0,10.0,8.747,260700000.0,1.411,1.0,1076200000.0,1.0,1955300000.0,27700000.0,616400000.0,760775000.0,0.0,327100000.0,327100000.0,0.0,1173800000.0,333900000.0,839900000.0,2603058248.0,-88100000.0,-81400000.0,-80800000.0,-86800000.0,-65200000.0,-207200000.0,-150700000.0,-55600000.0,274400000.0,-4600000.0,155800000.0,155800000.0,155800000.0,0.0,3500000.0,0.145,753900000.0,322300000.0,81100000.0,0.417,1.645,16.708,16.774,38700000.0,0.0,14.09,2.419,2.419,137800000.0,1589800000.0,1076200000.0,1076200000.0,0.0,0.056,0.099,0.365,0.258,52200000.0,644100000.0,1.0,184745085.0,184745085,,5.825,912400000.0,0.0,94000000.0,498900000.0,4.939,535400000.0
2,JNS,MRY,2014-12-31,2014-12-31,2014-12-31,2020-10-19,-1400000.0,2793200000.0,2708625000.0,987200000.0,1806000000.0,0.352,8.284,-11400000.0,452500000.0,452500000.0,0.0,155400000.0,4.3,0.779,450500000.0,0.0,450500000.0,450500000.0,0.0,25600000.0,0.0,0.019,0.31,289800000.0,315400000.0,0.331,315400000.0,289800000.0,256700000.0,0.82,0.81,0.82,1540800000.0,1524050000.0,1540800000.0,3014999624.0,10.0,9.559,207000000.0,1.113,1.0,953200000.0,1.0,1767100000.0,33100000.0,794500000.0,843125000.0,0.0,344000000.0,344000000.0,0.0,1199700000.0,229600000.0,970100000.0,3000099624.0,108000000.0,-28400000.0,-78800000.0,-100100000.0,-58400000.0,-177400000.0,67500000.0,107300000.0,218400000.0,-500000.0,154400000.0,154400000.0,154400000.0,0.0,1000000.0,0.162,663500000.0,289700000.0,8800000.0,0.378,1.947,19.431,19.671,31100000.0,0.0,16.13,3.147,3.147,130900000.0,1540300000.0,953200000.0,953200000.0,0.0,0.057,0.101,0.344,0.304,19800000.0,586600000.0,1.0,185995017.0,185995017,,5.125,1026100000.0,0.0,102300000.0,478400000.0,5.517,757600000.0
3,JNS,MRY,2013-12-31,2013-12-31,2013-12-31,2020-10-19,-1100000.0,2747300000.0,2685425000.0,990800000.0,1756500000.0,0.325,7.915,-7600000.0,344500000.0,344500000.0,0.0,122200000.0,3.284,0.821,544600000.0,96900000.0,447700000.0,544600000.0,0.0,28700000.0,0.0,0.017,0.21,229100000.0,257800000.0,0.295,257800000.0,229100000.0,188000000.0,0.62,0.62,0.62,1496800000.0,1470575000.0,1496800000.0,2524106286.0,11.0,9.791,216500000.0,1.145,1.0,873900000.0,1.0,1718300000.0,41100000.0,927400000.0,973750000.0,0.0,485500000.0,485500000.0,0.0,1229500000.0,301700000.0,927800000.0,2339306286.0,-42500000.0,0.0,-14900000.0,-30900000.0,-39800000.0,-29700000.0,-235300000.0,-227700000.0,224100000.0,-1600000.0,114700000.0,114700000.0,114700000.0,0.0,7500000.0,0.131,634800000.0,239100000.0,4100000.0,0.339,1.563,20.395,19.952,29900000.0,0.0,12.37,2.677,2.677,108800000.0,1496000000.0,873900000.0,873900000.0,0.0,0.043,0.078,0.235,0.262,25000000.0,543000000.0,1.0,189111260.0,189111260,,4.621,1029000000.0,0.0,73300000.0,447700000.0,5.441,689100000.0
4,JNS,MRY,2012-12-31,2012-12-31,2012-12-31,2020-10-19,600000.0,2660400000.0,2611500000.0,888400000.0,1772000000.0,0.325,7.574,-7200000.0,387000000.0,387000000.0,0.0,111900000.0,5.57,0.834,545100000.0,0.0,545100000.0,545100000.0,0.0,38500000.0,0.0,0.034,0.29,212000000.0,250500000.0,0.295,250500000.0,212000000.0,167000000.0,0.56,0.55,0.56,1417900000.0,1376550000.0,1417900000.0,1785123415.0,8.0,7.126,201700000.0,1.077,1.0,850000000.0,1.0,1730500000.0,45000000.0,928500000.0,966275000.0,0.0,350500000.0,350500000.0,0.0,1182400000.0,159500000.0,1022900000.0,1595023415.0,27000000.0,0.0,-6500000.0,-66800000.0,-54400000.0,-143700000.0,-38200000.0,-31000000.0,208900000.0,0.0,102300000.0,102300000.0,102300000.0,0.0,9600000.0,0.12,635500000.0,214500000.0,3700000.0,0.518,1.125,15.592,15.214,33300000.0,0.0,8.52,1.876,1.876,100200000.0,1415400000.0,850000000.0,850000000.0,0.0,0.039,0.074,0.219,0.249,26100000.0,530300000.0,1.0,187209321.0,187209321,,4.54,929900000.0,0.0,64700000.0,436000000.0,4.967,728900000.0
5,JNS,MRY,2011-12-31,2011-12-31,2011-12-31,2020-10-19,-500000.0,2644000000.0,2619525000.0,846300000.0,1797700000.0,0.375,7.038,-7300000.0,360000000.0,360000000.0,0.0,153400000.0,5.688,0.921,595200000.0,0.0,595200000.0,595200000.0,0.0,33300000.0,0.0,0.024,0.15,273300000.0,306600000.0,0.312,306600000.0,273300000.0,222300000.0,0.78,0.78,0.78,1313200000.0,1256800000.0,1313200000.0,1441005868.0,5.0,4.7,217300000.0,1.165,1.0,981900000.0,1.0,1750000000.0,51000000.0,980400000.0,1010900000.0,0.0,322800000.0,322800000.0,0.0,1209500000.0,148800000.0,1060700000.0,1177405868.0,-13200000.0,0.0,3600000.0,-225500000.0,-28000000.0,-259500000.0,21700000.0,29000000.0,224600000.0,0.0,142900000.0,142900000.0,142900000.0,0.0,10500000.0,0.146,670100000.0,311800000.0,5500000.0,0.192,0.897,8.239,8.09,36900000.0,0.0,6.31,1.199,1.199,96700000.0,1311800000.0,981900000.0,981900000.0,0.0,0.055,0.114,0.27,0.278,34700000.0,573800000.0,1.0,186593640.0,186593640,,5.262,894000000.0,22000000.0,79400000.0,421700000.0,4.791,697500000.0
6,JNS,MRY,2010-12-31,2010-12-31,2010-12-31,2020-10-19,1600000.0,2726800000.0,2597250000.0,893300000.0,1833500000.0,0.391,6.376,-10200000.0,373200000.0,373200000.0,0.0,168600000.0,2.123,1.247,799800000.0,213100000.0,586700000.0,799800000.0,0.0,39100000.0,0.0,0.003,0.04,299500000.0,338600000.0,0.333,338600000.0,299500000.0,236300000.0,0.89,0.88,0.89,1171500000.0,1086850000.0,1171500000.0,2892980095.0,10.0,8.544,236400000.0,1.287,1.0,1015700000.0,1.0,1761800000.0,63200000.0,970800000.0,1081450000.0,0.0,296100000.0,296100000.0,0.0,1460800000.0,420800000.0,1040000000.0,2383180095.0,48500000.0,0.0,4400000.0,-1700000.0,-7400000.0,-50100000.0,-148000000.0,-137800000.0,246600000.0,0.0,159900000.0,159900000.0,159900000.0,0.0,8700000.0,0.157,734100000.0,281600000.0,5800000.0,0.045,2.034,14.904,14.573,44100000.0,0.0,12.97,2.346,2.346,167000000.0,1168100000.0,1015700000.0,1015700000.0,0.0,0.062,0.147,0.277,0.295,56000000.0,611900000.0,1.0,183745574.0,183745574,,5.528,965000000.0,10900000.0,76400000.0,410300000.0,5.252,472500000.0
7,JNS,MRY,2009-12-31,2009-12-31,2009-12-31,2020-10-19,1000000.0,2530300000.0,2458800000.0,667800000.0,1862500000.0,0.345,5.5,-9000000.0,324700000.0,324700000.0,0.0,-744100000.0,3.569,1.416,792000000.0,0.0,792000000.0,792000000.0,0.0,35900000.0,0.0,0.003,0.04,-689400000.0,-653500000.0,-0.77,-653500000.0,-689400000.0,-763400000.0,-4.55,-4.55,-4.55,1001100000.0,844100000.0,1001100000.0,3001961589.0,-4.0,-4.594,167500000.0,0.92,1.0,848700000.0,1.0,1773600000.0,74000000.0,1036900000.0,1245800000.0,0.0,168900000.0,168900000.0,0.0,1417600000.0,187100000.0,1230500000.0,2448161589.0,42100000.0,-1300000.0,219300000.0,-295100000.0,-6500000.0,-124800000.0,-9600000.0,700000.0,176500000.0,0.0,-757100000.0,-757100000.0,-757100000.0,0.0,13000000.0,-0.892,1526200000.0,-677500000.0,8400000.0,-0.009,2.445,-3.234,-2.956,48400000.0,0.0,13.45,2.885,2.885,122300000.0,998300000.0,848700000.0,848700000.0,0.0,-0.308,-0.897,-0.553,-0.812,41000000.0,572600000.0,1.0,182019449.0,182019449,,4.663,756700000.0,4500000.0,-6300000.0,390100000.0,4.157,480700000.0
8,JNS,MRY,2008-12-31,2008-12-31,2008-12-31,2020-10-19,-5300000.0,3336700000.0,3372850000.0,583900000.0,2752800000.0,0.308,9.546,-20100000.0,282600000.0,282600000.0,0.0,145500000.0,3.729,1.137,1128000000.0,22000000.0,1106000000.0,1128000000.0,0.0,40200000.0,0.0,0.005,0.04,281200000.0,321400000.0,0.31,321400000.0,281200000.0,205700000.0,0.86,0.85,0.86,1506900000.0,1596725000.0,1506900000.0,2097866648.0,7.0,6.527,218100000.0,1.382,1.0,1037900000.0,1.0,2641500000.0,75500000.0,1384000000.0,1515375000.0,0.0,125300000.0,125300000.0,0.0,1713100000.0,156600000.0,1556500000.0,1267566648.0,-198100000.0,-161400000.0,-270100000.0,0.0,-6500000.0,-287500000.0,-148800000.0,19200000.0,238200000.0,0.0,136900000.0,136900000.0,136900000.0,1500000.0,8600000.0,0.132,704800000.0,333100000.0,500000.0,0.047,0.841,9.259,9.337,51100000.0,0.0,8.03,1.221,1.221,101100000.0,1510600000.0,1037900000.0,1037900000.0,0.0,0.041,0.086,0.186,0.271,31100000.0,621100000.0,1.0,157853879.0,157853879,,6.575,695200000.0,16400000.0,68800000.0,388100000.0,4.404,427300000.0
9,JNS,MRY,2007-12-31,2007-12-31,2007-12-31,2020-10-19,4800000.0,3564100000.0,3574000000.0,953900000.0,2610200000.0,0.313,10.11,-16700000.0,480700000.0,480700000.0,0.0,138000000.0,4.208,1.059,1127700000.0,0.0,1127700000.0,1127700000.0,0.0,33800000.0,0.0,0.001,0.04,291500000.0,325300000.0,0.291,325300000.0,291500000.0,232700000.0,0.66,0.65,0.66,1723500000.0,1931425000.0,1723500000.0,6122036975.0,21.0,18.82,274100000.0,1.608,1.0,1117000000.0,1.0,2451500000.0,58800000.0,1532900000.0,1350000000.0,0.0,210700000.0,210700000.0,0.0,1824400000.0,226700000.0,1597700000.0,5599836975.0,-26400000.0,-81000000.0,-772400000.0,583400000.0,-7200000.0,-213900000.0,-103300000.0,-49800000.0,290800000.0,0.0,116300000.0,116300000.0,116300000.0,75700000.0,21700000.0,0.104,767700000.0,349300000.0,2200000.0,0.061,3.249,48.15,49.773,46500000.0,0.0,32.85,5.013,5.013,164500000.0,1717000000.0,1117000000.0,1117000000.0,0.0,0.033,0.06,0.216,0.261,49600000.0,653600000.0,1.0,170466879.0,170466879,,6.553,1112600000.0,5900000.0,116400000.0,404300000.0,6.527,727200000.0
10,JNS,MRY,2006-12-31,2006-12-31,2006-12-31,2020-10-19,11100000.0,3537900000.0,3550400000.0,1011200000.0,2526700000.0,0.264,11.637,-14800000.0,507100000.0,507100000.0,0.0,133600000.0,5.264,0.526,537200000.0,0.0,537200000.0,537200000.0,0.0,32200000.0,0.0,0.002,0.04,256000000.0,288200000.0,0.308,288200000.0,256000000.0,223700000.0,0.66,0.66,0.66,2306400000.0,2407200000.0,2306400000.0,4356314371.0,17.0,15.116,283800000.0,1.432,1.0,935800000.0,1.0,2380500000.0,32300000.0,995400000.0,922500000.0,0.0,173100000.0,173100000.0,0.0,1213700000.0,192100000.0,1021600000.0,4278914371.0,6100000.0,-90000000.0,-474500000.0,159700000.0,-8300000.0,-340500000.0,48000000.0,152800000.0,298600000.0,0.0,133600000.0,133600000.0,133600000.0,5300000.0,0.0,0.143,696900000.0,238900000.0,1800000.0,0.061,1.855,32.028,32.712,47200000.0,0.0,21.59,4.572,4.572,126400000.0,2293400000.0,935800000.0,935800000.0,0.0,0.038,0.056,0.278,0.274,71900000.0,571200000.0,1.0,198189642.0,198189642,,4.722,1157400000.0,5400000.0,90100000.0,394400000.0,5.84,819100000.0
11,JNS,MRY,2005-12-31,2005-12-31,2005-12-31,2020-10-19,9700000.0,3628500000.0,3615725000.0,1003700000.0,2624800000.0,0.24,11.894,-18300000.0,552600000.0,552600000.0,0.0,87800000.0,3.748,0.402,376300000.0,114100000.0,262200000.0,376300000.0,0.0,36000000.0,0.0,0.002,0.04,189200000.0,225200000.0,0.259,225200000.0,189200000.0,160600000.0,0.4,0.4,0.4,2565400000.0,2606550000.0,2565400000.0,3869042003.0,20.0,17.18,249200000.0,1.155,1.0,868300000.0,1.0,2391600000.0,28600000.0,792800000.0,896200000.0,0.0,334100000.0,252200000.0,81900000.0,1031500000.0,267800000.0,763700000.0,4018442003.0,25100000.0,-5800000.0,-289500000.0,-500000.0,-9100000.0,-312500000.0,70100000.0,90600000.0,267500000.0,0.0,87800000.0,87800000.0,87800000.0,29000000.0,0.0,0.101,675100000.0,193200000.0,5400000.0,0.1,1.566,45.768,46.575,64700000.0,0.0,18.63,4.628,4.628,145600000.0,2569300000.0,868300000.0,868300000.0,0.0,0.024,0.034,0.211,0.218,74100000.0,558600000.0,1.0,215697370.0,215697370,,4.026,1236900000.0,19000000.0,72800000.0,424100000.0,5.734,735900000.0
12,JNS,MRY,2004-12-31,2004-12-31,2004-12-31,2020-10-19,15700000.0,3767600000.0,3962975000.0,1065300000.0,2702300000.0,0.255,11.551,-26500000.0,527100000.0,527100000.0,0.0,169500000.0,6.891,0.377,377500000.0,0.0,377500000.0,377500000.0,0.0,60400000.0,0.0,0.002,0.04,300100000.0,360500000.0,0.357,360500000.0,300100000.0,261700000.0,0.73,0.73,0.73,2729400000.0,2694350000.0,2729400000.0,3485306037.0,12.0,9.668,-36900000.0,-0.156,1.0,1010800000.0,1.0,2399400000.0,38400000.0,1064000000.0,866425000.0,0.0,520100000.0,279200000.0,240900000.0,1028000000.0,154600000.0,873400000.0,3972006037.0,-695700000.0,-5800000.0,-89900000.0,-529000000.0,-9600000.0,-639500000.0,-45800000.0,-15300000.0,-10400000.0,0.0,169500000.0,169500000.0,169500000.0,0.0,0.0,0.168,898900000.0,111900000.0,7800000.0,0.055,1.455,23.434,23.027,62000000.0,0.0,16.81,3.93,3.93,125200000.0,2563700000.0,1010800000.0,1010800000.0,0.0,0.043,0.063,0.346,0.297,88200000.0,639900000.0,1.0,236288283.0,236288283,,4.278,1368200000.0,71500000.0,92200000.0,435800000.0,5.79,910700000.0
13,JNS,MRY,2003-12-31,2003-12-31,2003-12-31,2020-10-19,135100000.0,4332200000.0,3666725000.0,1466200000.0,2866000000.0,0.271,11.128,-23900000.0,1222800000.0,1222800000.0,0.0,942700000.0,5.166,0.616,852600000.0,83800000.0,768800000.0,852600000.0,0.0,67600000.0,0.0,0.002,0.04,933500000.0,1001100000.0,1.006,1001100000.0,933500000.0,873000000.0,4.14,4.11,4.14,2678300000.0,1930875000.0,2678300000.0,4679712160.0,5.0,4.675,236300000.0,0.982,1.0,994700000.0,1.0,2421100000.0,60500000.0,1257100000.0,1449775000.0,0.0,464300000.0,78100000.0,386200000.0,1650800000.0,283800000.0,1367000000.0,3949412160.0,1070300000.0,-101800000.0,-1800000.0,0.0,-9500000.0,-27000000.0,837100000.0,962800000.0,260200000.0,0.0,942700000.0,942700000.0,942700000.0,5900000.0,0.0,0.948,761600000.0,233100000.0,8300000.0,0.01,1.475,4.189,3.964,58700000.0,0.0,16.41,3.97,3.97,123700000.0,2403800000.0,994700000.0,994700000.0,0.0,0.257,0.488,0.644,0.938,78400000.0,520100000.0,1.0,240671064.0,240671064,,4.133,1911100000.0,0.0,-69700000.0,484800000.0,7.941,1182400000.0
14,JNS,MRY,2002-12-31,2002-12-31,2002-12-31,2020-10-19,36300000.0,3321700000.0,3376100000.0,370300000.0,2951400000.0,0.333,6.778,-16000000.0,152500000.0,152500000.0,0.0,77300000.0,1.977,1.199,856000000.0,0.0,856000000.0,856000000.0,0.0,71000000.0,0.0,0.004,0.05,362000000.0,433000000.0,0.386,433000000.0,362000000.0,304500000.0,0.35,0.35,0.35,1508000000.0,1491050000.0,1508000000.0,3725004712.0,10.0,8.603,264700000.0,1.19,1.0,1123200000.0,1.0,2368200000.0,57500000.0,1469700000.0,1354050000.0,0.0,542600000.0,25100000.0,517500000.0,1808200000.0,187300000.0,1620900000.0,2907804712.0,-77700000.0,-59300000.0,3300000.0,-258800000.0,-11200000.0,-287200000.0,-71200000.0,4200000.0,280700000.0,0.0,77300000.0,77300000.0,77300000.0,9800000.0,0.0,0.069,826200000.0,297000000.0,11800000.0,0.143,1.928,37.617,37.343,65700000.0,0.0,13.07,2.589,2.589,98300000.0,1469500000.0,1123200000.0,1123200000.0,0.0,0.023,0.052,0.267,0.322,90400000.0,584600000.0,1.0,222479320.0,222479320,,5.049,953500000.0,0.0,227200000.0,729100000.0,4.286,183000000.0
15,JNS,MRY,2001-12-31,2001-12-31,2001-12-31,2020-10-19,75800000.0,3391900000.0,2599850000.0,478100000.0,2913800000.0,0.591,6.192,-33300000.0,236700000.0,236700000.0,0.0,302300000.0,0.543,1.471,1094200000.0,694700000.0,399500000.0,1094200000.0,0.0,127700000.0,0.0,0.001,0.04,554500000.0,682200000.0,0.444,682200000.0,554500000.0,520000000.0,1.37,1.31,1.37,1363300000.0,1248400000.0,1363300000.0,6287227213.0,11.0,9.216,470100000.0,2.135,1.0,1536800000.0,1.0,2270500000.0,34500000.0,1098000000.0,755800000.0,0.0,581400000.0,31000000.0,550400000.0,2005300000.0,880900000.0,1124400000.0,6024727213.0,-128100000.0,-1620900000.0,12500000.0,1066300000.0,-8800000.0,983700000.0,-1615200000.0,33000000.0,503400000.0,0.0,302300000.0,302300000.0,302300000.0,4100000.0,0.0,0.197,1001500000.0,535300000.0,42500000.0,0.029,4.419,19.93,19.869,92900000.0,0.0,27.22,3.92,3.899,128500000.0,1285300000.0,1536800000.0,1536800000.0,0.0,0.116,0.242,0.734,0.361,33300000.0,752700000.0,1.0,221334578.0,220154000,224424000.0,6.981,1121400000.0,0.0,217700000.0,680200000.0,5.094,-402800000.0
16,JNS,MRY,2000-12-31,2000-12-31,2000-12-31,2020-10-19,103300000.0,1581000000.0,1587700000.0,641100000.0,939900000.0,1.416,4.755,-107100000.0,364300000.0,364300000.0,0.0,663700000.0,3.269,0.425,0.0,0.0,0.0,0.0,0.0,81200000.0,0.0,0.0,0.01,1098400000.0,1179600000.0,0.525,1179600000.0,1098400000.0,1090700000.0,2.98,2.9,2.98,1057800000.0,1022975000.0,1057800000.0,8242300606.0,8.0,6.987,624200000.0,2.806,1.0,2248100000.0,1.0,291100000.0,7700000.0,729500000.0,674375000.0,0.0,541300000.0,30200000.0,511100000.0,449900000.0,196100000.0,253800000.0,8771100606.0,40200000.0,-110600000.0,-299500000.0,-125000000.0,-2200000.0,-471500000.0,-219600000.0,-4100000.0,731300000.0,0.0,663700000.0,663700000.0,663700000.0,0.0,0.0,0.295,1167600000.0,1080500000.0,27300000.0,0.003,8.292,13.215,13.235,137700000.0,0.0,39.44,3.902,3.903,194400000.0,952300000.0,2248100000.0,2248100000.0,0.0,0.418,0.649,1.629,0.489,10800000.0,1094200000.0,1.0,222390989.0,222445000,225423000.0,10.106,1289900000.0,0.0,427000000.0,211100000.0,5.799,445000000.0
17,JNS,MRY,1999-12-31,1999-12-31,1999-12-31,2020-10-19,108900000.0,1231500000.0,1027200000.0,525000000.0,706500000.0,1.18,3.653,-50500000.0,324100000.0,324100000.0,0.0,313100000.0,3.231,0.441,0.0,0.0,0.0,0.0,0.0,35400000.0,0.0,,0.0,535100000.0,570500000.0,0.471,570500000.0,535100000.0,529200000.0,1.4,1.38,1.4,814600000.0,677400000.0,814600000.0,,,,309900000.0,1.39,1.0,1212300000.0,1.0,162000000.0,5900000.0,582900000.0,532900000.0,0.0,498000000.0,23900000.0,474100000.0,359600000.0,162500000.0,197100000.0,,185600000.0,-17500000.0,0.0,-16600000.0,0.0,-127400000.0,-47400000.0,16600000.0,360400000.0,0.0,313100000.0,313100000.0,313100000.0,0.0,0.0,0.258,694000000.0,518300000.0,21000000.0,0.0,,,,70400000.0,0.0,,,,155700000.0,598900000.0,1212300000.0,1212300000.0,0.0,0.305,0.462,1.004,0.441,0.0,388000000.0,1.0,224561456.0,223000000,223000000.0,5.436,1069500000.0,0.0,216100000.0,180100000.0,4.796,362500000.0
18,JNS,MRY,1998-12-31,1998-12-31,1998-12-31,2020-10-19,74900000.0,822900000.0,747750000.0,259300000.0,563600000.0,0.897,2.422,-35000000.0,138500000.0,138500000.0,0.0,152200000.0,3.647,0.46,16600000.0,0.0,16600000.0,16600000.0,0.0,16800000.0,0.0,,0.0,262400000.0,279200000.0,0.416,279200000.0,262400000.0,255900000.0,0.68,0.67,0.68,540200000.0,444250000.0,540200000.0,,,,139500000.0,0.626,1.0,670800000.0,1.0,147000000.0,6500000.0,482900000.0,510800000.0,0.0,411400000.0,32200000.0,379200000.0,248400000.0,71100000.0,177300000.0,,28800000.0,-24300000.0,0.0,-74100000.0,0.0,-95300000.0,-50400000.0,-2200000.0,174500000.0,0.0,152200000.0,152200000.0,152200000.0,0.0,0.0,0.227,390200000.0,280600000.0,21700000.0,0.0,,,,37400000.0,0.0,,,,76600000.0,358500000.0,670800000.0,670800000.0,0.0,0.204,0.343,0.514,0.391,0.0,218600000.0,1.0,224561456.0,223000000,223000000.0,3.008,675900000.0,0.0,103700000.0,122000000.0,3.031,188200000.0
19,JNS,MRY,1997-12-31,1997-12-31,1997-12-31,2020-10-19,50800000.0,672600000.0,,194200000.0,478400000.0,,0.348,-5800000.0,33700000.0,33700000.0,0.0,118000000.0,3.063,0.85,84100000.0,0.0,84100000.0,84100000.0,0.0,13100000.0,0.0,,0.0,215400000.0,228500000.0,0.471,228500000.0,215400000.0,205000000.0,118000.0,117400.0,118000.0,348300000.0,,348300000.0,,,,141600000.0,0.142,1.0,485100000.0,1.0,120900000.0,10400000.0,538700000.0,,0.0,448500000.0,100400000.0,348100000.0,296100000.0,63400000.0,232700000.0,,40900000.0,-12000000.0,0.0,-33500000.0,0.0,-91100000.0,-15400000.0,-1400000.0,147400000.0,0.0,118000000.0,118000000.0,118000000.0,0.0,0.0,0.243,285900000.0,199200000.0,48500000.0,0.0,,,,9400000.0,0.0,,,,53700000.0,206300000.0,485100000.0,485100000.0,0.0,,,,0.444,0.0,152200000.0,1.0,,1000000000,,0.485,551700000.0,0.0,87000000.0,112500000.0,0.552,130800000.0
20,JNS,MRY,1996-12-31,1996-12-31,1996-12-31,2020-10-19,,,,,,,,-1400000.0,,,0.0,134600000.0,,,,,,,,12900000.0,,,0.0,199600000.0,212500000.0,0.645,212500000.0,199600000.0,192800000.0,134600.0,134000.0,134600.0,,,,,,,39600000.0,0.04,1.0,329600000.0,1.0,,6800000.0,,,,,,,,,,,-6200000.0,-27200000.0,0.0,-300000.0,0.0,8900000.0,-56100000.0,-40100000.0,41000000.0,0.0,134600000.0,134600000.0,134600000.0,0.0,0.0,0.408,197800000.0,131800000.0,,0.0,,,,,0.0,,,,,,329600000.0,329600000.0,0.0,,,,0.606,0.0,125300000.0,1.0,,1000000000,,0.33,,,58200000.0,,,
0,JNS,MRQ,2017-03-31,2017-03-31,2017-03-31,2020-10-19,-2000000.0,2833800000.0,,840100000.0,1993700000.0,,8.964,-1800000.0,360700000.0,360700000.0,0.0,32300000.0,3.254,0.688,407400000.0,111900000.0,295500000.0,407400000.0,0.0,7800000.0,0.0,0.033,0.11,57300000.0,65100000.0,0.253,65100000.0,57300000.0,52100000.0,0.17,0.17,0.17,1652100000.0,,1652100000.0,2347061861.0,9.0,8.232,-51900000.0,-0.282,1.0,257600000.0,1.0,1949100000.0,5200000.0,673200000.0,,0.0,295100000.0,295100000.0,0.0,1136200000.0,258200000.0,878000000.0,2432761861.0,-127200000.0,0.0,-10800000.0,-200000.0,-20300000.0,-95500000.0,18100000.0,19900000.0,-50100000.0,300000.0,30900000.0,30900000.0,30900000.0,0.0,1400000.0,0.12,202300000.0,55300000.0,97400000.0,0.647,1.473,17.144,17.143,32800000.0,0.0,13.2,2.386,2.386,142400000.0,1652300000.0,257600000.0,257600000.0,0.0,,,,,10600000.0,176400000.0,1.0,184300141.0,184300141,,1.398,884700000.0,0.0,21200000.0,527100000.0,4.8,581900000.0
1,JNS,MRQ,2016-12-31,2016-12-31,2016-12-31,2020-10-19,-7900000.0,2949900000.0,,963000000.0,1986900000.0,,8.928,-2500000.0,492000000.0,492000000.0,0.0,31100000.0,4.156,0.728,406300000.0,0.0,406300000.0,406300000.0,0.0,8500000.0,0.0,0.032,0.11,55100000.0,63600000.0,0.253,63600000.0,55100000.0,49900000.0,0.17,0.17,0.17,1630400000.0,,1630400000.0,2457605097.0,10.0,8.379,92000000.0,0.504,1.0,251400000.0,1.0,1940900000.0,5200000.0,691600000.0,,0.0,303700000.0,303700000.0,0.0,1187500000.0,231700000.0,955800000.0,2423305097.0,116800000.0,0.0,-1200000.0,-300000.0,-20100000.0,-16400000.0,39200000.0,41700000.0,94500000.0,-500000.0,30900000.0,30900000.0,30900000.0,0.0,200000.0,0.123,189600000.0,61800000.0,93200000.0,0.647,1.486,16.587,16.797,34200000.0,0.0,13.27,2.398,2.398,129900000.0,1636500000.0,251400000.0,251400000.0,0.0,,,,,13200000.0,161700000.0,1.0,182615305.0,182615305,,1.377,1009000000.0,0.0,19000000.0,502800000.0,5.525,731300000.0
2,JNS,MRQ,2016-09-30,2016-09-30,2016-09-30,2020-10-19,-2800000.0,2908700000.0,,905600000.0,2003100000.0,,8.797,-2400000.0,371000000.0,371000000.0,0.0,43000000.0,3.089,0.719,405300000.0,110100000.0,295200000.0,405300000.0,0.0,9000000.0,0.0,0.029,0.11,69900000.0,78900000.0,0.305,78900000.0,69900000.0,64600000.0,0.22,0.22,0.22,1614700000.0,,1614700000.0,2636373127.0,9.0,8.244,107700000.0,0.587,1.0,258900000.0,1.0,1955800000.0,5300000.0,694000000.0,,0.0,362700000.0,362700000.0,0.0,1161600000.0,293200000.0,868400000.0,2571473127.0,32000000.0,0.0,-13200000.0,-400000.0,-20100000.0,-40500000.0,-37600000.0,-35200000.0,110100000.0,0.0,41100000.0,41100000.0,41100000.0,0.0,1900000.0,0.159,189600000.0,69300000.0,8100000.0,0.5,1.593,15.893,15.92,35300000.0,0.0,14.01,2.504,2.504,128100000.0,1615700000.0,258900000.0,258900000.0,0.0,,,,,14500000.0,159600000.0,1.0,183545548.0,183545548,,1.411,952900000.0,0.0,23500000.0,518900000.0,5.192,612400000.0
3,JNS,MRQ,2016-06-30,2016-06-30,2016-06-30,2020-10-19,-5900000.0,2839800000.0,,836900000.0,2002900000.0,,8.632,-2500000.0,339300000.0,339300000.0,0.0,40200000.0,3.285,0.704,404200000.0,109200000.0,295000000.0,404200000.0,0.0,8900000.0,0.0,0.027,0.11,68600000.0,77500000.0,0.308,77500000.0,68600000.0,63500000.0,0.21,0.21,0.21,1593700000.0,,1593700000.0,2665468754.0,10.0,9.16,101800000.0,0.551,1.0,251900000.0,1.0,1953500000.0,5100000.0,696400000.0,,0.0,316500000.0,316500000.0,0.0,1122600000.0,254800000.0,867800000.0,2570068754.0,29900000.0,0.0,-23200000.0,-400000.0,-20300000.0,-44500000.0,-29700000.0,-27200000.0,104300000.0,-200000.0,39000000.0,39000000.0,39000000.0,0.0,1200000.0,0.155,184000000.0,67900000.0,7800000.0,0.524,1.613,18.279,18.078,37000000.0,0.0,13.92,2.466,2.466,126500000.0,1597800000.0,251900000.0,251900000.0,0.0,,,,,13300000.0,156100000.0,1.0,184631376.0,184631376,,1.364,886300000.0,0.0,24500000.0,520100000.0,4.8,582100000.0
4,JNS,MRQ,2016-03-31,2016-03-31,2016-03-31,2020-10-19,-3400000.0,2801100000.0,,796300000.0,2004800000.0,,8.567,-1900000.0,307900000.0,307900000.0,0.0,37000000.0,7.353,0.681,403300000.0,0.0,403300000.0,403300000.0,0.0,9100000.0,0.0,0.025,0.09,64200000.0,73300000.0,0.295,73300000.0,64200000.0,59000000.0,0.19,0.19,0.19,1592500000.0,,1592500000.0,2761374690.0,10.0,9.276,-45900000.0,-0.247,1.0,248500000.0,1.0,1962300000.0,5200000.0,825900000.0,,0.0,301200000.0,301200000.0,0.0,1084800000.0,108300000.0,976500000.0,2719674690.0,-57200000.0,0.0,-26400000.0,-300000.0,-16700000.0,-54600000.0,41400000.0,43300000.0,-44000000.0,0.0,35100000.0,35100000.0,35100000.0,0.0,1900000.0,0.141,185900000.0,62600000.0,7600000.0,0.474,1.708,18.59,18.288,37900000.0,0.0,14.63,2.561,2.561,136200000.0,1594100000.0,248500000.0,248500000.0,0.0,,,,,15200000.0,157300000.0,1.0,185897108.0,185897108,,1.337,838800000.0,0.0,23900000.0,523200000.0,4.512,688000000.0
5,JNS,MRQ,2015-12-31,2015-12-31,2015-12-31,2020-10-19,-8900000.0,2867700000.0,,869300000.0,1998400000.0,,8.567,-6000000.0,364400000.0,364400000.0,0.0,48300000.0,2.603,0.742,402300000.0,107500000.0,294800000.0,402300000.0,0.0,9000000.0,0.0,0.025,0.09,81100000.0,90100000.0,0.336,90100000.0,81100000.0,75900000.0,0.26,0.24,0.26,1582700000.0,,1582700000.0,2715958248.0,10.0,8.747,118000000.0,0.639,1.0,267800000.0,1.0,1955300000.0,5200000.0,616400000.0,,0.0,327100000.0,327100000.0,0.0,1173800000.0,333900000.0,839900000.0,2603058248.0,72000000.0,0.0,-28300000.0,-400000.0,-16600000.0,-58300000.0,6200000.0,12200000.0,124000000.0,100000.0,46600000.0,46600000.0,46600000.0,0.0,1700000.0,0.174,187000000.0,80800000.0,81100000.0,0.346,1.645,16.708,16.774,38700000.0,0.0,14.09,2.419,2.419,137800000.0,1589800000.0,267800000.0,267800000.0,0.0,,,,,12900000.0,158700000.0,1.0,184745085.0,184745085,,1.45,912400000.0,0.0,29300000.0,498900000.0,4.939,535400000.0
6,JNS,MRQ,2015-09-30,2015-09-30,2015-09-30,2020-10-19,-11500000.0,2857700000.0,,868500000.0,1989200000.0,,8.405,-3100000.0,292400000.0,292400000.0,0.0,19900000.0,2.977,0.744,405300000.0,108200000.0,297100000.0,405300000.0,0.0,9000000.0,0.0,0.025,0.09,41100000.0,50100000.0,0.183,50100000.0,41100000.0,33100000.0,0.11,0.1,0.11,1568600000.0,,1568600000.0,2690891024.0,10.0,8.751,118900000.0,0.637,1.0,273800000.0,1.0,1947000000.0,8000000.0,731900000.0,,0.0,357300000.0,357300000.0,0.0,1167800000.0,291700000.0,876100000.0,2538091024.0,-6800000.0,7300000.0,-25600000.0,-86000000.0,-16800000.0,-120600000.0,-7300000.0,-11500000.0,122000000.0,-900000.0,19900000.0,19900000.0,19900000.0,0.0,0.0,0.073,190400000.0,83400000.0,6300000.0,0.818,1.618,16.28,16.19,35500000.0,0.0,13.6,2.387,2.387,134500000.0,1578200000.0,273800000.0,273800000.0,0.0,,,,,13300000.0,163800000.0,1.0,186624340.0,186624340,,1.467,910700000.0,0.0,13200000.0,523700000.0,4.88,576800000.0
7,JNS,MRQ,2015-06-30,2015-06-30,2015-06-30,2020-10-19,-2100000.0,2762000000.0,,871800000.0,1890200000.0,,8.495,-3600000.0,299200000.0,299200000.0,0.0,44900000.0,3.399,0.714,452000000.0,107500000.0,344500000.0,452000000.0,0.0,7600000.0,0.0,0.019,0.09,76600000.0,84200000.0,0.31,84200000.0,76600000.0,69400000.0,0.24,0.23,0.24,1591100000.0,,1591100000.0,3302611990.0,11.0,9.838,83700000.0,0.447,1.0,271900000.0,1.0,1762000000.0,7200000.0,896300000.0,,0.0,355100000.0,355100000.0,0.0,1136600000.0,256500000.0,880100000.0,3206411990.0,-55900000.0,-88700000.0,-9500000.0,-100000.0,-16800000.0,-23100000.0,-116600000.0,-24300000.0,87300000.0,-3500000.0,44700000.0,44700000.0,44700000.0,0.0,200000.0,0.164,189800000.0,82100000.0,9400000.0,0.375,2.015,18.126,18.021,34400000.0,0.0,17.12,3.124,3.124,135800000.0,1591300000.0,271900000.0,271900000.0,0.0,,,,,12900000.0,162500000.0,1.0,187290420.0,187290420,,1.452,1000000000.0,0.0,24700000.0,489800000.0,5.339,615300000.0
8,JNS,MRQ,2015-03-31,2015-03-31,2015-03-31,2020-10-19,-1100000.0,2681100000.0,,881900000.0,1799200000.0,,8.355,-1000000.0,355100000.0,355100000.0,0.0,46200000.0,4.113,0.695,451300000.0,106800000.0,344500000.0,451300000.0,0.0,7400000.0,0.0,0.019,0.08,78700000.0,86100000.0,0.328,86100000.0,78700000.0,71400000.0,0.24,0.23,0.24,1564200000.0,,1564200000.0,3216352368.0,11.0,9.773,-59900000.0,-0.32,1.0,262700000.0,1.0,1764400000.0,7300000.0,798500000.0,,0.0,334700000.0,334700000.0,0.0,1086600000.0,214400000.0,872200000.0,3218352368.0,-97400000.0,0.0,-17400000.0,-300000.0,-15000000.0,-5200000.0,-33000000.0,-32000000.0,-58900000.0,-300000.0,44600000.0,44600000.0,44600000.0,0.0,1600000.0,0.17,186700000.0,76000000.0,8700000.0,0.333,2.058,19.1,19.1,29400000.0,0.0,17.19,3.265,3.265,139600000.0,1563400000.0,262700000.0,262700000.0,0.0,,,,,13100000.0,159100000.0,1.0,187222360.0,187222360,,1.403,916700000.0,0.0,26800000.0,485900000.0,4.896,667500000.0
9,JNS,MRQ,2014-12-31,2014-12-31,2014-12-31,2020-10-19,-1400000.0,2793200000.0,,987200000.0,1806000000.0,,8.284,-3900000.0,452500000.0,452500000.0,0.0,46800000.0,4.3,0.779,450500000.0,0.0,450500000.0,450500000.0,0.0,6600000.0,0.0,0.019,0.08,80500000.0,87100000.0,0.342,87100000.0,80500000.0,73300000.0,0.25,0.24,0.25,1540800000.0,,1540800000.0,3014999624.0,10.0,9.559,84500000.0,0.454,1.0,254800000.0,1.0,1767100000.0,7200000.0,794500000.0,,0.0,344000000.0,344000000.0,0.0,1199700000.0,229600000.0,970100000.0,3000099624.0,17600000.0,-28400000.0,-20300000.0,-200000.0,-14800000.0,26700000.0,-97100000.0,-64800000.0,88400000.0,-400000.0,46700000.0,46700000.0,46700000.0,0.0,100000.0,0.183,174300000.0,80500000.0,8800000.0,0.32,1.947,19.431,19.671,31100000.0,0.0,16.13,3.147,3.147,130900000.0,1540300000.0,254800000.0,254800000.0,0.0,,,,,8100000.0,152500000.0,1.0,185995017.0,185995017,,1.37,1026100000.0,0.0,26600000.0,478400000.0,5.517,757600000.0
10,JNS,MRQ,2014-09-30,2014-09-30,2014-09-30,2020-10-19,-1100000.0,2692000000.0,,943700000.0,1748300000.0,,8.107,-2400000.0,434900000.0,434900000.0,0.0,40600000.0,5.374,0.734,449800000.0,0.0,449800000.0,449800000.0,0.0,6200000.0,0.0,0.021,0.08,72100000.0,78300000.0,0.33,78300000.0,72100000.0,64500000.0,0.22,0.22,0.22,1524100000.0,,1524100000.0,2804179994.0,10.0,9.252,97700000.0,0.52,1.0,237000000.0,1.0,1710900000.0,7600000.0,820400000.0,,0.0,341200000.0,341200000.0,0.0,1119300000.0,175600000.0,943700000.0,2733379994.0,-3300000.0,0.0,-24800000.0,-60400000.0,-15000000.0,-100900000.0,-2500000.0,-100000.0,100100000.0,0.0,40900000.0,40900000.0,40900000.0,0.0,-300000.0,0.173,165400000.0,71600000.0,8100000.0,0.364,1.793,18.722,18.641,29800000.0,0.0,14.54,2.956,2.956,116200000.0,1523300000.0,237000000.0,237000000.0,0.0,,,,,3900000.0,147600000.0,1.0,187990371.0,187990371,,1.261,981100000.0,0.0,23600000.0,463000000.0,5.219,768100000.0
11,JNS,MRQ,2014-06-30,2014-06-30,2014-06-30,2020-10-19,700000.0,2677800000.0,,926700000.0,1751100000.0,,7.988,-3500000.0,438200000.0,438200000.0,0.0,36900000.0,4.765,0.748,509000000.0,59900000.0,449100000.0,509000000.0,0.0,6200000.0,0.0,0.023,0.08,71400000.0,77600000.0,0.336,77600000.0,71400000.0,62500000.0,0.19,0.19,0.19,1518200000.0,,1518200000.0,2538214757.0,9.0,8.584,62400000.0,0.328,1.0,231200000.0,1.0,1713200000.0,8900000.0,840900000.0,,0.0,318300000.0,318300000.0,0.0,1135600000.0,194500000.0,941100000.0,2372014757.0,58200000.0,0.0,-23800000.0,-39300000.0,-15200000.0,-79100000.0,71500000.0,75000000.0,65900000.0,-100000.0,36300000.0,36300000.0,36300000.0,0.0,600000.0,0.157,160500000.0,70700000.0,8300000.0,0.421,1.562,17.226,16.865,30000000.0,0.0,12.48,2.62,2.62,120100000.0,1515600000.0,231200000.0,231200000.0,0.0,,,,,3600000.0,141800000.0,1.0,190065285.0,190065285,,1.216,964600000.0,0.0,26200000.0,461600000.0,5.075,732200000.0
12,JNS,MRQ,2014-03-31,2014-03-31,2014-03-31,2020-10-19,-100000.0,2671500000.0,,918900000.0,1752600000.0,,7.92,-1600000.0,380000000.0,380000000.0,0.0,31100000.0,4.472,0.752,546200000.0,97800000.0,448400000.0,546200000.0,0.0,6600000.0,0.0,0.026,0.07,65800000.0,72400000.0,0.315,72400000.0,65800000.0,56400000.0,0.16,0.16,0.16,1513100000.0,,1513100000.0,2276834675.0,10.0,8.647,-37600000.0,-0.197,1.0,230200000.0,1.0,1715500000.0,9400000.0,916700000.0,,0.0,388600000.0,388600000.0,0.0,1137400000.0,205500000.0,931900000.0,2076734675.0,35500000.0,0.0,-9900000.0,-200000.0,-13400000.0,-24100000.0,95600000.0,97200000.0,-36000000.0,0.0,30500000.0,30500000.0,30500000.0,0.0,600000.0,0.132,163300000.0,66900000.0,7000000.0,0.438,1.373,17.72,16.984,28900000.0,0.0,10.87,2.334,2.334,111300000.0,1511300000.0,230200000.0,230200000.0,0.0,,,,,4200000.0,144700000.0,1.0,191051948.0,191051948,,1.205,956000000.0,0.0,25900000.0,454400000.0,5.004,713400000.0
13,JNS,MRQ,2013-12-31,2013-12-31,2013-12-31,2020-10-19,-1100000.0,2747300000.0,,990800000.0,1756500000.0,,7.915,-2600000.0,344500000.0,344500000.0,0.0,40100000.0,3.284,0.821,544600000.0,96900000.0,447700000.0,544600000.0,0.0,6800000.0,0.0,0.017,0.07,68000000.0,74800000.0,0.331,74800000.0,68000000.0,58600000.0,0.21,0.21,0.21,1496800000.0,,1496800000.0,2524106286.0,11.0,9.791,89500000.0,0.473,1.0,226200000.0,1.0,1718300000.0,9400000.0,927400000.0,,0.0,485500000.0,485500000.0,0.0,1229500000.0,301700000.0,927800000.0,2339306286.0,-13700000.0,0.0,-10300000.0,-1800000.0,-13300000.0,68900000.0,-174700000.0,-172100000.0,92100000.0,0.0,38300000.0,38300000.0,38300000.0,0.0,1800000.0,0.169,159200000.0,67000000.0,4100000.0,0.333,1.563,20.395,19.952,29900000.0,0.0,12.37,2.677,2.677,108800000.0,1496000000.0,226200000.0,226200000.0,0.0,,,,,6500000.0,134600000.0,1.0,189111260.0,189111260,,1.196,1029000000.0,0.0,20300000.0,447700000.0,5.441,689100000.0
14,JNS,MRQ,2013-09-30,2013-09-30,2013-09-30,2020-10-19,-1200000.0,2693900000.0,,936200000.0,1757700000.0,,7.788,-1400000.0,358200000.0,358200000.0,0.0,35600000.0,3.969,0.795,543000000.0,95900000.0,447100000.0,543000000.0,0.0,7100000.0,0.0,0.031,0.07,63800000.0,70900000.0,0.326,70900000.0,63800000.0,54300000.0,0.18,0.17,0.18,1475800000.0,,1475800000.0,1812656794.0,8.0,7.05,76900000.0,0.406,1.0,217700000.0,1.0,1721300000.0,9500000.0,921500000.0,,0.0,434400000.0,434400000.0,0.0,1172900000.0,235900000.0,937000000.0,1612556794.0,8900000.0,0.0,-8400000.0,-9200000.0,-13200000.0,-64800000.0,-4500000.0,-3100000.0,78300000.0,-100000.0,32600000.0,32600000.0,32600000.0,0.0,3000000.0,0.15,158700000.0,59000000.0,4200000.0,0.389,1.093,14.987,14.424,29800000.0,0.0,8.51,1.866,1.866,98100000.0,1475100000.0,217700000.0,217700000.0,0.0,,,,,6500000.0,135800000.0,1.0,189489635.0,189489635,,1.149,972600000.0,10200000.0,21700000.0,439300000.0,5.133,700300000.0
15,JNS,MRQ,2013-06-30,2013-06-30,2013-06-30,2020-10-19,-1200000.0,2676100000.0,,912900000.0,1763200000.0,,7.686,-2300000.0,349300000.0,349300000.0,0.0,16800000.0,6.172,0.786,549400000.0,38900000.0,510500000.0,549400000.0,0.0,7300000.0,0.0,0.029,0.07,37900000.0,45200000.0,0.209,45200000.0,37900000.0,26900000.0,0.09,0.08,0.09,1459200000.0,,1459200000.0,1843416914.0,9.0,7.394,64700000.0,0.341,1.0,215800000.0,1.0,1724400000.0,11000000.0,1003900000.0,,0.0,410600000.0,410600000.0,0.0,1146800000.0,147900000.0,998900000.0,1615716914.0,29400000.0,0.0,4700000.0,-19700000.0,-13300000.0,-30200000.0,-5900000.0,-3600000.0,67000000.0,-1500000.0,15800000.0,15800000.0,15800000.0,0.0,1000000.0,0.073,157400000.0,58400000.0,4100000.0,0.778,1.107,16.141,15.473,31000000.0,0.0,8.51,1.888,1.888,94700000.0,1458500000.0,215800000.0,215800000.0,0.0,,,,,6500000.0,136400000.0,1.0,189860977.0,189860977,,1.137,951700000.0,18600000.0,11100000.0,438000000.0,5.013,765000000.0
16,JNS,MRQ,2013-03-31,2013-03-31,2013-03-31,2020-10-19,-500000.0,2624400000.0,,858600000.0,1765800000.0,,7.619,-1300000.0,319900000.0,319900000.0,0.0,29700000.0,10.407,0.769,547600000.0,0.0,547600000.0,547600000.0,0.0,7500000.0,0.0,0.026,0.0,59400000.0,66900000.0,0.312,66900000.0,59400000.0,48200000.0,0.15,0.15,0.15,1450500000.0,,1450500000.0,1947553598.0,9.0,7.557,-14600000.0,-0.077,1.0,214200000.0,1.0,1727400000.0,11200000.0,1042200000.0,,0.0,399800000.0,399800000.0,0.0,1115900000.0,82500000.0,1033400000.0,1789453598.0,-67100000.0,0.0,-900000.0,-200000.0,0.0,-3600000.0,-50200000.0,-48900000.0,-13300000.0,0.0,28000000.0,28000000.0,28000000.0,0.0,1700000.0,0.131,159500000.0,54700000.0,3100000.0,0.0,1.234,16.615,15.932,31600000.0,0.0,9.4,2.116,2.116,101500000.0,1449100000.0,214200000.0,214200000.0,0.0,,,,,5500000.0,136200000.0,1.0,190367404.0,190367404,,1.125,897000000.0,1100000.0,20200000.0,436300000.0,4.712,776100000.0
17,JNS,MRQ,2012-12-31,2012-12-31,2012-12-31,2020-10-19,600000.0,2660400000.0,,888400000.0,1772000000.0,,7.574,-2800000.0,387000000.0,387000000.0,0.0,32800000.0,5.57,0.834,545100000.0,0.0,545100000.0,545100000.0,0.0,12500000.0,0.0,0.034,0.12,61600000.0,74100000.0,0.342,74100000.0,61600000.0,50500000.0,0.17,0.17,0.17,1417900000.0,,1417900000.0,1785123415.0,8.0,7.126,64600000.0,0.345,1.0,216600000.0,1.0,1730500000.0,11100000.0,928500000.0,,0.0,350500000.0,350500000.0,0.0,1182400000.0,159500000.0,1022900000.0,1595023415.0,34300000.0,0.0,-1800000.0,-200000.0,-22500000.0,-26200000.0,-6900000.0,-4100000.0,67400000.0,0.0,31200000.0,31200000.0,31200000.0,0.0,1600000.0,0.144,158600000.0,58000000.0,3700000.0,0.706,1.125,15.592,15.214,33300000.0,0.0,8.52,1.876,1.876,100200000.0,1415400000.0,216600000.0,216600000.0,0.0,,,,,3600000.0,130400000.0,1.0,187209321.0,187209321,,1.157,929900000.0,0.0,19300000.0,436000000.0,4.967,728900000.0
18,JNS,MRQ,2012-09-30,2012-09-30,2012-09-30,2020-10-19,100000.0,2624400000.0,,834000000.0,1790400000.0,,7.425,-1600000.0,352700000.0,352700000.0,0.0,27700000.0,6.096,0.832,542800000.0,0.0,542800000.0,542800000.0,0.0,9900000.0,0.0,0.023,0.06,53200000.0,63100000.0,0.302,63100000.0,53200000.0,42100000.0,0.14,0.14,0.14,1390900000.0,,1390900000.0,2004689829.0,9.0,7.892,73700000.0,0.393,1.0,209000000.0,1.0,1738400000.0,11100000.0,939300000.0,,0.0,330900000.0,330900000.0,0.0,1156600000.0,136800000.0,1019800000.0,1768389829.0,48600000.0,0.0,2500000.0,-300000.0,-11200000.0,-12800000.0,-13900000.0,-12300000.0,75300000.0,0.0,25100000.0,25100000.0,25100000.0,0.0,2600000.0,0.12,161100000.0,47900000.0,5000000.0,0.429,1.271,16.558,16.276,33400000.0,0.0,9.44,2.083,2.083,91800000.0,1388900000.0,209000000.0,209000000.0,0.0,,,,,6400000.0,135000000.0,1.0,187329431.0,187329431,,1.116,886000000.0,12200000.0,17000000.0,435000000.0,4.73,697200000.0
19,JNS,MRQ,2012-06-30,2012-06-30,2012-06-30,2020-10-19,-500000.0,2588200000.0,,790800000.0,1797400000.0,,7.22,-1000000.0,304100000.0,304100000.0,0.0,24700000.0,7.604,0.823,540400000.0,0.0,540400000.0,540400000.0,0.0,8000000.0,0.0,0.027,0.06,45600000.0,53600000.0,0.26,53600000.0,45600000.0,34600000.0,0.13,0.13,0.13,1360900000.0,,1360900000.0,1760054321.0,8.0,7.004,70100000.0,0.372,1.0,206000000.0,1.0,1743900000.0,11000000.0,976600000.0,,0.0,334500000.0,334500000.0,0.0,1119600000.0,104000000.0,1015600000.0,1474054321.0,52000000.0,0.0,-5900000.0,-200000.0,-11300000.0,-26000000.0,6900000.0,7900000.0,71100000.0,0.0,23400000.0,23400000.0,23400000.0,0.0,1300000.0,0.114,153900000.0,52100000.0,4500000.0,0.462,1.083,13.511,13.254,34900000.0,0.0,7.82,1.681,1.681,91400000.0,1359500000.0,206000000.0,206000000.0,0.0,,,,,6400000.0,130700000.0,1.0,188497995.0,188497995,,1.093,844300000.0,19700000.0,11200000.0,431800000.0,4.479,686800000.0
20,JNS,MRQ,2012-03-31,2012-03-31,2012-03-31,2020-10-19,1000000.0,2573000000.0,,770800000.0,1802200000.0,,7.094,-1800000.0,252100000.0,252100000.0,0.0,26700000.0,8.442,0.826,538100000.0,0.0,538100000.0,538100000.0,0.0,8100000.0,0.0,0.022,0.05,51600000.0,59700000.0,0.273,59700000.0,51600000.0,39800000.0,0.12,0.12,0.12,1336500000.0,,1336500000.0,1913825797.0,8.0,6.753,-6700000.0,-0.036,1.0,218400000.0,1.0,1747000000.0,11800000.0,1020700000.0,,0.0,356600000.0,356600000.0,0.0,1103400000.0,91300000.0,1012100000.0,1678625797.0,-107900000.0,0.0,-1300000.0,-66100000.0,-9400000.0,-78700000.0,-24300000.0,-22500000.0,-4900000.0,0.0,22600000.0,22600000.0,22600000.0,0.0,4100000.0,0.103,161900000.0,56500000.0,7300000.0,0.417,1.256,13.155,12.913,35100000.0,0.0,8.91,1.796,1.796,106000000.0,1333600000.0,218400000.0,218400000.0,0.0,,,,,9700000.0,134200000.0,1.0,188397957.0,188397957,,1.159,826000000.0,21400000.0,17200000.0,429600000.0,4.384,679500000.0
21,JNS,MRQ,2011-12-31,2011-12-31,2011-12-31,2020-10-19,-500000.0,2644000000.0,,846300000.0,1797700000.0,,7.038,-2300000.0,360000000.0,360000000.0,0.0,39700000.0,5.688,0.921,595200000.0,0.0,595200000.0,595200000.0,0.0,7800000.0,0.0,0.024,0.05,69800000.0,77600000.0,0.36,77600000.0,69800000.0,58100000.0,0.19,0.2,0.19,1313200000.0,,1313200000.0,1441005868.0,5.0,4.7,72000000.0,0.386,1.0,215600000.0,1.0,1750000000.0,11700000.0,980400000.0,,0.0,322800000.0,322800000.0,0.0,1209500000.0,148800000.0,1060700000.0,1177405868.0,30600000.0,0.0,500000.0,-1800000.0,-9400000.0,-10600000.0,-33100000.0,-30800000.0,74300000.0,0.0,35700000.0,35700000.0,35700000.0,0.0,4000000.0,0.166,145000000.0,70600000.0,5500000.0,0.263,0.897,8.239,8.09,36900000.0,0.0,6.31,1.199,1.199,96700000.0,1311800000.0,215600000.0,215600000.0,0.0,,,,,3300000.0,126500000.0,1.0,186593640.0,186593640,,1.155,894000000.0,22000000.0,22400000.0,421700000.0,4.791,697500000.0
22,JNS,MRQ,2011-09-30,2011-09-30,2011-09-30,2020-10-19,-400000.0,2585300000.0,,771200000.0,1814100000.0,,6.768,-2500000.0,329400000.0,329400000.0,0.0,27300000.0,5.86,0.942,593000000.0,0.0,593000000.0,593000000.0,0.0,8100000.0,0.0,0.017,0.05,52300000.0,60400000.0,0.255,60400000.0,52300000.0,39300000.0,0.15,0.15,0.15,1262600000.0,,1262600000.0,1532751316.0,5.0,4.352,45300000.0,0.243,1.0,236900000.0,1.0,1752900000.0,13000000.0,964400000.0,,0.0,275300000.0,275300000.0,0.0,1188800000.0,131600000.0,1057200000.0,1119251316.0,59900000.0,0.0,300000.0,-92400000.0,-9300000.0,-103900000.0,116000000.0,118500000.0,47800000.0,0.0,27400000.0,27400000.0,27400000.0,0.0,-100000.0,0.116,162700000.0,74200000.0,5100000.0,0.333,0.886,6.466,6.25,38400000.0,0.0,6.0,1.074,1.074,102500000.0,1261100000.0,236900000.0,236900000.0,0.0,,,,,10800000.0,138200000.0,1.0,186541886.0,186541886,,1.27,832400000.0,17700000.0,11900000.0,417900000.0,4.462,639600000.0
23,JNS,MRQ,2011-06-30,2011-06-30,2011-06-30,2020-10-19,2600000.0,2669400000.0,,847400000.0,1822000000.0,,6.681,-1700000.0,269500000.0,269500000.0,0.0,45500000.0,3.448,1.044,683000000.0,92200000.0,590800000.0,683000000.0,0.0,8400000.0,0.0,0.005,0.05,77300000.0,85700000.0,0.325,85700000.0,77300000.0,64200000.0,0.23,0.23,0.23,1244000000.0,,1244000000.0,2160108516.0,7.0,6.047,91600000.0,0.492,1.0,264000000.0,1.0,1755900000.0,13100000.0,1081200000.0,,0.0,404000000.0,404000000.0,0.0,1298700000.0,245800000.0,1052900000.0,1757708516.0,-9100000.0,0.0,1300000.0,-300000.0,-9300000.0,-15600000.0,-86800000.0,-85100000.0,93300000.0,0.0,41900000.0,41900000.0,41900000.0,0.0,3600000.0,0.159,182200000.0,81800000.0,7800000.0,0.217,1.413,9.864,9.535,39200000.0,0.0,9.44,1.676,1.676,115700000.0,1239500000.0,264000000.0,264000000.0,0.0,,,,,11500000.0,156100000.0,1.0,186197936.0,186197936,,1.418,913500000.0,16100000.0,22300000.0,416300000.0,4.906,601600000.0
24,JNS,MRQ,2011-03-31,2011-03-31,2011-03-31,2020-10-19,2700000.0,2579400000.0,,752400000.0,1827000000.0,,6.488,-800000.0,278600000.0,278600000.0,0.0,40900000.0,3.663,1.041,681000000.0,92200000.0,588800000.0,681000000.0,0.0,9000000.0,0.0,0.003,0.0,73900000.0,82900000.0,0.312,82900000.0,73900000.0,60700000.0,0.21,0.21,0.21,1207400000.0,,1207400000.0,2747072518.0,9.0,7.951,8400000.0,0.045,1.0,265400000.0,1.0,1758800000.0,13200000.0,1017600000.0,,0.0,309700000.0,309700000.0,0.0,1257300000.0,205400000.0,1051900000.0,2320472518.0,-94600000.0,0.0,1500000.0,-131000000.0,0.0,-129400000.0,25600000.0,26400000.0,9200000.0,0.0,37900000.0,37900000.0,37900000.0,0.0,3000000.0,0.143,180200000.0,85200000.0,3700000.0,0.0,1.922,13.937,13.409,41000000.0,0.0,12.47,2.244,2.244,121700000.0,1202800000.0,265400000.0,265400000.0,0.0,,,,,9100000.0,153000000.0,1.0,186084404.0,186084404,,1.426,820600000.0,4600000.0,22800000.0,418200000.0,4.41,547000000.0
25,JNS,MRQ,2010-12-31,2010-12-31,2010-12-31,2020-10-19,1600000.0,2726800000.0,,893300000.0,1833500000.0,,6.376,-2200000.0,373200000.0,373200000.0,0.0,68400000.0,2.123,1.247,799800000.0,213100000.0,586700000.0,799800000.0,0.0,9500000.0,0.0,0.003,0.0,113700000.0,123200000.0,0.447,123200000.0,113700000.0,97800000.0,0.37,0.36,0.37,1171500000.0,,1171500000.0,2892980095.0,10.0,8.544,99500000.0,0.542,1.0,275700000.0,1.0,1761800000.0,15900000.0,970800000.0,,0.0,296100000.0,296100000.0,0.0,1460800000.0,420800000.0,1040000000.0,2383180095.0,85200000.0,0.0,2200000.0,-900000.0,0.0,1800000.0,-18300000.0,-16100000.0,101700000.0,0.0,65900000.0,65900000.0,65900000.0,0.0,2500000.0,0.239,179900000.0,95800000.0,5800000.0,0.0,2.034,14.904,14.573,44100000.0,0.0,12.97,2.346,2.346,167000000.0,1168100000.0,275700000.0,275700000.0,0.0,,,,,14300000.0,147100000.0,1.0,183745574.0,183745574,,1.5,965000000.0,10900000.0,31900000.0,410300000.0,5.252,472500000.0
26,JNS,MRQ,2010-09-30,2010-09-30,2010-09-30,2020-10-19,1200000.0,2632100000.0,,741300000.0,1890800000.0,,5.943,-2200000.0,288000000.0,288000000.0,0.0,35400000.0,2.599,1.325,797800000.0,92200000.0,705600000.0,797800000.0,0.0,9800000.0,0.0,0.004,0.0,55600000.0,65400000.0,0.268,65400000.0,55600000.0,39700000.0,0.18,0.18,0.18,1091400000.0,,1091400000.0,2547269898.0,10.0,8.528,59300000.0,0.323,1.0,243800000.0,1.0,1764800000.0,15900000.0,1091900000.0,,0.0,218200000.0,218200000.0,0.0,1445900000.0,285200000.0,1160700000.0,2010969898.0,28500000.0,0.0,600000.0,-300000.0,0.0,-2200000.0,-30800000.0,-28600000.0,61500000.0,0.0,32500000.0,32500000.0,32500000.0,0.0,2900000.0,0.133,186700000.0,57100000.0,7800000.0,0.0,1.843,15.351,12.733,44900000.0,0.0,10.95,2.03,2.03,116000000.0,1088400000.0,243800000.0,243800000.0,0.0,,,,,14300000.0,156200000.0,1.0,183650219.0,183650219,,1.328,867300000.0,29300000.0,7200000.0,409800000.0,4.723,456100000.0
27,JNS,MRQ,2010-06-30,2010-06-30,2010-06-30,2020-10-19,-1800000.0,2542300000.0,,547500000.0,1994800000.0,,5.718,-3400000.0,259500000.0,259500000.0,0.0,31400000.0,3.382,1.338,795800000.0,0.0,795800000.0,795800000.0,0.0,9900000.0,0.0,0.005,0.04,64100000.0,74000000.0,0.297,74000000.0,64100000.0,48300000.0,0.17,0.17,0.17,1050500000.0,,1050500000.0,2156391187.0,9.0,7.847,84800000.0,0.462,1.0,249300000.0,1.0,1767700000.0,15800000.0,1149000000.0,,0.0,270200000.0,89400000.0,180800000.0,1405700000.0,161900000.0,1243800000.0,1631491187.0,-9500000.0,0.0,500000.0,-200000.0,-7400000.0,-18100000.0,-79600000.0,-76200000.0,88200000.0,0.0,30200000.0,30200000.0,30200000.0,0.0,1200000.0,0.121,187900000.0,61400000.0,7300000.0,0.235,1.553,15.29,12.164,46300000.0,0.0,8.88,1.674,1.674,107700000.0,1050500000.0,249300000.0,249300000.0,0.0,,,,,14300000.0,157500000.0,1.0,183726485.0,183726485,,1.357,774600000.0,23200000.0,18100000.0,395300000.0,4.216,385600000.0
28,JNS,MRQ,2010-03-31,2010-03-31,2010-03-31,2020-10-19,900000.0,2487800000.0,,575800000.0,1912000000.0,,5.63,-2400000.0,269000000.0,269000000.0,0.0,33400000.0,4.502,1.321,793900000.0,0.0,793900000.0,793900000.0,0.0,9900000.0,0.0,0.003,0.0,66100000.0,76000000.0,0.308,76000000.0,66100000.0,50500000.0,0.17,0.17,0.17,1034000000.0,,1034000000.0,3091928967.0,14.0,12.216,-7200000.0,-0.039,1.0,246900000.0,1.0,1770700000.0,15600000.0,1114100000.0,,0.0,105500000.0,105500000.0,0.0,1366300000.0,127900000.0,1238400000.0,2624628967.0,-55700000.0,0.0,1100000.0,-300000.0,0.0,-31600000.0,-19300000.0,-16900000.0,-4800000.0,0.0,31300000.0,31300000.0,31300000.0,0.0,2100000.0,0.127,179600000.0,67300000.0,7200000.0,0.0,2.538,28.436,21.652,46700000.0,0.0,14.29,2.837,2.837,124300000.0,1031300000.0,246900000.0,246900000.0,0.0,,,,,13100000.0,151100000.0,1.0,183668927.0,183668927,,1.344,717100000.0,11600000.0,19200000.0,388800000.0,3.904,447900000.0
29,JNS,MRQ,2009-12-31,2009-12-31,2009-12-31,2020-10-19,1000000.0,2530300000.0,,667800000.0,1862500000.0,,5.5,-900000.0,324700000.0,324700000.0,0.0,40500000.0,3.569,1.416,792000000.0,0.0,792000000.0,792000000.0,0.0,10300000.0,0.0,0.003,0.0,73000000.0,83300000.0,0.332,83300000.0,73000000.0,57200000.0,0.34,0.34,0.34,1001100000.0,,1001100000.0,3001961589.0,-4.0,-4.594,94700000.0,0.52,1.0,250600000.0,1.0,1773600000.0,15800000.0,1036900000.0,,0.0,168900000.0,168900000.0,0.0,1417600000.0,187100000.0,1230500000.0,2448161589.0,88300000.0,0.0,300000.0,-100000.0,0.0,-1000000.0,-6300000.0,-5400000.0,95600000.0,0.0,37000000.0,37000000.0,37000000.0,0.0,3500000.0,0.148,174900000.0,75700000.0,8400000.0,0.0,2.445,-3.234,-2.956,48400000.0,0.0,13.45,2.885,2.885,122300000.0,998300000.0,250600000.0,250600000.0,0.0,,,,,9400000.0,150500000.0,1.0,182019449.0,182019449,,1.377,756700000.0,4500000.0,20200000.0,390100000.0,4.157,480700000.0
30,JNS,MRQ,2009-09-30,2009-09-30,2009-09-30,2020-10-19,700000.0,2450400000.0,,545500000.0,1904900000.0,,5.323,-1400000.0,236400000.0,236400000.0,0.0,11800000.0,3.533,1.428,790200000.0,0.0,790200000.0,790200000.0,0.0,8700000.0,0.0,0.003,0.0,32800000.0,41500000.0,0.182,41500000.0,32800000.0,14200000.0,0.05,0.05,0.05,969500000.0,,969500000.0,3469873412.0,-5.0,-4.976,59500000.0,0.327,1.0,227600000.0,1.0,1777000000.0,18600000.0,1072800000.0,,0.0,100500000.0,100500000.0,0.0,1384600000.0,154400000.0,1230200000.0,2582473412.0,17700000.0,0.0,218500000.0,-270200000.0,0.0,-57600000.0,14400000.0,15800000.0,60900000.0,0.0,8200000.0,8200000.0,8200000.0,0.0,3600000.0,0.036,198000000.0,29600000.0,4400000.0,0.0,2.664,-3.284,-2.825,50500000.0,0.0,14.18,3.331,3.331,113400000.0,967000000.0,227600000.0,227600000.0,0.0,,,,,13100000.0,169800000.0,1.0,182120833.0,182120833,,1.25,673400000.0,22900000.0,6000000.0,387700000.0,3.698,391100000.0
31,JNS,MRQ,2009-06-30,2009-06-30,2009-06-30,2020-10-19,-200000.0,2424700000.0,,518800000.0,1905900000.0,,4.401,-2500000.0,218700000.0,218700000.0,0.0,19200000.0,5.225,2.284,1106100000.0,0.0,1106100000.0,1106100000.0,0.0,8000000.0,0.0,0.004,0.04,44300000.0,52300000.0,0.261,52300000.0,44300000.0,24600000.0,0.1,0.1,0.1,709600000.0,,709600000.0,2734149476.0,-4.0,-4.098,44900000.0,0.278,1.0,200200000.0,1.0,1780000000.0,19700000.0,1432800000.0,,0.0,112100000.0,112100000.0,0.0,1621000000.0,99300000.0,1521700000.0,1838249476.0,-13400000.0,-100000.0,300000.0,-24800000.0,-6500000.0,-60700000.0,-100000.0,2500000.0,47400000.0,0.0,15800000.0,15800000.0,15800000.0,0.0,3400000.0,0.079,153200000.0,47000000.0,2600000.0,0.4,2.591,-2.39,-2.327,53300000.0,0.0,11.4,2.234,2.234,95000000.0,708200000.0,200200000.0,200200000.0,0.0,,,,,9300000.0,131200000.0,1.0,161249954.0,161249954,,1.242,644700000.0,24700000.0,8800000.0,352400000.0,3.998,419500000.0
32,JNS,MRQ,2009-03-31,2009-03-31,2009-03-31,2020-10-19,-2600000.0,2429800000.0,,525700000.0,1904100000.0,,4.403,-4200000.0,232100000.0,232100000.0,0.0,-815600000.0,5.149,2.327,1128000000.0,22000000.0,1106000000.0,1128000000.0,0.0,8900000.0,0.0,0.006,0.0,-839500000.0,-830600000.0,-4.877,-830600000.0,-839500000.0,-859400000.0,-5.22,-5.22,-5.22,696200000.0,,696200000.0,1896884880.0,-3.0,-3.162,-31600000.0,-0.2,1.0,170300000.0,1.0,1782900000.0,19900000.0,1440700000.0,,0.0,108400000.0,108400000.0,0.0,1620000000.0,102100000.0,1517900000.0,1051484880.0,-50500000.0,-1200000.0,200000.0,0.0,0.0,-5500000.0,-17600000.0,-12200000.0,-27400000.0,0.0,-818100000.0,-818100000.0,-818100000.0,0.0,2500000.0,-4.804,1000100000.0,-829800000.0,2300000.0,0.0,1.51,-1.463,-1.449,52000000.0,0.0,6.65,1.134,1.134,90200000.0,697200000.0,170300000.0,170300000.0,0.0,,,,,9200000.0,121100000.0,1.0,158118027.0,158118027,,1.077,646900000.0,21200000.0,-41300000.0,349600000.0,4.091,423600000.0
33,JNS,MRQ,2008-12-31,2008-12-31,2008-12-31,2020-10-19,-5300000.0,3336700000.0,,583900000.0,2752800000.0,,9.546,-6000000.0,282600000.0,282600000.0,0.0,6600000.0,3.729,1.137,1128000000.0,22000000.0,1106000000.0,1128000000.0,0.0,9500000.0,0.0,0.005,0.0,30000000.0,39500000.0,0.223,39500000.0,30000000.0,11100000.0,0.05,0.06,0.05,1506900000.0,,1506900000.0,2097866648.0,7.0,6.527,64100000.0,0.406,1.0,177100000.0,1.0,2641500000.0,18900000.0,1384000000.0,,0.0,125300000.0,125300000.0,0.0,1713100000.0,156600000.0,1556500000.0,1267566648.0,-15000000.0,-93700000.0,-1800000.0,0.0,0.0,-2500000.0,-82600000.0,17100000.0,70100000.0,0.0,7800000.0,7800000.0,7800000.0,0.0,-1200000.0,0.044,131900000.0,45200000.0,500000.0,0.0,0.841,9.259,9.337,51100000.0,0.0,8.03,1.221,1.221,101100000.0,1510600000.0,177100000.0,177100000.0,0.0,,,,,5800000.0,114200000.0,1.0,157853879.0,157853879,,1.122,695200000.0,16400000.0,3300000.0,388100000.0,4.404,427300000.0
34,JNS,MRQ,2008-09-30,2008-09-30,2008-09-30,2020-10-19,2000000.0,3368100000.0,,700000000.0,2668100000.0,,10.038,-5100000.0,297600000.0,297600000.0,0.0,28200000.0,3.926,1.09,1127900000.0,22000000.0,1105900000.0,1127900000.0,0.0,10100000.0,0.0,0.002,0.0,61500000.0,71600000.0,0.26,71600000.0,61500000.0,42600000.0,0.17,0.16,0.17,1604200000.0,,1604200000.0,4732312027.0,15.0,13.23,82300000.0,0.515,1.0,275400000.0,1.0,2508800000.0,18900000.0,1511300000.0,,0.0,168700000.0,168700000.0,0.0,1748700000.0,178300000.0,1570400000.0,3880212027.0,21900000.0,0.0,-67100000.0,0.0,0.0,-68800000.0,3300000.0,8400000.0,87400000.0,0.0,25400000.0,25400000.0,25400000.0,600000.0,2800000.0,0.092,182100000.0,93300000.0,500000.0,0.0,2.419,26.077,26.108,49500000.0,0.0,24.28,3.31,3.31,136100000.0,1600600000.0,275400000.0,275400000.0,0.0,,,,,7800000.0,161300000.0,1.0,159811039.0,159811039,,1.723,859300000.0,32000000.0,17200000.0,402300000.0,5.377,521700000.0
35,JNS,MRQ,2008-06-30,2008-06-30,2008-06-30,2020-10-19,3200000.0,3392600000.0,,714300000.0,2678300000.0,,10.066,-4800000.0,275700000.0,275700000.0,0.0,69500000.0,4.129,1.064,1127800000.0,22000000.0,1105800000.0,1127800000.0,0.0,10700000.0,0.0,0.002,0.04,108900000.0,119600000.0,0.393,119600000.0,108900000.0,90100000.0,0.41,0.41,0.41,1638700000.0,,1638700000.0,5166627772.0,16.0,14.428,74000000.0,0.455,1.0,304200000.0,1.0,2511600000.0,18800000.0,1560100000.0,,0.0,201100000.0,201100000.0,0.0,1744300000.0,173000000.0,1571300000.0,4309127772.0,5400000.0,-7000000.0,-66200000.0,0.0,-6500000.0,-80300000.0,6900000.0,5200000.0,78800000.0,0.0,66300000.0,66300000.0,66300000.0,-700000.0,3200000.0,0.218,199100000.0,105100000.0,3400000.0,0.098,2.63,31.778,31.892,48400000.0,0.0,26.47,3.647,3.647,146300000.0,1633900000.0,304200000.0,304200000.0,0.0,,,,,8900000.0,175900000.0,1.0,162792889.0,162792889,,1.869,881000000.0,20400000.0,23800000.0,401800000.0,5.412,541300000.0
36,JNS,MRQ,2008-03-31,2008-03-31,2008-03-31,2020-10-19,4600000.0,3394000000.0,,712800000.0,2681200000.0,,9.974,-4200000.0,270300000.0,270300000.0,0.0,41200000.0,5.268,1.063,1127800000.0,0.0,1127800000.0,1127800000.0,0.0,9900000.0,0.0,0.002,0.0,80800000.0,90700000.0,0.323,90700000.0,80800000.0,61900000.0,0.23,0.23,0.23,1637100000.0,,1637100000.0,4466362018.0,15.0,13.121,-2300000.0,-0.014,1.0,281200000.0,1.0,2510100000.0,18900000.0,1606100000.0,,0.0,202900000.0,202900000.0,0.0,1740400000.0,135300000.0,1605100000.0,3819362018.0,-210400000.0,-60700000.0,-135000000.0,0.0,0.0,-135900000.0,-76400000.0,-11500000.0,1900000.0,0.0,37400000.0,37400000.0,37400000.0,1600000.0,3800000.0,0.133,191700000.0,89500000.0,3300000.0,0.0,2.333,32.34,33.725,46800000.0,0.0,23.27,3.32,3.32,143200000.0,1630800000.0,281200000.0,281200000.0,0.0,,,,,8600000.0,169700000.0,1.0,164132446.0,164132446,,1.713,883900000.0,16300000.0,24500000.0,412500000.0,5.385,577500000.0
37,JNS,MRQ,2007-12-31,2007-12-31,2007-12-31,2020-10-19,4800000.0,3564100000.0,,953900000.0,2610200000.0,,10.11,-3100000.0,480700000.0,480700000.0,0.0,41400000.0,4.208,1.059,1127700000.0,0.0,1127700000.0,1127700000.0,0.0,9100000.0,0.0,0.001,0.0,66700000.0,75800000.0,0.243,75800000.0,66700000.0,47800000.0,0.12,0.12,0.12,1723500000.0,,1723500000.0,6122036975.0,21.0,18.82,83900000.0,0.492,1.0,311500000.0,1.0,2451500000.0,18900000.0,1532900000.0,,0.0,210700000.0,210700000.0,0.0,1824400000.0,226700000.0,1597700000.0,5599836975.0,-124700000.0,0.0,-148200000.0,0.0,0.0,-144600000.0,-67100000.0,-108200000.0,87000000.0,0.0,19700000.0,19700000.0,19700000.0,31900000.0,21700000.0,0.063,221300000.0,90200000.0,2200000.0,0.0,3.249,48.15,49.773,46500000.0,0.0,32.85,5.013,5.013,164500000.0,1717000000.0,311500000.0,311500000.0,0.0,,,,,16600000.0,181400000.0,1.0,170466879.0,170466879,,1.827,1112600000.0,5900000.0,28100000.0,404300000.0,6.527,727200000.0
38,JNS,MRQ,2007-09-30,2007-09-30,2007-09-30,2020-10-19,18500000.0,3644600000.0,,1027000000.0,2617600000.0,,10.47,-3800000.0,605400000.0,605400000.0,0.0,12200000.0,5.029,0.977,1127600000.0,0.0,1127600000.0,1127600000.0,0.0,8900000.0,0.0,0.001,0.0,63100000.0,72000000.0,0.253,72000000.0,63100000.0,44200000.0,0.07,0.07,0.07,1836100000.0,,1836100000.0,5345117160.0,18.0,16.168,89100000.0,0.508,1.0,284600000.0,1.0,2453400000.0,18900000.0,1509200000.0,,0.0,119600000.0,119600000.0,0.0,1793500000.0,204200000.0,1589300000.0,4959617160.0,-86100000.0,0.0,-173900000.0,0.0,0.0,-176800000.0,-2200000.0,1600000.0,92900000.0,0.0,12200000.0,12200000.0,12200000.0,38600000.0,0.0,0.043,188800000.0,95800000.0,2300000.0,0.0,2.701,36.929,39.278,46600000.0,0.0,28.28,4.738,4.738,140100000.0,1823400000.0,284600000.0,284600000.0,0.0,,,,,8300000.0,166100000.0,1.0,175375430.0,175375430,,1.623,1191200000.0,1200000.0,32000000.0,399100000.0,6.792,822800000.0
39,JNS,MRQ,2007-06-30,2007-06-30,2007-06-30,2020-10-19,16200000.0,3760000000.0,,1059100000.0,2700900000.0,,10.719,-3900000.0,742100000.0,742100000.0,0.0,48800000.0,6.578,0.885,1127600000.0,0.0,1127600000.0,1127600000.0,0.0,8700000.0,0.0,0.001,0.04,93200000.0,101900000.0,0.373,101900000.0,93200000.0,81700000.0,0.27,0.27,0.27,1987500000.0,,1987500000.0,5387713676.0,18.0,17.012,126300000.0,0.681,1.0,273000000.0,1.0,2524800000.0,11500000.0,1459700000.0,,0.0,117500000.0,117500000.0,0.0,1759900000.0,161000000.0,1598900000.0,5161813676.0,433400000.0,0.0,-251500000.0,583400000.0,-7200000.0,316400000.0,-13200000.0,-9300000.0,130200000.0,0.0,48800000.0,48800000.0,48800000.0,2800000.0,0.0,0.179,178600000.0,94400000.0,6000000.0,0.148,2.597,34.049,34.8,57200000.0,0.0,27.84,5.208,5.208,150900000.0,1975800000.0,273000000.0,273000000.0,0.0,,,,,10000000.0,152900000.0,1.0,185409974.0,185409974,,1.472,1235200000.0,0.0,32900000.0,411200000.0,6.662,898100000.0
40,JNS,MRQ,2007-03-31,2007-03-31,2007-03-31,2020-10-19,13200000.0,3327300000.0,,634300000.0,2693000000.0,,11.483,-5900000.0,311300000.0,311300000.0,0.0,35600000.0,5.07,0.517,537200000.0,0.0,537200000.0,537200000.0,0.0,7100000.0,0.0,0.002,0.0,68500000.0,75600000.0,0.305,75600000.0,68500000.0,59000000.0,0.19,0.19,0.19,2178600000.0,,2178600000.0,3944787651.0,15.0,13.861,-25200000.0,-0.133,1.0,247900000.0,1.0,2529900000.0,9500000.0,898200000.0,,0.0,100800000.0,100800000.0,0.0,1125900000.0,125100000.0,1000800000.0,3967287651.0,-249000000.0,-81000000.0,-198800000.0,0.0,0.0,-208900000.0,-20800000.0,66100000.0,-19300000.0,0.0,35600000.0,35600000.0,35600000.0,2400000.0,0.0,0.144,179000000.0,68900000.0,8100000.0,0.0,1.821,29.629,30.75,58200000.0,0.0,20.91,4.079,4.079,167200000.0,2175000000.0,247900000.0,247900000.0,0.0,,,,,14700000.0,153200000.0,1.0,189731595.0,189731595,,1.307,797400000.0,11100000.0,23400000.0,403200000.0,4.203,509200000.0
41,JNS,MRQ,2006-12-31,2006-12-31,2006-12-31,2020-10-19,11100000.0,3537900000.0,,1011200000.0,2526700000.0,,11.637,-5600000.0,507100000.0,507100000.0,0.0,37700000.0,5.264,0.526,537200000.0,0.0,537200000.0,537200000.0,0.0,8000000.0,0.0,0.002,0.0,73100000.0,81100000.0,0.336,81100000.0,73100000.0,63100000.0,0.19,0.2,0.19,2306400000.0,,2306400000.0,4356314371.0,17.0,15.116,95500000.0,0.482,1.0,241200000.0,1.0,2380500000.0,10000000.0,995400000.0,,0.0,173100000.0,173100000.0,0.0,1213700000.0,192100000.0,1021600000.0,4278914371.0,97300000.0,0.0,-121200000.0,-113200000.0,0.0,-234000000.0,230200000.0,122700000.0,101100000.0,0.0,37700000.0,37700000.0,37700000.0,-1900000.0,0.0,0.156,179500000.0,61700000.0,1800000.0,0.0,1.855,32.028,32.712,47200000.0,0.0,21.59,4.572,4.572,126400000.0,2293400000.0,241200000.0,241200000.0,0.0,,,,,18200000.0,150500000.0,1.0,198189642.0,198189642,,1.217,1157400000.0,5400000.0,25400000.0,394400000.0,5.84,819100000.0
42,JNS,MRQ,2006-09-30,2006-09-30,2006-09-30,2020-10-19,9600000.0,3659700000.0,,1047300000.0,2612400000.0,,11.413,-1300000.0,573000000.0,573000000.0,0.0,29500000.0,4.25,0.541,650400000.0,113200000.0,537200000.0,650400000.0,0.0,100000.0,0.0,0.002,0.0,58000000.0,58100000.0,0.254,58100000.0,58000000.0,49900000.0,0.15,0.15,0.15,2358800000.0,,2358800000.0,4113362946.0,18.0,16.789,49400000.0,0.239,1.0,229000000.0,1.0,2460100000.0,8100000.0,1030600000.0,,0.0,378100000.0,281300000.0,96800000.0,1276300000.0,246400000.0,1029900000.0,4075562946.0,123500000.0,0.0,-133400000.0,272900000.0,0.0,137200000.0,-64400000.0,50000000.0,50700000.0,0.0,29500000.0,29500000.0,29500000.0,3100000.0,0.0,0.129,172000000.0,57000000.0,1900000.0,0.0,1.728,38.196,37.923,55500000.0,0.0,19.72,4.517,4.517,136500000.0,2359500000.0,229000000.0,229000000.0,0.0,,,,,13200000.0,136900000.0,1.0,206671549.0,206671549,,1.108,1199600000.0,6400000.0,20400000.0,415000000.0,5.804,800900000.0
43,JNS,MRQ,2006-06-30,2006-06-30,2006-06-30,2020-10-19,10700000.0,3470500000.0,,842400000.0,2628100000.0,,11.595,-2400000.0,337900000.0,337900000.0,0.0,31100000.0,3.579,0.407,375700000.0,113500000.0,262200000.0,375700000.0,0.0,12000000.0,0.0,0.004,0.04,57800000.0,69800000.0,0.274,69800000.0,57800000.0,50600000.0,0.15,0.15,0.15,2453900000.0,,2453900000.0,3837084758.0,18.0,15.447,112200000.0,0.53,1.0,254600000.0,1.0,2474800000.0,7200000.0,798100000.0,,0.0,431100000.0,336200000.0,94900000.0,999200000.0,235400000.0,763800000.0,3788284758.0,10700000.0,0.0,-99500000.0,0.0,-8300000.0,-114300000.0,10400000.0,12800000.0,114600000.0,0.0,31100000.0,31100000.0,31100000.0,0.0,0.0,0.122,201400000.0,53200000.0,1900000.0,0.267,1.544,34.787,34.423,58400000.0,0.0,17.9,4.16,4.16,129800000.0,2449800000.0,254600000.0,254600000.0,0.0,,,,,20300000.0,168100000.0,1.0,211636020.0,211636020,,1.203,995700000.0,0.0,19500000.0,426600000.0,4.705,607000000.0
44,JNS,MRQ,2006-03-31,2006-03-31,2006-03-31,2020-10-19,11700000.0,3533500000.0,,898100000.0,2635400000.0,,11.685,-5500000.0,327200000.0,327200000.0,0.0,35300000.0,3.758,0.4,376000000.0,113800000.0,262200000.0,376000000.0,0.0,12100000.0,0.0,0.002,0.0,64500000.0,76600000.0,0.299,76600000.0,64500000.0,57500000.0,0.17,0.17,0.17,2509700000.0,,2509700000.0,4800076255.0,23.0,20.009,26700000.0,0.124,1.0,256100000.0,1.0,2477400000.0,7000000.0,865900000.0,,0.0,446300000.0,349700000.0,96600000.0,1004600000.0,239000000.0,765600000.0,4976376255.0,-225400000.0,-90000000.0,-120400000.0,0.0,0.0,-129400000.0,-128200000.0,-32700000.0,32200000.0,0.0,35300000.0,35300000.0,35300000.0,0.0,0.0,0.138,196900000.0,59200000.0,4400000.0,0.0,1.983,48.081,47.286,61400000.0,0.0,23.17,5.62,5.62,170000000.0,2505500000.0,256100000.0,256100000.0,0.0,,,,,20200000.0,174600000.0,1.0,214776705.0,214776705,,1.192,1056100000.0,12100000.0,22200000.0,425000000.0,4.917,659100000.0
45,JNS,MRQ,2005-12-31,2005-12-31,2005-12-31,2020-10-19,9700000.0,3628500000.0,,1003700000.0,2624800000.0,,11.894,-1400000.0,552600000.0,552600000.0,0.0,10800000.0,3.748,0.402,376300000.0,114100000.0,262200000.0,376300000.0,0.0,-2500000.0,0.0,0.002,0.0,43000000.0,40500000.0,0.249,40500000.0,43000000.0,36000000.0,0.05,0.05,0.05,2565400000.0,,2565400000.0,3869042003.0,20.0,17.18,63700000.0,0.295,1.0,162500000.0,1.0,2391600000.0,7000000.0,792800000.0,,0.0,334100000.0,252200000.0,81900000.0,1031500000.0,267800000.0,763700000.0,4018442003.0,26200000.0,0.0,-29000000.0,-500000.0,0.0,-28600000.0,-10300000.0,-12500000.0,65100000.0,0.0,10800000.0,10800000.0,10800000.0,29000000.0,0.0,0.066,95200000.0,67300000.0,5400000.0,0.0,1.566,45.768,46.575,64700000.0,0.0,18.63,4.628,4.628,145600000.0,2569300000.0,162500000.0,162500000.0,0.0,,,,,18300000.0,64600000.0,1.0,215697370.0,215697370,,0.753,1236900000.0,19000000.0,25200000.0,424100000.0,5.734,735900000.0
46,JNS,MRQ,2005-09-30,2005-09-30,2005-09-30,2020-10-19,11000000.0,3581700000.0,,838100000.0,2743600000.0,,11.559,-7200000.0,526000000.0,526000000.0,0.0,31700000.0,5.853,0.386,376600000.0,0.0,376600000.0,376600000.0,0.0,12100000.0,0.0,0.003,0.04,49400000.0,61500000.0,0.259,61500000.0,49400000.0,42200000.0,0.15,0.15,0.15,2576300000.0,,2576300000.0,3021728407.0,17.0,12.997,51300000.0,0.23,1.0,237500000.0,1.0,2411600000.0,7200000.0,877500000.0,,0.0,410200000.0,141400000.0,268800000.0,993600000.0,143200000.0,850400000.0,3220728407.0,-50000000.0,0.0,-100500000.0,0.0,-9100000.0,-111300000.0,2800000.0,10000000.0,58500000.0,0.0,31700000.0,31700000.0,31700000.0,0.0,0.0,0.133,192700000.0,44800000.0,4600000.0,0.267,1.25,33.831,32.841,63200000.0,0.0,14.45,3.406,3.406,122600000.0,2569000000.0,237500000.0,237500000.0,0.0,,,,,18200000.0,164100000.0,1.0,222887779.0,222887779,,1.066,1170100000.0,2200000.0,10500000.0,415700000.0,5.25,694900000.0
47,JNS,MRQ,2005-06-30,2005-06-30,2005-06-30,2020-10-19,9200000.0,3617800000.0,,846100000.0,2771700000.0,,11.595,-7300000.0,575900000.0,575900000.0,0.0,25700000.0,5.811,0.374,376900000.0,0.0,376900000.0,376900000.0,0.0,12700000.0,0.0,0.003,0.0,48600000.0,61300000.0,0.267,61300000.0,48600000.0,41400000.0,0.12,0.12,0.12,2630500000.0,,2630500000.0,3334511264.0,19.0,14.385,92800000.0,0.409,1.0,229300000.0,1.0,2388700000.0,7200000.0,884500000.0,,0.0,416300000.0,94300000.0,322000000.0,984400000.0,145600000.0,838800000.0,3412111264.0,121200000.0,0.0,-55800000.0,0.0,0.0,-62300000.0,83400000.0,90700000.0,100100000.0,0.0,25700000.0,25700000.0,25700000.0,0.0,0.0,0.112,189500000.0,39800000.0,4800000.0,0.0,1.297,30.795,30.694,61000000.0,0.0,15.04,3.607,3.607,112000000.0,2599900000.0,229300000.0,229300000.0,0.0,,,,,18700000.0,165600000.0,1.0,226869100.0,226869100,,1.011,1229100000.0,22900000.0,15700000.0,402200000.0,5.418,700500000.0
48,JNS,MRQ,2005-03-31,2005-03-31,2005-03-31,2020-10-19,12400000.0,3634900000.0,,860100000.0,2774800000.0,,11.492,-2400000.0,454800000.0,454800000.0,0.0,19600000.0,6.357,0.368,377200000.0,0.0,377200000.0,377200000.0,0.0,13700000.0,0.0,0.003,0.0,48200000.0,61900000.0,0.259,61900000.0,48200000.0,41000000.0,0.09,0.09,0.09,2654000000.0,,2654000000.0,3072120443.0,9.0,7.64,41400000.0,0.179,1.0,239000000.0,1.0,2392000000.0,7200000.0,1030000000.0,,0.0,510100000.0,186100000.0,324000000.0,977200000.0,135300000.0,841900000.0,3221720443.0,-72300000.0,-5800000.0,-104200000.0,0.0,0.0,-110300000.0,-5800000.0,2400000.0,43800000.0,0.0,19600000.0,19600000.0,19600000.0,0.0,0.0,0.082,197700000.0,41300000.0,6300000.0,0.0,1.214,15.254,15.33,58800000.0,0.0,13.95,3.303,3.303,126400000.0,2583300000.0,239000000.0,239000000.0,0.0,,,,,18900000.0,164300000.0,1.0,230947702.0,230947702,,1.035,1242900000.0,43900000.0,21400000.0,405000000.0,5.382,724800000.0
49,JNS,MRQ,2004-12-31,2004-12-31,2004-12-31,2020-10-19,15700000.0,3767600000.0,,1065300000.0,2702300000.0,,11.551,-3100000.0,527100000.0,527100000.0,0.0,18200000.0,6.891,0.377,377500000.0,0.0,377500000.0,377500000.0,0.0,14700000.0,0.0,0.002,0.0,33100000.0,47800000.0,0.199,47800000.0,33100000.0,25900000.0,0.08,0.08,0.08,2729400000.0,,2729400000.0,3485306037.0,12.0,9.668,41200000.0,0.174,1.0,239800000.0,1.0,2399400000.0,7200000.0,1064000000.0,,0.0,520100000.0,279200000.0,240900000.0,1028000000.0,154600000.0,873400000.0,3972006037.0,-337500000.0,0.0,-45700000.0,0.0,0.0,-45400000.0,-336400000.0,-333300000.0,44300000.0,0.0,18200000.0,18200000.0,18200000.0,0.0,0.0,0.076,214000000.0,25800000.0,7800000.0,0.0,1.455,23.434,23.027,62000000.0,0.0,16.81,3.93,3.93,125200000.0,2563700000.0,239800000.0,239800000.0,0.0,,,,,88200000.0,161500000.0,1.0,236288283.0,236288283,,1.015,1368200000.0,71500000.0,7700000.0,435800000.0,5.79,910700000.0
50,JNS,MRQ,2004-09-30,2004-09-30,2004-09-30,2020-10-19,12500000.0,3672900000.0,,1117700000.0,2555200000.0,,11.253,-7600000.0,864600000.0,864600000.0,0.0,47300000.0,10.217,0.363,377900000.0,0.0,377900000.0,377900000.0,0.0,14200000.0,0.0,0.003,0.04,46600000.0,60800000.0,0.256,60800000.0,46600000.0,41800000.0,0.2,0.2,0.2,2693500000.0,,2693500000.0,2535343795.0,3.0,2.562,-185600000.0,-0.775,1.0,237800000.0,1.0,2402900000.0,4800000.0,673900000.0,,0.0,181000000.0,96500000.0,84500000.0,977400000.0,109400000.0,868000000.0,3257743795.0,-236000000.0,0.0,-42800000.0,0.0,-9600000.0,-53900000.0,-4100000.0,3500000.0,-178000000.0,0.0,47300000.0,47300000.0,47300000.0,0.0,0.0,0.199,194800000.0,43000000.0,4700000.0,0.2,1.209,3.404,3.256,67800000.0,0.0,13.61,3.156,3.156,103900000.0,2594900000.0,237800000.0,237800000.0,0.0,,,,,0.0,149200000.0,1.0,239363982.0,239363982,,0.993,1270000000.0,18900000.0,-5500000.0,444800000.0,5.306,1008300000.0
51,JNS,MRQ,2004-06-30,2004-06-30,2004-06-30,2020-10-19,13800000.0,3947100000.0,,1379800000.0,2567300000.0,,11.176,-10800000.0,1100600000.0,1100600000.0,0.0,126100000.0,3.802,0.475,378200000.0,0.0,378200000.0,378200000.0,0.0,15200000.0,0.0,0.002,0.0,216400000.0,231600000.0,0.895,231600000.0,216400000.0,204800000.0,0.54,0.54,0.54,2675200000.0,,2675200000.0,3520373609.0,4.0,3.375,34200000.0,0.143,1.0,258800000.0,1.0,2415000000.0,11600000.0,446800000.0,,0.0,179200000.0,93500000.0,85700000.0,1271400000.0,362900000.0,908500000.0,3947073609.0,-177900000.0,0.0,200000.0,-529000000.0,0.0,-538300000.0,315400000.0,326200000.0,45000000.0,0.0,126100000.0,126100000.0,126100000.0,0.0,0.0,0.487,217200000.0,41600000.0,7200000.0,0.0,1.475,4.109,3.926,66600000.0,0.0,16.49,3.755,3.755,114800000.0,2543600000.0,258800000.0,258800000.0,0.0,,,,,0.0,171400000.0,1.0,239361650.0,239361650,,1.081,1532100000.0,0.0,78700000.0,635300000.0,6.401,1016900000.0
52,JNS,MRQ,2004-03-31,2004-03-31,2004-03-31,2020-10-19,154000000.0,4464300000.0,,1573100000.0,2891200000.0,,11.187,-5000000.0,1278500000.0,1278500000.0,0.0,-22100000.0,4.645,0.665,851800000.0,84000000.0,767800000.0,851800000.0,0.0,16300000.0,0.0,0.002,0.0,4000000.0,20300000.0,0.074,20300000.0,4000000.0,-10800000.0,-0.1,-0.1,-0.1,2679300000.0,,2679300000.0,3552959320.0,4.0,3.857,73300000.0,0.306,1.0,274400000.0,1.0,2417900000.0,14800000.0,1281000000.0,,0.0,504700000.0,92400000.0,412300000.0,1780800000.0,338700000.0,1442100000.0,3923159320.0,55700000.0,-5800000.0,-1600000.0,0.0,0.0,-1900000.0,-20700000.0,-11700000.0,78300000.0,0.0,-22100000.0,-22100000.0,-22100000.0,0.0,0.0,-0.081,272900000.0,1500000.0,6800000.0,0.0,1.464,4.448,4.233,61000000.0,0.0,16.38,3.78,3.78,123300000.0,2423000000.0,274400000.0,274400000.0,0.0,,,,,0.0,157800000.0,1.0,239509116.0,239509116,,1.146,2046400000.0,0.0,11300000.0,669600000.0,8.544,1234400000.0
53,JNS,MRQ,2003-12-31,2003-12-31,2003-12-31,2020-10-19,135100000.0,4332200000.0,,1466200000.0,2866000000.0,,11.128,-10900000.0,1222800000.0,1222800000.0,0.0,805700000.0,5.166,0.616,852600000.0,83800000.0,768800000.0,852600000.0,0.0,16300000.0,0.0,0.002,0.0,660500000.0,676800000.0,2.589,676800000.0,660500000.0,645500000.0,3.54,3.51,3.54,2678300000.0,,2678300000.0,4679712160.0,5.0,4.675,81100000.0,0.337,1.0,261400000.0,1.0,2421100000.0,15000000.0,1257100000.0,,0.0,464300000.0,78100000.0,386200000.0,1650800000.0,283800000.0,1367000000.0,3949412160.0,1099700000.0,14900000.0,-1900000.0,0.0,0.0,-200000.0,1007900000.0,1003900000.0,92000000.0,0.0,805700000.0,805700000.0,805700000.0,-1700000.0,0.0,3.082,249000000.0,12400000.0,8300000.0,0.0,1.475,4.189,3.964,58700000.0,0.0,16.41,3.97,3.97,123700000.0,2403800000.0,261400000.0,261400000.0,0.0,,,,,27500000.0,131000000.0,1.0,240671064.0,240671064,,1.086,1911100000.0,0.0,-160200000.0,484800000.0,7.941,1182400000.0
54,JNS,MRQ,2003-09-30,2003-09-30,2003-09-30,2020-10-19,65000000.0,3530000000.0,,401800000.0,3128200000.0,,7.383,-7900000.0,123100000.0,123100000.0,0.0,50900000.0,1.827,0.997,853400000.0,83500000.0,769900000.0,853400000.0,0.0,16500000.0,0.0,0.003,0.04,97800000.0,114300000.0,0.445,114300000.0,97800000.0,83000000.0,0.22,0.22,0.22,1766500000.0,,1766500000.0,4133917477.0,12.0,9.791,101700000.0,0.425,1.0,256600000.0,1.0,2474800000.0,14800000.0,1565600000.0,,0.0,686300000.0,84200000.0,602100000.0,1760700000.0,219900000.0,1540800000.0,3342617477.0,69200000.0,-6800000.0,1400000.0,0.0,-9500000.0,-10400000.0,-30000000.0,-15300000.0,109600000.0,0.0,50900000.0,50900000.0,50900000.0,4000000.0,0.0,0.198,176300000.0,80300000.0,6900000.0,0.182,1.892,19.144,18.143,51300000.0,0.0,13.97,3.423,3.423,112800000.0,1630000000.0,256600000.0,256600000.0,0.0,,,,,16200000.0,129600000.0,1.0,239271115.0,239271115,,1.072,1055200000.0,0.0,32100000.0,747300000.0,4.41,181900000.0
55,JNS,MRQ,2003-06-30,2003-06-30,2003-06-30,2020-10-19,55500000.0,3417500000.0,,295400000.0,3122100000.0,,7.046,-3000000.0,63000000.0,63000000.0,0.0,47500000.0,1.514,1.026,854300000.0,83300000.0,771000000.0,854300000.0,0.0,16800000.0,0.0,0.002,0.0,93000000.0,109800000.0,0.447,109800000.0,93000000.0,78400000.0,0.21,0.21,0.21,1686000000.0,,1686000000.0,4636134614.0,19.0,14.488,16300000.0,0.068,1.0,245500000.0,1.0,2494100000.0,14600000.0,1519600000.0,,0.0,636400000.0,65500000.0,570900000.0,1729200000.0,195100000.0,1534100000.0,3924334614.0,-81200000.0,-97200000.0,4300000.0,0.0,0.0,-6300000.0,-94200000.0,6000000.0,19300000.0,0.0,47500000.0,47500000.0,47500000.0,0.0,0.0,0.193,168600000.0,76900000.0,5900000.0,0.0,2.328,-523.245,-410.0,57100000.0,0.0,16.4,4.035,4.035,116500000.0,1579100000.0,245500000.0,245500000.0,0.0,,,,,16300000.0,131300000.0,1.0,239288696.0,239288696,,1.026,923400000.0,6400000.0,30900000.0,724400000.0,3.859,100300000.0
56,JNS,MRQ,2003-03-31,2003-03-31,2003-03-31,2020-10-19,19100000.0,3387200000.0,,367800000.0,3019400000.0,,7.126,-2100000.0,143300000.0,143300000.0,0.0,38600000.0,2.011,1.126,855100000.0,0.0,855100000.0,855100000.0,0.0,18000000.0,0.0,0.004,0.0,82200000.0,100200000.0,0.433,100200000.0,82200000.0,66100000.0,0.17,0.17,0.17,1592700000.0,,1592700000.0,3241033484.0,11.0,9.112,37200000.0,0.166,1.0,231200000.0,1.0,2459300000.0,16100000.0,1456800000.0,,0.0,558800000.0,63400000.0,495400000.0,1793400000.0,182900000.0,1610500000.0,2545633484.0,-17400000.0,-12700000.0,-5600000.0,0.0,0.0,-10100000.0,-46600000.0,-31800000.0,39300000.0,0.0,38600000.0,38600000.0,38600000.0,0.0,0.0,0.167,167700000.0,63500000.0,8500000.0,0.0,1.598,136.13,142.375,64700000.0,0.0,11.39,2.454,2.454,110800000.0,1541100000.0,231200000.0,231200000.0,0.0,,,,,18400000.0,128200000.0,1.0,223497233.0,223497233,,1.034,927900000.0,0.0,27500000.0,736900000.0,4.152,184900000.0
57,JNS,MRQ,2002-12-31,2002-12-31,2002-12-31,2020-10-19,36300000.0,3321700000.0,,370300000.0,2951400000.0,,6.778,-3800000.0,152500000.0,152500000.0,0.0,37600000.0,1.977,1.199,856000000.0,0.0,856000000.0,856000000.0,0.0,17900000.0,0.0,0.004,0.0,80000000.0,97900000.0,0.403,97900000.0,80000000.0,63400000.0,0.17,0.18,0.17,1508000000.0,,1508000000.0,3725004712.0,10.0,8.603,59500000.0,0.267,1.0,243100000.0,1.0,2368200000.0,16600000.0,1469700000.0,,0.0,542600000.0,25100000.0,517500000.0,1808200000.0,187300000.0,1620900000.0,2907804712.0,69800000.0,-8800000.0,400000.0,-28300000.0,0.0,-20000000.0,26500000.0,38800000.0,63300000.0,0.0,37600000.0,37600000.0,37600000.0,100000.0,0.0,0.155,178000000.0,65100000.0,11800000.0,0.0,1.928,37.617,37.343,65700000.0,0.0,13.07,2.589,2.589,98300000.0,1469500000.0,243100000.0,243100000.0,0.0,,,,,36800000.0,123600000.0,1.0,222479320.0,222479320,,1.093,953500000.0,0.0,25800000.0,729100000.0,4.286,183000000.0
58,JNS,MRQ,2002-09-30,2002-09-30,2002-09-30,2020-10-19,27500000.0,3331900000.0,,308900000.0,3023000000.0,,6.396,-2200000.0,90300000.0,90300000.0,0.0,-131200000.0,1.245,1.337,907500000.0,35000000.0,872500000.0,907500000.0,0.0,17600000.0,0.0,0.005,0.04,-5500000.0,12100000.0,0.048,12100000.0,-5500000.0,-19700000.0,-0.59,-0.59,-0.59,1422600000.0,,1422600000.0,3532041953.0,9.0,7.004,67700000.0,0.304,1.0,252700000.0,1.0,2450500000.0,14200000.0,1450400000.0,,0.0,519800000.0,24400000.0,495400000.0,1902500000.0,248200000.0,1654300000.0,2684541953.0,19700000.0,-100000.0,-100000.0,-38800000.0,-9000000.0,-47500000.0,-2700000.0,100000.0,69900000.0,0.0,-131200000.0,-131200000.0,-131200000.0,10300000.0,0.0,-0.519,266300000.0,-13600000.0,16800000.0,-0.068,1.887,23.673,23.667,77100000.0,0.0,12.07,2.225,2.225,103800000.0,1392900000.0,252700000.0,252700000.0,0.0,,,,,34300000.0,142700000.0,1.0,222414412.0,222415000,223779000.0,1.136,881400000.0,0.0,111500000.0,736400000.0,3.963,60700000.0
59,JNS,MRQ,2002-06-30,2002-06-30,2002-06-30,2020-10-19,64000000.0,3347400000.0,,269200000.0,3078200000.0,,6.974,-6300000.0,69500000.0,69500000.0,0.0,73700000.0,0.863,1.151,917000000.0,150000000.0,767000000.0,917000000.0,0.0,17700000.0,0.0,0.002,0.0,127800000.0,145500000.0,0.469,145500000.0,127800000.0,114400000.0,0.33,0.33,0.33,1550900000.0,,1550900000.0,4839450590.0,10.0,7.957,10900000.0,0.049,1.0,310400000.0,1.0,2441700000.0,13400000.0,1441100000.0,,0.0,577900000.0,25600000.0,552300000.0,1785000000.0,312100000.0,1472900000.0,4046850590.0,-225400000.0,-5900000.0,600000.0,-191700000.0,-2200000.0,-192600000.0,-50000000.0,-37400000.0,17200000.0,0.0,73700000.0,73700000.0,73700000.0,0.0,0.0,0.237,202400000.0,108000000.0,20500000.0,0.0,2.609,14.911,14.918,84200000.0,0.0,18.2,3.076,3.077,122600000.0,1484700000.0,310400000.0,310400000.0,0.0,,,,,12900000.0,165600000.0,1.0,222354428.0,222380000,224411000.0,1.396,905700000.0,0.0,40700000.0,663100000.0,4.073,-42900000.0
60,JNS,MRQ,2002-03-31,2002-03-31,2002-03-31,2020-10-19,83300000.0,3503400000.0,,510900000.0,2992500000.0,,6.672,-3700000.0,294900000.0,294900000.0,0.0,97200000.0,0.583,1.351,1087500000.0,696300000.0,391200000.0,1087500000.0,0.0,17800000.0,0.0,0.002,0.01,159800000.0,177600000.0,0.541,177600000.0,159800000.0,146400000.0,0.44,0.42,0.44,1482700000.0,,1482700000.0,6301637163.0,12.0,9.75,126600000.0,0.57,1.0,328300000.0,1.0,2365300000.0,13400000.0,1055000000.0,,0.0,569600000.0,30000000.0,539600000.0,2003400000.0,875700000.0,1127700000.0,5444137163.0,58200000.0,-44500000.0,2400000.0,0.0,0.0,-27100000.0,-45000000.0,2700000.0,130300000.0,0.0,97200000.0,97200000.0,97200000.0,0.0,0.0,0.296,190300000.0,138000000.0,49100000.0,0.023,3.672,18.897,18.838,87600000.0,0.0,24.49,3.843,3.842,138900000.0,1397200000.0,328300000.0,328300000.0,0.0,,,,,6400000.0,162800000.0,1.0,222300415.0,222243000,224590000.0,1.477,1138100000.0,0.0,49200000.0,686100000.0,5.121,-364800000.0
61,JNS,MRQ,2001-12-31,2001-12-31,2001-12-31,2020-10-19,75800000.0,3391900000.0,,478100000.0,2913800000.0,,6.153,-6600000.0,236700000.0,236700000.0,0.0,73700000.0,0.543,1.471,1094200000.0,694700000.0,399500000.0,1094200000.0,0.0,35700000.0,0.0,0.001,0.01,133400000.0,169100000.0,0.536,169100000.0,133400000.0,120700000.0,0.33,0.32,0.33,1363300000.0,,1363300000.0,6287227213.0,11.0,9.216,26600000.0,0.12,1.0,315200000.0,1.0,2270500000.0,12700000.0,1098000000.0,,0.0,581400000.0,31000000.0,550400000.0,2005300000.0,880900000.0,1124400000.0,6024727213.0,-194200000.0,-641900000.0,-10600000.0,392700000.0,-2200000.0,384200000.0,-611600000.0,37200000.0,33200000.0,0.0,73700000.0,73700000.0,73700000.0,4100000.0,0.0,0.234,222800000.0,92400000.0,42500000.0,0.03,4.419,19.93,19.869,92900000.0,0.0,27.22,3.92,3.899,128500000.0,1285300000.0,315200000.0,315200000.0,0.0,,,,,33300000.0,422500000.0,1.0,221334578.0,221561000,223860000.0,1.423,1121400000.0,0.0,47000000.0,680200000.0,5.061,-402800000.0
62,JNS,MRQ,2001-09-30,2001-09-30,2001-09-30,2020-10-19,45000000.0,2656700000.0,,640200000.0,2016500000.0,,5.745,-6500000.0,430400000.0,430400000.0,0.0,26800000.0,0.719,1.026,692900000.0,692900000.0,0.0,692900000.0,0.0,35000000.0,0.0,0.002,0.01,81000000.0,116000000.0,0.321,116000000.0,81000000.0,74000000.0,0.12,0.11,0.12,1266600000.0,,1266600000.0,4602828097.0,7.0,5.837,171700000.0,0.779,1.0,361600000.0,1.0,1468900000.0,7000000.0,560100000.0,,0.0,463500000.0,25200000.0,438300000.0,1299200000.0,890200000.0,409000000.0,4300328097.0,-8300000.0,-138100000.0,15700000.0,-50000000.0,-2200000.0,-42000000.0,-144500000.0,-100000.0,178200000.0,0.0,26800000.0,26800000.0,26800000.0,0.0,0.0,0.074,230200000.0,131400000.0,24700000.0,0.083,3.395,11.263,11.272,109300000.0,0.0,19.5,2.454,2.454,123200000.0,1219400000.0,361600000.0,361600000.0,0.0,,,,,0.0,100400000.0,1.0,220529646.0,220462000,224390000.0,1.64,1187800000.0,0.0,47200000.0,435500000.0,5.388,-250000000.0
63,JNS,MRQ,2001-06-30,2001-06-30,2001-06-30,2020-10-19,54700000.0,2588200000.0,,697400000.0,1890800000.0,,5.659,-7200000.0,438700000.0,438700000.0,0.0,90400000.0,0.763,1.056,741200000.0,741200000.0,0.0,741200000.0,0.0,32100000.0,0.0,0.001,0.01,151500000.0,183600000.0,0.446,183600000.0,151500000.0,141700000.0,0.41,0.39,0.41,1241600000.0,,1241600000.0,7124497211.0,8.0,7.268,134800000.0,0.614,1.0,411500000.0,1.0,1310300000.0,9800000.0,666500000.0,,0.0,494300000.0,30800000.0,463500000.0,1311100000.0,913900000.0,397200000.0,7359897211.0,103300000.0,-610100000.0,2000000.0,623600000.0,-4400000.0,581700000.0,-620400000.0,-3800000.0,142000000.0,0.0,90400000.0,90400000.0,90400000.0,0.0,0.0,0.22,282800000.0,128700000.0,27600000.0,0.024,5.928,14.016,14.16,117000000.0,0.0,33.56,3.68,3.681,158400000.0,1184700000.0,411500000.0,411500000.0,0.0,,,,,0.0,106100000.0,1.0,219305638.0,219387000,224615000.0,1.876,1277900000.0,0.0,51300000.0,386800000.0,5.825,-216500000.0
64,JNS,MRQ,2001-03-31,2001-03-31,2001-03-31,2020-10-19,48200000.0,1762600000.0,,591900000.0,1170700000.0,,5.123,-13000000.0,335400000.0,335400000.0,0.0,111400000.0,2.797,0.541,100000000.0,0.0,100000000.0,100000000.0,0.0,24900000.0,0.0,0.001,0.01,188600000.0,213500000.0,0.476,213500000.0,188600000.0,183600000.0,0.51,0.48,0.51,1122100000.0,,1122100000.0,5510937074.0,6.0,5.141,137000000.0,0.625,1.0,448500000.0,1.0,617000000.0,5000000.0,698600000.0,,0.0,449700000.0,25800000.0,423900000.0,606700000.0,211600000.0,395100000.0,5875237074.0,-28900000.0,-230800000.0,5400000.0,100000000.0,0.0,59800000.0,-238700000.0,-300000.0,150000000.0,0.0,111400000.0,111400000.0,111400000.0,0.0,0.0,0.248,265700000.0,182800000.0,24400000.0,0.02,5.236,10.019,10.159,129800000.0,0.0,26.82,2.731,2.731,164900000.0,1071700000.0,448500000.0,448500000.0,0.0,,,,,0.0,123700000.0,1.0,219061785.0,219042000,224666000.0,2.048,1145600000.0,0.0,72200000.0,289200000.0,5.23,380300000.0
65,JNS,MRQ,2000-12-31,2000-12-31,2000-12-31,2020-10-19,103300000.0,1581000000.0,,641100000.0,939900000.0,,4.802,-10700000.0,364300000.0,364300000.0,0.0,153200000.0,3.269,0.425,0.0,0.0,0.0,0.0,0.0,24200000.0,0.0,0.0,0.01,251300000.0,275500000.0,0.519,275500000.0,251300000.0,249400000.0,0.69,0.67,0.69,1057800000.0,,1057800000.0,8242300606.0,8.0,6.987,55900000.0,0.254,1.0,530500000.0,1.0,291100000.0,1900000.0,729500000.0,,0.0,541300000.0,30200000.0,511100000.0,449900000.0,196100000.0,253800000.0,8771100606.0,-164500000.0,-21600000.0,-167700000.0,0.0,-2200000.0,-197000000.0,-34100000.0,4500000.0,66600000.0,0.0,153200000.0,153200000.0,153200000.0,0.0,0.0,0.289,287300000.0,243200000.0,27300000.0,0.014,8.292,13.215,13.235,137700000.0,0.0,39.44,3.902,3.903,194400000.0,952300000.0,530500000.0,530500000.0,0.0,,,,,10800000.0,629900000.0,1.0,222390989.0,220291000,226314000.0,2.408,1289900000.0,0.0,96200000.0,211100000.0,5.855,445000000.0
66,JNS,MRQ,2000-09-30,2000-09-30,2000-09-30,2020-10-19,127600000.0,1778800000.0,,834900000.0,943900000.0,,4.939,-20600000.0,528800000.0,528800000.0,0.0,170100000.0,2.416,0.554,0.0,0.0,0.0,0.0,0.0,21500000.0,0.0,0.0,0.0,286200000.0,307700000.0,0.505,307700000.0,286200000.0,284300000.0,0.76,0.73,0.76,1103300000.0,,1103300000.0,9324923336.0,9.0,8.552,316100000.0,1.415,1.0,609500000.0,1.0,267700000.0,1900000.0,636800000.0,,0.0,571500000.0,34200000.0,537300000.0,611400000.0,345500000.0,265900000.0,9768423336.0,85300000.0,-86000000.0,-131800000.0,0.0,0.0,-142100000.0,-109300000.0,-2800000.0,336700000.0,0.0,170100000.0,170100000.0,170100000.0,0.0,0.0,0.279,317100000.0,292400000.0,34100000.0,0.0,8.854,16.04,15.934,138900000.0,0.0,43.5,4.645,4.621,225000000.0,973500000.0,609500000.0,609500000.0,0.0,,,,,0.0,160600000.0,1.0,224561456.0,223407000,229297000.0,2.728,1511100000.0,0.0,114200000.0,324200000.0,6.764,489400000.0
67,JNS,MRQ,2000-06-30,2000-06-30,2000-06-30,2020-10-19,111100000.0,1558300000.0,,728700000.0,829600000.0,,4.672,-44300000.0,443500000.0,443500000.0,0.0,151700000.0,3.468,0.414,0.0,0.0,0.0,0.0,0.0,19900000.0,0.0,0.0,0.0,255300000.0,275200000.0,0.489,275200000.0,255300000.0,254000000.0,0.68,0.67,0.68,1041800000.0,,1041800000.0,9318916295.0,11.0,10.002,94300000.0,0.423,1.0,563000000.0,1.0,198500000.0,1300000.0,706200000.0,,0.0,533800000.0,31400000.0,502400000.0,431800000.0,210100000.0,221700000.0,9669616295.0,92800000.0,-1200000.0,0.0,0.0,0.0,-8300000.0,-37500000.0,1000000.0,138600000.0,0.0,151700000.0,151700000.0,151700000.0,0.0,0.0,0.269,307200000.0,255800000.0,20900000.0,0.0,9.282,18.538,18.402,128700000.0,0.0,43.06,5.357,5.32,211300000.0,823900000.0,563000000.0,563000000.0,0.0,,,,,0.0,150000000.0,1.0,224561456.0,223000000,223000000.0,2.525,1359800000.0,0.0,102300000.0,211400000.0,6.098,518600000.0
68,JNS,MRQ,2000-03-31,2000-03-31,2000-03-31,2020-10-19,112000000.0,1432700000.0,,649300000.0,783400000.0,,3.987,-31500000.0,350700000.0,350700000.0,0.0,188700000.0,2.438,0.536,0.0,0.0,0.0,0.0,0.0,15600000.0,0.0,,0.0,305600000.0,321200000.0,0.589,321200000.0,305600000.0,303000000.0,0.85,0.84,0.85,889000000.0,,889000000.0,,,,157900000.0,0.708,1.0,545100000.0,1.0,190700000.0,2600000.0,625000000.0,,0.0,531400000.0,33000000.0,498400000.0,476800000.0,266300000.0,210500000.0,,26600000.0,-1800000.0,0.0,-125000000.0,0.0,-124100000.0,-38700000.0,-6800000.0,189400000.0,0.0,188700000.0,188700000.0,188700000.0,0.0,0.0,0.346,256000000.0,289100000.0,75900000.0,0.0,,,,94300000.0,0.0,,,,223500000.0,670200000.0,545100000.0,545100000.0,0.0,,,,,0.0,153700000.0,1.0,224561456.0,223000000,223000000.0,2.444,1242000000.0,0.0,114300000.0,251000000.0,5.57,383000000.0
69,JNS,MRQ,1999-12-31,1999-12-31,1999-12-31,2020-10-19,108900000.0,1231500000.0,,525000000.0,706500000.0,,3.653,-21900000.0,324100000.0,324100000.0,0.0,98500000.0,3.231,0.441,0.0,0.0,0.0,0.0,0.0,10700000.0,0.0,,0.0,175600000.0,186300000.0,0.483,186300000.0,175600000.0,172100000.0,0.44,0.43,0.44,814600000.0,,814600000.0,,,,95500000.0,0.428,1.0,385600000.0,1.0,162000000.0,3500000.0,582900000.0,,0.0,498000000.0,23900000.0,474100000.0,359600000.0,162500000.0,197100000.0,,104100000.0,-300000.0,0.0,0.0,0.0,-4100000.0,-9200000.0,13000000.0,117400000.0,0.0,98500000.0,98500000.0,98500000.0,0.0,0.0,0.255,212800000.0,172800000.0,21000000.0,0.0,,,,70400000.0,0.0,,,,155700000.0,598900000.0,385600000.0,385600000.0,0.0,,,,,0.0,117400000.0,1.0,224561456.0,223000000,223000000.0,1.729,1069500000.0,0.0,73600000.0,180100000.0,4.796,362500000.0
70,JNS,MRQ,1999-09-30,1999-09-30,1999-09-30,2020-10-19,75200000.0,1016100000.0,,391200000.0,624900000.0,,3.058,-11000000.0,103300000.0,103300000.0,0.0,82700000.0,3.075,0.426,0.0,0.0,0.0,0.0,0.0,10000000.0,0.0,,0.0,139000000.0,149000000.0,0.479,149000000.0,139000000.0,138300000.0,0.37,0.36,0.37,681900000.0,,681900000.0,,,,92800000.0,0.416,1.0,311200000.0,1.0,159600000.0,700000.0,626000000.0,,0.0,562300000.0,151100000.0,411200000.0,290600000.0,127200000.0,163400000.0,,90400000.0,0.0,0.0,0.0,0.0,-5000000.0,-8400000.0,2600000.0,103800000.0,0.0,82700000.0,82700000.0,82700000.0,0.0,0.0,0.266,178400000.0,132800000.0,95000000.0,0.0,,,,54100000.0,0.0,,,,120300000.0,499900000.0,311200000.0,311200000.0,0.0,,,,,0.0,99100000.0,1.0,224561456.0,223000000,223000000.0,1.396,856500000.0,0.0,55600000.0,146900000.0,3.841,264000000.0
71,JNS,MRQ,1999-06-30,1999-06-30,1999-06-30,2020-10-19,90800000.0,921100000.0,,286600000.0,634500000.0,,2.757,,51200000.0,51200000.0,0.0,70900000.0,2.676,0.444,0.0,0.0,0.0,0.0,0.0,,0.0,,0.0,118400000.0,,,,118400000.0,117700000.0,0.32,0.31,0.32,614800000.0,,614800000.0,,,,,,1.0,282200000.0,1.0,160300000.0,700000.0,602500000.0,,0.0,540500000.0,114100000.0,426400000.0,272700000.0,107100000.0,165600000.0,,,,,,,,,,,,70900000.0,70900000.0,70900000.0,0.0,0.0,0.251,166700000.0,115500000.0,90100000.0,0.0,,,,47800000.0,0.0,,,,108600000.0,417200000.0,282200000.0,282200000.0,0.0,,,,,,95400000.0,1.0,224561456.0,223000000,231067000.0,1.265,760800000.0,0.0,46800000.0,134900000.0,3.412,179500000.0
72,JNS,MRQ,1999-03-31,1999-03-31,1999-03-31,2020-10-19,,,,,,,,,,,0.0,61000000.0,,,,,,,,,,,0.0,102100000.0,,,,102100000.0,101100000.0,61000.0,60200.0,61000.0,,,,,,,,,1.0,233300000.0,1.0,,1000000.0,,,,,,,,,,,,,,,,,,,,,61000000.0,61000000.0,61000000.0,0.0,0.0,0.261,136100000.0,97200000.0,,0.0,,,,,0.0,,,,,,233300000.0,233300000.0,0.0,,,,,,76100000.0,1.0,224561456.0,1000000000,230760000000.0,0.233,,,40100000.0,,,
73,JNS,MRQ,1998-12-31,1998-12-31,1998-12-31,2020-10-19,74900000.0,822900000.0,,259300000.0,563600000.0,,2.422,-6700000.0,138500000.0,138500000.0,0.0,22300000.0,3.647,0.46,16600000.0,0.0,16600000.0,16600000.0,0.0,5900000.0,0.0,,0.0,38500000.0,44400000.0,0.246,44400000.0,38500000.0,37400000.0,-129899.32,-128899.33,-129899.32,540200000.0,,540200000.0,,,,31400000.0,0.141,1.0,180700000.0,1.0,147000000.0,1100000.0,482900000.0,,0.0,411400000.0,32200000.0,379200000.0,248400000.0,71100000.0,177300000.0,,47100000.0,-3200000.0,0.0,-67500000.0,0.0,-8500000.0,17500000.0,24300000.0,38100000.0,0.0,22300000.0,22300000.0,22300000.0,0.0,0.0,0.123,110100000.0,70600000.0,21700000.0,0.0,,,,37400000.0,0.0,,,,76600000.0,358500000.0,180700000.0,180700000.0,0.0,,,,,0.0,60200000.0,1.0,224561456.0,223000000,223000000.0,0.81,675900000.0,0.0,15100000.0,122000000.0,3.031,188200000.0
74,JNS,MRQ,1998-09-30,1998-09-30,1998-09-30,2020-10-19,,,,,,,,-15700000.0,,,0.0,43600000.0,,,,,,,,4600000.0,,,0.0,77000000.0,81600000.0,0.46,81600000.0,77000000.0,75200000.0,43600.0,43400.0,43600.0,,,,,,,41500000.0,0.042,1.0,177200000.0,1.0,,1800000.0,,,,,,,,,,,3700000.0,0.0,0.0,0.0,0.0,-22300000.0,-31200000.0,-16800000.0,57200000.0,0.0,43600000.0,43600000.0,43600000.0,0.0,0.0,0.246,100200000.0,77000000.0,,0.0,,,,,0.0,,,,,,177200000.0,177200000.0,0.0,,,,,0.0,54200000.0,1.0,,1000000000,228059000000.0,0.177,,,31600000.0,,,
75,JNS,MRQ,1997-12-31,1997-12-31,1997-12-31,2020-10-19,50800000.0,672600000.0,,194200000.0,478400000.0,,0.348,,33700000.0,33700000.0,,,3.063,0.85,84100000.0,0.0,84100000.0,84100000.0,0.0,,0.0,,0.0,,,,,,,,,,348300000.0,,348300000.0,,,,,,1.0,,,120900000.0,,538700000.0,,0.0,448500000.0,100400000.0,348100000.0,296100000.0,63400000.0,232700000.0,,,,,,,,,,,,,,,,,,,,48500000.0,,,,,9400000.0,,,,,53700000.0,206300000.0,,,,,,,,,,1.0,,1000000000,,,551700000.0,0.0,,112500000.0,0.552,130800000.0
0,JNS,MRT,2017-03-31,2017-03-31,2017-03-31,2020-10-19,-2000000.0,2833800000.0,2883050000.0,840100000.0,1993700000.0,0.354,8.964,-9200000.0,360700000.0,360700000.0,0.0,146600000.0,3.254,0.688,407400000.0,111900000.0,295500000.0,407400000.0,0.0,34200000.0,0.0,0.033,0.44,250900000.0,285100000.0,0.28,285100000.0,250900000.0,230100000.0,0.77,0.77,0.77,1652100000.0,1622725000.0,1652100000.0,2347061861.0,9.0,8.232,249600000.0,1.354,1.0,1019800000.0,1.0,1949100000.0,20800000.0,673200000.0,688800000.0,0.0,295100000.0,295100000.0,0.0,1136200000.0,258200000.0,878000000.0,2432761861.0,51500000.0,0.0,-48400000.0,-1300000.0,-80800000.0,-196900000.0,-10000000.0,-800000.0,258800000.0,-400000.0,141900000.0,141900000.0,141900000.0,0.0,4700000.0,0.139,765500000.0,254300000.0,97400000.0,0.571,1.473,17.144,17.143,32800000.0,0.0,13.2,2.386,2.386,142400000.0,1652300000.0,1019800000.0,1019800000.0,0.0,0.049,0.087,0.364,0.246,51600000.0,653800000.0,1.0,184300141.0,184300141,,5.533,884700000.0,0.0,88200000.0,527100000.0,4.8,581900000.0
1,JNS,MRT,2016-12-31,2016-12-31,2016-12-31,2020-10-19,-7900000.0,2949900000.0,2874875000.0,963000000.0,1986900000.0,0.352,8.928,-9300000.0,492000000.0,492000000.0,0.0,151300000.0,4.156,0.728,406300000.0,0.0,406300000.0,406300000.0,0.0,35500000.0,0.0,0.032,0.42,257800000.0,293300000.0,0.29,293300000.0,257800000.0,237000000.0,0.79,0.78,0.79,1630400000.0,1607825000.0,1630400000.0,2457605097.0,10.0,8.379,252900000.0,1.385,1.0,1010700000.0,1.0,1940900000.0,20800000.0,691600000.0,726975000.0,0.0,303700000.0,303700000.0,0.0,1187500000.0,231700000.0,955800000.0,2423305097.0,121500000.0,0.0,-64000000.0,-1400000.0,-77200000.0,-153300000.0,13300000.0,22600000.0,262200000.0,-700000.0,146100000.0,146100000.0,146100000.0,0.0,5200000.0,0.145,749100000.0,261600000.0,93200000.0,0.532,1.486,16.587,16.797,34200000.0,0.0,13.27,2.398,2.398,129900000.0,1636500000.0,1010700000.0,1010700000.0,0.0,0.051,0.091,0.355,0.255,56200000.0,634700000.0,1.0,182615305.0,182615305,,5.535,1009000000.0,0.0,90900000.0,502800000.0,5.525,731300000.0
2,JNS,MRT,2016-09-30,2016-09-30,2016-09-30,2020-10-19,-2800000.0,2908700000.0,2854325000.0,905600000.0,2003100000.0,0.36,8.797,-12800000.0,371000000.0,371000000.0,0.0,168500000.0,3.089,0.719,405300000.0,110100000.0,295200000.0,405300000.0,0.0,36000000.0,0.0,0.029,0.4,283800000.0,319800000.0,0.311,319800000.0,283800000.0,263000000.0,0.88,0.86,0.88,1614700000.0,1595900000.0,1614700000.0,2636373127.0,9.0,8.244,281600000.0,1.534,1.0,1027100000.0,1.0,1955800000.0,20800000.0,694000000.0,708175000.0,0.0,362700000.0,362700000.0,0.0,1161600000.0,293200000.0,868400000.0,2571473127.0,76700000.0,0.0,-91100000.0,-1500000.0,-73700000.0,-197900000.0,-19700000.0,-6900000.0,294400000.0,-100000.0,161800000.0,161800000.0,161800000.0,0.0,6700000.0,0.158,746500000.0,280600000.0,8100000.0,0.455,1.593,15.893,15.92,35300000.0,0.0,14.01,2.504,2.504,128100000.0,1615700000.0,1027100000.0,1027100000.0,0.0,0.057,0.101,0.401,0.276,55900000.0,631700000.0,1.0,183545548.0,183545548,,5.596,952900000.0,0.0,101200000.0,518900000.0,5.192,612400000.0
3,JNS,MRT,2016-06-30,2016-06-30,2016-06-30,2020-10-19,-5900000.0,2839800000.0,2841575000.0,836900000.0,2002900000.0,0.367,8.632,-13500000.0,339300000.0,339300000.0,0.0,145400000.0,3.285,0.704,404200000.0,109200000.0,295000000.0,404200000.0,0.0,36000000.0,0.0,0.027,0.38,255000000.0,291000000.0,0.279,291000000.0,255000000.0,231500000.0,0.77,0.74,0.77,1593700000.0,1584375000.0,1593700000.0,2665468754.0,10.0,9.16,292800000.0,1.586,1.0,1042000000.0,1.0,1953500000.0,23500000.0,696400000.0,717650000.0,0.0,316500000.0,316500000.0,0.0,1122600000.0,254800000.0,867800000.0,2570068754.0,37900000.0,7300000.0,-103500000.0,-87100000.0,-70400000.0,-278000000.0,10600000.0,16800000.0,306300000.0,-1000000.0,140600000.0,140600000.0,140600000.0,0.0,4800000.0,0.135,747300000.0,294700000.0,7800000.0,0.494,1.613,18.279,18.078,37000000.0,0.0,13.92,2.466,2.466,126500000.0,1597800000.0,1042000000.0,1042000000.0,0.0,0.049,0.089,0.355,0.245,54700000.0,635900000.0,1.0,184631376.0,184631376,,5.644,886300000.0,0.0,90900000.0,520100000.0,4.8,582100000.0
4,JNS,MRT,2016-03-31,2016-03-31,2016-03-31,2020-10-19,-3400000.0,2801100000.0,2822125000.0,796300000.0,2004800000.0,0.376,8.567,-14600000.0,307900000.0,307900000.0,0.0,150100000.0,7.353,0.681,403300000.0,0.0,403300000.0,403300000.0,0.0,34700000.0,0.0,0.025,0.36,263000000.0,297700000.0,0.28,297700000.0,263000000.0,237400000.0,0.8,0.76,0.8,1592500000.0,1583725000.0,1592500000.0,2761374690.0,10.0,9.276,274700000.0,1.478,1.0,1062000000.0,1.0,1962300000.0,25600000.0,825900000.0,767625000.0,0.0,301200000.0,301200000.0,0.0,1084800000.0,108300000.0,976500000.0,2719674690.0,-47900000.0,-81400000.0,-89800000.0,-86800000.0,-66900000.0,-256600000.0,-76300000.0,19700000.0,289300000.0,-4300000.0,146300000.0,146300000.0,146300000.0,0.0,3800000.0,0.138,753100000.0,308900000.0,7600000.0,0.45,1.708,18.59,18.288,37900000.0,0.0,14.63,2.561,2.561,136200000.0,1594100000.0,1062000000.0,1062000000.0,0.0,0.052,0.092,0.343,0.248,54300000.0,642300000.0,1.0,185897108.0,185897108,,5.713,838800000.0,0.0,91100000.0,523200000.0,4.512,688000000.0
5,JNS,MRT,2015-12-31,2015-12-31,2015-12-31,2020-10-19,-8900000.0,2867700000.0,2792125000.0,869300000.0,1998400000.0,0.385,8.567,-13700000.0,364400000.0,364400000.0,0.0,159300000.0,2.603,0.742,402300000.0,107500000.0,294800000.0,402300000.0,0.0,33000000.0,0.0,0.025,0.35,277500000.0,310500000.0,0.289,310500000.0,277500000.0,249800000.0,0.84,0.8,0.84,1582700000.0,1576650000.0,1582700000.0,2715958248.0,10.0,8.747,260700000.0,1.411,1.0,1076200000.0,1.0,1955300000.0,27700000.0,616400000.0,760775000.0,0.0,327100000.0,327100000.0,0.0,1173800000.0,333900000.0,839900000.0,2603058248.0,-88100000.0,-81400000.0,-80800000.0,-86800000.0,-65200000.0,-207200000.0,-150700000.0,-55600000.0,274400000.0,-4600000.0,155800000.0,155800000.0,155800000.0,0.0,3500000.0,0.145,753900000.0,322300000.0,81100000.0,0.417,1.645,16.708,16.774,38700000.0,0.0,14.09,2.419,2.419,137800000.0,1589800000.0,1076200000.0,1076200000.0,0.0,0.056,0.099,0.365,0.258,52200000.0,644100000.0,1.0,184745085.0,184745085,,5.825,912400000.0,0.0,94000000.0,498900000.0,4.939,535400000.0
6,JNS,MRT,2015-09-30,2015-09-30,2015-09-30,2020-10-19,-11500000.0,2857700000.0,2773500000.0,868500000.0,1989200000.0,0.383,8.405,-11600000.0,292400000.0,292400000.0,0.0,157800000.0,2.977,0.744,405300000.0,108200000.0,297100000.0,405300000.0,0.0,30600000.0,0.0,0.025,0.34,276900000.0,307500000.0,0.289,307500000.0,276900000.0,247200000.0,0.84,0.8,0.84,1568600000.0,1566175000.0,1568600000.0,2690891024.0,10.0,8.751,227200000.0,1.217,1.0,1063200000.0,1.0,1947000000.0,29700000.0,731900000.0,805300000.0,0.0,357300000.0,357300000.0,0.0,1167800000.0,291700000.0,876100000.0,2538091024.0,-142500000.0,-109800000.0,-72800000.0,-86600000.0,-63400000.0,-122200000.0,-254000000.0,-132600000.0,238800000.0,-5100000.0,155900000.0,155900000.0,155900000.0,0.0,1900000.0,0.147,741200000.0,322000000.0,6300000.0,0.405,1.618,16.28,16.19,35500000.0,0.0,13.6,2.387,2.387,134500000.0,1578200000.0,1063200000.0,1063200000.0,0.0,0.056,0.1,0.344,0.26,47400000.0,637900000.0,1.0,186624340.0,186624340,,5.697,910700000.0,0.0,91300000.0,523700000.0,4.88,576800000.0
7,JNS,MRT,2015-06-30,2015-06-30,2015-06-30,2020-10-19,-2100000.0,2762000000.0,2732075000.0,871800000.0,1890200000.0,0.376,8.495,-10900000.0,299200000.0,299200000.0,0.0,178500000.0,3.399,0.714,452000000.0,107500000.0,344500000.0,452000000.0,0.0,27800000.0,0.0,0.019,0.33,307900000.0,335700000.0,0.327,335700000.0,307900000.0,278600000.0,0.95,0.92,0.95,1591100000.0,1555050000.0,1591100000.0,3302611990.0,11.0,9.838,206000000.0,1.1,1.0,1026400000.0,1.0,1762000000.0,29300000.0,896300000.0,827425000.0,0.0,355100000.0,355100000.0,0.0,1136600000.0,256500000.0,880100000.0,3206411990.0,-139000000.0,-117100000.0,-72000000.0,-61000000.0,-61600000.0,-102500000.0,-249200000.0,-121200000.0,216900000.0,-4200000.0,176900000.0,176900000.0,176900000.0,0.0,1600000.0,0.172,716200000.0,310200000.0,9400000.0,0.347,2.015,18.126,18.021,34400000.0,0.0,17.12,3.124,3.124,135800000.0,1591300000.0,1026400000.0,1026400000.0,0.0,0.065,0.114,0.372,0.3,38000000.0,621700000.0,1.0,187290420.0,187290420,,5.48,1000000000.0,0.0,101700000.0,489800000.0,5.339,615300000.0
8,JNS,MRT,2015-03-31,2015-03-31,2015-03-31,2020-10-19,-1100000.0,2681100000.0,2711025000.0,881900000.0,1799200000.0,0.364,8.355,-10800000.0,355100000.0,355100000.0,0.0,170500000.0,4.113,0.695,451300000.0,106800000.0,344500000.0,451300000.0,0.0,26400000.0,0.0,0.019,0.32,302700000.0,329100000.0,0.334,329100000.0,302700000.0,271700000.0,0.9,0.88,0.9,1564200000.0,1536825000.0,1564200000.0,3216352368.0,11.0,9.773,184700000.0,0.987,1.0,985700000.0,1.0,1764400000.0,31000000.0,798500000.0,813575000.0,0.0,334700000.0,334700000.0,0.0,1086600000.0,214400000.0,872200000.0,3218352368.0,-24900000.0,-28400000.0,-86300000.0,-100200000.0,-60000000.0,-158500000.0,-61100000.0,-21900000.0,195500000.0,-800000.0,168500000.0,168500000.0,168500000.0,0.0,2000000.0,0.171,686900000.0,298800000.0,8700000.0,0.356,2.058,19.1,19.1,29400000.0,0.0,17.19,3.265,3.265,139600000.0,1563400000.0,985700000.0,985700000.0,0.0,0.062,0.11,0.372,0.307,28700000.0,601000000.0,1.0,187222360.0,187222360,,5.265,916700000.0,0.0,103200000.0,485900000.0,4.896,667500000.0
9,JNS,MRT,2014-12-31,2014-12-31,2014-12-31,2020-10-19,-1400000.0,2793200000.0,2708625000.0,987200000.0,1806000000.0,0.352,8.284,-11400000.0,452500000.0,452500000.0,0.0,155400000.0,4.3,0.779,450500000.0,0.0,450500000.0,450500000.0,0.0,25600000.0,0.0,0.019,0.31,289800000.0,315400000.0,0.331,315400000.0,289800000.0,256700000.0,0.82,0.81,0.82,1540800000.0,1524050000.0,1540800000.0,3014999624.0,10.0,9.559,207000000.0,1.113,1.0,953200000.0,1.0,1767100000.0,33100000.0,794500000.0,843125000.0,0.0,344000000.0,344000000.0,0.0,1199700000.0,229600000.0,970100000.0,3000099624.0,108000000.0,-28400000.0,-78800000.0,-100100000.0,-58400000.0,-177400000.0,67500000.0,107300000.0,218400000.0,-500000.0,154400000.0,154400000.0,154400000.0,0.0,1000000.0,0.162,663500000.0,289700000.0,8800000.0,0.378,1.947,19.431,19.671,31100000.0,0.0,16.13,3.147,3.147,130900000.0,1540300000.0,953200000.0,953200000.0,0.0,0.057,0.101,0.344,0.304,19800000.0,586600000.0,1.0,185995017.0,185995017,,5.125,1026100000.0,0.0,102300000.0,478400000.0,5.517,757600000.0
10,JNS,MRT,2014-09-30,2014-09-30,2014-09-30,2020-10-19,-1100000.0,2692000000.0,2697150000.0,943700000.0,1748300000.0,0.343,8.107,-10100000.0,434900000.0,434900000.0,0.0,148700000.0,5.374,0.734,449800000.0,0.0,449800000.0,449800000.0,0.0,25800000.0,0.0,0.021,0.3,277300000.0,303100000.0,0.328,303100000.0,277300000.0,242000000.0,0.78,0.78,0.78,1524100000.0,1513050000.0,1524100000.0,2804179994.0,10.0,9.252,212000000.0,1.128,1.0,924600000.0,1.0,1710900000.0,35300000.0,820400000.0,876350000.0,0.0,341200000.0,341200000.0,0.0,1119300000.0,175600000.0,943700000.0,2733379994.0,76700000.0,0.0,-68800000.0,-101700000.0,-56900000.0,-135200000.0,-10100000.0,0.0,222100000.0,-100000.0,146000000.0,146000000.0,146000000.0,0.0,2700000.0,0.158,648400000.0,276200000.0,8100000.0,0.385,1.793,18.722,18.641,29800000.0,0.0,14.54,2.956,2.956,116200000.0,1523300000.0,924600000.0,924600000.0,0.0,0.054,0.096,0.316,0.3,18200000.0,568700000.0,1.0,187990371.0,187990371,,4.918,981100000.0,0.0,96000000.0,463000000.0,5.219,768100000.0
11,JNS,MRT,2014-06-30,2014-06-30,2014-06-30,2020-10-19,700000.0,2677800000.0,2697625000.0,926700000.0,1751100000.0,0.336,7.988,-9100000.0,438200000.0,438200000.0,0.0,143700000.0,4.765,0.748,509000000.0,59900000.0,449100000.0,509000000.0,0.0,26700000.0,0.0,0.023,0.29,269000000.0,295700000.0,0.327,295700000.0,269000000.0,231800000.0,0.74,0.73,0.74,1518200000.0,1500975000.0,1518200000.0,2538214757.0,9.0,8.584,191200000.0,1.006,1.0,905300000.0,1.0,1713200000.0,37200000.0,840900000.0,901625000.0,0.0,318300000.0,318300000.0,0.0,1135600000.0,194500000.0,941100000.0,2372014757.0,88900000.0,0.0,-52400000.0,-50500000.0,-55100000.0,-99100000.0,-12100000.0,-3000000.0,200300000.0,-200000.0,137700000.0,137700000.0,137700000.0,0.0,6000000.0,0.152,641700000.0,263600000.0,8300000.0,0.392,1.562,17.226,16.865,30000000.0,0.0,12.48,2.62,2.62,120100000.0,1515600000.0,905300000.0,905300000.0,0.0,0.051,0.092,0.298,0.297,20800000.0,556900000.0,1.0,190065285.0,190065285,,4.763,964600000.0,0.0,94100000.0,461600000.0,5.075,732200000.0
12,JNS,MRT,2014-03-31,2014-03-31,2014-03-31,2020-10-19,-100000.0,2671500000.0,2697200000.0,918900000.0,1752600000.0,0.33,7.92,-7900000.0,380000000.0,380000000.0,0.0,123600000.0,4.472,0.752,546200000.0,97800000.0,448400000.0,546200000.0,0.0,27800000.0,0.0,0.026,0.28,235500000.0,263300000.0,0.296,263300000.0,235500000.0,196200000.0,0.64,0.62,0.64,1513100000.0,1486225000.0,1513100000.0,2276834675.0,10.0,8.647,193500000.0,1.013,1.0,889900000.0,1.0,1715500000.0,39300000.0,916700000.0,942375000.0,0.0,388600000.0,388600000.0,0.0,1137400000.0,205500000.0,931900000.0,2076734675.0,60100000.0,0.0,-23900000.0,-30900000.0,-53200000.0,-50200000.0,-89500000.0,-81600000.0,201400000.0,-1600000.0,117200000.0,117200000.0,117200000.0,0.0,6400000.0,0.132,638600000.0,251300000.0,7000000.0,0.438,1.373,17.72,16.984,28900000.0,0.0,10.87,2.334,2.334,111300000.0,1511300000.0,889900000.0,889900000.0,0.0,0.043,0.079,0.25,0.265,23700000.0,551500000.0,1.0,191051948.0,191051948,,4.658,956000000.0,0.0,79000000.0,454400000.0,5.004,713400000.0
13,JNS,MRT,2013-12-31,2013-12-31,2013-12-31,2020-10-19,-1100000.0,2747300000.0,2685425000.0,990800000.0,1756500000.0,0.325,7.915,-7600000.0,344500000.0,344500000.0,0.0,122200000.0,3.284,0.821,544600000.0,96900000.0,447700000.0,544600000.0,0.0,28700000.0,0.0,0.017,0.21,229100000.0,257800000.0,0.295,257800000.0,229100000.0,188000000.0,0.62,0.62,0.62,1496800000.0,1470575000.0,1496800000.0,2524106286.0,11.0,9.791,216500000.0,1.145,1.0,873900000.0,1.0,1718300000.0,41100000.0,927400000.0,973750000.0,0.0,485500000.0,485500000.0,0.0,1229500000.0,301700000.0,927800000.0,2339306286.0,-42500000.0,0.0,-14900000.0,-30900000.0,-39800000.0,-29700000.0,-235300000.0,-227700000.0,224100000.0,-1600000.0,114700000.0,114700000.0,114700000.0,0.0,7500000.0,0.131,634800000.0,239100000.0,4100000.0,0.339,1.563,20.395,19.952,29900000.0,0.0,12.37,2.677,2.677,108800000.0,1496000000.0,873900000.0,873900000.0,0.0,0.043,0.078,0.235,0.262,25000000.0,543000000.0,1.0,189111260.0,189111260,,4.621,1029000000.0,0.0,73300000.0,447700000.0,5.441,689100000.0
14,JNS,MRT,2013-09-30,2013-09-30,2013-09-30,2020-10-19,-1200000.0,2693900000.0,2663700000.0,936200000.0,1757700000.0,0.324,7.788,-7800000.0,358200000.0,358200000.0,0.0,114900000.0,3.969,0.795,543000000.0,95900000.0,447100000.0,543000000.0,0.0,34400000.0,0.0,0.031,0.26,222700000.0,257100000.0,0.297,257100000.0,222700000.0,179900000.0,0.59,0.57,0.59,1475800000.0,1450850000.0,1475800000.0,1812656794.0,8.0,7.05,191600000.0,1.011,1.0,864300000.0,1.0,1721300000.0,42800000.0,921500000.0,974025000.0,0.0,434400000.0,434400000.0,0.0,1172900000.0,235900000.0,937000000.0,1612556794.0,5500000.0,0.0,-6400000.0,-29300000.0,-49000000.0,-124800000.0,-67500000.0,-59700000.0,199400000.0,-1600000.0,107600000.0,107600000.0,107600000.0,0.0,7300000.0,0.124,634200000.0,230100000.0,4200000.0,0.441,1.093,14.987,14.424,29800000.0,0.0,8.51,1.866,1.866,98100000.0,1475100000.0,864300000.0,864300000.0,0.0,0.04,0.074,0.229,0.258,22100000.0,538800000.0,1.0,189489635.0,189489635,,4.561,972600000.0,10200000.0,72300000.0,439300000.0,5.133,700300000.0
15,JNS,MRT,2013-06-30,2013-06-30,2013-06-30,2020-10-19,-1200000.0,2676100000.0,2646325000.0,912900000.0,1763200000.0,0.323,7.686,-8000000.0,349300000.0,349300000.0,0.0,107000000.0,6.172,0.786,549400000.0,38900000.0,510500000.0,549400000.0,0.0,37200000.0,0.0,0.029,0.25,212100000.0,249300000.0,0.291,249300000.0,212100000.0,167700000.0,0.55,0.54,0.55,1459200000.0,1429625000.0,1459200000.0,1843416914.0,9.0,7.394,188400000.0,0.992,1.0,855600000.0,1.0,1724400000.0,44400000.0,1003900000.0,978475000.0,0.0,410600000.0,410600000.0,0.0,1146800000.0,147900000.0,998900000.0,1615716914.0,45200000.0,0.0,4500000.0,-20400000.0,-47000000.0,-72800000.0,-76900000.0,-68900000.0,196400000.0,-1500000.0,100100000.0,100100000.0,100100000.0,0.0,6900000.0,0.117,636600000.0,219000000.0,4100000.0,0.455,1.107,16.141,15.473,31000000.0,0.0,8.51,1.888,1.888,94700000.0,1458500000.0,855600000.0,855600000.0,0.0,0.038,0.07,0.217,0.248,22000000.0,538000000.0,1.0,189860977.0,189860977,,4.506,951700000.0,18600000.0,67600000.0,438000000.0,5.013,765000000.0
16,JNS,MRT,2013-03-31,2013-03-31,2013-03-31,2020-10-19,-500000.0,2624400000.0,2624350000.0,858600000.0,1765800000.0,0.322,7.619,-6700000.0,319900000.0,319900000.0,0.0,114900000.0,10.407,0.769,547600000.0,0.0,547600000.0,547600000.0,0.0,37900000.0,0.0,0.026,0.24,219800000.0,257700000.0,0.305,257700000.0,219800000.0,175400000.0,0.59,0.59,0.59,1450500000.0,1405050000.0,1450500000.0,1947553598.0,9.0,7.557,193800000.0,1.018,1.0,845800000.0,1.0,1727400000.0,44400000.0,1042200000.0,971650000.0,0.0,399800000.0,399800000.0,0.0,1115900000.0,82500000.0,1033400000.0,1789453598.0,67800000.0,0.0,-6100000.0,-900000.0,-45000000.0,-68600000.0,-64100000.0,-57400000.0,200500000.0,0.0,107700000.0,107700000.0,107700000.0,0.0,7200000.0,0.127,633100000.0,212700000.0,3100000.0,0.407,1.234,16.615,15.932,31600000.0,0.0,9.4,2.116,2.116,101500000.0,1449100000.0,845800000.0,845800000.0,0.0,0.041,0.077,0.226,0.26,21900000.0,532300000.0,1.0,190367404.0,190367404,,4.443,897000000.0,1100000.0,67700000.0,436300000.0,4.712,776100000.0
17,JNS,MRT,2012-12-31,2012-12-31,2012-12-31,2020-10-19,600000.0,2660400000.0,2611500000.0,888400000.0,1772000000.0,0.325,7.574,-7200000.0,387000000.0,387000000.0,0.0,111900000.0,5.57,0.834,545100000.0,0.0,545100000.0,545100000.0,0.0,38500000.0,0.0,0.034,0.29,212000000.0,250500000.0,0.295,250500000.0,212000000.0,167000000.0,0.56,0.55,0.56,1417900000.0,1376550000.0,1417900000.0,1785123415.0,8.0,7.126,201700000.0,1.077,1.0,850000000.0,1.0,1730500000.0,45000000.0,928500000.0,966275000.0,0.0,350500000.0,350500000.0,0.0,1182400000.0,159500000.0,1022900000.0,1595023415.0,27000000.0,0.0,-6500000.0,-66800000.0,-54400000.0,-143700000.0,-38200000.0,-31000000.0,208900000.0,0.0,102300000.0,102300000.0,102300000.0,0.0,9600000.0,0.12,635500000.0,214500000.0,3700000.0,0.518,1.125,15.592,15.214,33300000.0,0.0,8.52,1.876,1.876,100200000.0,1415400000.0,850000000.0,850000000.0,0.0,0.039,0.074,0.219,0.249,26100000.0,530300000.0,1.0,187209321.0,187209321,,4.54,929900000.0,0.0,64700000.0,436000000.0,4.967,728900000.0
18,JNS,MRT,2012-09-30,2012-09-30,2012-09-30,2020-10-19,100000.0,2624400000.0,2607400000.0,834000000.0,1790400000.0,0.326,7.425,-6700000.0,352700000.0,352700000.0,0.0,118800000.0,6.096,0.832,542800000.0,0.0,542800000.0,542800000.0,0.0,33800000.0,0.0,0.023,0.22,220200000.0,254000000.0,0.299,254000000.0,220200000.0,174600000.0,0.58,0.59,0.58,1390900000.0,1350375000.0,1390900000.0,2004689829.0,9.0,7.892,209100000.0,1.116,1.0,849000000.0,1.0,1738400000.0,45600000.0,939300000.0,979250000.0,0.0,330900000.0,330900000.0,0.0,1156600000.0,136800000.0,1019800000.0,1768389829.0,23300000.0,0.0,-4200000.0,-68400000.0,-41300000.0,-128100000.0,-64400000.0,-57700000.0,215800000.0,0.0,106800000.0,106800000.0,106800000.0,0.0,12000000.0,0.126,621900000.0,227100000.0,5000000.0,0.379,1.271,16.558,16.276,33400000.0,0.0,9.44,2.083,2.083,91800000.0,1388900000.0,849000000.0,849000000.0,0.0,0.041,0.079,0.225,0.259,25800000.0,526400000.0,1.0,187329431.0,187329431,,4.532,886000000.0,12200000.0,67800000.0,435000000.0,4.73,697200000.0
19,JNS,MRT,2012-06-30,2012-06-30,2012-06-30,2020-10-19,-500000.0,2588200000.0,2597625000.0,790800000.0,1797400000.0,0.338,7.22,-7600000.0,304100000.0,304100000.0,0.0,118400000.0,7.604,0.823,540400000.0,0.0,540400000.0,540400000.0,0.0,32000000.0,0.0,0.027,0.21,219300000.0,251300000.0,0.287,251300000.0,219300000.0,171800000.0,0.59,0.6,0.59,1360900000.0,1318300000.0,1360900000.0,1760054321.0,8.0,7.004,180700000.0,0.959,1.0,876900000.0,1.0,1743900000.0,47500000.0,976600000.0,985525000.0,0.0,334500000.0,334500000.0,0.0,1119600000.0,104000000.0,1015600000.0,1474054321.0,34600000.0,0.0,-6400000.0,-160500000.0,-39400000.0,-219200000.0,65500000.0,73100000.0,188300000.0,0.0,109100000.0,109100000.0,109100000.0,0.0,9300000.0,0.124,623500000.0,253400000.0,4500000.0,0.356,1.083,13.511,13.254,34900000.0,0.0,7.82,1.681,1.681,91400000.0,1359500000.0,876900000.0,876900000.0,0.0,0.042,0.083,0.223,0.25,30200000.0,529600000.0,1.0,188497995.0,188497995,,4.652,844300000.0,19700000.0,62700000.0,431800000.0,4.479,686800000.0
20,JNS,MRT,2012-03-31,2012-03-31,2012-03-31,2020-10-19,1000000.0,2573000000.0,2617925000.0,770800000.0,1802200000.0,0.357,7.094,-8300000.0,252100000.0,252100000.0,0.0,139200000.0,8.442,0.826,538100000.0,0.0,538100000.0,538100000.0,0.0,32400000.0,0.0,0.022,0.2,251000000.0,283400000.0,0.303,283400000.0,251000000.0,201400000.0,0.69,0.7,0.69,1336500000.0,1289075000.0,1336500000.0,1913825797.0,8.0,6.753,202200000.0,1.073,1.0,934900000.0,1.0,1747000000.0,49600000.0,1020700000.0,1011675000.0,0.0,356600000.0,356600000.0,0.0,1103400000.0,91300000.0,1012100000.0,1678625797.0,-26500000.0,0.0,800000.0,-160600000.0,-37400000.0,-208800000.0,-28200000.0,-19900000.0,210500000.0,0.0,127600000.0,127600000.0,127600000.0,0.0,11600000.0,0.136,651800000.0,283100000.0,7300000.0,0.29,1.256,13.155,12.913,35100000.0,0.0,8.91,1.796,1.796,106000000.0,1333600000.0,934900000.0,934900000.0,0.0,0.049,0.099,0.248,0.268,35300000.0,555000000.0,1.0,188397957.0,188397957,,4.962,826000000.0,21400000.0,73800000.0,429600000.0,4.384,679500000.0
21,JNS,MRT,2011-12-31,2011-12-31,2011-12-31,2020-10-19,-500000.0,2644000000.0,2619525000.0,846300000.0,1797700000.0,0.375,7.038,-7300000.0,360000000.0,360000000.0,0.0,153400000.0,5.688,0.921,595200000.0,0.0,595200000.0,595200000.0,0.0,33300000.0,0.0,0.024,0.15,273300000.0,306600000.0,0.312,306600000.0,273300000.0,222300000.0,0.78,0.78,0.78,1313200000.0,1256800000.0,1313200000.0,1441005868.0,5.0,4.7,217300000.0,1.165,1.0,981900000.0,1.0,1750000000.0,51000000.0,980400000.0,1010900000.0,0.0,322800000.0,322800000.0,0.0,1209500000.0,148800000.0,1060700000.0,1177405868.0,-13200000.0,0.0,3600000.0,-225500000.0,-28000000.0,-259500000.0,21700000.0,29000000.0,224600000.0,0.0,142900000.0,142900000.0,142900000.0,0.0,10500000.0,0.146,670100000.0,311800000.0,5500000.0,0.192,0.897,8.239,8.09,36900000.0,0.0,6.31,1.199,1.199,96700000.0,1311800000.0,981900000.0,981900000.0,0.0,0.055,0.114,0.27,0.278,34700000.0,573800000.0,1.0,186593640.0,186593640,,5.262,894000000.0,22000000.0,79400000.0,421700000.0,4.791,697500000.0
22,JNS,MRT,2011-09-30,2011-09-30,2011-09-30,2020-10-19,-400000.0,2585300000.0,2640225000.0,771200000.0,1814100000.0,0.395,6.768,-7200000.0,329400000.0,329400000.0,0.0,182100000.0,5.86,0.942,593000000.0,0.0,593000000.0,593000000.0,0.0,35000000.0,0.0,0.017,0.1,317200000.0,352200000.0,0.338,352200000.0,317200000.0,262000000.0,0.96,0.95,0.96,1262600000.0,1221375000.0,1262600000.0,1532751316.0,5.0,4.352,244800000.0,1.312,1.0,1042000000.0,1.0,1752900000.0,55200000.0,964400000.0,1008500000.0,0.0,275300000.0,275300000.0,0.0,1188800000.0,131600000.0,1057200000.0,1119251316.0,41400000.0,0.0,5300000.0,-224600000.0,-18600000.0,-247100000.0,36500000.0,43700000.0,252000000.0,0.0,173100000.0,173100000.0,173100000.0,0.0,9000000.0,0.166,705000000.0,337000000.0,5100000.0,0.104,0.886,6.466,6.25,38400000.0,0.0,6.0,1.074,1.074,102500000.0,1261100000.0,1042000000.0,1042000000.0,0.0,0.066,0.142,0.315,0.304,45700000.0,594400000.0,1.0,186541886.0,186541886,,5.586,832400000.0,17700000.0,88900000.0,417900000.0,4.462,639600000.0
23,JNS,MRT,2011-06-30,2011-06-30,2011-06-30,2020-10-19,2600000.0,2669400000.0,2651925000.0,847400000.0,1822000000.0,0.396,6.681,-6900000.0,269500000.0,269500000.0,0.0,190200000.0,3.448,1.044,683000000.0,92200000.0,590800000.0,683000000.0,0.0,36700000.0,0.0,0.005,0.05,320500000.0,357200000.0,0.341,357200000.0,320500000.0,262400000.0,0.99,0.98,0.99,1244000000.0,1178575000.0,1244000000.0,2160108516.0,7.0,6.047,258800000.0,1.39,1.0,1048900000.0,1.0,1755900000.0,58100000.0,1081200000.0,1040375000.0,0.0,404000000.0,404000000.0,0.0,1298700000.0,245800000.0,1052900000.0,1757708516.0,10000000.0,0.0,5600000.0,-132500000.0,-9300000.0,-145400000.0,-110300000.0,-103400000.0,265700000.0,0.0,178200000.0,178200000.0,178200000.0,0.0,12000000.0,0.17,729000000.0,319900000.0,7800000.0,0.051,1.413,9.864,9.535,39200000.0,0.0,9.44,1.676,1.676,115700000.0,1239500000.0,1048900000.0,1048900000.0,0.0,0.067,0.151,0.308,0.306,49200000.0,612400000.0,1.0,186197936.0,186197936,,5.633,913500000.0,16100000.0,84200000.0,416300000.0,4.906,601600000.0
24,JNS,MRT,2011-03-31,2011-03-31,2011-03-31,2020-10-19,2700000.0,2579400000.0,2620150000.0,752400000.0,1827000000.0,0.395,6.488,-8600000.0,278600000.0,278600000.0,0.0,176100000.0,3.663,1.041,681000000.0,92200000.0,588800000.0,681000000.0,0.0,38200000.0,0.0,0.003,0.04,307300000.0,345500000.0,0.334,345500000.0,307300000.0,246500000.0,0.93,0.92,0.93,1207400000.0,1130200000.0,1207400000.0,2747072518.0,9.0,7.951,252000000.0,1.354,1.0,1034200000.0,1.0,1758800000.0,60800000.0,1017600000.0,1057325000.0,0.0,309700000.0,309700000.0,0.0,1257300000.0,205400000.0,1051900000.0,2320472518.0,9600000.0,0.0,4800000.0,-132400000.0,-7400000.0,-147900000.0,-103100000.0,-94500000.0,260600000.0,0.0,166500000.0,166500000.0,166500000.0,0.0,9600000.0,0.161,734700000.0,299500000.0,3700000.0,0.043,1.922,13.937,13.409,41000000.0,0.0,12.47,2.244,2.244,121700000.0,1202800000.0,1034200000.0,1034200000.0,0.0,0.064,0.147,0.291,0.297,52000000.0,613800000.0,1.0,186084404.0,186084404,,5.558,820600000.0,4600000.0,80000000.0,418200000.0,4.41,547000000.0
25,JNS,MRT,2010-12-31,2010-12-31,2010-12-31,2020-10-19,1600000.0,2726800000.0,2597250000.0,893300000.0,1833500000.0,0.391,6.376,-10200000.0,373200000.0,373200000.0,0.0,168600000.0,2.123,1.247,799800000.0,213100000.0,586700000.0,799800000.0,0.0,39100000.0,0.0,0.003,0.04,299500000.0,338600000.0,0.333,338600000.0,299500000.0,236300000.0,0.89,0.88,0.89,1171500000.0,1086850000.0,1171500000.0,2892980095.0,10.0,8.544,236400000.0,1.287,1.0,1015700000.0,1.0,1761800000.0,63200000.0,970800000.0,1081450000.0,0.0,296100000.0,296100000.0,0.0,1460800000.0,420800000.0,1040000000.0,2383180095.0,48500000.0,0.0,4400000.0,-1700000.0,-7400000.0,-50100000.0,-148000000.0,-137800000.0,246600000.0,0.0,159900000.0,159900000.0,159900000.0,0.0,8700000.0,0.157,734100000.0,281600000.0,5800000.0,0.045,2.034,14.904,14.573,44100000.0,0.0,12.97,2.346,2.346,167000000.0,1168100000.0,1015700000.0,1015700000.0,0.0,0.062,0.147,0.277,0.295,56000000.0,611900000.0,1.0,183745574.0,183745574,,5.528,965000000.0,10900000.0,76400000.0,410300000.0,5.252,472500000.0
26,JNS,MRT,2010-09-30,2010-09-30,2010-09-30,2020-10-19,1200000.0,2632100000.0,2548125000.0,741300000.0,1890800000.0,0.389,5.943,-8900000.0,288000000.0,288000000.0,0.0,140700000.0,2.599,1.325,797800000.0,92200000.0,705600000.0,797800000.0,0.0,39900000.0,0.0,0.004,0.04,258800000.0,298700000.0,0.302,298700000.0,258800000.0,195700000.0,0.86,0.86,0.86,1091400000.0,1044250000.0,1091400000.0,2547269898.0,10.0,8.528,231600000.0,1.261,1.0,990600000.0,1.0,1764800000.0,63100000.0,1091900000.0,1097975000.0,0.0,218200000.0,218200000.0,0.0,1445900000.0,285200000.0,1160700000.0,2010969898.0,51600000.0,0.0,2500000.0,-900000.0,-7400000.0,-52900000.0,-136000000.0,-127100000.0,240500000.0,0.0,131000000.0,131000000.0,131000000.0,0.0,9700000.0,0.132,729100000.0,261500000.0,7800000.0,0.047,1.843,15.351,12.733,44900000.0,0.0,10.95,2.03,2.03,116000000.0,1088400000.0,990600000.0,990600000.0,0.0,0.051,0.125,0.236,0.261,51100000.0,615300000.0,1.0,183650219.0,183650219,,5.394,867300000.0,29300000.0,64700000.0,409800000.0,4.723,456100000.0
27,JNS,MRT,2010-06-30,2010-06-30,2010-06-30,2020-10-19,-1800000.0,2542300000.0,2502700000.0,547500000.0,1994800000.0,0.389,5.718,-8100000.0,259500000.0,259500000.0,0.0,117100000.0,3.382,1.338,795800000.0,0.0,795800000.0,795800000.0,0.0,38800000.0,0.0,0.005,0.04,236000000.0,274800000.0,0.282,274800000.0,236000000.0,170200000.0,0.73,0.73,0.73,1050500000.0,1013775000.0,1050500000.0,2156391187.0,9.0,7.847,231800000.0,1.262,1.0,974400000.0,1.0,1767700000.0,65800000.0,1149000000.0,1093200000.0,0.0,270200000.0,89400000.0,180800000.0,1405700000.0,161900000.0,1243800000.0,1631491187.0,40800000.0,0.0,220400000.0,-270800000.0,-7400000.0,-108300000.0,-90800000.0,-82700000.0,239900000.0,0.0,106700000.0,106700000.0,106700000.0,0.0,10400000.0,0.11,740400000.0,234000000.0,7300000.0,0.055,1.553,15.29,12.164,46300000.0,0.0,8.88,1.674,1.674,107700000.0,1050500000.0,974400000.0,974400000.0,0.0,0.043,0.105,0.216,0.242,49900000.0,628900000.0,1.0,183726485.0,183726485,,5.304,774600000.0,23200000.0,63500000.0,395300000.0,4.216,385600000.0
28,JNS,MRT,2010-03-31,2010-03-31,2010-03-31,2020-10-19,900000.0,2487800000.0,2473300000.0,575800000.0,1912000000.0,0.374,5.63,-7200000.0,269000000.0,269000000.0,0.0,104900000.0,4.502,1.321,793900000.0,0.0,793900000.0,793900000.0,0.0,36900000.0,0.0,0.003,0.04,216200000.0,253100000.0,0.274,253100000.0,216200000.0,146500000.0,0.66,0.66,0.66,1034000000.0,928550000.0,1034000000.0,3091928967.0,14.0,12.216,191900000.0,1.045,1.0,925300000.0,1.0,1770700000.0,69700000.0,1114100000.0,1164150000.0,0.0,105500000.0,105500000.0,0.0,1366300000.0,127900000.0,1238400000.0,2624628967.0,36900000.0,-100000.0,220200000.0,-295400000.0,-6500000.0,-150900000.0,-11300000.0,-4000000.0,199100000.0,0.0,92300000.0,92300000.0,92300000.0,0.0,12600000.0,0.1,705700000.0,219600000.0,7200000.0,0.061,2.538,28.436,21.652,46700000.0,0.0,14.29,2.837,2.837,124300000.0,1031300000.0,925300000.0,925300000.0,0.0,0.037,0.099,0.186,0.234,44900000.0,602600000.0,1.0,183668927.0,183668927,,5.038,717100000.0,11600000.0,54200000.0,388800000.0,3.904,447900000.0
29,JNS,MRT,2009-12-31,2009-12-31,2009-12-31,2020-10-19,1000000.0,2530300000.0,2458800000.0,667800000.0,1862500000.0,0.345,5.5,-9000000.0,324700000.0,324700000.0,0.0,-744100000.0,3.569,1.416,792000000.0,0.0,792000000.0,792000000.0,0.0,35900000.0,0.0,0.003,0.04,-689400000.0,-653500000.0,-0.77,-653500000.0,-689400000.0,-763400000.0,-4.55,-4.55,-4.55,1001100000.0,844100000.0,1001100000.0,3001961589.0,-4.0,-4.594,167500000.0,0.92,1.0,848700000.0,1.0,1773600000.0,74000000.0,1036900000.0,1245800000.0,0.0,168900000.0,168900000.0,0.0,1417600000.0,187100000.0,1230500000.0,2448161589.0,42100000.0,-1300000.0,219300000.0,-295100000.0,-6500000.0,-124800000.0,-9600000.0,700000.0,176500000.0,0.0,-757100000.0,-757100000.0,-757100000.0,0.0,13000000.0,-0.892,1526200000.0,-677500000.0,8400000.0,-0.009,2.445,-3.234,-2.956,48400000.0,0.0,13.45,2.885,2.885,122300000.0,998300000.0,848700000.0,848700000.0,0.0,-0.308,-0.897,-0.553,-0.812,41000000.0,572600000.0,1.0,182019449.0,182019449,,4.663,756700000.0,4500000.0,-6300000.0,390100000.0,4.157,480700000.0
30,JNS,MRT,2009-09-30,2009-09-30,2009-09-30,2020-10-19,700000.0,2450400000.0,2660400000.0,545500000.0,1904900000.0,0.291,5.323,-14100000.0,236400000.0,236400000.0,0.0,-778000000.0,3.533,1.428,790200000.0,0.0,790200000.0,790200000.0,0.0,35100000.0,0.0,0.003,0.04,-732400000.0,-697300000.0,-0.9,-697300000.0,-732400000.0,-809500000.0,-5.02,-5.01,-5.02,969500000.0,970550000.0,969500000.0,3469873412.0,-5.0,-4.976,136900000.0,0.752,1.0,775200000.0,1.0,1777000000.0,77100000.0,1072800000.0,1332575000.0,0.0,100500000.0,100500000.0,0.0,1384600000.0,154400000.0,1230200000.0,2582473412.0,-61200000.0,-95000000.0,217200000.0,-295000000.0,-6500000.0,-126300000.0,-85900000.0,23200000.0,151000000.0,0.0,-786300000.0,-786300000.0,-786300000.0,0.0,8300000.0,-1.014,1483200000.0,-708000000.0,4400000.0,-0.008,2.664,-3.284,-2.825,50500000.0,0.0,14.18,3.331,3.331,113400000.0,967000000.0,775200000.0,775200000.0,0.0,-0.296,-0.81,-0.55,-0.945,37400000.0,536300000.0,1.0,182120833.0,182120833,,4.257,673400000.0,22900000.0,-23200000.0,387700000.0,3.698,391100000.0
31,JNS,MRT,2009-06-30,2009-06-30,2009-06-30,2020-10-19,-200000.0,2424700000.0,2889825000.0,518800000.0,1905900000.0,0.285,4.401,-17800000.0,218700000.0,218700000.0,0.0,-761600000.0,5.225,2.284,1106100000.0,0.0,1106100000.0,1106100000.0,0.0,36500000.0,0.0,0.004,0.04,-703700000.0,-667200000.0,-0.811,-667200000.0,-703700000.0,-781100000.0,-4.9,-4.9,-4.9,709600000.0,1129225000.0,709600000.0,2734149476.0,-4.0,-4.098,159700000.0,0.99,1.0,823000000.0,1.0,1780000000.0,77400000.0,1432800000.0,1442200000.0,0.0,112100000.0,112100000.0,0.0,1621000000.0,99300000.0,1521700000.0,1838249476.0,-57000000.0,-95000000.0,-68400000.0,-24800000.0,-6500000.0,-137500000.0,-97000000.0,15800000.0,177500000.0,0.0,-769100000.0,-769100000.0,-769100000.0,600000.0,7500000.0,-0.935,1467300000.0,-644300000.0,2600000.0,-0.008,2.591,-2.39,-2.327,53300000.0,0.0,11.4,2.234,2.234,95000000.0,708200000.0,823000000.0,823000000.0,0.0,-0.266,-0.681,-0.488,-0.855,32100000.0,527800000.0,1.0,161249954.0,161249954,,5.104,644700000.0,24700000.0,-12000000.0,352400000.0,3.998,419500000.0
32,JNS,MRT,2009-03-31,2009-03-31,2009-03-31,2020-10-19,-2600000.0,2429800000.0,3131800000.0,525700000.0,1904100000.0,0.296,4.403,-20100000.0,232100000.0,232100000.0,0.0,-711300000.0,5.149,2.327,1128000000.0,22000000.0,1106000000.0,1128000000.0,0.0,39200000.0,0.0,0.006,0.04,-639100000.0,-599900000.0,-0.647,-599900000.0,-639100000.0,-715600000.0,-4.59,-4.59,-4.59,696200000.0,1361500000.0,696200000.0,1896884880.0,-3.0,-3.162,188800000.0,1.194,1.0,927000000.0,1.0,1782900000.0,76500000.0,1440700000.0,1474025000.0,0.0,108400000.0,108400000.0,0.0,1620000000.0,102100000.0,1517900000.0,1051484880.0,-38200000.0,-101900000.0,-134900000.0,0.0,-6500000.0,-157100000.0,-90000000.0,18500000.0,208900000.0,0.0,-718600000.0,-718600000.0,-718600000.0,-100000.0,7300000.0,-0.775,1513200000.0,-586200000.0,2300000.0,-0.009,1.51,-1.463,-1.449,52000000.0,0.0,6.65,1.134,1.134,90200000.0,697200000.0,927000000.0,927000000.0,0.0,-0.229,-0.528,-0.434,-0.689,31700000.0,572500000.0,1.0,158118027.0,158118027,,5.863,646900000.0,21200000.0,3000000.0,349600000.0,4.091,423600000.0
33,JNS,MRT,2008-12-31,2008-12-31,2008-12-31,2020-10-19,-5300000.0,3336700000.0,3372850000.0,583900000.0,2752800000.0,0.308,9.546,-20100000.0,282600000.0,282600000.0,0.0,145500000.0,3.729,1.137,1128000000.0,22000000.0,1106000000.0,1128000000.0,0.0,40200000.0,0.0,0.005,0.04,281200000.0,321400000.0,0.31,321400000.0,281200000.0,205700000.0,0.86,0.85,0.86,1506900000.0,1596725000.0,1506900000.0,2097866648.0,7.0,6.527,218100000.0,1.382,1.0,1037900000.0,1.0,2641500000.0,75500000.0,1384000000.0,1515375000.0,0.0,125300000.0,125300000.0,0.0,1713100000.0,156600000.0,1556500000.0,1267566648.0,-198100000.0,-161400000.0,-270100000.0,0.0,-6500000.0,-287500000.0,-148800000.0,19200000.0,238200000.0,0.0,136900000.0,136900000.0,136900000.0,1500000.0,8600000.0,0.132,704800000.0,333100000.0,500000.0,0.047,0.841,9.259,9.337,51100000.0,0.0,8.03,1.221,1.221,101100000.0,1510600000.0,1037900000.0,1037900000.0,0.0,0.041,0.086,0.186,0.271,31100000.0,621100000.0,1.0,157853879.0,157853879,,6.575,695200000.0,16400000.0,68800000.0,388100000.0,4.404,427300000.0
34,JNS,MRT,2008-09-30,2008-09-30,2008-09-30,2020-10-19,2000000.0,3368100000.0,3429700000.0,700000000.0,2668100000.0,0.342,10.038,-17200000.0,297600000.0,297600000.0,0.0,180300000.0,3.926,1.09,1127900000.0,22000000.0,1105900000.0,1127900000.0,0.0,39800000.0,0.0,0.002,0.04,317900000.0,357700000.0,0.305,357700000.0,317900000.0,242400000.0,0.93,0.92,0.93,1604200000.0,1650875000.0,1604200000.0,4732312027.0,15.0,13.23,237900000.0,1.489,1.0,1172300000.0,1.0,2508800000.0,75500000.0,1511300000.0,1552600000.0,0.0,168700000.0,168700000.0,0.0,1748700000.0,178300000.0,1570400000.0,3880212027.0,-307800000.0,-67700000.0,-416500000.0,0.0,-6500000.0,-429600000.0,-133300000.0,-106100000.0,255100000.0,0.0,148800000.0,148800000.0,148800000.0,33400000.0,31500000.0,0.127,794200000.0,378100000.0,500000.0,0.043,2.419,26.077,26.108,49500000.0,0.0,24.28,3.31,3.31,136100000.0,1600600000.0,1172300000.0,1172300000.0,0.0,0.043,0.09,0.205,0.271,41900000.0,688300000.0,1.0,159811039.0,159811039,,7.336,859300000.0,32000000.0,93600000.0,402300000.0,5.377,521700000.0
35,JNS,MRT,2008-06-30,2008-06-30,2008-06-30,2020-10-19,3200000.0,3392600000.0,3498825000.0,714300000.0,2678300000.0,0.338,10.066,-15900000.0,275700000.0,275700000.0,0.0,164300000.0,4.129,1.064,1127800000.0,22000000.0,1105800000.0,1127800000.0,0.0,38600000.0,0.0,0.002,0.04,319500000.0,358100000.0,0.303,358100000.0,319500000.0,244000000.0,0.83,0.83,0.83,1638700000.0,1708850000.0,1638700000.0,5166627772.0,16.0,14.428,244700000.0,1.503,1.0,1181500000.0,1.0,2511600000.0,75500000.0,1560100000.0,1552075000.0,0.0,201100000.0,201100000.0,0.0,1744300000.0,173000000.0,1571300000.0,4309127772.0,-415800000.0,-67700000.0,-523300000.0,0.0,-6500000.0,-537600000.0,-138800000.0,-112900000.0,260600000.0,0.0,135600000.0,135600000.0,135600000.0,71400000.0,28700000.0,0.115,800900000.0,380600000.0,3400000.0,0.048,2.63,31.778,31.892,48400000.0,0.0,26.47,3.647,3.647,146300000.0,1633900000.0,1181500000.0,1181500000.0,0.0,0.039,0.079,0.206,0.27,42400000.0,693100000.0,1.0,162792889.0,162792889,,7.258,881000000.0,20400000.0,108400000.0,401800000.0,5.412,541300000.0
36,JNS,MRT,2008-03-31,2008-03-31,2008-03-31,2020-10-19,4600000.0,3394000000.0,3590675000.0,712800000.0,2681200000.0,0.32,9.974,-15000000.0,270300000.0,270300000.0,0.0,143600000.0,5.268,1.063,1127800000.0,0.0,1127800000.0,1127800000.0,0.0,36600000.0,0.0,0.002,0.04,303800000.0,340400000.0,0.296,340400000.0,303800000.0,235600000.0,0.69,0.69,0.69,1637100000.0,1796050000.0,1637100000.0,4466362018.0,15.0,13.121,297000000.0,1.81,1.0,1150300000.0,1.0,2510100000.0,68200000.0,1606100000.0,1526975000.0,0.0,202900000.0,202900000.0,0.0,1740400000.0,135300000.0,1605100000.0,3819362018.0,12200000.0,-60700000.0,-708600000.0,583400000.0,-7200000.0,-140900000.0,-158900000.0,-127400000.0,312000000.0,0.0,118100000.0,118100000.0,118100000.0,74900000.0,25500000.0,0.103,780400000.0,369900000.0,3300000.0,0.058,2.333,32.34,33.725,46800000.0,0.0,23.27,3.32,3.32,143200000.0,1630800000.0,1150300000.0,1150300000.0,0.0,0.033,0.066,0.199,0.264,43500000.0,670100000.0,1.0,164132446.0,164132446,,7.008,883900000.0,16300000.0,117500000.0,412500000.0,5.385,577500000.0
37,JNS,MRT,2007-12-31,2007-12-31,2007-12-31,2020-10-19,4800000.0,3564100000.0,3574000000.0,953900000.0,2610200000.0,0.313,10.11,-16700000.0,480700000.0,480700000.0,0.0,138000000.0,4.208,1.059,1127700000.0,0.0,1127700000.0,1127700000.0,0.0,33800000.0,0.0,0.001,0.04,291500000.0,325300000.0,0.291,325300000.0,291500000.0,232700000.0,0.66,0.65,0.66,1723500000.0,1931425000.0,1723500000.0,6122036975.0,21.0,18.82,274100000.0,1.608,1.0,1117000000.0,1.0,2451500000.0,58800000.0,1532900000.0,1350000000.0,0.0,210700000.0,210700000.0,0.0,1824400000.0,226700000.0,1597700000.0,5599836975.0,-26400000.0,-81000000.0,-772400000.0,583400000.0,-7200000.0,-213900000.0,-103300000.0,-49800000.0,290800000.0,0.0,116300000.0,116300000.0,116300000.0,75700000.0,21700000.0,0.104,767700000.0,349300000.0,2200000.0,0.061,3.249,48.15,49.773,46500000.0,0.0,32.85,5.013,5.013,164500000.0,1717000000.0,1117000000.0,1117000000.0,0.0,0.033,0.06,0.216,0.261,49600000.0,653600000.0,1.0,170466879.0,170466879,,6.553,1112600000.0,5900000.0,116400000.0,404300000.0,6.527,727200000.0
38,JNS,MRT,2007-09-30,2007-09-30,2007-09-30,2020-10-19,18500000.0,3644600000.0,3567450000.0,1027000000.0,2617600000.0,0.293,10.47,-19200000.0,605400000.0,605400000.0,0.0,134300000.0,5.029,0.977,1127600000.0,0.0,1127600000.0,1127600000.0,0.0,32700000.0,0.0,0.001,0.04,297900000.0,330600000.0,0.316,330600000.0,297900000.0,248000000.0,0.72,0.73,0.72,1836100000.0,2077150000.0,1836100000.0,5345117160.0,18.0,16.168,285700000.0,1.629,1.0,1046700000.0,1.0,2453400000.0,49900000.0,1509200000.0,1215625000.0,0.0,119600000.0,119600000.0,0.0,1793500000.0,204200000.0,1589300000.0,4959617160.0,195600000.0,-81000000.0,-745400000.0,470200000.0,-7200000.0,-303300000.0,194000000.0,181100000.0,304900000.0,0.0,134300000.0,134300000.0,134300000.0,41900000.0,0.0,0.128,725900000.0,320800000.0,2300000.0,0.056,2.701,36.929,39.278,46600000.0,0.0,28.28,4.738,4.738,140100000.0,1823400000.0,1046700000.0,1046700000.0,0.0,0.038,0.065,0.245,0.285,51200000.0,622700000.0,1.0,175375430.0,175375430,,5.968,1191200000.0,1200000.0,113700000.0,399100000.0,6.792,822800000.0
39,JNS,MRT,2007-06-30,2007-06-30,2007-06-30,2020-10-19,16200000.0,3760000000.0,3571225000.0,1059100000.0,2700900000.0,0.278,10.719,-16700000.0,742100000.0,742100000.0,0.0,151600000.0,6.578,0.885,1127600000.0,0.0,1127600000.0,1127600000.0,0.0,23900000.0,0.0,0.001,0.04,292800000.0,316700000.0,0.32,316700000.0,292800000.0,253700000.0,0.8,0.81,0.8,1987500000.0,2207825000.0,1987500000.0,5387713676.0,18.0,17.012,246000000.0,1.327,1.0,991100000.0,1.0,2524800000.0,39100000.0,1459700000.0,1095975000.0,0.0,117500000.0,117500000.0,0.0,1759900000.0,161000000.0,1598900000.0,5161813676.0,405200000.0,-81000000.0,-704900000.0,743100000.0,-7200000.0,10700000.0,131800000.0,229500000.0,262700000.0,0.0,151600000.0,151600000.0,151600000.0,6400000.0,0.0,0.153,709100000.0,282000000.0,6000000.0,0.05,2.597,34.049,34.8,57200000.0,0.0,27.84,5.208,5.208,150900000.0,1975800000.0,991100000.0,991100000.0,0.0,0.042,0.069,0.267,0.295,56100000.0,593500000.0,1.0,185409974.0,185409974,,5.345,1235200000.0,0.0,102100000.0,411200000.0,6.662,898100000.0
40,JNS,MRT,2007-03-31,2007-03-31,2007-03-31,2020-10-19,13200000.0,3327300000.0,3498850000.0,634300000.0,2693000000.0,0.278,11.483,-15200000.0,311300000.0,311300000.0,0.0,133900000.0,5.07,0.517,537200000.0,0.0,537200000.0,537200000.0,0.0,27200000.0,0.0,0.002,0.04,257400000.0,284600000.0,0.293,284600000.0,257400000.0,222600000.0,0.68,0.69,0.68,2178600000.0,2324425000.0,2178600000.0,3944787651.0,15.0,13.861,231900000.0,1.222,1.0,972700000.0,1.0,2529900000.0,34800000.0,898200000.0,930575000.0,0.0,100800000.0,100800000.0,0.0,1125900000.0,125100000.0,1000800000.0,3967287651.0,-17500000.0,-81000000.0,-552900000.0,159700000.0,-8300000.0,-420000000.0,155400000.0,251600000.0,247100000.0,0.0,133900000.0,133900000.0,133900000.0,3600000.0,0.0,0.138,731900000.0,240800000.0,8100000.0,0.059,1.821,29.629,30.75,58200000.0,0.0,20.91,4.079,4.079,167200000.0,2175000000.0,972700000.0,972700000.0,0.0,0.038,0.058,0.277,0.265,66400000.0,608700000.0,1.0,189731595.0,189731595,,5.127,797400000.0,11100000.0,88700000.0,403200000.0,4.203,509200000.0
41,JNS,MRT,2006-12-31,2006-12-31,2006-12-31,2020-10-19,11100000.0,3537900000.0,3550400000.0,1011200000.0,2526700000.0,0.264,11.637,-14800000.0,507100000.0,507100000.0,0.0,133600000.0,5.264,0.526,537200000.0,0.0,537200000.0,537200000.0,0.0,32200000.0,0.0,0.002,0.04,256000000.0,288200000.0,0.308,288200000.0,256000000.0,223700000.0,0.66,0.66,0.66,2306400000.0,2407200000.0,2306400000.0,4356314371.0,17.0,15.116,283800000.0,1.432,1.0,935800000.0,1.0,2380500000.0,32300000.0,995400000.0,922500000.0,0.0,173100000.0,173100000.0,0.0,1213700000.0,192100000.0,1021600000.0,4278914371.0,6100000.0,-90000000.0,-474500000.0,159700000.0,-8300000.0,-340500000.0,48000000.0,152800000.0,298600000.0,0.0,133600000.0,133600000.0,133600000.0,5300000.0,0.0,0.143,696900000.0,238900000.0,1800000.0,0.061,1.855,32.028,32.712,47200000.0,0.0,21.59,4.572,4.572,126400000.0,2293400000.0,935800000.0,935800000.0,0.0,0.038,0.056,0.278,0.274,71900000.0,571200000.0,1.0,198189642.0,198189642,,4.722,1157400000.0,5400000.0,90100000.0,394400000.0,5.84,819100000.0
42,JNS,MRT,2006-09-30,2006-09-30,2006-09-30,2020-10-19,9600000.0,3659700000.0,3573050000.0,1047300000.0,2612400000.0,0.253,11.413,-10600000.0,573000000.0,573000000.0,0.0,106700000.0,4.25,0.541,650400000.0,113200000.0,537200000.0,650400000.0,0.0,21700000.0,0.0,0.002,0.04,223300000.0,245000000.0,0.272,245000000.0,223300000.0,194000000.0,0.52,0.52,0.52,2358800000.0,2471950000.0,2358800000.0,4113362946.0,18.0,16.789,252000000.0,1.219,1.0,902200000.0,1.0,2460100000.0,29300000.0,1030600000.0,871850000.0,0.0,378100000.0,281300000.0,96800000.0,1276300000.0,246400000.0,1029900000.0,4075562946.0,-65000000.0,-90000000.0,-382300000.0,272400000.0,-8300000.0,-135100000.0,-192500000.0,17600000.0,262600000.0,0.0,106700000.0,106700000.0,106700000.0,32100000.0,0.0,0.118,665500000.0,236700000.0,1900000.0,0.077,1.728,38.196,37.923,55500000.0,0.0,19.72,4.517,4.517,136500000.0,2359500000.0,902200000.0,902200000.0,0.0,0.03,0.043,0.256,0.248,72000000.0,544200000.0,1.0,206671549.0,206671549,,4.365,1199600000.0,6400000.0,87300000.0,415000000.0,5.804,800900000.0
43,JNS,MRT,2006-06-30,2006-06-30,2006-06-30,2020-10-19,10700000.0,3470500000.0,3553550000.0,842400000.0,2628100000.0,0.256,11.595,-16500000.0,337900000.0,337900000.0,0.0,108900000.0,3.579,0.407,375700000.0,113500000.0,262200000.0,375700000.0,0.0,33700000.0,0.0,0.004,0.08,214700000.0,248400000.0,0.273,248400000.0,214700000.0,186300000.0,0.52,0.52,0.52,2453900000.0,2526325000.0,2453900000.0,3837084758.0,18.0,15.447,253900000.0,1.2,1.0,910700000.0,1.0,2474800000.0,28400000.0,798100000.0,833575000.0,0.0,431100000.0,336200000.0,94900000.0,999200000.0,235400000.0,763800000.0,3788284758.0,-238500000.0,-90000000.0,-349400000.0,-500000.0,-17400000.0,-383600000.0,-125300000.0,-22400000.0,270400000.0,0.0,108900000.0,108900000.0,108900000.0,29000000.0,0.0,0.12,686200000.0,224500000.0,1900000.0,0.154,1.544,34.787,34.423,58400000.0,0.0,17.9,4.16,4.16,129800000.0,2449800000.0,910700000.0,910700000.0,0.0,0.031,0.043,0.258,0.236,77000000.0,571400000.0,1.0,211636020.0,211636020,,4.303,995700000.0,0.0,77400000.0,426600000.0,4.705,607000000.0
44,JNS,MRT,2006-03-31,2006-03-31,2006-03-31,2020-10-19,11700000.0,3533500000.0,3590375000.0,898100000.0,2635400000.0,0.247,11.685,-21400000.0,327200000.0,327200000.0,0.0,103500000.0,3.758,0.4,376000000.0,113800000.0,262200000.0,376000000.0,0.0,34400000.0,0.0,0.002,0.04,205500000.0,239900000.0,0.271,239900000.0,205500000.0,177100000.0,0.49,0.49,0.49,2509700000.0,2570475000.0,2509700000.0,4800076255.0,23.0,20.009,234500000.0,1.092,1.0,885400000.0,1.0,2477400000.0,28400000.0,865900000.0,855175000.0,0.0,446300000.0,349700000.0,96600000.0,1004600000.0,239000000.0,765600000.0,4976376255.0,-128000000.0,-90000000.0,-305700000.0,-500000.0,-9100000.0,-331600000.0,-52300000.0,55500000.0,255900000.0,0.0,103500000.0,103500000.0,103500000.0,29000000.0,0.0,0.117,674300000.0,211100000.0,4400000.0,0.082,1.983,48.081,47.286,61400000.0,0.0,23.17,5.62,5.62,170000000.0,2505500000.0,885400000.0,885400000.0,0.0,0.029,0.04,0.24,0.232,75400000.0,568900000.0,1.0,214776705.0,214776705,,4.122,1056100000.0,12100000.0,73600000.0,425000000.0,4.917,659100000.0
45,JNS,MRT,2005-12-31,2005-12-31,2005-12-31,2020-10-19,9700000.0,3628500000.0,3615725000.0,1003700000.0,2624800000.0,0.24,11.894,-18300000.0,552600000.0,552600000.0,0.0,87800000.0,3.748,0.402,376300000.0,114100000.0,262200000.0,376300000.0,0.0,36000000.0,0.0,0.002,0.04,189200000.0,225200000.0,0.259,225200000.0,189200000.0,160600000.0,0.4,0.4,0.4,2565400000.0,2606550000.0,2565400000.0,3869042003.0,20.0,17.18,249200000.0,1.155,1.0,868300000.0,1.0,2391600000.0,28600000.0,792800000.0,896200000.0,0.0,334100000.0,252200000.0,81900000.0,1031500000.0,267800000.0,763700000.0,4018442003.0,25100000.0,-5800000.0,-289500000.0,-500000.0,-9100000.0,-312500000.0,70100000.0,90600000.0,267500000.0,0.0,87800000.0,87800000.0,87800000.0,29000000.0,0.0,0.101,675100000.0,193200000.0,5400000.0,0.1,1.566,45.768,46.575,64700000.0,0.0,18.63,4.628,4.628,145600000.0,2569300000.0,868300000.0,868300000.0,0.0,0.024,0.034,0.211,0.218,74100000.0,558600000.0,1.0,215697370.0,215697370,,4.026,1236900000.0,19000000.0,72800000.0,424100000.0,5.734,735900000.0
46,JNS,MRT,2005-09-30,2005-09-30,2005-09-30,2020-10-19,11000000.0,3581700000.0,3650500000.0,838100000.0,2743600000.0,0.259,11.559,-20000000.0,526000000.0,526000000.0,0.0,95200000.0,5.853,0.386,376600000.0,0.0,376600000.0,376600000.0,0.0,53200000.0,0.0,0.003,0.04,179300000.0,232500000.0,0.246,232500000.0,179300000.0,150500000.0,0.44,0.44,0.44,2576300000.0,2647550000.0,2576300000.0,3021728407.0,17.0,12.997,226700000.0,1.017,1.0,945600000.0,1.0,2411600000.0,28800000.0,877500000.0,964000000.0,0.0,410200000.0,141400000.0,268800000.0,993600000.0,143200000.0,850400000.0,3220728407.0,-338600000.0,-5800000.0,-306200000.0,0.0,-9100000.0,-329300000.0,-256000000.0,-230200000.0,246700000.0,0.0,95200000.0,95200000.0,95200000.0,0.0,0.0,0.101,793900000.0,151700000.0,4600000.0,0.091,1.25,33.831,32.841,63200000.0,0.0,14.45,3.406,3.406,122600000.0,2569000000.0,945600000.0,945600000.0,0.0,0.026,0.036,0.186,0.19,144000000.0,655500000.0,1.0,222887779.0,222887779,,4.242,1170100000.0,2200000.0,55300000.0,415700000.0,5.25,694900000.0
47,JNS,MRT,2005-06-30,2005-06-30,2005-06-30,2020-10-19,9200000.0,3617800000.0,3673300000.0,846100000.0,2771700000.0,0.258,11.595,-20400000.0,575900000.0,575900000.0,0.0,110800000.0,5.811,0.374,376900000.0,0.0,376900000.0,376900000.0,0.0,55300000.0,0.0,0.003,0.04,176500000.0,231800000.0,0.245,231800000.0,176500000.0,150100000.0,0.49,0.49,0.49,2630500000.0,2676850000.0,2630500000.0,3334511264.0,19.0,14.385,-10200000.0,-0.045,1.0,945900000.0,1.0,2388700000.0,26400000.0,884500000.0,913100000.0,0.0,416300000.0,94300000.0,322000000.0,984400000.0,145600000.0,838800000.0,3412111264.0,-524600000.0,-5800000.0,-248500000.0,0.0,-9600000.0,-271900000.0,-262900000.0,-236700000.0,10200000.0,0.0,110800000.0,110800000.0,110800000.0,0.0,0.0,0.117,796000000.0,149900000.0,4800000.0,0.082,1.297,30.795,30.694,61000000.0,0.0,15.04,3.607,3.607,112000000.0,2599900000.0,945900000.0,945900000.0,0.0,0.03,0.041,0.193,0.187,125800000.0,640600000.0,1.0,226869100.0,226869100,,4.169,1229100000.0,22900000.0,39300000.0,402200000.0,5.418,700500000.0
48,JNS,MRT,2005-03-31,2005-03-31,2005-03-31,2020-10-19,12400000.0,3634900000.0,3755625000.0,860100000.0,2774800000.0,0.26,11.492,-23900000.0,454800000.0,454800000.0,0.0,211200000.0,6.357,0.368,377200000.0,0.0,377200000.0,377200000.0,0.0,57800000.0,0.0,0.003,0.04,344300000.0,402100000.0,0.412,402100000.0,344300000.0,313500000.0,0.91,0.91,0.91,2654000000.0,2688025000.0,2654000000.0,3072120443.0,9.0,7.64,-68800000.0,-0.298,1.0,975400000.0,1.0,2392000000.0,30800000.0,1030000000.0,803675000.0,0.0,510100000.0,186100000.0,324000000.0,977200000.0,135300000.0,841900000.0,3221720443.0,-823700000.0,-5800000.0,-192500000.0,-529000000.0,-9600000.0,-747900000.0,-30900000.0,-1200000.0,-44900000.0,0.0,211200000.0,211200000.0,211200000.0,0.0,0.0,0.217,823700000.0,151700000.0,6300000.0,0.044,1.214,15.254,15.33,58800000.0,0.0,13.95,3.303,3.303,126400000.0,2583300000.0,975400000.0,975400000.0,0.0,0.056,0.079,0.428,0.353,107100000.0,646400000.0,1.0,230947702.0,230947702,,4.223,1242900000.0,43900000.0,102300000.0,405000000.0,5.382,724800000.0
49,JNS,MRT,2004-12-31,2004-12-31,2004-12-31,2020-10-19,15700000.0,3767600000.0,3962975000.0,1065300000.0,2702300000.0,0.255,11.551,-26500000.0,527100000.0,527100000.0,0.0,169500000.0,6.891,0.377,377500000.0,0.0,377500000.0,377500000.0,0.0,60400000.0,0.0,0.002,0.04,300100000.0,360500000.0,0.357,360500000.0,300100000.0,261700000.0,0.73,0.73,0.73,2729400000.0,2694350000.0,2729400000.0,3485306037.0,12.0,9.668,-36900000.0,-0.156,1.0,1010800000.0,1.0,2399400000.0,38400000.0,1064000000.0,866425000.0,0.0,520100000.0,279200000.0,240900000.0,1028000000.0,154600000.0,873400000.0,3972006037.0,-695700000.0,-5800000.0,-89900000.0,-529000000.0,-9600000.0,-639500000.0,-45800000.0,-15300000.0,-10400000.0,0.0,169500000.0,169500000.0,169500000.0,0.0,0.0,0.168,898900000.0,111900000.0,7800000.0,0.055,1.455,23.434,23.027,62000000.0,0.0,16.81,3.93,3.93,125200000.0,2563700000.0,1010800000.0,1010800000.0,0.0,0.043,0.063,0.346,0.297,88200000.0,639900000.0,1.0,236288283.0,236288283,,4.278,1368200000.0,71500000.0,92200000.0,435800000.0,5.79,910700000.0
50,JNS,MRT,2004-09-30,2004-09-30,2004-09-30,2020-10-19,12500000.0,3672900000.0,4104125000.0,1117700000.0,2555200000.0,0.252,11.253,-34300000.0,864600000.0,864600000.0,0.0,957000000.0,10.217,0.363,377900000.0,0.0,377900000.0,377900000.0,0.0,62000000.0,0.0,0.003,0.04,927500000.0,989500000.0,0.958,989500000.0,927500000.0,881300000.0,4.18,4.15,4.18,2693500000.0,2681575000.0,2693500000.0,2535343795.0,3.0,2.562,3000000.0,0.013,1.0,1032400000.0,1.0,2402900000.0,46200000.0,673900000.0,914700000.0,0.0,181000000.0,96500000.0,84500000.0,977400000.0,109400000.0,868000000.0,3257743795.0,741500000.0,9100000.0,-46100000.0,-529000000.0,-9600000.0,-594300000.0,1298500000.0,1321900000.0,37300000.0,0.0,957000000.0,957000000.0,957000000.0,-1700000.0,0.0,0.927,933900000.0,98500000.0,4700000.0,0.01,1.209,3.404,3.256,67800000.0,0.0,13.61,3.156,3.156,103900000.0,2594900000.0,1032400000.0,1032400000.0,0.0,0.233,0.357,1.014,0.898,27500000.0,609400000.0,1.0,239363982.0,239363982,,4.313,1270000000.0,18900000.0,-75700000.0,444800000.0,5.306,1008300000.0
51,JNS,MRT,2004-06-30,2004-06-30,2004-06-30,2020-10-19,13800000.0,3947100000.0,4068400000.0,1379800000.0,2567300000.0,0.258,11.176,-34600000.0,1100600000.0,1100600000.0,0.0,960600000.0,3.802,0.475,378200000.0,0.0,378200000.0,378200000.0,0.0,64300000.0,0.0,0.002,0.04,978700000.0,1043000000.0,0.992,1043000000.0,978700000.0,922500000.0,4.2,4.17,4.2,2675200000.0,2449825000.0,2675200000.0,3520373609.0,4.0,3.375,290300000.0,1.213,1.0,1051200000.0,1.0,2415000000.0,56200000.0,446800000.0,1137625000.0,0.0,179200000.0,93500000.0,85700000.0,1271400000.0,362900000.0,908500000.0,3947073609.0,1046700000.0,2300000.0,-1900000.0,-529000000.0,-9500000.0,-550800000.0,1272600000.0,1303100000.0,324900000.0,0.0,960600000.0,960600000.0,960600000.0,2300000.0,0.0,0.914,915400000.0,135800000.0,7200000.0,0.01,1.475,4.109,3.926,66600000.0,0.0,16.49,3.755,3.755,114800000.0,2543600000.0,1051200000.0,1051200000.0,0.0,0.236,0.392,0.86,0.931,43700000.0,589800000.0,1.0,239361650.0,239361650,,4.392,1532100000.0,0.0,-38100000.0,635300000.0,6.401,1016900000.0
52,JNS,MRT,2004-03-31,2004-03-31,2004-03-31,2020-10-19,154000000.0,4464300000.0,3936000000.0,1573100000.0,2891200000.0,0.264,11.187,-26800000.0,1278500000.0,1278500000.0,0.0,882000000.0,4.645,0.665,851800000.0,84000000.0,767800000.0,851800000.0,0.0,65900000.0,0.0,0.002,0.04,855300000.0,921200000.0,0.888,921200000.0,855300000.0,796100000.0,3.87,3.84,3.87,2679300000.0,2202525000.0,2679300000.0,3552959320.0,4.0,3.857,272400000.0,1.137,1.0,1037900000.0,1.0,2417900000.0,59200000.0,1281000000.0,1405825000.0,0.0,504700000.0,92400000.0,412300000.0,1780800000.0,338700000.0,1442100000.0,3923159320.0,1143400000.0,-94900000.0,2200000.0,0.0,-9500000.0,-18800000.0,863000000.0,982900000.0,299200000.0,0.0,882000000.0,882000000.0,882000000.0,2300000.0,0.0,0.85,866800000.0,171100000.0,6800000.0,0.01,1.464,4.448,4.233,61000000.0,0.0,16.38,3.78,3.78,123300000.0,2423000000.0,1037900000.0,1037900000.0,0.0,0.224,0.4,0.608,0.824,60000000.0,549700000.0,1.0,239509116.0,239509116,,4.333,2046400000.0,0.0,-85900000.0,669600000.0,8.544,1234400000.0
53,JNS,MRT,2003-12-31,2003-12-31,2003-12-31,2020-10-19,135100000.0,4332200000.0,3666725000.0,1466200000.0,2866000000.0,0.271,11.128,-23900000.0,1222800000.0,1222800000.0,0.0,942700000.0,5.166,0.616,852600000.0,83800000.0,768800000.0,852600000.0,0.0,67600000.0,0.0,0.002,0.04,933500000.0,1001100000.0,1.006,1001100000.0,933500000.0,873000000.0,4.14,4.11,4.14,2678300000.0,1930875000.0,2678300000.0,4679712160.0,5.0,4.675,236300000.0,0.982,1.0,994700000.0,1.0,2421100000.0,60500000.0,1257100000.0,1449775000.0,0.0,464300000.0,78100000.0,386200000.0,1650800000.0,283800000.0,1367000000.0,3949412160.0,1070300000.0,-101800000.0,-1800000.0,0.0,-9500000.0,-27000000.0,837100000.0,962800000.0,260200000.0,0.0,942700000.0,942700000.0,942700000.0,5900000.0,0.0,0.948,761600000.0,233100000.0,8300000.0,0.01,1.475,4.189,3.964,58700000.0,0.0,16.41,3.97,3.97,123700000.0,2403800000.0,994700000.0,994700000.0,0.0,0.257,0.488,0.644,0.938,78400000.0,520100000.0,1.0,240671064.0,240671064,,4.133,1911100000.0,0.0,-69700000.0,484800000.0,7.941,1182400000.0
54,JNS,MRT,2003-09-30,2003-09-30,2003-09-30,2020-10-19,65000000.0,3530000000.0,3414100000.0,401800000.0,3128200000.0,0.286,7.383,-16800000.0,123100000.0,123100000.0,0.0,174600000.0,1.827,0.997,853400000.0,83500000.0,769900000.0,853400000.0,0.0,69200000.0,0.0,0.003,0.04,353000000.0,422200000.0,0.432,422200000.0,353000000.0,290900000.0,0.77,0.78,0.77,1766500000.0,1638300000.0,1766500000.0,4133917477.0,12.0,9.791,214700000.0,0.897,1.0,976400000.0,1.0,2474800000.0,62100000.0,1565600000.0,1502925000.0,0.0,686300000.0,84200000.0,602100000.0,1760700000.0,219900000.0,1540800000.0,3342617477.0,40400000.0,-125500000.0,500000.0,-28300000.0,-9500000.0,-46800000.0,-144300000.0,-2300000.0,231500000.0,0.0,174600000.0,174600000.0,174600000.0,4100000.0,0.0,0.179,690600000.0,285800000.0,6900000.0,0.052,1.892,19.144,18.143,51300000.0,0.0,13.97,3.423,3.423,112800000.0,1630000000.0,976400000.0,976400000.0,0.0,0.051,0.107,0.235,0.362,87700000.0,512700000.0,1.0,239271115.0,239271115,,4.081,1055200000.0,0.0,116300000.0,747300000.0,4.41,181900000.0
55,JNS,MRT,2003-06-30,2003-06-30,2003-06-30,2020-10-19,55500000.0,3417500000.0,3364575000.0,295400000.0,3122100000.0,0.289,7.046,-11100000.0,63000000.0,63000000.0,0.0,-7500000.0,1.514,1.026,854300000.0,83300000.0,771000000.0,854300000.0,0.0,70300000.0,0.0,0.002,0.04,249700000.0,320000000.0,0.329,320000000.0,249700000.0,188200000.0,-0.04,-0.03,-0.04,1686000000.0,1552325000.0,1686000000.0,4636134614.0,19.0,14.488,180700000.0,0.755,1.0,972500000.0,1.0,2494100000.0,61500000.0,1519600000.0,1474125000.0,0.0,636400000.0,65500000.0,570900000.0,1729200000.0,195100000.0,1534100000.0,3924334614.0,-9100000.0,-118800000.0,-1000000.0,-67100000.0,-9000000.0,-83900000.0,-117000000.0,13100000.0,191800000.0,0.0,-7500000.0,-7500000.0,-7500000.0,10400000.0,0.0,-0.008,780600000.0,191900000.0,5900000.0,-1.0,2.328,-523.245,-410.0,57100000.0,0.0,16.4,4.035,4.035,116500000.0,1579100000.0,972500000.0,972500000.0,0.0,-0.002,-0.005,0.169,0.257,105800000.0,525800000.0,1.0,239288696.0,239288696,,4.064,923400000.0,6400000.0,195700000.0,724400000.0,3.859,100300000.0
56,JNS,MRT,2003-03-31,2003-03-31,2003-03-31,2020-10-19,19100000.0,3387200000.0,3347050000.0,367800000.0,3019400000.0,0.31,7.126,-14400000.0,143300000.0,143300000.0,0.0,18700000.0,2.011,1.126,855100000.0,0.0,855100000.0,855100000.0,0.0,71200000.0,0.0,0.004,0.04,284500000.0,355700000.0,0.343,355700000.0,284500000.0,224200000.0,0.08,0.09,0.08,1592700000.0,1518550000.0,1592700000.0,3241033484.0,11.0,9.112,175300000.0,0.784,1.0,1037400000.0,1.0,2459300000.0,60300000.0,1456800000.0,1454500000.0,0.0,558800000.0,63400000.0,495400000.0,1793400000.0,182900000.0,1610500000.0,2545633484.0,-153300000.0,-27500000.0,-4700000.0,-258800000.0,-11200000.0,-270200000.0,-72800000.0,-30300000.0,189700000.0,0.0,18700000.0,18700000.0,18700000.0,10400000.0,0.0,0.018,814400000.0,223000000.0,8500000.0,0.5,1.598,136.13,142.375,64700000.0,0.0,11.39,2.454,2.454,110800000.0,1541100000.0,1037400000.0,1037400000.0,0.0,0.006,0.012,0.196,0.274,102400000.0,560100000.0,1.0,223497233.0,223497233,,4.642,927900000.0,0.0,205500000.0,736900000.0,4.152,184900000.0
57,JNS,MRT,2002-12-31,2002-12-31,2002-12-31,2020-10-19,36300000.0,3321700000.0,3376100000.0,370300000.0,2951400000.0,0.333,6.778,-16000000.0,152500000.0,152500000.0,0.0,77300000.0,1.977,1.199,856000000.0,0.0,856000000.0,856000000.0,0.0,71000000.0,0.0,0.004,0.05,362000000.0,433000000.0,0.386,433000000.0,362000000.0,304500000.0,0.35,0.35,0.35,1508000000.0,1491050000.0,1508000000.0,3725004712.0,10.0,8.603,264700000.0,1.19,1.0,1123200000.0,1.0,2368200000.0,57500000.0,1469700000.0,1354050000.0,0.0,542600000.0,25100000.0,517500000.0,1808200000.0,187300000.0,1620900000.0,2907804712.0,-77700000.0,-59300000.0,3300000.0,-258800000.0,-11200000.0,-287200000.0,-71200000.0,4200000.0,280700000.0,0.0,77300000.0,77300000.0,77300000.0,9800000.0,0.0,0.069,826200000.0,297000000.0,11800000.0,0.143,1.928,37.617,37.343,65700000.0,0.0,13.07,2.589,2.589,98300000.0,1469500000.0,1123200000.0,1123200000.0,0.0,0.023,0.052,0.267,0.322,90400000.0,584600000.0,1.0,222479320.0,222479320,,5.049,953500000.0,0.0,227200000.0,729100000.0,4.286,183000000.0
58,JNS,MRT,2002-09-30,2002-09-30,2002-09-30,2020-10-19,27500000.0,3331900000.0,3393650000.0,308900000.0,3023000000.0,0.356,6.396,-18800000.0,90300000.0,90300000.0,0.0,113400000.0,1.245,1.337,907500000.0,35000000.0,872500000.0,907500000.0,0.0,88800000.0,0.0,0.005,0.06,415500000.0,504300000.0,0.418,504300000.0,415500000.0,361800000.0,0.51,0.48,0.51,1422600000.0,1454875000.0,1422600000.0,3532041953.0,9.0,7.004,231800000.0,1.042,1.0,1206600000.0,1.0,2450500000.0,53700000.0,1450400000.0,1261125000.0,0.0,519800000.0,24400000.0,495400000.0,1902500000.0,248200000.0,1654300000.0,2684541953.0,-341700000.0,-692400000.0,-7700000.0,162200000.0,-13400000.0,117000000.0,-709300000.0,2600000.0,250600000.0,0.0,113400000.0,113400000.0,113400000.0,14400000.0,0.0,0.094,881800000.0,324800000.0,16800000.0,0.118,1.887,23.673,23.667,77100000.0,0.0,12.07,2.225,2.225,103800000.0,1392900000.0,1206600000.0,1206600000.0,0.0,0.033,0.078,0.329,0.344,86900000.0,893600000.0,1.0,222414412.0,222415000,223779000.0,5.425,881400000.0,0.0,248400000.0,736400000.0,3.963,60700000.0
59,JNS,MRT,2002-06-30,2002-06-30,2002-06-30,2020-10-19,64000000.0,3347400000.0,3224850000.0,269200000.0,3078200000.0,0.408,6.974,-23100000.0,69500000.0,69500000.0,0.0,271400000.0,0.863,1.151,917000000.0,150000000.0,767000000.0,917000000.0,0.0,106200000.0,0.0,0.002,0.03,502000000.0,608200000.0,0.462,608200000.0,502000000.0,455500000.0,1.22,1.18,1.22,1550900000.0,1415875000.0,1550900000.0,4839450590.0,10.0,7.957,335800000.0,1.51,1.0,1315500000.0,1.0,2441700000.0,46500000.0,1441100000.0,1038550000.0,0.0,577900000.0,25600000.0,552300000.0,1785000000.0,312100000.0,1472900000.0,4046850590.0,-369700000.0,-830400000.0,8100000.0,151000000.0,-6600000.0,122500000.0,-851100000.0,2400000.0,358900000.0,0.0,271400000.0,271400000.0,271400000.0,4100000.0,0.0,0.206,845700000.0,469800000.0,20500000.0,0.025,2.609,14.911,14.918,84200000.0,0.0,18.2,3.076,3.077,122600000.0,1484700000.0,1315500000.0,1315500000.0,0.0,0.084,0.192,0.483,0.382,52600000.0,851300000.0,1.0,222354428.0,222380000,224411000.0,5.916,905700000.0,0.0,184100000.0,663100000.0,4.073,-42900000.0
60,JNS,MRT,2002-03-31,2002-03-31,2002-03-31,2020-10-19,83300000.0,3503400000.0,3035050000.0,510900000.0,2992500000.0,0.467,6.672,-24000000.0,294900000.0,294900000.0,0.0,288100000.0,0.583,1.351,1087500000.0,696300000.0,391200000.0,1087500000.0,0.0,120600000.0,0.0,0.002,0.04,525700000.0,646300000.0,0.456,646300000.0,525700000.0,482800000.0,1.3,1.24,1.3,1482700000.0,1338550000.0,1482700000.0,6301637163.0,12.0,9.75,459700000.0,2.068,1.0,1416600000.0,1.0,2365300000.0,42900000.0,1055000000.0,844900000.0,0.0,569600000.0,30000000.0,539600000.0,2003400000.0,875700000.0,1127700000.0,5444137163.0,-41000000.0,-1434600000.0,9500000.0,966300000.0,-8800000.0,896800000.0,-1421500000.0,36000000.0,483700000.0,0.0,288100000.0,288100000.0,288100000.0,4100000.0,0.0,0.203,926100000.0,490500000.0,49100000.0,0.031,3.672,18.897,18.838,87600000.0,0.0,24.49,3.843,3.842,138900000.0,1397200000.0,1416600000.0,1416600000.0,0.0,0.095,0.215,0.622,0.371,39700000.0,791800000.0,1.0,222300415.0,222243000,224590000.0,6.374,1138100000.0,0.0,194700000.0,686100000.0,5.121,-364800000.0
61,JNS,MRT,2001-12-31,2001-12-31,2001-12-31,2020-10-19,75800000.0,3391900000.0,2599850000.0,478100000.0,2913800000.0,0.591,6.192,-33300000.0,236700000.0,236700000.0,0.0,302300000.0,0.543,1.471,1094200000.0,694700000.0,399500000.0,1094200000.0,0.0,127700000.0,0.0,0.001,0.04,554500000.0,682200000.0,0.444,682200000.0,554500000.0,520000000.0,1.37,1.31,1.37,1363300000.0,1248400000.0,1363300000.0,6287227213.0,11.0,9.216,470100000.0,2.135,1.0,1536800000.0,1.0,2270500000.0,34500000.0,1098000000.0,755800000.0,0.0,581400000.0,31000000.0,550400000.0,2005300000.0,880900000.0,1124400000.0,6024727213.0,-128100000.0,-1620900000.0,12500000.0,1066300000.0,-8800000.0,983700000.0,-1615200000.0,33000000.0,503400000.0,0.0,302300000.0,302300000.0,302300000.0,4100000.0,0.0,0.197,1001500000.0,535300000.0,42500000.0,0.029,4.419,19.93,19.869,92900000.0,0.0,27.22,3.92,3.899,128500000.0,1285300000.0,1536800000.0,1536800000.0,0.0,0.116,0.242,0.734,0.361,33300000.0,752700000.0,1.0,221334578.0,220154000,224424000.0,6.981,1121400000.0,0.0,217700000.0,680200000.0,5.094,-402800000.0
62,JNS,MRT,2001-09-30,2001-09-30,2001-09-30,2020-10-19,45000000.0,2656700000.0,2147125000.0,640200000.0,2016500000.0,0.816,5.745,-37400000.0,430400000.0,430400000.0,0.0,381800000.0,0.719,1.026,692900000.0,692900000.0,0.0,692900000.0,0.0,116200000.0,0.0,0.002,0.04,672400000.0,788600000.0,0.45,788600000.0,672400000.0,648700000.0,1.73,1.65,1.73,1266600000.0,1172025000.0,1266600000.0,4602828097.0,7.0,5.837,499400000.0,2.265,1.0,1752100000.0,1.0,1468900000.0,23700000.0,560100000.0,663675000.0,0.0,463500000.0,25200000.0,438300000.0,1299200000.0,890200000.0,409000000.0,4300328097.0,-98400000.0,-1000600000.0,-144600000.0,673600000.0,-8800000.0,402500000.0,-1037700000.0,300000.0,536800000.0,0.0,381800000.0,381800000.0,381800000.0,0.0,0.0,0.218,1066000000.0,686100000.0,24700000.0,0.023,3.395,11.263,11.272,109300000.0,0.0,19.5,2.454,2.454,123200000.0,1219400000.0,1752100000.0,1752100000.0,0.0,0.178,0.326,1.013,0.384,10800000.0,960100000.0,1.0,220529646.0,220462000,224390000.0,7.947,1187800000.0,0.0,266900000.0,435500000.0,5.388,-250000000.0
63,JNS,MRT,2001-06-30,2001-06-30,2001-06-30,2020-10-19,54700000.0,2588200000.0,1927650000.0,697400000.0,1890800000.0,1.038,5.659,-51500000.0,438700000.0,438700000.0,0.0,525100000.0,0.763,1.056,741200000.0,741200000.0,0.0,741200000.0,0.0,102700000.0,0.0,0.001,0.03,877600000.0,980300000.0,0.49,980300000.0,877600000.0,859000000.0,2.37,2.27,2.37,1241600000.0,1131200000.0,1241600000.0,7124497211.0,8.0,7.268,643800000.0,2.935,1.0,2000000000.0,1.0,1310300000.0,18600000.0,666500000.0,682850000.0,0.0,494300000.0,30800000.0,463500000.0,1311100000.0,913900000.0,397200000.0,7359897211.0,-4800000.0,-948500000.0,-292100000.0,723600000.0,-6600000.0,302400000.0,-1002500000.0,-2400000.0,695300000.0,0.0,525100000.0,525100000.0,525100000.0,0.0,0.0,0.263,1152900000.0,847100000.0,27600000.0,0.013,5.928,14.016,14.16,117000000.0,0.0,33.56,3.68,3.681,158400000.0,1184700000.0,2000000000.0,2000000000.0,0.0,0.272,0.464,1.285,0.439,10800000.0,1020300000.0,1.0,219305638.0,219387000,224615000.0,9.116,1277900000.0,0.0,333900000.0,386800000.0,5.825,-216500000.0
64,JNS,MRT,2001-03-31,2001-03-31,2001-03-31,2020-10-19,48200000.0,1762600000.0,1670175000.0,591900000.0,1170700000.0,1.288,5.123,-88600000.0,335400000.0,335400000.0,0.0,586400000.0,2.797,0.541,100000000.0,0.0,100000000.0,100000000.0,0.0,90500000.0,0.0,0.001,0.02,981400000.0,1071900000.0,0.498,1071900000.0,981400000.0,971300000.0,2.64,2.55,2.64,1122100000.0,1081250000.0,1122100000.0,5510937074.0,6.0,5.141,603300000.0,2.754,1.0,2151500000.0,1.0,617000000.0,10100000.0,698600000.0,692775000.0,0.0,449700000.0,25800000.0,423900000.0,606700000.0,211600000.0,395100000.0,5875237074.0,-15300000.0,-339600000.0,-294100000.0,100000000.0,-2200000.0,-287600000.0,-419600000.0,2400000.0,691900000.0,0.0,586400000.0,586400000.0,586400000.0,0.0,0.0,0.273,1177300000.0,974200000.0,24400000.0,0.008,5.236,10.019,10.159,129800000.0,0.0,26.82,2.731,2.731,164900000.0,1071700000.0,2151500000.0,2151500000.0,0.0,0.351,0.542,1.417,0.456,10800000.0,1064200000.0,1.0,219061785.0,219042000,224666000.0,9.822,1145600000.0,0.0,384900000.0,289200000.0,5.23,380300000.0
65,JNS,MRT,2000-12-31,2000-12-31,2000-12-31,2020-10-19,103300000.0,1581000000.0,1587700000.0,641100000.0,939900000.0,1.416,4.755,-107100000.0,364300000.0,364300000.0,0.0,663700000.0,3.269,0.425,0.0,0.0,0.0,0.0,0.0,81200000.0,0.0,0.0,0.01,1098400000.0,1179600000.0,0.525,1179600000.0,1098400000.0,1090700000.0,2.98,2.9,2.98,1057800000.0,1022975000.0,1057800000.0,8242300606.0,8.0,6.987,624200000.0,2.806,1.0,2248100000.0,1.0,291100000.0,7700000.0,729500000.0,674375000.0,0.0,541300000.0,30200000.0,511100000.0,449900000.0,196100000.0,253800000.0,8771100606.0,40200000.0,-110600000.0,-299500000.0,-125000000.0,-2200000.0,-471500000.0,-219600000.0,-4100000.0,731300000.0,0.0,663700000.0,663700000.0,663700000.0,0.0,0.0,0.295,1167600000.0,1080500000.0,27300000.0,0.003,8.292,13.215,13.235,137700000.0,0.0,39.44,3.902,3.903,194400000.0,952300000.0,2248100000.0,2248100000.0,0.0,0.418,0.649,1.629,0.489,10800000.0,1094200000.0,1.0,222390989.0,222445000,225423000.0,10.106,1289900000.0,0.0,427000000.0,211100000.0,5.799,445000000.0
66,JNS,MRT,2000-09-30,2000-09-30,2000-09-30,2020-10-19,127600000.0,1778800000.0,1500325000.0,834900000.0,943900000.0,1.402,4.939,-118300000.0,528800000.0,528800000.0,0.0,609000000.0,2.416,0.554,0.0,0.0,0.0,0.0,0.0,67700000.0,0.0,0.0,0.0,1022700000.0,1090400000.0,0.518,1090400000.0,1022700000.0,1013400000.0,2.73,2.67,2.73,1103300000.0,962175000.0,1103300000.0,9324923336.0,9.0,8.552,663800000.0,2.971,1.0,2103200000.0,1.0,267700000.0,9300000.0,636800000.0,637725000.0,0.0,571500000.0,34200000.0,537300000.0,611400000.0,345500000.0,265900000.0,9768423336.0,308800000.0,-89300000.0,-131800000.0,-125000000.0,0.0,-278600000.0,-194700000.0,4400000.0,782100000.0,0.0,609000000.0,609000000.0,609000000.0,0.0,0.0,0.29,1093100000.0,1010100000.0,34100000.0,0.0,8.854,16.04,15.934,138900000.0,0.0,43.5,4.645,4.621,225000000.0,973500000.0,2103200000.0,2103200000.0,0.0,0.406,0.633,1.604,0.486,0.0,581700000.0,1.0,224561456.0,223407000,229297000.0,9.414,1511100000.0,0.0,404400000.0,324200000.0,6.764,489400000.0
67,JNS,MRT,2000-06-30,2000-06-30,2000-06-30,2020-10-19,111100000.0,1558300000.0,1309650000.0,728700000.0,829600000.0,1.378,4.672,-108700000.0,443500000.0,443500000.0,0.0,521600000.0,3.468,0.414,0.0,0.0,0.0,0.0,0.0,56200000.0,0.0,0.0,0.0,875500000.0,931700000.0,0.516,931700000.0,875500000.0,867400000.0,2.34,2.3,2.34,1041800000.0,856825000.0,1041800000.0,9318916295.0,11.0,10.002,440500000.0,1.975,1.0,1804900000.0,1.0,198500000.0,8100000.0,706200000.0,635025000.0,0.0,533800000.0,31400000.0,502400000.0,431800000.0,210100000.0,221700000.0,9669616295.0,313900000.0,-3300000.0,0.0,-125000000.0,0.0,-141500000.0,-93800000.0,9800000.0,549200000.0,0.0,521600000.0,521600000.0,521600000.0,0.0,0.0,0.289,954400000.0,850500000.0,20900000.0,0.0,9.282,18.538,18.402,128700000.0,0.0,43.06,5.357,5.32,211300000.0,823900000.0,1804900000.0,1804900000.0,0.0,0.398,0.609,1.379,0.485,0.0,520200000.0,1.0,224561456.0,223000000,223000000.0,8.094,1359800000.0,0.0,345800000.0,211400000.0,6.098,518600000.0
68,JNS,MRT,2000-03-31,2000-03-31,2000-03-31,2020-10-19,112000000.0,1432700000.0,1150350000.0,649300000.0,783400000.0,1.325,3.987,,350700000.0,350700000.0,0.0,440800000.0,2.438,0.536,0.0,0.0,0.0,0.0,0.0,,0.0,,0.0,738600000.0,,,,738600000.0,731100000.0,1.98,1.94,1.98,889000000.0,750075000.0,889000000.0,,,,,,1.0,1524100000.0,1.0,190700000.0,7500000.0,625000000.0,609100000.0,0.0,531400000.0,33000000.0,498400000.0,476800000.0,266300000.0,210500000.0,,,,,,,,,,,,440800000.0,440800000.0,440800000.0,0.0,0.0,0.289,813900000.0,710200000.0,75900000.0,0.0,,,,94300000.0,0.0,,,,223500000.0,670200000.0,1524100000.0,1524100000.0,0.0,0.383,0.588,1.213,0.485,,465600000.0,1.0,224561456.0,223000000,223000000.0,6.835,1242000000.0,0.0,290300000.0,251000000.0,5.57,383000000.0
69,JNS,MRT,1999-12-31,1999-12-31,1999-12-31,2020-10-19,108900000.0,1231500000.0,1027200000.0,525000000.0,706500000.0,1.18,3.653,-50500000.0,324100000.0,324100000.0,0.0,313100000.0,3.231,0.441,0.0,0.0,0.0,0.0,0.0,35400000.0,0.0,,0.0,535100000.0,570500000.0,0.471,570500000.0,535100000.0,529200000.0,1.4,1.38,1.4,814600000.0,677400000.0,814600000.0,,,,309900000.0,1.39,1.0,1212300000.0,1.0,162000000.0,5900000.0,582900000.0,532900000.0,0.0,498000000.0,23900000.0,474100000.0,359600000.0,162500000.0,197100000.0,,185600000.0,-17500000.0,0.0,-16600000.0,0.0,-127400000.0,-47400000.0,16600000.0,360400000.0,0.0,313100000.0,313100000.0,313100000.0,0.0,0.0,0.258,694000000.0,518300000.0,21000000.0,0.0,,,,70400000.0,0.0,,,,155700000.0,598900000.0,1212300000.0,1212300000.0,0.0,0.305,0.462,1.004,0.441,0.0,388000000.0,1.0,224561456.0,223000000,223000000.0,5.436,1069500000.0,0.0,216100000.0,180100000.0,4.796,362500000.0
70,JNS,MRT,1999-09-30,1999-09-30,1999-09-30,2020-10-19,75200000.0,1016100000.0,,391200000.0,624900000.0,,3.058,,103300000.0,103300000.0,0.0,236900000.0,3.075,0.426,0.0,0.0,0.0,0.0,0.0,,0.0,,0.0,398000000.0,,,,398000000.0,394500000.0,-68898.63,-68698.66,-68898.63,681900000.0,,681900000.0,,,,,,1.0,1007400000.0,1.0,159600000.0,3500000.0,626000000.0,,0.0,562300000.0,151100000.0,411200000.0,290600000.0,127200000.0,163400000.0,,,,,,,,,,,,236900000.0,236900000.0,236900000.0,0.0,0.0,0.235,591300000.0,416100000.0,95000000.0,0.0,,,,54100000.0,0.0,,,,120300000.0,499900000.0,1007400000.0,1007400000.0,0.0,,,,0.395,,330800000.0,1.0,224561456.0,223000000,223000000.0,4.517,856500000.0,0.0,157600000.0,146900000.0,3.841,264000000.0
71,JNS,MRT,1999-06-30,1999-06-30,1999-06-30,2020-10-19,90800000.0,921100000.0,,286600000.0,634500000.0,,2.757,,51200000.0,51200000.0,0.0,197800000.0,2.676,0.444,0.0,0.0,0.0,0.0,0.0,,0.0,,0.0,336000000.0,,,,336000000.0,331400000.0,-25299.0,-25299.02,-25299.0,614800000.0,,614800000.0,,,,,,1.0,873400000.0,1.0,160300000.0,4600000.0,602500000.0,,0.0,540500000.0,114100000.0,426400000.0,272700000.0,107100000.0,165600000.0,,,,,,,,,,,,197800000.0,197800000.0,197800000.0,0.0,0.0,0.226,513100000.0,360300000.0,90100000.0,0.0,,,,47800000.0,0.0,,,,108600000.0,417200000.0,873400000.0,873400000.0,0.0,,,,0.385,,285900000.0,1.0,224561456.0,223000000,231067000.0,3.917,760800000.0,0.0,133600000.0,134900000.0,3.412,179500000.0
72,JNS,MRT,1999-03-31,1999-03-31,1999-03-31,2020-10-19,,,,,,,,,,,,,,,,,,,,,,,0.0,,,,,,,,,,,,,,,,,,1.0,,,,,,,,,,,,,,,,,,,,,,,,,,,,,,,,,,,,,,,,,,,,,,,,,,,,,,1.0,224561456.0,1000000000,,,,,,,,
73,JNS,MRT,1998-12-31,1998-12-31,1998-12-31,2020-10-19,74900000.0,822900000.0,747750000.0,259300000.0,563600000.0,0.897,2.422,-35000000.0,138500000.0,138500000.0,0.0,152200000.0,3.647,0.46,16600000.0,0.0,16600000.0,16600000.0,0.0,16800000.0,0.0,,0.0,262400000.0,279200000.0,0.416,279200000.0,262400000.0,255900000.0,0.68,0.67,0.68,540200000.0,444250000.0,540200000.0,,,,139500000.0,0.626,1.0,670800000.0,1.0,147000000.0,6500000.0,482900000.0,510800000.0,0.0,411400000.0,32200000.0,379200000.0,248400000.0,71100000.0,177300000.0,,28800000.0,-24300000.0,0.0,-74100000.0,0.0,-95300000.0,-50400000.0,-2200000.0,174500000.0,0.0,152200000.0,152200000.0,152200000.0,0.0,0.0,0.227,390200000.0,280600000.0,21700000.0,0.0,,,,37400000.0,0.0,,,,76600000.0,358500000.0,670800000.0,670800000.0,0.0,0.204,0.343,0.514,0.391,0.0,218600000.0,1.0,224561456.0,223000000,223000000.0,3.008,675900000.0,0.0,103700000.0,122000000.0,3.031,188200000.0
74,JNS,MRT,1998-09-30,1998-09-30,1998-09-30,2020-10-19,,,,,,,,,,,,,,,,,,,,,,,0.0,,,,,,,,,,,,,,,,,,1.0,,,,,,,,,,,,,,,,,,,,,,,,,,,,,,,,,,,,,,,,,,,,,,,,,,,,,,1.0,,1000000000,,,,,,,,
75,JNS,MRT,1997-12-31,1997-12-31,1997-12-31,2020-10-19,50800000.0,672600000.0,,194200000.0,478400000.0,,0.348,-5800000.0,33700000.0,33700000.0,0.0,118000000.0,3.063,0.85,84100000.0,0.0,84100000.0,84100000.0,0.0,13100000.0,0.0,,0.0,215400000.0,228500000.0,0.471,228500000.0,215400000.0,205000000.0,118000.0,117400.0,118000.0,348300000.0,,348300000.0,,,,141600000.0,0.142,1.0,485100000.0,1.0,120900000.0,10400000.0,538700000.0,,0.0,448500000.0,100400000.0,348100000.0,296100000.0,63400000.0,232700000.0,,40900000.0,-12000000.0,0.0,-33500000.0,0.0,-91100000.0,-15400000.0,-1400000.0,147400000.0,0.0,118000000.0,118000000.0,118000000.0,0.0,0.0,0.243,285900000.0,199200000.0,48500000.0,0.0,,,,9400000.0,0.0,,,,53700000.0,206300000.0,485100000.0,485100000.0,0.0,,,,0.444,0.0,152200000.0,1.0,,1000000000,,0.485,551700000.0,0.0,87000000.0,112500000.0,0.552,130800000.0
76,JNS,MRT,1996-12-31,1996-12-31,1996-12-31,2020-10-19,,,,,,,,-1400000.0,,,0.0,134600000.0,,,,,,,,12900000.0,,,0.0,199600000.0,212500000.0,0.645,212500000.0,199600000.0,192800000.0,134600.0,134000.0,134600.0,,,,,,,39600000.0,0.04,1.0,329600000.0,1.0,,6800000.0,,,,,,,,,,,-6200000.0,-27200000.0,0.0,-300000.0,0.0,8900000.0,-56100000.0,-40100000.0,41000000.0,0.0,134600000.0,134600000.0,134600000.0,0.0,0.0,0.408,197800000.0,131800000.0,,0.0,,,,,0.0,,,,,,329600000.0,329600000.0,0.0,,,,0.606,0.0,125300000.0,1.0,,1000000000,,0.33,,,58200000.0,,,
