None,ticker,dimension,calendardate,datekey,reportperiod,lastupdated,accoci,assets,assetsavg,assetsc,assetsnc,assetturnover,bvps,capex,cashneq,cashnequsd,cor,consolinc,currentratio,de,debt,debtc,debtnc,debtusd,deferredrev,depamor,deposits,divyield,dps,ebit,ebitda,ebitdamargin,ebitdausd,ebitusd,ebt,eps,epsdil,epsusd,equity,equityavg,equityusd,ev,evebit,evebitda,fcf,fcfps,fxusd,gp,grossmargin,intangibles,intexp,invcap,invcapavg,inventory,investments,investmentsc,investmentsnc,liabilities,liabilitiesc,liabilitiesnc,marketcap,ncf,ncfbus,ncfcommon,ncfdebt,ncfdiv,ncff,ncfi,ncfinv,ncfo,ncfx,netinc,netinccmn,netinccmnusd,netincdis,netincnci,netmargin,opex,opinc,payables,payoutratio,pb,pe,pe1,ppnenet,prefdivis,price,ps,ps1,receivables,retearn,revenue,revenueusd,rnd,roa,roe,roic,ros,sbcomp,sgna,sharefactor,sharesbas,shareswa,shareswadil,sps,tangibles,taxassets,taxexp,taxliabilities,tbvps,workingcapital
0,JCI,MRY,2020-12-31,2020-09-30,2020-09-30,2021-08-25,-776000000.0,40815000000.0,41252000000.0,10053000000.0,30762000000.0,0.541,23.449,-316000000.0,1951000000.0,1951000000.0,14906000000.0,795000000.0,1.219,1.277,7819000000.0,293000000.0,7526000000.0,7819000000.0,1435000000.0,822000000.0,0.0,0.025,1.04,970000000.0,1792000000.0,0.08,1792000000.0,970000000.0,739000000.0,0.84,0.84,0.84,17447000000.0,18166250000.0,17447000000.0,36146341478.0,37.0,20.171,1903000000.0,2.558,1.0,7411000000.0,0.332,23288000000.0,231000000.0,15147000000.0,14056500000.0,1773000000.0,914000000.0,0.0,914000000.0,22282000000.0,8248000000.0,14034000000.0,30394341478.0,-861000000.0,58000000.0,-2129000000.0,385000000.0,-790000000.0,-2937000000.0,-258000000.0,0.0,2219000000.0,115000000.0,631000000.0,631000000.0,631000000.0,0.0,164000000.0,0.028,6448000000.0,963000000.0,3120000000.0,1.238,1.742,48.169,48.631,3059000000.0,0.0,40.85,1.362,1.362,5294000000.0,2469000000.0,22317000000.0,22317000000.0,0.0,0.015,0.035,0.069,0.043,74000000.0,5665000000.0,1.0,744047527.0,744047527.0,,29.994,17527000000.0,0.0,108000000.0,0.0,23.556,1805000000.0
1,JCI,MRY,2019-12-31,2019-09-30,2019-09-30,2021-08-25,-795000000.0,42287000000.0,45465250000.0,12393000000.0,29894000000.0,0.527,24.841,-559000000.0,2805000000.0,2805000000.0,16275000000.0,5887000000.0,1.366,1.086,7219000000.0,511000000.0,6708000000.0,7219000000.0,1407000000.0,825000000.0,0.0,0.024,1.04,5791000000.0,6616000000.0,0.276,6616000000.0,5791000000.0,5441000000.0,6.52,6.49,6.52,19766000000.0,20066750000.0,19766000000.0,38563561094.0,7.0,5.829,643000000.0,0.808,1.0,7693000000.0,0.321,23810000000.0,350000000.0,13821000000.0,18428500000.0,1814000000.0,853000000.0,0.0,853000000.0,21458000000.0,9070000000.0,12388000000.0,34923561094.0,2621000000.0,-13000000.0,-5812000000.0,-3629000000.0,-920000000.0,-10554000000.0,12078000000.0,25000000.0,1202000000.0,-120000000.0,5674000000.0,5674000000.0,5674000000.0,0.0,213000000.0,0.237,6479000000.0,1214000000.0,3582000000.0,0.16,1.767,6.155,6.732,3348000000.0,0.0,43.89,1.457,1.457,5770000000.0,4827000000.0,23968000000.0,23968000000.0,0.0,0.125,0.283,0.314,0.242,95000000.0,6244000000.0,1.0,795706564.0,795706564.0,,30.122,18477000000.0,0.0,-233000000.0,0.0,23.221,3323000000.0
2,JCI,MRY,2018-12-31,2018-09-30,2018-09-30,2021-08-25,-946000000.0,48797000000.0,49480500000.0,11823000000.0,36974000000.0,0.473,22.882,-597000000.0,185000000.0,185000000.0,15733000000.0,2383000000.0,1.051,1.245,10930000000.0,1307000000.0,9623000000.0,10930000000.0,1326000000.0,824000000.0,0.0,0.03,1.04,2760000000.0,3584000000.0,0.153,3584000000.0,2760000000.0,2359000000.0,2.34,2.32,2.34,21164000000.0,20836500000.0,21164000000.0,44045276335.0,16.0,12.289,1919000000.0,2.075,1.0,7667000000.0,0.328,24568000000.0,401000000.0,23724000000.0,24005000000.0,1819000000.0,848000000.0,0.0,848000000.0,26339000000.0,11250000000.0,15089000000.0,32372276335.0,-132000000.0,2181000000.0,-234000000.0,-2472000000.0,-954000000.0,-3752000000.0,1196000000.0,-1000000.0,2516000000.0,-106000000.0,2162000000.0,2162000000.0,2162000000.0,0.0,221000000.0,0.092,5897000000.0,1770000000.0,3407000000.0,0.444,1.53,14.973,14.957,3300000000.0,0.0,35.0,1.383,1.383,5622000000.0,6604000000.0,23400000000.0,23400000000.0,0.0,0.044,0.104,0.115,0.118,106000000.0,5642000000.0,1.0,924922181.0,924922181.0,,25.299,24229000000.0,0.0,197000000.0,0.0,26.196,573000000.0
3,JCI,MRY,2017-12-31,2017-09-30,2017-09-30,2021-08-25,-473000000.0,51884000000.0,50241250000.0,12292000000.0,39592000000.0,0.455,21.929,-731000000.0,321000000.0,321000000.0,15305000000.0,1819000000.0,1.037,1.492,13572000000.0,1608000000.0,11964000000.0,13572000000.0,1279000000.0,919000000.0,0.0,0.025,1.0,2399000000.0,3318000000.0,0.145,3318000000.0,2399000000.0,1933000000.0,1.72,1.71,1.72,20447000000.0,19785750000.0,20447000000.0,51379345960.0,21.0,15.485,-631000000.0,-0.677,1.0,7530000000.0,0.33,26429000000.0,466000000.0,26852000000.0,25307000000.0,3209000000.0,1191000000.0,0.0,1191000000.0,30517000000.0,11854000000.0,18663000000.0,37566345960.0,-322000000.0,162000000.0,-494000000.0,725000000.0,-702000000.0,-1352000000.0,-1247000000.0,-21000000.0,100000000.0,54000000.0,1611000000.0,1611000000.0,1611000000.0,0.0,208000000.0,0.071,6070000000.0,1460000000.0,4271000000.0,0.581,1.837,23.319,23.424,6121000000.0,0.0,40.29,1.645,1.645,6666000000.0,5231000000.0,22835000000.0,22835000000.0,0.0,0.032,0.081,0.095,0.105,134000000.0,5723000000.0,1.0,932398758.0,932398758.0,,24.491,25455000000.0,0.0,322000000.0,0.0,27.301,438000000.0
4,JCI,MRY,2016-12-31,2016-09-30,2016-09-30,2021-08-25,-1153000000.0,63179000000.0,39319000000.0,17109000000.0,46070000000.0,0.53,37.818,-1217000000.0,579000000.0,579000000.0,15183000000.0,-652000000.0,1.048,1.579,12759000000.0,1706000000.0,11053000000.0,12759000000.0,1228000000.0,953000000.0,0.0,0.025,1.16,-382000000.0,571000000.0,0.027,571000000.0,-382000000.0,-671000000.0,-1.3,-1.29,-1.3,24118000000.0,13551750000.0,24118000000.0,37205316355.0,-97.0,65.158,691000000.0,1.084,1.0,5654000000.0,0.271,28564000000.0,289000000.0,30464000000.0,20935250000.0,2888000000.0,990000000.0,0.0,990000000.0,38089000000.0,16331000000.0,21758000000.0,29674316355.0,26000000.0,385000000.0,-431000000.0,758000000.0,-915000000.0,-946000000.0,-887000000.0,-48000000.0,1908000000.0,12000000.0,-868000000.0,-868000000.0,-868000000.0,0.0,216000000.0,-0.042,4478000000.0,1176000000.0,4000000000.0,-0.892,1.23,-34.187,-35.792,5632000000.0,0.0,46.53,1.424,1.424,6394000000.0,9177000000.0,20837000000.0,20837000000.0,0.0,-0.022,-0.064,-0.018,-0.018,142000000.0,4190000000.0,1.0,637745892.0,637745892.0,,32.673,34615000000.0,0.0,197000000.0,0.0,54.277,778000000.0
5,JCI,MRY,2015-12-31,2015-09-30,2015-09-30,2021-08-25,-1057000000.0,29622000000.0,31018500000.0,10469000000.0,19153000000.0,0.551,15.801,-1098000000.0,597000000.0,597000000.0,12569000000.0,1679000000.0,1.002,1.85,6610000000.0,865000000.0,5745000000.0,6610000000.0,0.0,860000000.0,0.0,0.025,1.04,1908000000.0,2768000000.0,0.162,2768000000.0,1908000000.0,1634000000.0,2.39,2.36,2.39,10335000000.0,10599000000.0,10335000000.0,34374311666.0,18.0,12.418,502000000.0,0.768,1.0,4531000000.0,0.265,8340000000.0,274000000.0,16849000000.0,18193000000.0,2377000000.0,2143000000.0,0.0,2143000000.0,19124000000.0,10446000000.0,8678000000.0,27052311666.0,189000000.0,1624000000.0,-1087000000.0,40000000.0,-657000000.0,-1821000000.0,470000000.0,-44000000.0,1600000000.0,-81000000.0,1563000000.0,1563000000.0,1563000000.0,0.0,116000000.0,0.091,3406000000.0,1125000000.0,5174000000.0,0.435,2.618,17.308,17.305,5870000000.0,0.0,41.36,1.582,1.582,5751000000.0,10797000000.0,17100000000.0,17100000000.0,0.0,0.05,0.147,0.105,0.112,90000000.0,3191000000.0,1.0,654069431.0,654069431.0,,26.144,21282000000.0,0.0,71000000.0,0.0,32.538,23000000.0
6,JCI,MRY,2014-12-31,2014-09-30,2014-09-30,2021-08-25,-237000000.0,32804000000.0,31981750000.0,13107000000.0,19697000000.0,1.212,16.982,-1120000000.0,409000000.0,409000000.0,32444000000.0,1343000000.0,1.121,1.878,6680000000.0,323000000.0,6357000000.0,6680000000.0,0.0,955000000.0,0.0,0.02,0.88,1866000000.0,2821000000.0,0.073,2821000000.0,1866000000.0,1622000000.0,1.82,1.8,1.82,11311000000.0,11585750000.0,11311000000.0,36634317204.0,20.0,12.986,1275000000.0,1.914,1.0,6305000000.0,0.163,8766000000.0,244000000.0,18615000000.0,18135500000.0,2477000000.0,1018000000.0,0.0,1018000000.0,21242000000.0,11694000000.0,9548000000.0,29307317204.0,-646000000.0,-1508000000.0,-1063000000.0,1241000000.0,-568000000.0,-412000000.0,-2593000000.0,19000000.0,2395000000.0,-20000000.0,1215000000.0,1215000000.0,1215000000.0,0.0,128000000.0,0.031,4540000000.0,1765000000.0,5270000000.0,0.484,2.591,24.121,24.176,6314000000.0,0.0,44.0,0.756,0.756,5871000000.0,9956000000.0,38749000000.0,38749000000.0,0.0,0.038,0.105,0.103,0.048,82000000.0,4216000000.0,1.0,666075391.0,666075391.0,,58.175,24038000000.0,0.0,407000000.0,0.0,36.089,1413000000.0
7,JCI,MRY,2013-12-31,2013-09-30,2013-09-30,2021-08-25,418000000.0,31518000000.0,31648250000.0,13698000000.0,17820000000.0,1.174,17.999,-1261000000.0,1055000000.0,1055000000.0,30999000000.0,1297000000.0,1.13,1.538,5498000000.0,938000000.0,4560000000.0,5498000000.0,0.0,952000000.0,0.0,0.018,0.76,2099000000.0,3051000000.0,0.082,3051000000.0,2099000000.0,1852000000.0,1.72,1.71,1.72,12314000000.0,12081000000.0,12314000000.0,34025599952.0,16.0,11.152,1425000000.0,2.083,1.0,6146000000.0,0.165,7588000000.0,247000000.0,16256000000.0,17543500000.0,2325000000.0,1024000000.0,0.0,1024000000.0,18944000000.0,12117000000.0,6827000000.0,28392599952.0,790000000.0,638000000.0,-96000000.0,-573000000.0,-513000000.0,-1214000000.0,-580000000.0,-10000000.0,2686000000.0,-98000000.0,1178000000.0,1178000000.0,1178000000.0,0.0,119000000.0,0.032,4530000000.0,1616000000.0,6318000000.0,0.442,2.306,24.102,24.128,6585000000.0,0.0,41.5,0.764,0.764,7206000000.0,9328000000.0,37145000000.0,37145000000.0,0.0,0.037,0.098,0.12,0.057,64000000.0,3627000000.0,1.0,684159035.0,684159035.0,,54.293,23930000000.0,0.0,674000000.0,0.0,34.977,1581000000.0
8,JCI,MRY,2012-12-31,2012-09-30,2012-09-30,2021-08-25,458000000.0,30954000000.0,30653000000.0,12743000000.0,18211000000.0,1.325,16.998,-1773000000.0,265000000.0,265000000.0,34767000000.0,1310000000.0,1.174,1.65,6068000000.0,747000000.0,5321000000.0,6068000000.0,0.0,824000000.0,0.0,0.026,0.72,1576000000.0,2400000000.0,0.059,2400000000.0,1576000000.0,1345000000.0,1.74,1.72,1.74,11625000000.0,11488250000.0,11625000000.0,24796108134.0,16.0,10.332,-214000000.0,-0.313,1.0,5837000000.0,0.144,7929000000.0,231000000.0,17973000000.0,18060000000.0,2343000000.0,948000000.0,0.0,948000000.0,19181000000.0,10855000000.0,8326000000.0,18739108134.0,8000000.0,75000000.0,-62000000.0,922000000.0,-477000000.0,207000000.0,-1792000000.0,-100000000.0,1559000000.0,34000000.0,1184000000.0,1184000000.0,1184000000.0,0.0,126000000.0,0.029,4598000000.0,1239000000.0,6114000000.0,0.414,1.612,15.827,15.747,6440000000.0,0.0,27.4,0.462,0.462,7308000000.0,8611000000.0,40604000000.0,40604000000.0,0.0,0.039,0.103,0.087,0.039,56000000.0,4311000000.0,1.0,683909056.0,683909056.0,,59.37,23025000000.0,0.0,161000000.0,0.0,33.667,1888000000.0
9,JCI,MRY,2011-12-31,2011-09-30,2011-09-30,2021-08-25,649000000.0,29676000000.0,28551500000.0,12015000000.0,17661000000.0,1.43,16.244,-1271000000.0,257000000.0,257000000.0,34774000000.0,1532000000.0,1.114,1.675,5146000000.0,613000000.0,4533000000.0,5146000000.0,0.0,731000000.0,0.0,0.024,0.64,1847000000.0,2578000000.0,0.063,2578000000.0,1847000000.0,1673000000.0,2.09,2.06,2.09,11042000000.0,10952500000.0,11042000000.0,22765708148.0,12.0,8.831,-195000000.0,-0.287,1.0,6059000000.0,0.148,7961000000.0,174000000.0,15822000000.0,14650750000.0,2316000000.0,811000000.0,0.0,811000000.0,18496000000.0,10782000000.0,7714000000.0,17924708148.0,-303000000.0,-1226000000.0,105000000.0,1575000000.0,-413000000.0,1239000000.0,-2637000000.0,-140000000.0,1076000000.0,19000000.0,1415000000.0,1415000000.0,1415000000.0,0.0,117000000.0,0.035,4393000000.0,1666000000.0,6159000000.0,0.306,1.623,12.668,12.617,5616000000.0,0.0,26.37,0.439,0.439,7151000000.0,7838000000.0,40833000000.0,40833000000.0,0.0,0.05,0.129,0.126,0.045,59000000.0,4393000000.0,1.0,679738648.0,679738648.0,,60.072,21715000000.0,0.0,258000000.0,0.0,31.946,1233000000.0
10,JCI,MRY,2010-12-31,2010-09-30,2010-09-30,2021-08-25,-77000000.0,25743000000.0,24360750000.0,10652000000.0,15091000000.0,1.408,14.957,-730000000.0,560000000.0,560000000.0,29084000000.0,1382000000.0,1.075,1.546,3389000000.0,737000000.0,2652000000.0,3389000000.0,0.0,691000000.0,0.0,0.017,0.52,1604000000.0,2295000000.0,0.067,2295000000.0,1604000000.0,1434000000.0,1.94,1.92,1.94,10071000000.0,9540000000.0,10071000000.0,22993010022.0,14.0,10.019,708000000.0,1.052,1.0,5221000000.0,0.152,7242000000.0,170000000.0,11420000000.0,10841500000.0,1786000000.0,728000000.0,0.0,728000000.0,15566000000.0,9910000000.0,5656000000.0,20536010022.0,-201000000.0,-61000000.0,52000000.0,-586000000.0,-339000000.0,-895000000.0,-892000000.0,-101000000.0,1438000000.0,148000000.0,1307000000.0,1307000000.0,1307000000.0,0.0,75000000.0,0.038,3796000000.0,1425000000.0,5426000000.0,0.268,2.039,15.712,15.722,4096000000.0,0.0,30.5,0.599,0.599,6095000000.0,7765000000.0,34305000000.0,34305000000.0,0.0,0.054,0.137,0.148,0.047,49000000.0,3796000000.0,1.0,673311804.0,673311804.0,,50.95,18501000000.0,0.0,127000000.0,0.0,27.478,742000000.0
11,JCI,MRY,2009-12-31,2009-09-30,2009-09-30,2021-08-25,192000000.0,24088000000.0,22645500000.0,9826000000.0,14262000000.0,1.258,15.282,-619000000.0,761000000.0,761000000.0,24948000000.0,-350000000.0,1.127,1.638,3966000000.0,798000000.0,3168000000.0,3966000000.0,0.0,745000000.0,0.0,0.02,0.52,-67000000.0,678000000.0,0.024,678000000.0,-67000000.0,-306000000.0,-0.57,-0.57,-0.57,9100000000.0,8372750000.0,9100000000.0,19454890326.0,-290.0,28.695,206000000.0,0.346,1.0,3549000000.0,0.125,7288000000.0,239000000.0,11289000000.0,11338750000.0,1521000000.0,718000000.0,0.0,718000000.0,14904000000.0,8716000000.0,6188000000.0,15219890326.0,377000000.0,-38000000.0,8000000.0,705000000.0,-309000000.0,278000000.0,-736000000.0,-79000000.0,825000000.0,10000000.0,-338000000.0,-338000000.0,-338000000.0,0.0,-12000000.0,-0.012,3440000000.0,109000000.0,4434000000.0,-0.912,1.673,-45.029,-44.842,3986000000.0,0.0,25.56,0.534,0.534,5528000000.0,6615000000.0,28497000000.0,28497000000.0,0.0,-0.015,-0.04,-0.006,-0.002,60000000.0,3210000000.0,1.0,595457368.0,595457368.0,,47.857,16800000000.0,0.0,32000000.0,0.0,28.214,1110000000.0
12,JCI,MRY,2008-12-31,2008-09-30,2008-09-30,2021-08-25,671000000.0,24987000000.0,24663000000.0,10676000000.0,14311000000.0,1.543,15.871,-801000000.0,384000000.0,384000000.0,32536000000.0,1003000000.0,1.088,1.651,3944000000.0,743000000.0,3201000000.0,3944000000.0,0.0,783000000.0,0.0,0.017,0.52,1558000000.0,2341000000.0,0.062,2341000000.0,1558000000.0,1300000000.0,1.65,1.63,1.65,9424000000.0,9521250000.0,9424000000.0,21882150771.0,14.0,9.347,1127000000.0,1.898,1.0,5526000000.0,0.145,7282000000.0,258000000.0,11455000000.0,11767500000.0,2099000000.0,863000000.0,0.0,863000000.0,15563000000.0,9810000000.0,5753000000.0,18009150771.0,-290000000.0,-277000000.0,-35000000.0,-522000000.0,-297000000.0,-895000000.0,-1270000000.0,-192000000.0,1928000000.0,-53000000.0,979000000.0,979000000.0,979000000.0,0.0,24000000.0,0.026,4060000000.0,1466000000.0,5225000000.0,0.315,1.911,18.395,18.382,4389000000.0,0.0,30.33,0.473,0.473,6472000000.0,7300000000.0,38062000000.0,38062000000.0,0.0,0.04,0.103,0.132,0.041,48000000.0,3565000000.0,1.0,593773517.0,593773517.0,,64.102,17705000000.0,0.0,321000000.0,0.0,29.818,866000000.0
13,JCI,MRY,2007-12-31,2007-09-30,2007-09-30,2021-08-25,782000000.0,24105000000.0,23016750000.0,10872000000.0,13233000000.0,1.504,15.009,-747000000.0,674000000.0,674000000.0,29548000000.0,1252000000.0,1.096,1.706,4418000000.0,1163000000.0,3255000000.0,4418000000.0,0.0,732000000.0,0.0,0.011,0.44,1829000000.0,2561000000.0,0.074,2561000000.0,1829000000.0,1552000000.0,2.12,2.09,2.12,8907000000.0,8152250000.0,8907000000.0,27792194098.0,15.0,10.852,1166000000.0,1.965,1.0,5076000000.0,0.147,6904000000.0,277000000.0,11025000000.0,11464500000.0,1968000000.0,795000000.0,0.0,795000000.0,15198000000.0,9920000000.0,5278000000.0,23364194098.0,381000000.0,72000000.0,78000000.0,-433000000.0,-195000000.0,-542000000.0,-1051000000.0,-376000000.0,1913000000.0,61000000.0,1252000000.0,1252000000.0,1252000000.0,43000000.0,0.0,0.036,3281000000.0,1795000000.0,5365000000.0,0.208,2.623,18.661,18.571,4208000000.0,0.0,39.37,0.675,0.675,6600000000.0,6698000000.0,34624000000.0,34624000000.0,0.0,0.054,0.154,0.16,0.053,48000000.0,3281000000.0,1.0,593451717.0,593451717.0,,58.343,17201000000.0,0.0,300000000.0,97000000.0,28.985,952000000.0
14,JCI,MRY,2006-12-31,2006-09-30,2006-09-30,2021-08-25,366000000.0,21921000000.0,21579250000.0,9264000000.0,12657000000.0,1.494,12.536,-621000000.0,293000000.0,293000000.0,27806000000.0,1028000000.0,1.137,1.98,4743000000.0,577000000.0,4166000000.0,4743000000.0,0.0,705000000.0,0.0,0.016,0.373,1364000000.0,2069000000.0,0.064,2069000000.0,1364000000.0,1091000000.0,1.76,1.74,1.76,7355000000.0,6700750000.0,7355000000.0,18662856325.0,14.0,9.02,796000000.0,1.357,1.0,4429000000.0,0.137,6709000000.0,273000000.0,11516000000.0,11369250000.0,1731000000.0,463000000.0,0.0,463000000.0,14566000000.0,8146000000.0,6420000000.0,14029856325.0,122000000.0,-2629000000.0,97000000.0,1849000000.0,-218000000.0,1741000000.0,-3076000000.0,174000000.0,1417000000.0,40000000.0,1028000000.0,1028000000.0,1028000000.0,-2000000.0,0.0,0.032,3130000000.0,1299000000.0,4216000000.0,0.212,1.908,13.648,13.587,3968000000.0,0.0,23.913,0.435,0.435,5697000000.0,5715000000.0,32235000000.0,32235000000.0,0.0,0.048,0.153,0.12,0.042,61000000.0,2933000000.0,1.0,586696053.0,586696053.0,,54.943,15212000000.0,0.0,63000000.0,229000000.0,25.928,1118000000.0
15,JCI,MRY,2005-12-31,2005-09-30,2005-09-30,2021-08-25,60000000.0,16144000000.0,15468700000.0,7139000000.0,9005000000.0,1.776,10.488,-625000000.0,171000000.0,171000000.0,23997000000.0,909000000.0,1.044,1.665,2342000000.0,765000000.0,1577000000.0,2342000000.0,0.0,639000000.0,0.0,0.016,0.333,1227000000.0,1866000000.0,0.068,1866000000.0,1227000000.0,1114000000.0,1.58,1.56,1.58,6058000000.0,5777150000.0,6058000000.0,13807667125.0,11.0,7.4,252000000.0,0.436,1.0,3482000000.0,0.127,4022000000.0,113000000.0,7452000000.0,7226875000.0,983000000.0,445000000.0,0.0,445000000.0,10086000000.0,6841000000.0,3245000000.0,11947167125.0,72000000.0,351000000.0,66000000.0,-334000000.0,-192000000.0,-496000000.0,-338000000.0,-64000000.0,877000000.0,29000000.0,909000000.0,909000000.0,909000000.0,-152000000.0,0.0,0.033,2438000000.0,1044000000.0,3938000000.0,0.211,1.972,13.143,13.091,3581000000.0,0.0,20.683,0.435,0.435,4987000000.0,4905000000.0,27479000000.0,27479000000.0,0.0,0.059,0.157,0.17,0.045,35000000.0,2228000000.0,1.0,577623000.0,577623000.0,,47.573,12122000000.0,0.0,205000000.0,44000000.0,20.986,298000000.0
16,JCI,MRY,2004-12-31,2004-09-30,2004-09-30,2021-08-25,0.0,14758400000.0,13922375000.0,6350500000.0,8407900000.0,1.767,9.122,-766000000.0,99200000.0,99200000.0,21325000000.0,818000000.0,0.989,1.835,2670600000.0,1040000000.0,1630600000.0,2670600000.0,197200000.0,594000000.0,0.0,0.016,0.3,1165000000.0,1759000000.0,0.071,1759000000.0,1165000000.0,1067000000.0,1.45,1.413,1.45,5206300000.0,4868700000.0,5206300000.0,12959405255.0,11.0,7.367,641000000.0,1.123,1.0,3278000000.0,0.133,3857100000.0,98000000.0,7051900000.0,6964900000.0,858300000.0,447600000.0,0.0,447600000.0,9552100000.0,6420800000.0,3131300000.0,10808105255.0,15000000.0,-420000000.0,59000000.0,147000000.0,-171000000.0,10000000.0,-1408000000.0,-222000000.0,1407000000.0,6000000.0,816000000.0,816000000.0,816000000.0,-51000000.0,2000000.0,0.033,2143000000.0,1135000000.0,3425300000.0,0.207,2.076,13.245,13.06,3333900000.0,0.0,18.937,0.439,0.439,4087700000.0,4187900000.0,24603000000.0,24603000000.0,0.0,0.059,0.168,0.167,0.047,0.0,2145000000.0,1.0,570750045.0,570750045.0,,43.106,10901300000.0,0.0,251000000.0,48600000.0,19.1,-70300000.0
17,JCI,MRY,2003-12-31,2003-09-30,2003-09-30,2021-08-25,-106900000.0,13127300000.0,12458400000.0,5620300000.0,7507000000.0,1.699,7.932,-599800000.0,136100000.0,136100000.0,18143000000.0,682900000.0,1.006,2.081,2354900000.0,578300000.0,1776600000.0,2354900000.0,186200000.0,528200000.0,0.0,0.015,0.24,1062400000.0,1590600000.0,0.075,1590600000.0,1062400000.0,949200000.0,1.26,1.2,1.26,4261300000.0,3962900000.0,4261300000.0,10706558278.0,10.0,6.731,211600000.0,0.394,1.0,3028300000.0,0.143,3479600000.0,113200000.0,6282400000.0,5560800000.0,825900000.0,408100000.0,0.0,408100000.0,8866000000.0,5584100000.0,3281900000.0,8470258278.0,-62900000.0,-384700000.0,0.0,186900000.0,-136300000.0,77600000.0,-955100000.0,29400000.0,811400000.0,9300000.0,675700000.0,675700000.0,675700000.0,-38000000.0,7200000.0,0.032,2000300000.0,1028000000.0,3329300000.0,0.19,1.988,12.536,12.513,2963400000.0,0.0,15.767,0.4,0.4,3862100000.0,3541100000.0,21171300000.0,21171300000.0,0.0,0.054,0.171,0.191,0.05,0.0,2000300000.0,1.0,537225570.0,537225570.0,,39.409,9647700000.0,0.0,273500000.0,58700000.0,17.958,36200000.0
18,JCI,MRY,2002-12-31,2002-09-30,2002-09-30,2021-08-25,-246400000.0,11165300000.0,10742825000.0,4946200000.0,6219100000.0,1.871,6.571,-442100000.0,262000000.0,262000000.0,17256500000.0,600500000.0,1.029,2.19,1971800000.0,145200000.0,1826600000.0,1971800000.0,190800000.0,516800000.0,0.0,0.017,0.22,1062700000.0,1579500000.0,0.079,1579500000.0,1062700000.0,940400000.0,1.117,1.06,1.117,3499700000.0,3258675000.0,3499700000.0,8738574421.0,8.0,5.532,617000000.0,1.158,1.0,2846900000.0,0.142,2998100000.0,122300000.0,5070800000.0,5149325000.0,653600000.0,347400000.0,0.0,347400000.0,7665600000.0,4806200000.0,2859400000.0,6819174421.0,-112600000.0,-644700000.0,0.0,84900000.0,-125300000.0,-82100000.0,-1081600000.0,5200000.0,1059100000.0,-8000000.0,592800000.0,592800000.0,592800000.0,0.0,7700000.0,0.029,1724900000.0,1122000000.0,2789100000.0,0.197,1.949,11.503,11.462,2445500000.0,0.0,12.803,0.339,0.339,3397700000.0,2994000000.0,20103400000.0,20103400000.0,0.0,0.055,0.182,0.206,0.053,0.0,1724900000.0,1.0,532609440.0,532609440.0,,37.745,8167200000.0,0.0,347600000.0,182700000.0,15.334,140000000.0
19,JCI,MRY,2001-12-31,2001-09-30,2001-09-30,2021-08-25,-227700000.0,9911500000.0,9693375000.0,4544000000.0,5367500000.0,1.901,5.701,-480500000.0,374600000.0,374600000.0,15823200000.0,541700000.0,0.992,2.32,1820000000.0,425200000.0,1394800000.0,1820000000.0,163000000.0,515900000.0,0.0,0.019,0.207,1005200000.0,1521100000.0,0.083,1521100000.0,1005200000.0,875800000.0,1.023,0.965,1.023,2985400000.0,2790175000.0,2985400000.0,7135796342.0,7.0,4.691,508000000.0,0.97,1.0,2604000000.0,0.141,2383200000.0,129400000.0,4394000000.0,4409675000.0,577600000.0,300500000.0,0.0,300500000.0,6926100000.0,4579700000.0,2346400000.0,5694196342.0,99000000.0,-231100000.0,0.0,-300000.0,-117600000.0,-112700000.0,-760400000.0,-48800000.0,988500000.0,-16400000.0,532900000.0,532900000.0,532900000.0,0.0,8800000.0,0.029,1572100000.0,1031900000.0,2437300000.0,0.202,1.907,10.685,10.629,2379800000.0,0.0,10.873,0.309,0.309,2928300000.0,2517900000.0,18427200000.0,18427200000.0,0.0,0.055,0.191,0.228,0.055,0.0,1572100000.0,1.0,523684680.0,523684680.0,,35.188,7528300000.0,0.0,342900000.0,137800000.0,14.376,-35700000.0
20,JCI,MRY,2000-12-31,2000-09-30,2000-09-30,2021-08-25,-207000000.0,9428000000.0,8898950000.0,4277200000.0,5150800000.0,1.928,5.0,-504200000.0,275600000.0,275600000.0,14560100000.0,531300000.0,0.948,2.66,1822800000.0,507500000.0,1315300000.0,1822800000.0,167800000.0,461800000.0,0.0,0.021,0.187,995600000.0,1457400000.0,0.085,1457400000.0,995600000.0,868000000.0,1.015,0.955,1.015,2576100000.0,2447525000.0,2576100000.0,5824425077.0,6.0,3.996,286100000.0,0.555,1.0,2594500000.0,0.151,2133300000.0,127600000.0,4331900000.0,3970350000.0,569500000.0,254700000.0,0.0,254700000.0,6851900000.0,4510000000.0,2341900000.0,4567225077.0,-600000.0,-5900000.0,0.0,-81700000.0,-106200000.0,-192400000.0,-582400000.0,-72300000.0,790300000.0,-16100000.0,521500000.0,521500000.0,521500000.0,0.0,9800000.0,0.03,1563000000.0,1031500000.0,2308800000.0,0.184,1.773,8.758,8.734,2305000000.0,0.0,8.865,0.266,0.266,2577700000.0,2159500000.0,17154600000.0,17154600000.0,0.0,0.059,0.213,0.251,0.058,0.0,1563000000.0,1.0,515221824.0,515221824.0,,33.296,7294700000.0,0.0,346500000.0,140000000.0,14.158,-232800000.0
21,JCI,MRY,1999-12-31,1999-09-30,1999-09-30,2021-08-25,-115200000.0,8614200000.0,8501125000.0,3848500000.0,4765700000.0,1.899,4.434,-439300000.0,276200000.0,276200000.0,13815500000.0,419600000.0,0.902,2.795,1855100000.0,571800000.0,1283300000.0,1855100000.0,159200000.0,445600000.0,0.0,0.015,0.167,871600000.0,1317200000.0,0.082,1317200000.0,871600000.0,718300000.0,0.797,0.747,0.797,2270000000.0,2174950000.0,2270000000.0,7225397568.0,8.0,5.485,611200000.0,1.194,1.0,2323900000.0,0.144,2096900000.0,153300000.0,3829600000.0,3796375000.0,524600000.0,215100000.0,0.0,215100000.0,6344200000.0,4266600000.0,2077600000.0,5658097568.0,142200000.0,183700000.0,0.0,-498700000.0,-95800000.0,-599800000.0,-305600000.0,-50000000.0,1050500000.0,-2900000.0,406600000.0,406600000.0,406600000.0,0.0,13000000.0,0.025,1414400000.0,909500000.0,1998500000.0,0.21,2.493,13.916,13.867,1996000000.0,0.0,11.052,0.351,0.351,2356200000.0,1793100000.0,16139400000.0,16139400000.0,0.0,0.048,0.187,0.23,0.054,0.0,1469000000.0,1.0,511948662.0,511948662.0,,31.525,6517300000.0,0.0,311700000.0,231200000.0,12.73,-418100000.0
22,JCI,MRY,1998-12-31,1998-09-30,1998-09-30,2021-08-25,-98900000.0,7942100000.0,6777925000.0,3404200000.0,4537900000.0,1.857,3.821,-442100000.0,134000000.0,134000000.0,10776200000.0,337700000.0,0.794,3.091,2326400000.0,1328900000.0,997500000.0,2326400000.0,127500000.0,384200000.0,0.0,0.02,0.153,717700000.0,1101900000.0,0.088,1101900000.0,717700000.0,584200000.0,0.647,0.605,0.647,1941400000.0,1828800000.0,1941400000.0,5215104369.0,7.0,4.733,131000000.0,0.258,1.0,1810600000.0,0.144,2084500000.0,133500000.0,3761600000.0,3297700000.0,428200000.0,166200000.0,0.0,166200000.0,6000700000.0,4288400000.0,1712300000.0,3938004369.0,22200000.0,-334000000.0,0.0,356500000.0,-88800000.0,272400000.0,-817500000.0,-41400000.0,573100000.0,-5800000.0,328200000.0,328200000.0,328200000.0,0.0,9500000.0,0.026,1086700000.0,723900000.0,1625200000.0,0.236,2.028,11.999,11.978,1882900000.0,0.0,7.75,0.313,0.313,2012800000.0,1463300000.0,12586800000.0,12586800000.0,0.0,0.048,0.179,0.218,0.057,0.0,1146600000.0,1.0,508129596.0,508129596.0,,24.771,5857600000.0,0.0,256000000.0,119600000.0,11.528,-884200000.0
23,JCI,MRY,1997-12-31,1997-09-30,1997-09-30,2021-08-25,0.0,6048600000.0,6207050000.0,2529300000.0,3519300000.0,1.796,,-356400000.0,111800000.0,111800000.0,9485600000.0,288500000.0,0.851,2.584,1462600000.0,656200000.0,806400000.0,1462600000.0,107600000.0,354900000.0,0.0,0.017,0.143,582600000.0,937500000.0,0.084,937500000.0,582600000.0,459900000.0,0.557,0.52,0.557,1687900000.0,1613775000.0,1687900000.0,,,,268200000.0,,1.0,1659800000.0,0.149,1560300000.0,122700000.0,2866400000.0,2966475000.0,373400000.0,144600000.0,0.0,144600000.0,4360700000.0,2972700000.0,1388000000.0,,-53400000.0,-613800000.0,0.0,438900000.0,-83400000.0,358600000.0,-1029300000.0,-39600000.0,624600000.0,-7300000.0,279000000.0,279000000.0,279000000.0,1100000.0,9500000.0,0.025,1132700000.0,527100000.0,1341900000.0,0.257,,,14.83,1533000000.0,0.0,8.26,,,1684600000.0,,11145400000.0,11145400000.0,0.0,0.045,0.173,0.196,0.052,0.0,1062700000.0,1.0,,,,,4488300000.0,0.0,180900000.0,78800000.0,,-443400000.0
24,JCI,MRY,1996-12-31,1996-09-30,1996-09-30,2021-08-25,,,,,,,,-310000000.0,,,7878300000.0,234700000.0,,,,,,,,262500000.0,,0.022,0.137,470400000.0,732900000.0,0.08,732900000.0,470400000.0,397000000.0,0.453,0.425,0.453,,,,,,,157600000.0,,1.0,1331700000.0,0.145,,73400000.0,,,,,,,,,,,84700000.0,-148300000.0,0.0,172800000.0,-80000000.0,124100000.0,-507300000.0,-600000.0,467600000.0,300000.0,225200000.0,225200000.0,225200000.0,-12000000.0,9500000.0,0.024,852800000.0,478900000.0,,0.302,,,13.797,,0.0,6.25,,,,,9210000000.0,9210000000.0,0.0,,,,0.051,0.0,852800000.0,1.0,,,,,,,171800000.0,,,
0,JCI,MRQ,2021-06-30,2021-06-30,2021-06-30,2021-08-25,-351000000.0,42135000000.0,,10310000000.0,31825000000.0,,24.891,-105000000.0,1450000000.0,1450000000.0,4144000000.0,661000000.0,1.11,1.297,7779000000.0,461000000.0,7318000000.0,7779000000.0,1649000000.0,208000000.0,0.0,0.015,0.27,738000000.0,946000000.0,0.149,946000000.0,738000000.0,682000000.0,0.8,0.8,0.8,17840000000.0,,17840000000.0,55072156695.0,23.0,16.831,738000000.0,1.03,1.0,2197000000.0,0.346,24124000000.0,56000000.0,15055000000.0,,2064000000.0,1016000000.0,0.0,1016000000.0,23138000000.0,9285000000.0,13853000000.0,49188156695.0,-437000000.0,-697000000.0,-313000000.0,-31000000.0,-193000000.0,-571000000.0,-767000000.0,-1000000.0,843000000.0,58000000.0,574000000.0,574000000.0,574000000.0,0.0,87000000.0,0.091,1446000000.0,751000000.0,3719000000.0,0.338,2.757,27.191,27.562,3111000000.0,0.0,68.63,2.117,2.117,5668000000.0,2256000000.0,6341000000.0,6341000000.0,0.0,,,,,19000000.0,1367000000.0,1.0,716715091.0,716715091.0,,8.847,18011000000.0,0.0,108000000.0,0.0,25.13,1025000000.0
1,JCI,MRQ,2021-03-31,2021-03-31,2021-03-31,2021-08-25,-410000000.0,41180000000.0,,10204000000.0,30976000000.0,,24.571,-86000000.0,1883000000.0,1883000000.0,3651000000.0,397000000.0,1.168,1.267,7767000000.0,444000000.0,7323000000.0,7767000000.0,1710000000.0,212000000.0,0.0,0.018,0.27,596000000.0,808000000.0,0.144,808000000.0,596000000.0,552000000.0,0.48,0.48,0.48,17698000000.0,,17698000000.0,49072629643.0,31.0,20.421,558000000.0,0.775,1.0,1943000000.0,0.347,23383000000.0,44000000.0,14941000000.0,,1994000000.0,1045000000.0,0.0,1045000000.0,22423000000.0,8740000000.0,13683000000.0,42978629643.0,50000000.0,-2000000.0,-213000000.0,-13000000.0,-187000000.0,-532000000.0,-82000000.0,6000000.0,644000000.0,20000000.0,343000000.0,343000000.0,343000000.0,0.0,54000000.0,0.061,1349000000.0,594000000.0,3417000000.0,0.562,2.428,40.815,41.152,3015000000.0,0.0,59.67,1.933,1.933,5167000000.0,2215000000.0,5594000000.0,5594000000.0,0.0,,,,,10000000.0,1253000000.0,1.0,720271990.0,720271990.0,,7.767,17797000000.0,0.0,209000000.0,0.0,24.709,1464000000.0
2,JCI,MRQ,2020-12-31,2020-12-31,2020-12-31,2021-08-25,-504000000.0,41424000000.0,,10034000000.0,31390000000.0,,24.39,-57000000.0,1839000000.0,1839000000.0,3613000000.0,496000000.0,1.182,1.28,7933000000.0,464000000.0,7469000000.0,7933000000.0,1583000000.0,207000000.0,0.0,0.022,0.26,571000000.0,778000000.0,0.146,778000000.0,571000000.0,512000000.0,0.62,0.62,0.62,17656000000.0,,17656000000.0,39594864542.0,31.0,18.972,422000000.0,0.583,1.0,1728000000.0,0.324,23591000000.0,59000000.0,15441000000.0,,1913000000.0,1003000000.0,0.0,1003000000.0,22601000000.0,8486000000.0,14115000000.0,33726864542.0,-116000000.0,11000000.0,-315000000.0,-20000000.0,-190000000.0,-547000000.0,-37000000.0,9000000.0,479000000.0,-11000000.0,451000000.0,451000000.0,451000000.0,0.0,45000000.0,0.084,1294000000.0,434000000.0,3210000000.0,0.419,1.91,36.54,37.272,3082000000.0,0.0,46.59,1.527,1.527,5177000000.0,2382000000.0,5341000000.0,5341000000.0,0.0,,,,,22000000.0,1294000000.0,1.0,723907803.0,723907803.0,,7.378,17833000000.0,0.0,61000000.0,0.0,24.634,1548000000.0
3,JCI,MRQ,2020-09-30,2020-09-30,2020-09-30,2021-08-25,-776000000.0,40815000000.0,,10053000000.0,30762000000.0,,23.449,-67000000.0,1951000000.0,1951000000.0,3979000000.0,490000000.0,1.219,1.277,7819000000.0,293000000.0,7526000000.0,7819000000.0,1435000000.0,206000000.0,0.0,0.025,0.26,534000000.0,740000000.0,0.124,740000000.0,534000000.0,472000000.0,0.59,0.59,0.59,17447000000.0,,17447000000.0,36146341478.0,37.0,20.171,908000000.0,1.22,1.0,1975000000.0,0.332,23288000000.0,62000000.0,15147000000.0,,1773000000.0,914000000.0,0.0,914000000.0,22282000000.0,8248000000.0,14034000000.0,30394341478.0,-395000000.0,117000000.0,-704000000.0,-422000000.0,-194000000.0,-1508000000.0,51000000.0,1000000.0,975000000.0,87000000.0,441000000.0,441000000.0,441000000.0,0.0,49000000.0,0.074,1453000000.0,522000000.0,3120000000.0,0.441,1.742,48.169,48.631,3059000000.0,0.0,40.85,1.362,1.362,5294000000.0,2469000000.0,5954000000.0,5954000000.0,0.0,,,,,13000000.0,1453000000.0,1.0,744047527.0,744047527.0,,8.002,17527000000.0,0.0,31000000.0,0.0,23.556,1805000000.0
4,JCI,MRQ,2020-06-30,2020-06-30,2020-06-30,2021-08-25,-943000000.0,41278000000.0,,11140000000.0,30138000000.0,,23.936,-19000000.0,2342000000.0,2342000000.0,3511000000.0,-122000000.0,1.081,1.258,8094000000.0,2423000000.0,5671000000.0,8094000000.0,1451000000.0,202000000.0,0.0,0.03,0.26,-125000000.0,77000000.0,0.014,77000000.0,-125000000.0,-183000000.0,-0.24,-0.24,-0.24,17805000000.0,,17805000000.0,31459460800.0,67.0,24.482,767000000.0,1.031,1.0,1832000000.0,0.343,23123000000.0,58000000.0,13603000000.0,,1996000000.0,834000000.0,0.0,834000000.0,22405000000.0,10304000000.0,12101000000.0,25395460800.0,1336000000.0,-1000000.0,3000000.0,974000000.0,-194000000.0,607000000.0,-21000000.0,-1000000.0,786000000.0,-36000000.0,-182000000.0,-182000000.0,-182000000.0,0.0,60000000.0,-0.034,1944000000.0,-112000000.0,3057000000.0,-1.083,1.426,31.665,29.947,3041000000.0,0.0,34.14,1.122,1.122,5344000000.0,2955000000.0,5343000000.0,5343000000.0,0.0,,,,,23000000.0,1334000000.0,1.0,743862355.0,743862355.0,,7.183,18155000000.0,0.0,-1000000.0,0.0,24.406,836000000.0
5,JCI,MRQ,2020-03-31,2020-03-31,2020-03-31,2021-08-25,-1021000000.0,40402000000.0,,9955000000.0,30447000000.0,,23.669,-105000000.0,1006000000.0,1006000000.0,3643000000.0,236000000.0,1.047,1.179,7070000000.0,1430000000.0,5640000000.0,7070000000.0,1600000000.0,207000000.0,0.0,0.039,0.26,285000000.0,492000000.0,0.09,492000000.0,285000000.0,226000000.0,0.28,0.28,0.28,18084000000.0,,18084000000.0,25720713213.0,5.0,4.315,36000000.0,0.047,1.0,1801000000.0,0.331,23463000000.0,59000000.0,13494000000.0,,2030000000.0,869000000.0,0.0,869000000.0,21314000000.0,9509000000.0,11805000000.0,20598713213.0,-1153000000.0,-10000000.0,-798000000.0,-177000000.0,-199000000.0,-1186000000.0,-115000000.0,0.0,141000000.0,7000000.0,213000000.0,213000000.0,213000000.0,0.0,23000000.0,0.039,1513000000.0,288000000.0,3119000000.0,0.929,1.139,3.98,4.355,3274000000.0,0.0,26.96,0.867,0.867,5492000000.0,3332000000.0,5444000000.0,5444000000.0,0.0,,,,,15000000.0,1451000000.0,1.0,764047226.0,764047226.0,,7.125,16939000000.0,0.0,13000000.0,0.0,22.17,446000000.0
6,JCI,MRQ,2019-12-31,2019-12-31,2019-12-31,2021-08-25,-540000000.0,42513000000.0,,11320000000.0,31193000000.0,,25.056,-125000000.0,2160000000.0,2160000000.0,3773000000.0,191000000.0,1.168,1.142,7282000000.0,1362000000.0,5920000000.0,7282000000.0,1495000000.0,207000000.0,0.0,0.026,0.26,276000000.0,483000000.0,0.087,483000000.0,276000000.0,224000000.0,0.21,0.21,0.21,19329000000.0,,19329000000.0,35818498470.0,6.0,5.65,192000000.0,0.249,1.0,1803000000.0,0.323,23961000000.0,52000000.0,13982000000.0,,1953000000.0,865000000.0,0.0,865000000.0,22082000000.0,9692000000.0,12390000000.0,31404498470.0,-649000000.0,-48000000.0,-630000000.0,10000000.0,-203000000.0,-850000000.0,-173000000.0,0.0,317000000.0,57000000.0,159000000.0,159000000.0,159000000.0,0.0,32000000.0,0.029,1538000000.0,265000000.0,3336000000.0,1.238,1.625,5.733,6.282,3341000000.0,0.0,40.71,1.304,1.304,5612000000.0,4129000000.0,5576000000.0,5576000000.0,0.0,,,,,23000000.0,1427000000.0,1.0,771419761.0,771419761.0,,7.228,18552000000.0,0.0,65000000.0,0.0,24.049,1628000000.0
7,JCI,MRQ,2019-09-30,2019-09-30,2019-09-30,2021-08-25,-795000000.0,42287000000.0,,12393000000.0,29894000000.0,,24.841,-173000000.0,2805000000.0,2805000000.0,4294000000.0,654000000.0,1.366,1.086,7219000000.0,511000000.0,6708000000.0,7219000000.0,1407000000.0,200000000.0,0.0,0.024,0.26,33000000.0,233000000.0,0.037,233000000.0,33000000.0,-15000000.0,0.89,0.88,0.89,19766000000.0,,19766000000.0,38563561094.0,7.0,5.829,201000000.0,0.253,1.0,1980000000.0,0.316,23810000000.0,48000000.0,13821000000.0,,1814000000.0,853000000.0,0.0,853000000.0,21458000000.0,9070000000.0,12388000000.0,34923561094.0,-880000000.0,-9000000.0,-801000000.0,-10000000.0,-208000000.0,-1019000000.0,-139000000.0,12000000.0,374000000.0,-96000000.0,612000000.0,612000000.0,612000000.0,4598000000.0,42000000.0,0.098,1960000000.0,20000000.0,3582000000.0,0.292,1.767,6.155,6.732,3348000000.0,0.0,43.89,1.457,1.457,5770000000.0,4827000000.0,6274000000.0,6274000000.0,0.0,,,,,29000000.0,1960000000.0,1.0,795706564.0,795706564.0,,7.885,18477000000.0,0.0,-627000000.0,0.0,23.221,3323000000.0
8,JCI,MRQ,2019-06-30,2019-06-30,2019-06-30,2021-08-25,-564000000.0,43069000000.0,,13042000000.0,30027000000.0,,22.674,-113000000.0,3685000000.0,3685000000.0,4307000000.0,4276000000.0,1.411,1.064,7325000000.0,521000000.0,6804000000.0,7325000000.0,1389000000.0,203000000.0,0.0,0.025,0.26,4550000000.0,4753000000.0,0.737,4753000000.0,4550000000.0,4431000000.0,4.81,4.79,4.81,20363000000.0,,20363000000.0,49246218865.0,8.0,6.738,110000000.0,0.122,1.0,2144000000.0,0.332,24051000000.0,119000000.0,13416000000.0,,2050000000.0,848000000.0,0.0,848000000.0,21660000000.0,9242000000.0,12418000000.0,37099218865.0,3443000000.0,3000000.0,-4062000000.0,-5163000000.0,-233000000.0,-9468000000.0,12629000000.0,-1000000.0,223000000.0,14000000.0,4192000000.0,4192000000.0,4192000000.0,-4051000000.0,84000000.0,0.65,1623000000.0,521000000.0,3671000000.0,0.054,1.822,6.36,6.25,3282000000.0,0.0,41.31,1.554,1.554,6033000000.0,6366000000.0,6451000000.0,6451000000.0,0.0,,,,,24000000.0,1388000000.0,1.0,898068721.0,898068721.0,,7.183,19018000000.0,0.0,239000000.0,0.0,21.177,3800000000.0
9,JCI,MRQ,2019-03-31,2019-03-31,2019-03-31,2021-08-25,-952000000.0,48489000000.0,,12836000000.0,35653000000.0,,21.952,-122000000.0,239000000.0,239000000.0,3935000000.0,558000000.0,0.955,1.357,12386000000.0,3968000000.0,8418000000.0,12386000000.0,1521000000.0,211000000.0,0.0,0.028,0.26,660000000.0,871000000.0,0.151,871000000.0,660000000.0,562000000.0,0.57,0.57,0.57,20036000000.0,,20036000000.0,45331623576.0,16.0,12.379,369000000.0,0.404,1.0,1844000000.0,0.319,24326000000.0,98000000.0,22869000000.0,,2124000000.0,937000000.0,0.0,937000000.0,27188000000.0,13441000000.0,13747000000.0,33715623576.0,-54000000.0,0.0,-495000000.0,530000000.0,-239000000.0,-312000000.0,-210000000.0,-1000000.0,491000000.0,5000000.0,515000000.0,515000000.0,515000000.0,-284000000.0,43000000.0,0.089,1458000000.0,386000000.0,3482000000.0,0.456,1.683,14.262,14.318,3332000000.0,0.0,36.94,1.422,1.422,5707000000.0,6416000000.0,5779000000.0,5779000000.0,0.0,,,,,24000000.0,1458000000.0,1.0,912713145.0,912713145.0,,6.332,24163000000.0,0.0,47000000.0,0.0,26.474,-605000000.0
10,JCI,MRQ,2018-12-31,2018-12-31,2018-12-31,2021-08-25,-1080000000.0,48016000000.0,,11955000000.0,36061000000.0,,21.754,-151000000.0,292000000.0,292000000.0,3739000000.0,399000000.0,1.026,1.324,11908000000.0,2320000000.0,9588000000.0,11908000000.0,1378000000.0,211000000.0,0.0,0.035,0.26,548000000.0,759000000.0,0.139,759000000.0,548000000.0,463000000.0,0.39,0.38,0.39,20102000000.0,,20102000000.0,38193348164.0,14.0,10.657,-37000000.0,-0.04,1.0,1725000000.0,0.316,24371000000.0,85000000.0,23608000000.0,,2027000000.0,887000000.0,0.0,887000000.0,26609000000.0,11653000000.0,14956000000.0,27398348164.0,112000000.0,-7000000.0,-454000000.0,1014000000.0,-240000000.0,245000000.0,-202000000.0,15000000.0,114000000.0,-43000000.0,355000000.0,355000000.0,355000000.0,0.0,44000000.0,0.065,1438000000.0,287000000.0,3273000000.0,0.667,1.363,11.98,11.956,3314000000.0,0.0,29.65,1.163,1.163,5442000000.0,6136000000.0,5464000000.0,5464000000.0,0.0,,,,,18000000.0,1438000000.0,1.0,924058960.0,924058960.0,,5.913,23645000000.0,0.0,108000000.0,0.0,25.588,302000000.0
11,JCI,MRQ,2018-09-30,2018-09-30,2018-09-30,2021-08-25,-946000000.0,48797000000.0,,11823000000.0,36974000000.0,,22.882,-139000000.0,185000000.0,185000000.0,4126000000.0,825000000.0,1.051,1.245,10930000000.0,1307000000.0,9623000000.0,10930000000.0,1326000000.0,175000000.0,0.0,0.03,0.26,751000000.0,926000000.0,0.15,926000000.0,751000000.0,654000000.0,0.84,0.83,0.84,21164000000.0,,21164000000.0,44045276335.0,16.0,12.289,1113000000.0,1.203,1.0,2057000000.0,0.333,24568000000.0,97000000.0,23724000000.0,,1819000000.0,848000000.0,0.0,848000000.0,26339000000.0,11250000000.0,15089000000.0,32372276335.0,-86000000.0,104000000.0,-18000000.0,-962000000.0,-240000000.0,-1224000000.0,-93000000.0,2000000.0,1252000000.0,-22000000.0,771000000.0,771000000.0,771000000.0,0.0,54000000.0,0.125,1493000000.0,564000000.0,3407000000.0,0.31,1.53,14.973,14.957,3300000000.0,0.0,35.0,1.383,1.383,5622000000.0,6604000000.0,6183000000.0,6183000000.0,0.0,,,,,29000000.0,1392000000.0,1.0,924922181.0,924922181.0,,6.685,24229000000.0,0.0,-117000000.0,0.0,26.196,573000000.0
12,JCI,MRQ,2018-06-30,2018-06-30,2018-06-30,2021-08-25,-808000000.0,49406000000.0,,12465000000.0,36941000000.0,,22.428,-188000000.0,283000000.0,283000000.0,4194000000.0,804000000.0,1.103,1.329,11956000000.0,1583000000.0,10373000000.0,11956000000.0,1317000000.0,227000000.0,0.0,0.031,0.26,879000000.0,1106000000.0,0.176,1106000000.0,879000000.0,784000000.0,0.78,0.78,0.78,20773000000.0,,20773000000.0,42811537581.0,16.0,12.685,539000000.0,0.582,1.0,2088000000.0,0.332,25936000000.0,95000000.0,23842000000.0,,3509000000.0,1290000000.0,0.0,1290000000.0,27597000000.0,11301000000.0,16296000000.0,30981537581.0,22000000.0,-22000000.0,-53000000.0,34000000.0,-241000000.0,-274000000.0,-294000000.0,0.0,727000000.0,-145000000.0,723000000.0,723000000.0,723000000.0,0.0,81000000.0,0.115,1441000000.0,647000000.0,4410000000.0,0.333,1.491,13.672,13.765,6093000000.0,0.0,33.45,1.72,1.72,6895000000.0,6075000000.0,6282000000.0,6282000000.0,0.0,,,,,27000000.0,1441000000.0,1.0,926204412.0,926204412.0,,6.783,23470000000.0,0.0,61000000.0,0.0,25.34,1164000000.0
13,JCI,MRQ,2018-03-31,2018-03-31,2018-03-31,2021-08-25,-254000000.0,49952000000.0,,12271000000.0,37681000000.0,,22.54,-161000000.0,268000000.0,268000000.0,3806000000.0,483000000.0,1.116,1.345,12098000000.0,1136000000.0,10962000000.0,12098000000.0,1543000000.0,212000000.0,0.0,0.029,0.26,581000000.0,793000000.0,0.141,793000000.0,581000000.0,474000000.0,0.47,0.47,0.47,20874000000.0,,20874000000.0,44583953591.0,17.0,13.437,503000000.0,0.543,1.0,1824000000.0,0.324,26431000000.0,107000000.0,24359000000.0,,3565000000.0,1294000000.0,0.0,1294000000.0,28072000000.0,10992000000.0,17080000000.0,32635953591.0,-287000000.0,88000000.0,-29000000.0,-488000000.0,-241000000.0,-814000000.0,-176000000.0,4000000.0,664000000.0,44000000.0,438000000.0,438000000.0,438000000.0,0.0,45000000.0,0.078,1490000000.0,334000000.0,4250000000.0,0.553,1.563,15.556,15.732,6235000000.0,0.0,35.24,1.681,1.681,6679000000.0,5594000000.0,5630000000.0,5630000000.0,0.0,,,,,23000000.0,1490000000.0,1.0,926105380.0,926105380.0,,6.079,23521000000.0,0.0,36000000.0,0.0,25.398,1279000000.0
14,JCI,MRQ,2017-12-31,2017-12-31,2017-12-31,2021-08-25,-414000000.0,49767000000.0,,12429000000.0,37338000000.0,,22.19,-109000000.0,552000000.0,552000000.0,3607000000.0,271000000.0,1.105,1.377,12500000000.0,1605000000.0,10895000000.0,12500000000.0,1368000000.0,210000000.0,0.0,0.027,0.26,549000000.0,759000000.0,0.143,759000000.0,549000000.0,447000000.0,0.25,0.25,0.25,20535000000.0,,20535000000.0,48519328307.0,19.0,14.734,-236000000.0,-0.255,1.0,1698000000.0,0.32,26374000000.0,102000000.0,24095000000.0,,3459000000.0,1219000000.0,0.0,1219000000.0,28267000000.0,11246000000.0,17021000000.0,35268328307.0,219000000.0,2011000000.0,-134000000.0,-1056000000.0,-232000000.0,-1440000000.0,1759000000.0,-7000000.0,-127000000.0,17000000.0,230000000.0,230000000.0,230000000.0,0.0,41000000.0,0.043,1473000000.0,225000000.0,4020000000.0,1.04,1.717,23.326,23.671,6105000000.0,0.0,38.11,1.675,1.675,6731000000.0,5398000000.0,5305000000.0,5305000000.0,0.0,,,,,27000000.0,1319000000.0,1.0,925435012.0,925435012.0,,5.732,23393000000.0,0.0,217000000.0,0.0,25.278,1183000000.0
15,JCI,MRQ,2017-09-30,2017-09-30,2017-09-30,2021-08-25,-473000000.0,51884000000.0,,12292000000.0,39592000000.0,,21.929,242000000.0,321000000.0,321000000.0,95000000.0,927000000.0,1.037,1.492,13572000000.0,1608000000.0,11964000000.0,13572000000.0,1279000000.0,0.0,0.0,0.025,0.25,717000000.0,717000000.0,0.897,717000000.0,717000000.0,627000000.0,0.93,0.93,0.93,20447000000.0,,20447000000.0,51379345960.0,21.0,15.485,1645000000.0,1.764,1.0,704000000.0,0.881,26429000000.0,90000000.0,26852000000.0,,3209000000.0,1191000000.0,0.0,1191000000.0,30517000000.0,11854000000.0,18663000000.0,37566345960.0,-201000000.0,-12000000.0,-198000000.0,-743000000.0,-233000000.0,-3249000000.0,-415000000.0,12000000.0,1403000000.0,42000000.0,875000000.0,875000000.0,875000000.0,-34000000.0,52000000.0,1.095,939000000.0,-235000000.0,4271000000.0,0.269,1.837,23.319,23.424,6121000000.0,0.0,40.29,1.645,1.645,6666000000.0,5231000000.0,799000000.0,799000000.0,0.0,,,,,20000000.0,818000000.0,1.0,932398758.0,932398758.0,,0.857,25455000000.0,0.0,-248000000.0,0.0,27.301,438000000.0
16,JCI,MRQ,2017-06-30,2017-06-30,2017-06-30,2021-08-25,-729000000.0,50686000000.0,,13962000000.0,36724000000.0,,21.033,-357000000.0,458000000.0,458000000.0,5252000000.0,629000000.0,1.213,1.524,14271000000.0,2499000000.0,11772000000.0,14271000000.0,0.0,281000000.0,0.0,0.024,0.25,768000000.0,1049000000.0,0.137,1049000000.0,768000000.0,644000000.0,0.59,0.59,0.59,19731000000.0,,19731000000.0,53740389546.0,91.0,30.107,-141000000.0,-0.15,1.0,2431000000.0,0.316,26346000000.0,124000000.0,26638000000.0,,3384000000.0,1159000000.0,0.0,1159000000.0,30071000000.0,11515000000.0,18556000000.0,40676389546.0,46000000.0,0.0,-265000000.0,692000000.0,-234000000.0,153000000.0,-360000000.0,-3000000.0,216000000.0,37000000.0,555000000.0,555000000.0,555000000.0,0.0,74000000.0,0.072,1658000000.0,773000000.0,3764000000.0,0.424,2.062,-93.509,-43.798,5870000000.0,0.0,43.36,1.438,1.438,6443000000.0,4589000000.0,7683000000.0,7683000000.0,0.0,,,,,33000000.0,1609000000.0,1.0,938108615.0,938108615.0,,8.19,24340000000.0,0.0,89000000.0,0.0,25.946,2447000000.0
17,JCI,MRQ,2017-03-31,2017-03-31,2017-03-31,2021-08-25,-987000000.0,49607000000.0,,13229000000.0,36378000000.0,,20.654,-247000000.0,412000000.0,412000000.0,4986000000.0,-115000000.0,1.232,1.517,13476000000.0,1666000000.0,11810000000.0,13476000000.0,0.0,292000000.0,0.0,0.026,0.25,476000000.0,768000000.0,0.106,768000000.0,476000000.0,360000000.0,-0.16,-0.16,-0.16,19388000000.0,,19388000000.0,52410419445.0,149.0,35.01,119000000.0,0.127,1.0,2281000000.0,0.314,26331000000.0,116000000.0,25598000000.0,,3138000000.0,1099000000.0,0.0,1099000000.0,29406000000.0,10742000000.0,18664000000.0,39537419445.0,35000000.0,130000000.0,-60000000.0,220000000.0,-235000000.0,-220000000.0,-141000000.0,-24000000.0,366000000.0,30000000.0,-148000000.0,-148000000.0,-148000000.0,0.0,33000000.0,-0.02,1825000000.0,456000000.0,3720000000.0,-1.562,2.039,-65.136,-42.545,5601000000.0,0.0,42.12,1.535,1.535,6094000000.0,4268000000.0,7267000000.0,7267000000.0,0.0,,,,,44000000.0,1726000000.0,1.0,938685172.0,938685172.0,,7.742,23276000000.0,0.0,508000000.0,0.0,24.796,2487000000.0
18,JCI,MRQ,2016-12-31,2016-12-31,2016-12-31,2021-08-25,-1233000000.0,48788000000.0,,10966000000.0,37822000000.0,,20.9,-369000000.0,377000000.0,377000000.0,4972000000.0,378000000.0,0.957,1.45,13250000000.0,2899000000.0,10351000000.0,13250000000.0,0.0,346000000.0,0.0,0.027,0.25,438000000.0,784000000.0,0.111,784000000.0,438000000.0,302000000.0,0.35,0.35,0.35,19577000000.0,,19577000000.0,52218418745.0,-96.0,98.525,-2254000000.0,-2.406,1.0,2114000000.0,0.298,28062000000.0,136000000.0,22140000000.0,,2943000000.0,1030000000.0,0.0,1030000000.0,28392000000.0,11459000000.0,16933000000.0,38583418745.0,-202000000.0,44000000.0,29000000.0,556000000.0,0.0,1964000000.0,-331000000.0,-6000000.0,-1885000000.0,-55000000.0,329000000.0,329000000.0,329000000.0,0.0,49000000.0,0.046,1648000000.0,466000000.0,3453000000.0,0.714,1.971,-39.013,-24.964,5556000000.0,0.0,41.19,1.661,1.661,6057000000.0,4669000000.0,7086000000.0,7086000000.0,0.0,,,,,37000000.0,1570000000.0,1.0,936718105.0,936718105.0,,7.565,20726000000.0,0.0,-27000000.0,0.0,22.126,-493000000.0
19,JCI,MRQ,2016-09-30,2016-09-30,2016-09-30,2021-08-25,-1153000000.0,63179000000.0,,17109000000.0,46070000000.0,,37.818,-423000000.0,579000000.0,579000000.0,4566000000.0,-1132000000.0,1.048,1.579,12759000000.0,1706000000.0,11053000000.0,12759000000.0,1228000000.0,273000000.0,0.0,0.025,0.29,-1089000000.0,-816000000.0,-0.13,-816000000.0,-1089000000.0,-1176000000.0,-1.77,-1.76,-1.77,24118000000.0,,24118000000.0,37205316355.0,-97.0,65.158,789000000.0,1.237,1.0,1688000000.0,0.27,28564000000.0,87000000.0,30464000000.0,,2888000000.0,990000000.0,0.0,990000000.0,38089000000.0,16331000000.0,21758000000.0,29674316355.0,232000000.0,464000000.0,10000000.0,-503000000.0,-371000000.0,-986000000.0,-16000000.0,-48000000.0,1212000000.0,7000000.0,-1171000000.0,-1171000000.0,-1171000000.0,0.0,39000000.0,-0.187,1750000000.0,-62000000.0,4000000000.0,-0.164,1.23,-34.187,-35.792,5632000000.0,0.0,46.53,1.424,1.424,6394000000.0,9177000000.0,6254000000.0,6254000000.0,0.0,,,,,66000000.0,1549000000.0,1.0,637745892.0,637745892.0,,9.806,34615000000.0,0.0,-5000000.0,0.0,54.277,778000000.0
20,JCI,MRQ,2016-06-30,2016-06-30,2016-06-30,2021-08-25,-1174000000.0,31879000000.0,,11847000000.0,20032000000.0,,14.805,-265000000.0,467000000.0,467000000.0,3732000000.0,459000000.0,0.919,2.225,7998000000.0,2859000000.0,5139000000.0,7998000000.0,0.0,235000000.0,0.0,0.026,0.29,526000000.0,761000000.0,0.148,761000000.0,526000000.0,461000000.0,0.59,0.59,0.59,9599000000.0,,9599000000.0,35364862706.0,49.0,21.911,-190000000.0,-0.293,1.0,1422000000.0,0.276,8661000000.0,65000000.0,17863000000.0,,2972000000.0,2665000000.0,0.0,2665000000.0,21356000000.0,12886000000.0,8470000000.0,28696862706.0,55000000.0,14000000.0,-461000000.0,935000000.0,-188000000.0,274000000.0,-254000000.0,0.0,75000000.0,14000000.0,383000000.0,383000000.0,383000000.0,0.0,76000000.0,0.074,922000000.0,500000000.0,5455000000.0,0.492,2.99,44.014,44.26,6374000000.0,0.0,44.26,8.822,8.822,6170000000.0,10575000000.0,5154000000.0,5154000000.0,0.0,,,,,25000000.0,895000000.0,1.0,648370147.0,648370147.0,,7.949,23218000000.0,0.0,78000000.0,0.0,35.81,-1039000000.0
21,JCI,MRQ,2016-03-31,2016-03-31,2016-03-31,2021-08-25,-1039000000.0,31199000000.0,,11058000000.0,20141000000.0,,15.402,-256000000.0,358000000.0,358000000.0,3446000000.0,-469000000.0,0.938,2.035,7026000000.0,1883000000.0,5143000000.0,7026000000.0,0.0,219000000.0,0.0,0.028,0.29,-418000000.0,-199000000.0,-0.042,-199000000.0,-418000000.0,-489000000.0,-0.82,-0.81,-0.82,9984000000.0,,9984000000.0,32001728706.0,48.0,20.794,378000000.0,0.583,1.0,1287000000.0,0.272,8618000000.0,71000000.0,17457000000.0,,2922000000.0,2736000000.0,0.0,2736000000.0,20317000000.0,11792000000.0,8525000000.0,25261728706.0,-64000000.0,22000000.0,4000000.0,-188000000.0,-188000000.0,-448000000.0,-233000000.0,0.0,634000000.0,-9000000.0,-530000000.0,-530000000.0,-530000000.0,0.0,61000000.0,-0.112,959000000.0,328000000.0,5360000000.0,-0.354,2.53,56.514,57.309,6397000000.0,0.0,38.97,3.278,3.278,5987000000.0,10380000000.0,4733000000.0,4733000000.0,0.0,,,,,23000000.0,899000000.0,1.0,648235276.0,648235276.0,,7.301,22581000000.0,0.0,41000000.0,0.0,34.835,-734000000.0
22,JCI,MRQ,2015-12-31,2015-12-31,2015-12-31,2021-08-25,-1218000000.0,31019000000.0,,10921000000.0,20098000000.0,,16.221,-273000000.0,414000000.0,414000000.0,3439000000.0,490000000.0,0.966,1.864,7154000000.0,1853000000.0,5301000000.0,7154000000.0,0.0,226000000.0,0.0,0.027,0.29,599000000.0,825000000.0,0.176,825000000.0,599000000.0,533000000.0,0.69,0.69,0.69,10506000000.0,,10506000000.0,31589754147.0,17.0,11.818,-286000000.0,-0.442,1.0,1257000000.0,0.268,8501000000.0,66000000.0,17957000000.0,,2769000000.0,2607000000.0,0.0,2607000000.0,19582000000.0,11301000000.0,8281000000.0,25576754147.0,-197000000.0,-115000000.0,16000000.0,514000000.0,-168000000.0,214000000.0,-384000000.0,0.0,-13000000.0,0.0,450000000.0,450000000.0,450000000.0,0.0,40000000.0,0.096,847000000.0,410000000.0,4936000000.0,0.42,2.434,16.983,17.095,6256000000.0,0.0,39.49,2.101,2.101,5745000000.0,11100000000.0,4696000000.0,4696000000.0,0.0,,,,,28000000.0,847000000.0,1.0,647676732.0,647676732.0,,7.251,22518000000.0,0.0,83000000.0,0.0,34.767,-380000000.0
23,JCI,MRQ,2015-09-30,2015-09-30,2015-09-30,2021-08-25,-1057000000.0,29622000000.0,,10469000000.0,19153000000.0,,15.801,-303000000.0,597000000.0,597000000.0,-10973000000.0,369000000.0,1.002,1.85,6610000000.0,865000000.0,5745000000.0,6610000000.0,0.0,213000000.0,0.0,0.025,0.26,14000000.0,227000000.0,-0.02,227000000.0,14000000.0,-45000000.0,0.54,0.53,0.54,10335000000.0,,10335000000.0,34374311666.0,18.0,12.418,434000000.0,0.664,1.0,-357000000.0,0.032,8340000000.0,59000000.0,16849000000.0,,2377000000.0,2143000000.0,0.0,2143000000.0,19124000000.0,10446000000.0,8678000000.0,27052311666.0,385000000.0,1505000000.0,-318000000.0,-934000000.0,-170000000.0,-1468000000.0,1172000000.0,0.0,737000000.0,-57000000.0,349000000.0,349000000.0,349000000.0,-218000000.0,20000000.0,-0.031,451000000.0,-808000000.0,5174000000.0,0.481,2.618,17.308,17.305,5870000000.0,0.0,41.36,1.582,1.582,5751000000.0,10797000000.0,-11330000000.0,-11330000000.0,0.0,,,,,18000000.0,236000000.0,1.0,654069431.0,654069431.0,,-17.322,21282000000.0,0.0,-394000000.0,0.0,32.538,23000000.0
24,JCI,MRQ,2015-06-30,2015-06-30,2015-06-30,2021-08-25,-935000000.0,31886000000.0,,12459000000.0,19427000000.0,,16.271,-256000000.0,213000000.0,213000000.0,7902000000.0,207000000.0,1.033,1.975,7535000000.0,1801000000.0,5734000000.0,7535000000.0,0.0,218000000.0,0.0,0.02,0.26,468000000.0,686000000.0,0.071,686000000.0,468000000.0,393000000.0,0.27,0.27,0.27,10655000000.0,,10655000000.0,39853760212.0,17.0,12.497,407000000.0,0.622,1.0,1706000000.0,0.178,8395000000.0,75000000.0,18747000000.0,,2489000000.0,1339000000.0,0.0,1339000000.0,21046000000.0,12066000000.0,8980000000.0,32433760212.0,49000000.0,0.0,-121000000.0,-51000000.0,-170000000.0,-360000000.0,-248000000.0,1000000.0,663000000.0,-6000000.0,178000000.0,178000000.0,178000000.0,325000000.0,29000000.0,0.019,975000000.0,731000000.0,4791000000.0,0.963,3.044,21.296,21.442,5922000000.0,0.0,49.53,0.845,0.845,5597000000.0,10656000000.0,9608000000.0,9608000000.0,0.0,,,,,26000000.0,975000000.0,1.0,654830612.0,654830612.0,,14.672,23491000000.0,0.0,215000000.0,0.0,35.873,393000000.0
25,JCI,MRQ,2015-03-31,2015-03-31,2015-03-31,2021-08-25,-1076000000.0,30960000000.0,,11721000000.0,19239000000.0,,16.101,-291000000.0,164000000.0,164000000.0,7625000000.0,557000000.0,0.984,1.907,7584000000.0,2136000000.0,5448000000.0,7584000000.0,0.0,205000000.0,0.0,0.019,0.26,730000000.0,935000000.0,0.102,935000000.0,730000000.0,661000000.0,0.81,0.8,0.81,10583000000.0,,10583000000.0,40521903862.0,18.0,12.905,69000000.0,0.105,1.0,1573000000.0,0.171,8346000000.0,69000000.0,18125000000.0,,2414000000.0,1239000000.0,0.0,1239000000.0,20178000000.0,11909000000.0,8269000000.0,33153903862.0,-4000000.0,132000000.0,-153000000.0,136000000.0,-171000000.0,-222000000.0,-200000000.0,-47000000.0,360000000.0,39000000.0,529000000.0,529000000.0,529000000.0,-78000000.0,28000000.0,0.058,975000000.0,598000000.0,4640000000.0,0.321,3.133,21.797,21.93,5870000000.0,0.0,50.44,0.859,0.859,5384000000.0,10649000000.0,9198000000.0,9198000000.0,0.0,,,,,25000000.0,975000000.0,1.0,657293891.0,657293891.0,,13.994,22614000000.0,0.0,132000000.0,0.0,34.405,-188000000.0
26,JCI,MRQ,2014-12-31,2014-12-31,2014-12-31,2021-08-25,-601000000.0,31606000000.0,,11862000000.0,19744000000.0,,16.246,-248000000.0,168000000.0,168000000.0,8015000000.0,546000000.0,1.049,1.896,7536000000.0,1214000000.0,6322000000.0,7536000000.0,0.0,224000000.0,0.0,0.019,0.26,696000000.0,920000000.0,0.096,920000000.0,696000000.0,625000000.0,0.77,0.76,0.77,10823000000.0,,10823000000.0,38474570894.0,20.0,13.406,-408000000.0,-0.612,1.0,1609000000.0,0.167,8610000000.0,71000000.0,19051000000.0,,2439000000.0,1117000000.0,0.0,1117000000.0,20520000000.0,11313000000.0,9207000000.0,32203570894.0,-241000000.0,-13000000.0,-495000000.0,889000000.0,-146000000.0,229000000.0,-254000000.0,2000000.0,-160000000.0,-57000000.0,507000000.0,507000000.0,507000000.0,0.0,39000000.0,0.053,1005000000.0,604000000.0,4584000000.0,0.338,2.975,25.701,25.713,6114000000.0,0.0,48.34,0.828,0.828,5360000000.0,10291000000.0,9624000000.0,9624000000.0,0.0,,,,,21000000.0,1005000000.0,1.0,666188889.0,666188889.0,,14.446,22996000000.0,0.0,118000000.0,0.0,34.519,549000000.0
27,JCI,MRQ,2014-09-30,2014-09-30,2014-09-30,2021-08-25,-237000000.0,32804000000.0,,13107000000.0,19697000000.0,,16.982,-305000000.0,409000000.0,409000000.0,8205000000.0,346000000.0,1.121,1.878,6680000000.0,323000000.0,6357000000.0,6680000000.0,0.0,224000000.0,0.0,0.02,0.22,424000000.0,648000000.0,0.065,648000000.0,424000000.0,358000000.0,0.46,0.46,0.46,11311000000.0,,11311000000.0,36634317204.0,20.0,12.986,927000000.0,1.392,1.0,1747000000.0,0.176,8766000000.0,66000000.0,18615000000.0,,2477000000.0,1018000000.0,0.0,1018000000.0,21242000000.0,11694000000.0,9548000000.0,29307317204.0,249000000.0,250000000.0,-37000000.0,-744000000.0,-146000000.0,-952000000.0,-36000000.0,16000000.0,1232000000.0,-5000000.0,309000000.0,309000000.0,309000000.0,0.0,37000000.0,0.031,1477000000.0,270000000.0,5270000000.0,0.478,2.591,24.121,24.176,6314000000.0,0.0,44.0,0.756,0.756,5871000000.0,9956000000.0,9952000000.0,9952000000.0,0.0,,,,,21000000.0,1315000000.0,1.0,666075391.0,666075391.0,,14.941,24038000000.0,0.0,49000000.0,0.0,36.089,1413000000.0
28,JCI,MRQ,2014-06-30,2014-06-30,2014-06-30,2021-08-25,406000000.0,33074000000.0,,13447000000.0,19627000000.0,,17.789,-262000000.0,160000000.0,160000000.0,8253000000.0,199000000.0,1.107,1.776,7487000000.0,1071000000.0,6416000000.0,7487000000.0,0.0,240000000.0,0.0,0.017,0.22,397000000.0,637000000.0,0.065,637000000.0,397000000.0,330000000.0,0.26,0.26,0.26,11815000000.0,,11815000000.0,39203404446.0,19.0,12.883,452000000.0,0.681,1.0,1580000000.0,0.161,9327000000.0,67000000.0,18931000000.0,,2591000000.0,966000000.0,0.0,966000000.0,20979000000.0,12143000000.0,8836000000.0,33161404446.0,-49000000.0,-1643000000.0,56000000.0,1240000000.0,-146000000.0,1144000000.0,-1904000000.0,-3000000.0,714000000.0,24000000.0,176000000.0,176000000.0,176000000.0,0.0,23000000.0,0.018,1105000000.0,475000000.0,5567000000.0,0.846,2.807,32.801,33.287,6260000000.0,0.0,49.93,0.913,0.913,6710000000.0,9793000000.0,9833000000.0,9833000000.0,0.0,,,,,20000000.0,943000000.0,1.0,664157910.0,664157910.0,,14.805,23747000000.0,0.0,154000000.0,0.0,35.755,1304000000.0
29,JCI,MRQ,2014-03-31,2014-03-31,2014-03-31,2021-08-25,387000000.0,31217000000.0,,13059000000.0,18158000000.0,,17.599,-229000000.0,209000000.0,209000000.0,7995000000.0,293000000.0,1.075,1.648,6251000000.0,1518000000.0,4733000000.0,6251000000.0,0.0,247000000.0,0.0,0.017,0.22,418000000.0,665000000.0,0.07,665000000.0,418000000.0,362000000.0,0.39,0.39,0.39,11686000000.0,,11686000000.0,37846822468.0,17.0,11.864,501000000.0,0.754,1.0,1472000000.0,0.155,7778000000.0,56000000.0,17329000000.0,,2516000000.0,1110000000.0,0.0,1110000000.0,19258000000.0,12152000000.0,7106000000.0,31421822468.0,-36000000.0,0.0,33000000.0,-418000000.0,-146000000.0,-526000000.0,-222000000.0,3000000.0,730000000.0,-20000000.0,261000000.0,261000000.0,261000000.0,0.0,32000000.0,0.028,952000000.0,520000000.0,6042000000.0,0.564,2.689,22.687,23.196,6632000000.0,0.0,47.32,0.85,0.85,7028000000.0,9764000000.0,9467000000.0,9467000000.0,0.0,,,,,23000000.0,952000000.0,1.0,664028370.0,664028370.0,,14.257,23439000000.0,0.0,101000000.0,0.0,35.298,907000000.0
30,JCI,MRQ,2013-12-31,2013-12-31,2013-12-31,2021-08-25,400000000.0,30832000000.0,,12726000000.0,18106000000.0,,16.83,-324000000.0,245000000.0,245000000.0,8998000000.0,502000000.0,1.078,1.651,6670000000.0,1804000000.0,4866000000.0,6670000000.0,0.0,244000000.0,0.0,0.015,0.22,635000000.0,879000000.0,0.083,879000000.0,635000000.0,580000000.0,0.7,0.69,0.7,11531000000.0,,11531000000.0,39591754734.0,18.0,12.361,-605000000.0,-0.883,1.0,1576000000.0,0.149,7787000000.0,55000000.0,17667000000.0,,2452000000.0,1043000000.0,0.0,1043000000.0,19040000000.0,11803000000.0,7237000000.0,35148754734.0,-810000000.0,-115000000.0,-1115000000.0,1163000000.0,-130000000.0,-78000000.0,-431000000.0,3000000.0,-281000000.0,-19000000.0,469000000.0,469000000.0,469000000.0,0.0,33000000.0,0.044,1038000000.0,538000000.0,5592000000.0,0.314,3.048,27.289,27.143,6665000000.0,0.0,51.3,0.935,0.935,6743000000.0,9649000000.0,10574000000.0,10574000000.0,0.0,,,,,18000000.0,1038000000.0,1.0,685160911.0,685160911.0,,15.433,23045000000.0,0.0,111000000.0,0.0,33.634,923000000.0
31,JCI,MRQ,2013-09-30,2013-09-30,2013-09-30,2021-08-25,418000000.0,31518000000.0,,13698000000.0,17820000000.0,,17.999,-385000000.0,1055000000.0,1055000000.0,4729000000.0,144000000.0,1.13,1.538,5498000000.0,938000000.0,4560000000.0,5498000000.0,0.0,256000000.0,0.0,0.018,0.19,606000000.0,862000000.0,0.134,862000000.0,606000000.0,552000000.0,0.15,0.15,0.15,12314000000.0,,12314000000.0,34025599952.0,16.0,11.152,752000000.0,1.099,1.0,1706000000.0,0.265,7588000000.0,54000000.0,16256000000.0,,2325000000.0,1024000000.0,0.0,1024000000.0,18944000000.0,12117000000.0,6827000000.0,28392599952.0,664000000.0,751000000.0,-44000000.0,-541000000.0,-130000000.0,-782000000.0,383000000.0,17000000.0,1137000000.0,-70000000.0,105000000.0,105000000.0,105000000.0,0.0,39000000.0,0.016,1279000000.0,427000000.0,6318000000.0,1.267,2.306,24.102,24.128,6585000000.0,0.0,41.5,0.764,0.764,7206000000.0,9328000000.0,6435000000.0,6435000000.0,0.0,,,,,18000000.0,603000000.0,1.0,684159035.0,684159035.0,,9.406,23930000000.0,0.0,447000000.0,0.0,34.977,1581000000.0
32,JCI,MRQ,2013-06-30,2013-06-30,2013-06-30,2021-08-25,244000000.0,31820000000.0,,12739000000.0,19081000000.0,,17.793,-258000000.0,391000000.0,391000000.0,8935000000.0,572000000.0,1.081,1.591,6024000000.0,1431000000.0,4593000000.0,6024000000.0,0.0,239000000.0,0.0,0.021,0.19,545000000.0,784000000.0,0.075,784000000.0,545000000.0,478000000.0,0.8,0.8,0.8,12188000000.0,,12188000000.0,30704981572.0,22.0,13.292,776000000.0,1.133,1.0,1564000000.0,0.149,8190000000.0,67000000.0,17479000000.0,,2470000000.0,1022000000.0,0.0,1022000000.0,19389000000.0,11784000000.0,7605000000.0,24515981572.0,-90000000.0,0.0,-87000000.0,-646000000.0,-130000000.0,-856000000.0,-268000000.0,-10000000.0,1034000000.0,0.0,550000000.0,550000000.0,550000000.0,0.0,22000000.0,0.052,1120000000.0,444000000.0,6217000000.0,0.237,2.011,23.965,23.86,6569000000.0,0.0,35.79,0.612,0.612,7259000000.0,9359000000.0,10499000000.0,10499000000.0,0.0,,,,,15000000.0,977000000.0,1.0,684995294.0,684995294.0,,15.327,23630000000.0,0.0,-72000000.0,0.0,34.497,955000000.0
33,JCI,MRQ,2013-03-31,2013-03-31,2013-03-31,2021-08-25,308000000.0,31948000000.0,,12917000000.0,19031000000.0,,17.373,-264000000.0,481000000.0,481000000.0,8662000000.0,193000000.0,1.067,1.668,6670000000.0,2080000000.0,4590000000.0,6670000000.0,0.0,234000000.0,0.0,0.021,0.19,444000000.0,678000000.0,0.067,678000000.0,444000000.0,378000000.0,0.24,0.24,0.24,11889000000.0,,11889000000.0,30133142064.0,21.0,13.136,-47000000.0,-0.069,1.0,1440000000.0,0.143,8223000000.0,66000000.0,17813000000.0,,2449000000.0,1059000000.0,0.0,1059000000.0,19825000000.0,12101000000.0,7724000000.0,23999142064.0,167000000.0,-113000000.0,1000000.0,241000000.0,0.0,269000000.0,-330000000.0,0.0,217000000.0,11000000.0,164000000.0,164000000.0,164000000.0,0.0,29000000.0,0.016,1128000000.0,312000000.0,6146000000.0,0.792,2.019,26.548,26.368,6525000000.0,0.0,35.07,0.598,0.598,7317000000.0,8937000000.0,10102000000.0,10102000000.0,0.0,,,,,15000000.0,1044000000.0,1.0,684321131.0,684321131.0,,14.762,23725000000.0,0.0,214000000.0,0.0,34.669,816000000.0
34,JCI,MRQ,2012-12-31,2012-12-31,2012-12-31,2021-08-25,495000000.0,31307000000.0,,12903000000.0,18404000000.0,,17.451,-354000000.0,314000000.0,314000000.0,8906000000.0,389000000.0,1.198,1.611,6448000000.0,1035000000.0,5413000000.0,6448000000.0,0.0,223000000.0,0.0,0.024,0.19,519000000.0,742000000.0,0.071,742000000.0,519000000.0,458000000.0,0.53,0.52,0.53,11933000000.0,,11933000000.0,26775077085.0,18.0,11.345,-56000000.0,-0.082,1.0,1516000000.0,0.145,8047000000.0,61000000.0,18626000000.0,,2384000000.0,1015000000.0,0.0,1015000000.0,19219000000.0,10768000000.0,8451000000.0,20972077085.0,49000000.0,0.0,34000000.0,373000000.0,-253000000.0,155000000.0,-365000000.0,-17000000.0,298000000.0,-39000000.0,359000000.0,359000000.0,359000000.0,0.0,30000000.0,0.034,1052000000.0,464000000.0,5880000000.0,0.358,1.757,18.742,18.588,6553000000.0,0.0,30.67,0.516,0.516,7090000000.0,8842000000.0,10422000000.0,10422000000.0,0.0,,,,,16000000.0,1052000000.0,1.0,683797753.0,683797753.0,,15.241,23260000000.0,0.0,99000000.0,0.0,34.016,2135000000.0
35,JCI,MRQ,2012-09-30,2012-09-30,2012-09-30,2021-08-25,458000000.0,30954000000.0,,12743000000.0,18211000000.0,,16.998,-352000000.0,265000000.0,265000000.0,7834000000.0,-22000000.0,1.174,1.65,6068000000.0,747000000.0,5321000000.0,6068000000.0,0.0,221000000.0,0.0,0.026,0.18,-115000000.0,106000000.0,0.012,106000000.0,-115000000.0,-175000000.0,-0.07,-0.07,-0.07,11625000000.0,,11625000000.0,24796108134.0,16.0,10.332,442000000.0,0.646,1.0,1207000000.0,0.134,7929000000.0,60000000.0,17973000000.0,,2343000000.0,948000000.0,0.0,948000000.0,19181000000.0,10855000000.0,8326000000.0,18739108134.0,-337000000.0,14000000.0,-48000000.0,-606000000.0,-123000000.0,-788000000.0,-334000000.0,4000000.0,794000000.0,-9000000.0,-50000000.0,-50000000.0,-50000000.0,0.0,28000000.0,-0.006,1488000000.0,-281000000.0,6114000000.0,-2.571,1.612,15.827,15.747,6440000000.0,0.0,27.4,0.462,0.462,7308000000.0,8611000000.0,9041000000.0,9041000000.0,0.0,,,,,56000000.0,1253000000.0,1.0,683909056.0,683909056.0,,13.22,23025000000.0,0.0,-125000000.0,0.0,33.667,1888000000.0
36,JCI,MRQ,2012-06-30,2012-06-30,2012-06-30,2021-08-25,291000000.0,31002000000.0,,12566000000.0,18436000000.0,,17.048,-441000000.0,602000000.0,602000000.0,9040000000.0,456000000.0,1.162,1.661,6659000000.0,1035000000.0,5624000000.0,6659000000.0,0.0,207000000.0,0.0,0.025,0.18,561000000.0,768000000.0,0.073,768000000.0,561000000.0,502000000.0,0.63,0.63,0.63,11596000000.0,,11596000000.0,24931359346.0,12.0,8.776,178000000.0,0.262,1.0,1541000000.0,0.146,7902000000.0,59000000.0,18346000000.0,,2362000000.0,1007000000.0,0.0,1007000000.0,19259000000.0,10811000000.0,8448000000.0,18848359346.0,362000000.0,0.0,-2000000.0,407000000.0,-122000000.0,158000000.0,-447000000.0,-6000000.0,619000000.0,32000000.0,431000000.0,431000000.0,431000000.0,0.0,25000000.0,0.041,1025000000.0,516000000.0,6062000000.0,0.286,1.625,12.059,12.048,6116000000.0,0.0,27.71,0.445,0.445,7155000000.0,8691000000.0,10581000000.0,10581000000.0,0.0,,,,,0.0,973000000.0,1.0,680200626.0,680200626.0,,15.556,23100000000.0,0.0,71000000.0,0.0,33.961,1755000000.0
37,JCI,MRQ,2012-03-31,2012-03-31,2012-03-31,2021-08-25,633000000.0,30973000000.0,,12362000000.0,18611000000.0,,17.04,-445000000.0,240000000.0,240000000.0,9012000000.0,417000000.0,1.171,1.658,6323000000.0,678000000.0,5645000000.0,6323000000.0,0.0,200000000.0,0.0,0.021,0.18,544000000.0,744000000.0,0.07,744000000.0,544000000.0,481000000.0,0.56,0.55,0.56,11595000000.0,,11595000000.0,27842892673.0,14.0,10.106,-202000000.0,-0.297,1.0,1553000000.0,0.147,8006000000.0,63000000.0,18495000000.0,,2374000000.0,961000000.0,0.0,961000000.0,19228000000.0,10555000000.0,8673000000.0,22100892673.0,-1000000.0,72000000.0,-17000000.0,313000000.0,-123000000.0,156000000.0,-380000000.0,-7000000.0,243000000.0,-20000000.0,379000000.0,379000000.0,379000000.0,0.0,38000000.0,0.036,1050000000.0,503000000.0,6313000000.0,0.321,1.906,14.843,14.764,6086000000.0,0.0,32.48,0.525,0.525,7402000000.0,8396000000.0,10565000000.0,10565000000.0,0.0,,,,,0.0,1050000000.0,1.0,680446203.0,680446203.0,,15.527,22967000000.0,0.0,102000000.0,0.0,33.753,1807000000.0
38,JCI,MRQ,2011-12-31,2011-12-31,2011-12-31,2021-08-25,431000000.0,29683000000.0,,11837000000.0,17846000000.0,,16.369,-535000000.0,241000000.0,241000000.0,8881000000.0,459000000.0,1.172,1.653,5983000000.0,457000000.0,5526000000.0,5983000000.0,0.0,196000000.0,0.0,0.021,0.18,586000000.0,782000000.0,0.075,782000000.0,586000000.0,537000000.0,0.62,0.62,0.62,11137000000.0,,11137000000.0,26157727909.0,14.0,9.739,-632000000.0,-0.929,1.0,1536000000.0,0.147,7896000000.0,49000000.0,17426000000.0,,2283000000.0,896000000.0,0.0,896000000.0,18405000000.0,10103000000.0,8302000000.0,21268727909.0,-16000000.0,-11000000.0,5000000.0,808000000.0,-109000000.0,681000000.0,-631000000.0,-85000000.0,-97000000.0,31000000.0,424000000.0,424000000.0,424000000.0,0.0,35000000.0,0.041,1035000000.0,501000000.0,5905000000.0,0.29,1.91,14.528,14.472,5743000000.0,0.0,31.26,0.51,0.51,6888000000.0,8134000000.0,10417000000.0,10417000000.0,0.0,,,,,19000000.0,1035000000.0,1.0,680381571.0,680381571.0,,15.311,21787000000.0,0.0,113000000.0,0.0,32.022,1734000000.0
39,JCI,MRQ,2011-09-30,2011-09-30,2011-09-30,2021-08-25,649000000.0,29676000000.0,,12015000000.0,17661000000.0,,16.244,-407000000.0,257000000.0,257000000.0,9167000000.0,364000000.0,1.114,1.675,5146000000.0,613000000.0,4533000000.0,5146000000.0,0.0,184000000.0,0.0,0.024,0.16,363000000.0,547000000.0,0.051,547000000.0,363000000.0,313000000.0,0.49,0.48,0.49,11042000000.0,,11042000000.0,22765708148.0,12.0,8.831,180000000.0,0.265,1.0,1621000000.0,0.15,7961000000.0,50000000.0,15822000000.0,,2316000000.0,811000000.0,0.0,811000000.0,18496000000.0,10782000000.0,7714000000.0,17924708148.0,-78000000.0,-139000000.0,10000000.0,11000000.0,-109000000.0,-118000000.0,-558000000.0,-12000000.0,587000000.0,11000000.0,329000000.0,329000000.0,329000000.0,0.0,35000000.0,0.03,1338000000.0,283000000.0,6159000000.0,0.327,1.623,12.668,12.617,5616000000.0,0.0,26.37,0.439,0.439,7151000000.0,7838000000.0,10788000000.0,10788000000.0,0.0,,,,,10000000.0,1338000000.0,1.0,679738648.0,679738648.0,,15.871,21715000000.0,0.0,-16000000.0,0.0,31.946,1233000000.0
40,JCI,MRQ,2011-06-30,2011-06-30,2011-06-30,2021-08-25,0.0,29869000000.0,,12558000000.0,17311000000.0,,16.746,-347000000.0,335000000.0,335000000.0,8814000000.0,380000000.0,1.126,1.619,5176000000.0,657000000.0,4519000000.0,5176000000.0,0.0,193000000.0,0.0,0.015,0.16,489000000.0,682000000.0,0.066,682000000.0,489000000.0,446000000.0,0.53,0.52,0.53,11361000000.0,,11361000000.0,32404190298.0,18.0,12.859,13000000.0,0.019,1.0,1550000000.0,0.15,7915000000.0,43000000.0,15641000000.0,,2451000000.0,952000000.0,0.0,952000000.0,18390000000.0,11154000000.0,7236000000.0,28264190298.0,-66000000.0,-458000000.0,10000000.0,575000000.0,-108000000.0,463000000.0,-883000000.0,-78000000.0,360000000.0,-6000000.0,357000000.0,357000000.0,357000000.0,0.0,23000000.0,0.034,1094000000.0,456000000.0,6104000000.0,0.302,2.488,20.921,20.83,5185000000.0,0.0,41.66,0.723,0.723,7094000000.0,,10364000000.0,10364000000.0,0.0,,,,,13000000.0,1094000000.0,1.0,678449119.0,678449119.0,,15.276,21954000000.0,0.0,89000000.0,0.0,32.359,1404000000.0
41,JCI,MRQ,2011-03-31,2011-03-31,2011-03-31,2021-08-25,0.0,28668000000.0,,12206000000.0,16462000000.0,,16.204,-268000000.0,401000000.0,401000000.0,8670000000.0,385000000.0,1.2,1.6,4541000000.0,159000000.0,4382000000.0,4541000000.0,0.0,185000000.0,0.0,0.014,0.16,490000000.0,675000000.0,0.067,675000000.0,490000000.0,444000000.0,0.52,0.51,0.52,10976000000.0,,10976000000.0,31370307474.0,17.0,12.578,-232000000.0,-0.343,1.0,1474000000.0,0.145,7639000000.0,46000000.0,14997000000.0,,2239000000.0,864000000.0,0.0,864000000.0,17562000000.0,10172000000.0,7390000000.0,28157307474.0,80000000.0,-534000000.0,24000000.0,976000000.0,-109000000.0,888000000.0,-840000000.0,-38000000.0,36000000.0,-4000000.0,354000000.0,354000000.0,354000000.0,0.0,31000000.0,0.035,1014000000.0,460000000.0,6082000000.0,0.308,2.565,19.941,19.89,4761000000.0,0.0,41.57,0.756,0.756,6946000000.0,,10144000000.0,10144000000.0,0.0,,,,,14000000.0,1014000000.0,1.0,677346824.0,677346824.0,,14.976,21029000000.0,0.0,90000000.0,0.0,31.046,2034000000.0
42,JCI,MRQ,2010-12-31,2010-12-31,2010-12-31,2021-08-25,0.0,25993000000.0,,10715000000.0,15278000000.0,,15.468,-249000000.0,321000000.0,321000000.0,8123000000.0,403000000.0,1.095,1.481,3534000000.0,850000000.0,2684000000.0,3534000000.0,0.0,169000000.0,0.0,0.014,0.16,505000000.0,674000000.0,0.071,674000000.0,505000000.0,470000000.0,0.56,0.55,0.56,10431000000.0,,10431000000.0,28590146850.0,17.0,11.918,-156000000.0,-0.231,1.0,1414000000.0,0.148,7274000000.0,35000000.0,12143000000.0,,1939000000.0,766000000.0,0.0,766000000.0,15445000000.0,9789000000.0,5656000000.0,25761146850.0,-239000000.0,-95000000.0,61000000.0,13000000.0,-87000000.0,6000000.0,-356000000.0,-12000000.0,93000000.0,18000000.0,375000000.0,375000000.0,375000000.0,0.0,28000000.0,0.039,947000000.0,467000000.0,5340000000.0,0.286,2.47,19.34,19.293,4215000000.0,0.0,38.2,0.727,0.727,6142000000.0,,9537000000.0,9537000000.0,0.0,,,,,22000000.0,947000000.0,1.0,674375572.0,674375572.0,,14.142,18719000000.0,0.0,95000000.0,0.0,27.758,926000000.0
43,JCI,MRQ,2010-09-30,2010-09-30,2010-09-30,2021-08-25,-77000000.0,25743000000.0,,10652000000.0,15091000000.0,,14.957,-182000000.0,560000000.0,560000000.0,7617000000.0,293000000.0,1.075,1.546,3389000000.0,737000000.0,2652000000.0,3389000000.0,0.0,167000000.0,0.0,0.017,0.13,322000000.0,489000000.0,0.054,489000000.0,322000000.0,269000000.0,0.39,0.39,0.39,10071000000.0,,10071000000.0,22993010022.0,14.0,10.019,-192000000.0,-0.285,1.0,1423000000.0,0.157,7242000000.0,53000000.0,11420000000.0,,1786000000.0,728000000.0,0.0,728000000.0,15566000000.0,9910000000.0,5656000000.0,20536010022.0,-348000000.0,-29000000.0,8000000.0,-12000000.0,-88000000.0,-94000000.0,-237000000.0,-26000000.0,-10000000.0,-7000000.0,265000000.0,265000000.0,265000000.0,0.0,28000000.0,0.029,1171000000.0,252000000.0,5426000000.0,0.333,2.039,15.712,15.722,4096000000.0,0.0,30.5,0.599,0.599,6095000000.0,7765000000.0,9040000000.0,9040000000.0,0.0,,,,,12000000.0,1171000000.0,1.0,673311804.0,673311804.0,,13.426,18501000000.0,0.0,4000000.0,0.0,27.478,742000000.0
44,JCI,MRQ,2010-06-30,2010-06-30,2010-06-30,2021-08-25,0.0,24086000000.0,,10118000000.0,13968000000.0,,13.966,-223000000.0,908000000.0,908000000.0,7201000000.0,426000000.0,1.12,1.554,3365000000.0,727000000.0,2638000000.0,3365000000.0,0.0,168000000.0,0.0,0.019,0.13,488000000.0,656000000.0,0.077,656000000.0,488000000.0,449000000.0,0.62,0.61,0.62,9395000000.0,,9395000000.0,20684530040.0,13.0,9.052,204000000.0,0.303,1.0,1339000000.0,0.157,6912000000.0,39000000.0,10599000000.0,,1644000000.0,766000000.0,0.0,766000000.0,14604000000.0,9032000000.0,5572000000.0,18075530040.0,138000000.0,-17000000.0,12000000.0,-5000000.0,-87000000.0,-83000000.0,-285000000.0,-45000000.0,427000000.0,79000000.0,418000000.0,418000000.0,418000000.0,0.0,8000000.0,0.049,895000000.0,444000000.0,4874000000.0,0.21,1.924,13.469,13.107,3706000000.0,0.0,26.87,0.546,0.546,5452000000.0,,8540000000.0,8540000000.0,0.0,,,,,8000000.0,895000000.0,1.0,672703016.0,672703016.0,,12.695,17174000000.0,0.0,31000000.0,0.0,25.53,1086000000.0
45,JCI,MRQ,2010-03-31,2010-03-31,2010-03-31,2021-08-25,0.0,23809000000.0,,9904000000.0,13905000000.0,,13.959,-145000000.0,770000000.0,770000000.0,7094000000.0,297000000.0,1.124,1.529,3379000000.0,743000000.0,2636000000.0,3379000000.0,0.0,176000000.0,0.0,0.016,0.13,404000000.0,580000000.0,0.07,580000000.0,404000000.0,361000000.0,0.41,0.4,0.41,9377000000.0,,9377000000.0,24813564438.0,18.0,11.89,68000000.0,0.101,1.0,1223000000.0,0.147,7086000000.0,43000000.0,10517000000.0,,1579000000.0,770000000.0,0.0,770000000.0,14336000000.0,8815000000.0,5521000000.0,22160564438.0,-21000000.0,-15000000.0,19000000.0,-45000000.0,-87000000.0,-117000000.0,-185000000.0,-25000000.0,213000000.0,68000000.0,274000000.0,274000000.0,274000000.0,0.0,23000000.0,0.033,847000000.0,376000000.0,4822000000.0,0.317,2.363,20.387,19.406,3779000000.0,0.0,32.99,0.702,0.702,5431000000.0,,8317000000.0,8317000000.0,0.0,,,,,9000000.0,847000000.0,1.0,671735812.0,671735812.0,,12.381,16723000000.0,0.0,87000000.0,0.0,24.895,1089000000.0
46,JCI,MRQ,2009-12-31,2009-12-31,2009-12-31,2021-08-25,0.0,23805000000.0,,9676000000.0,14129000000.0,,13.884,-180000000.0,791000000.0,791000000.0,7172000000.0,366000000.0,1.154,1.546,3444000000.0,367000000.0,3077000000.0,3444000000.0,0.0,180000000.0,0.0,0.019,0.13,390000000.0,570000000.0,0.068,570000000.0,390000000.0,355000000.0,0.52,0.52,0.52,9317000000.0,,9317000000.0,21485225656.0,34.0,15.706,628000000.0,0.936,1.0,1236000000.0,0.147,7241000000.0,35000000.0,10830000000.0,,1571000000.0,760000000.0,0.0,760000000.0,14404000000.0,8387000000.0,6017000000.0,18280225656.0,30000000.0,0.0,13000000.0,-524000000.0,-77000000.0,-601000000.0,-185000000.0,-5000000.0,808000000.0,8000000.0,350000000.0,350000000.0,350000000.0,0.0,16000000.0,0.042,883000000.0,353000000.0,4504000000.0,0.25,1.962,29.484,28.375,3918000000.0,0.0,27.24,0.618,0.618,5154000000.0,,8408000000.0,8408000000.0,0.0,,,,,20000000.0,883000000.0,1.0,671080237.0,671080237.0,,12.529,16564000000.0,0.0,5000000.0,0.0,24.683,1289000000.0
47,JCI,MRQ,2009-09-30,2009-09-30,2009-09-30,2021-08-25,192000000.0,24088000000.0,,9826000000.0,14262000000.0,,15.282,-30000000.0,761000000.0,761000000.0,6724000000.0,303000000.0,1.127,1.638,3966000000.0,798000000.0,3168000000.0,3966000000.0,0.0,184000000.0,0.0,0.02,0.13,295000000.0,479000000.0,0.061,479000000.0,295000000.0,223000000.0,0.5,0.5,0.5,9100000000.0,,9100000000.0,19454890326.0,-290.0,28.695,436000000.0,0.732,1.0,1143000000.0,0.145,7288000000.0,72000000.0,11289000000.0,,1521000000.0,718000000.0,0.0,718000000.0,14904000000.0,8716000000.0,6188000000.0,15219890326.0,218000000.0,-6000000.0,5000000.0,1000000.0,-78000000.0,-196000000.0,-62000000.0,-26000000.0,466000000.0,10000000.0,300000000.0,300000000.0,300000000.0,0.0,3000000.0,0.038,761000000.0,382000000.0,4434000000.0,0.26,1.673,-45.029,-44.842,3986000000.0,0.0,25.56,0.534,0.534,5528000000.0,6615000000.0,7867000000.0,7867000000.0,0.0,,,,,13000000.0,761000000.0,1.0,595457368.0,595457368.0,,13.212,16800000000.0,0.0,-77000000.0,0.0,28.214,1110000000.0
48,JCI,MRQ,2009-06-30,2009-06-30,2009-06-30,2021-08-25,0.0,22466000000.0,,8739000000.0,13727000000.0,,13.762,-118000000.0,543000000.0,543000000.0,5940000000.0,167000000.0,1.1,1.737,4778000000.0,777000000.0,4001000000.0,4778000000.0,0.0,180000000.0,0.0,0.024,0.13,278000000.0,458000000.0,0.066,458000000.0,278000000.0,213000000.0,0.27,0.26,0.27,8178000000.0,,8178000000.0,17387393555.0,-73.0,33.056,376000000.0,0.633,1.0,1039000000.0,0.149,7165000000.0,65000000.0,11593000000.0,,1561000000.0,713000000.0,0.0,713000000.0,14205000000.0,7943000000.0,6262000000.0,12907393555.0,232000000.0,0.0,2000000.0,-30000000.0,-77000000.0,-123000000.0,-139000000.0,-21000000.0,494000000.0,0.0,163000000.0,163000000.0,163000000.0,0.0,4000000.0,0.023,787000000.0,252000000.0,3741000000.0,0.481,1.578,-20.751,-20.686,3969000000.0,0.0,21.72,0.431,0.431,4910000000.0,,6979000000.0,6979000000.0,0.0,,,,,19000000.0,787000000.0,1.0,594263055.0,594263055.0,,11.744,15301000000.0,0.0,50000000.0,0.0,25.748,796000000.0
49,JCI,MRQ,2009-03-31,2009-03-31,2009-03-31,2021-08-25,0.0,21724000000.0,,8452000000.0,13272000000.0,,13.295,-184000000.0,311000000.0,311000000.0,5633000000.0,-212000000.0,1.1,1.725,4791000000.0,797000000.0,3994000000.0,4791000000.0,0.0,191000000.0,0.0,0.043,0.13,-330000000.0,-139000000.0,-0.022,-139000000.0,-330000000.0,-376000000.0,-0.33,-0.33,-0.33,7900000000.0,,7900000000.0,11541587836.0,101.0,12.925,-2000000.0,-0.003,1.0,682000000.0,0.108,7069000000.0,46000000.0,11448000000.0,,1648000000.0,668000000.0,0.0,668000000.0,13625000000.0,7687000000.0,5938000000.0,7130587836.0,109000000.0,-10000000.0,0.0,194000000.0,-77000000.0,105000000.0,-178000000.0,16000000.0,182000000.0,0.0,-193000000.0,-193000000.0,-193000000.0,0.0,-19000000.0,-0.031,1033000000.0,-351000000.0,3540000000.0,-0.394,0.903,-20.609,-20.69,3949000000.0,0.0,12.0,0.217,0.217,4745000000.0,,6315000000.0,6315000000.0,0.0,,,,,8000000.0,803000000.0,1.0,594215653.0,594215653.0,,10.627,14655000000.0,0.0,-183000000.0,0.0,24.663,765000000.0
50,JCI,MRQ,2008-12-31,2008-12-31,2008-12-31,2021-08-25,0.0,22304000000.0,,8717000000.0,13587000000.0,,13.991,-287000000.0,202000000.0,202000000.0,6651000000.0,-608000000.0,1.021,1.655,4613000000.0,1437000000.0,3176000000.0,4613000000.0,0.0,190000000.0,0.0,0.029,0.13,-310000000.0,-120000000.0,-0.016,-120000000.0,-310000000.0,-366000000.0,-1.02,-1.02,-1.02,8313000000.0,,8313000000.0,14350290840.0,16.0,8.634,-604000000.0,-1.017,1.0,685000000.0,0.093,7149000000.0,56000000.0,11025000000.0,,1935000000.0,703000000.0,0.0,703000000.0,13762000000.0,8541000000.0,5221000000.0,10790290840.0,-182000000.0,-22000000.0,0.0,540000000.0,-77000000.0,492000000.0,-357000000.0,-48000000.0,-317000000.0,0.0,-608000000.0,-608000000.0,-608000000.0,0.0,0.0,-0.083,859000000.0,-174000000.0,3779000000.0,-0.127,1.298,79.34,75.667,4115000000.0,0.0,18.16,0.3,0.3,5063000000.0,,7336000000.0,7336000000.0,0.0,,,,,20000000.0,859000000.0,1.0,594179011.0,594179011.0,,12.346,15155000000.0,0.0,242000000.0,0.0,25.506,176000000.0
51,JCI,MRQ,2008-09-30,2008-09-30,2008-09-30,2021-08-25,671000000.0,24987000000.0,,10676000000.0,14311000000.0,,15.871,-275000000.0,384000000.0,384000000.0,7883000000.0,40000000.0,1.088,1.651,3944000000.0,743000000.0,3201000000.0,3944000000.0,0.0,202000000.0,0.0,0.017,0.13,125000000.0,327000000.0,0.035,327000000.0,125000000.0,71000000.0,0.03,0.03,0.03,9424000000.0,,9424000000.0,21882150771.0,14.0,9.347,625000000.0,1.053,1.0,1424000000.0,0.153,7282000000.0,54000000.0,11455000000.0,,2099000000.0,863000000.0,0.0,863000000.0,15563000000.0,9810000000.0,5753000000.0,18009150771.0,128000000.0,-204000000.0,38000000.0,-184000000.0,-77000000.0,-225000000.0,-494000000.0,-15000000.0,900000000.0,-53000000.0,16000000.0,16000000.0,16000000.0,0.0,24000000.0,0.002,1345000000.0,79000000.0,5225000000.0,4.333,1.911,18.395,18.382,4389000000.0,0.0,30.33,0.473,0.473,6472000000.0,7300000000.0,9307000000.0,9307000000.0,0.0,,,,,5000000.0,850000000.0,1.0,593773517.0,593773517.0,,15.674,17705000000.0,0.0,55000000.0,0.0,29.818,866000000.0
52,JCI,MRQ,2008-06-30,2008-06-30,2008-06-30,2021-08-25,0.0,25243000000.0,,11093000000.0,14150000000.0,,16.845,-212000000.0,256000000.0,256000000.0,8380000000.0,439000000.0,1.139,1.525,4129000000.0,882000000.0,3247000000.0,4129000000.0,0.0,196000000.0,0.0,0.017,0.13,629000000.0,825000000.0,0.084,825000000.0,629000000.0,560000000.0,0.74,0.73,0.74,9996000000.0,,9996000000.0,21104219206.0,10.0,7.442,340000000.0,0.573,1.0,1485000000.0,0.151,7204000000.0,69000000.0,12176000000.0,,2292000000.0,859000000.0,0.0,859000000.0,15247000000.0,9736000000.0,5511000000.0,17019219206.0,23000000.0,-4000000.0,0.0,-142000000.0,-77000000.0,-241000000.0,-288000000.0,-72000000.0,552000000.0,0.0,439000000.0,439000000.0,439000000.0,0.0,0.0,0.045,877000000.0,608000000.0,5179000000.0,0.176,1.703,11.91,11.851,4385000000.0,0.0,28.68,0.451,0.451,6647000000.0,,9865000000.0,9865000000.0,0.0,,,,,10000000.0,877000000.0,1.0,593417685.0,593417685.0,,16.624,18039000000.0,0.0,121000000.0,207000000.0,30.398,1357000000.0
53,JCI,MRQ,2008-03-31,2008-03-31,2008-03-31,2021-08-25,0.0,24619000000.0,,10609000000.0,14010000000.0,,16.159,-138000000.0,233000000.0,233000000.0,8096000000.0,289000000.0,1.115,1.566,4318000000.0,1017000000.0,3301000000.0,4318000000.0,0.0,194000000.0,0.0,0.014,0.13,436000000.0,630000000.0,0.067,630000000.0,436000000.0,370000000.0,0.49,0.48,0.49,9595000000.0,,9595000000.0,23986429245.0,12.0,8.634,160000000.0,0.269,1.0,1310000000.0,0.139,7194000000.0,66000000.0,11997000000.0,,2209000000.0,854000000.0,0.0,854000000.0,15024000000.0,9513000000.0,5511000000.0,20069429245.0,-174000000.0,-43000000.0,-38000000.0,-89000000.0,-78000000.0,-230000000.0,-242000000.0,-61000000.0,298000000.0,0.0,289000000.0,289000000.0,289000000.0,0.0,0.0,0.031,888000000.0,422000000.0,5238000000.0,0.265,2.092,14.48,14.383,4324000000.0,0.0,33.8,0.545,0.545,6451000000.0,,9406000000.0,9406000000.0,0.0,,,,,13000000.0,888000000.0,1.0,593770096.0,593770096.0,,15.841,17425000000.0,0.0,81000000.0,90000000.0,29.346,1096000000.0
54,JCI,MRQ,2007-12-31,2007-12-31,2007-12-31,2021-08-25,0.0,23803000000.0,,10229000000.0,13574000000.0,,15.274,-176000000.0,407000000.0,407000000.0,8177000000.0,235000000.0,1.106,1.624,4324000000.0,1075000000.0,3249000000.0,4324000000.0,0.0,191000000.0,0.0,0.013,0.13,368000000.0,559000000.0,0.059,559000000.0,368000000.0,299000000.0,0.4,0.39,0.4,9070000000.0,,9070000000.0,25145106223.0,13.0,9.489,2000000.0,0.003,1.0,1307000000.0,0.138,7026000000.0,69000000.0,11442000000.0,,2070000000.0,812000000.0,0.0,812000000.0,14733000000.0,9252000000.0,5481000000.0,21401106223.0,-267000000.0,-26000000.0,-35000000.0,-107000000.0,-65000000.0,-199000000.0,-246000000.0,-44000000.0,178000000.0,0.0,235000000.0,235000000.0,235000000.0,0.0,0.0,0.025,950000000.0,357000000.0,4933000000.0,0.325,2.36,16.152,16.018,4214000000.0,0.0,36.04,0.596,0.596,6180000000.0,,9484000000.0,9484000000.0,0.0,,,,,20000000.0,950000000.0,1.0,593815378.0,593815378.0,,15.971,16777000000.0,0.0,64000000.0,108000000.0,28.253,977000000.0
55,JCI,MRQ,2007-09-30,2007-09-30,2007-09-30,2021-08-25,782000000.0,24105000000.0,,10872000000.0,13233000000.0,,15.009,-210000000.0,674000000.0,674000000.0,7586000000.0,466000000.0,1.096,1.706,4418000000.0,1163000000.0,3255000000.0,4418000000.0,0.0,164000000.0,0.0,0.011,0.11,658000000.0,822000000.0,0.091,822000000.0,658000000.0,590000000.0,0.79,0.77,0.79,8907000000.0,,8907000000.0,27792194098.0,15.0,10.852,856000000.0,1.442,1.0,1425000000.0,0.158,6904000000.0,68000000.0,11025000000.0,,1968000000.0,795000000.0,0.0,795000000.0,15198000000.0,9920000000.0,5278000000.0,23364194098.0,485000000.0,54000000.0,104000000.0,-221000000.0,0.0,-228000000.0,-414000000.0,-258000000.0,1066000000.0,61000000.0,466000000.0,466000000.0,466000000.0,3000000.0,0.0,0.052,786000000.0,639000000.0,5365000000.0,0.139,2.623,18.661,18.571,4208000000.0,0.0,39.37,0.675,0.675,6600000000.0,6698000000.0,9011000000.0,9011000000.0,0.0,,,,,12000000.0,786000000.0,1.0,593451717.0,593451717.0,,15.184,17201000000.0,0.0,124000000.0,97000000.0,28.985,952000000.0
56,JCI,MRQ,2007-06-30,2007-06-30,2007-06-30,2021-08-25,0.0,23279000000.0,,10147000000.0,13132000000.0,,14.038,-113000000.0,189000000.0,189000000.0,7527000000.0,396000000.0,1.082,1.802,4617000000.0,1360000000.0,3257000000.0,4617000000.0,0.0,194000000.0,0.0,0.011,0.11,573000000.0,767000000.0,0.086,767000000.0,573000000.0,502000000.0,0.67,0.66,0.67,8309000000.0,,8309000000.0,27290484442.0,16.0,11.107,127000000.0,0.215,1.0,1384000000.0,0.155,6852000000.0,71000000.0,11474000000.0,,1968000000.0,609000000.0,0.0,609000000.0,14970000000.0,9381000000.0,5589000000.0,22841484442.0,17000000.0,-17000000.0,-3000000.0,-3000000.0,-65000000.0,-29000000.0,-194000000.0,-64000000.0,240000000.0,0.0,396000000.0,396000000.0,396000000.0,0.0,0.0,0.044,831000000.0,553000000.0,4760000000.0,0.164,2.749,19.931,19.759,4071000000.0,0.0,38.59,0.677,0.677,6352000000.0,,8911000000.0,8911000000.0,0.0,,,,,11000000.0,831000000.0,1.0,591901644.0,591901644.0,,15.055,16427000000.0,0.0,106000000.0,106000000.0,27.753,766000000.0
57,JCI,MRQ,2007-03-31,2007-03-31,2007-03-31,2021-08-25,0.0,22487000000.0,,9443000000.0,13044000000.0,,13.257,-202000000.0,172000000.0,172000000.0,7299000000.0,228000000.0,1.076,1.877,4621000000.0,1057000000.0,3564000000.0,4621000000.0,0.0,188000000.0,0.0,0.013,0.11,314000000.0,502000000.0,0.059,502000000.0,314000000.0,245000000.0,0.39,0.38,0.39,7815000000.0,,7815000000.0,23229403642.0,16.0,10.71,253000000.0,0.429,1.0,1193000000.0,0.14,6802000000.0,69000000.0,11357000000.0,,1847000000.0,600000000.0,0.0,600000000.0,14672000000.0,8777000000.0,5895000000.0,18592403642.0,-80000000.0,35000000.0,-16000000.0,-270000000.0,-126000000.0,-370000000.0,-165000000.0,2000000.0,455000000.0,0.0,228000000.0,228000000.0,228000000.0,34000000.0,0.0,0.027,861000000.0,332000000.0,4555000000.0,0.282,2.379,17.089,16.957,4056000000.0,0.0,31.54,0.559,0.559,5933000000.0,,8492000000.0,8492000000.0,0.0,,,,,10000000.0,861000000.0,1.0,589486482.0,589486482.0,,14.406,15685000000.0,0.0,17000000.0,128000000.0,26.608,666000000.0
58,JCI,MRQ,2006-12-31,2006-12-31,2006-12-31,2021-08-25,0.0,22196000000.0,,9283000000.0,12913000000.0,,12.902,-222000000.0,252000000.0,252000000.0,7136000000.0,162000000.0,1.155,1.929,4889000000.0,634000000.0,4255000000.0,4889000000.0,0.0,186000000.0,0.0,0.014,0.11,284000000.0,470000000.0,0.057,470000000.0,284000000.0,215000000.0,0.28,0.27,0.28,7578000000.0,,7578000000.0,21272023336.0,15.0,10.015,-70000000.0,-0.119,1.0,1074000000.0,0.131,6795000000.0,69000000.0,12002000000.0,,1784000000.0,569000000.0,0.0,569000000.0,14618000000.0,8036000000.0,6582000000.0,16822023336.0,-41000000.0,0.0,0.0,61000000.0,-4000000.0,85000000.0,-278000000.0,-56000000.0,152000000.0,0.0,162000000.0,162000000.0,162000000.0,6000000.0,0.0,0.02,803000000.0,271000000.0,3969000000.0,0.393,2.22,16.412,16.338,4030000000.0,0.0,28.64,0.511,0.511,5648000000.0,,8210000000.0,8210000000.0,0.0,,,,,15000000.0,803000000.0,1.0,587361150.0,587361150.0,,13.978,15401000000.0,0.0,53000000.0,192000000.0,26.221,1247000000.0
59,JCI,MRQ,2006-09-30,2006-09-30,2006-09-30,2021-08-25,366000000.0,21921000000.0,,9264000000.0,12657000000.0,,12.536,-196000000.0,293000000.0,293000000.0,6903000000.0,360000000.0,1.137,1.98,4743000000.0,577000000.0,4166000000.0,4743000000.0,0.0,181000000.0,0.0,0.016,0.093,537000000.0,718000000.0,0.088,718000000.0,537000000.0,460000000.0,0.613,0.607,0.613,7355000000.0,,7355000000.0,18662856325.0,14.0,9.02,159000000.0,0.271,1.0,1247000000.0,0.153,6709000000.0,77000000.0,11516000000.0,,1731000000.0,463000000.0,0.0,463000000.0,14566000000.0,8146000000.0,6420000000.0,14029856325.0,-87000000.0,-69000000.0,97000000.0,-282000000.0,-55000000.0,-383000000.0,-99000000.0,166000000.0,355000000.0,40000000.0,360000000.0,360000000.0,360000000.0,1000000.0,0.0,0.044,732000000.0,515000000.0,4216000000.0,0.152,1.908,13.648,13.587,3968000000.0,0.0,23.913,0.435,0.435,5697000000.0,5715000000.0,8150000000.0,8150000000.0,0.0,,,,,61000000.0,732000000.0,1.0,586696053.0,586696053.0,,13.891,15212000000.0,0.0,100000000.0,229000000.0,25.928,1118000000.0
60,JCI,MRQ,2006-06-30,2006-06-30,2006-06-30,2021-08-25,0.0,22056000000.0,,9344000000.0,12712000000.0,,11.813,-177000000.0,380000000.0,380000000.0,7178000000.0,338000000.0,1.076,2.192,5013000000.0,833000000.0,4180000000.0,5013000000.0,0.0,178000000.0,0.0,0.013,0.093,301000000.0,479000000.0,0.057,479000000.0,301000000.0,227000000.0,0.577,0.57,0.577,6909000000.0,,6909000000.0,21088673664.0,17.0,10.899,499000000.0,0.853,1.0,1212000000.0,0.144,6537000000.0,74000000.0,11469000000.0,,1740000000.0,488000000.0,0.0,488000000.0,15147000000.0,8683000000.0,6464000000.0,16029673664.0,226000000.0,-11000000.0,0.0,-221000000.0,-54000000.0,-243000000.0,-207000000.0,-19000000.0,676000000.0,0.0,338000000.0,338000000.0,338000000.0,-2000000.0,0.0,0.04,933000000.0,279000000.0,4315000000.0,0.161,2.32,16.856,16.742,3970000000.0,0.0,27.407,0.517,0.517,5686000000.0,,8390000000.0,8390000000.0,0.0,,,,,0.0,736000000.0,1.0,584882208.0,584882208.0,,14.345,15519000000.0,0.0,-111000000.0,239000000.0,26.534,661000000.0
61,JCI,MRQ,2006-03-31,2006-03-31,2006-03-31,2021-08-25,0.0,21192000000.0,,8920000000.0,12272000000.0,,10.978,-186000000.0,154000000.0,154000000.0,7119000000.0,165000000.0,1.052,2.314,5213000000.0,1028000000.0,4185000000.0,5213000000.0,0.0,181000000.0,0.0,0.014,0.093,276000000.0,457000000.0,0.056,457000000.0,276000000.0,201000000.0,0.283,0.28,0.283,6395000000.0,,6395000000.0,19902471380.0,15.0,10.031,185000000.0,0.318,1.0,1048000000.0,0.128,6456000000.0,75000000.0,11319000000.0,,1598000000.0,470000000.0,0.0,470000000.0,14797000000.0,8476000000.0,6321000000.0,14743571380.0,-14000000.0,-22000000.0,0.0,-114000000.0,-105000000.0,-156000000.0,-229000000.0,-21000000.0,371000000.0,0.0,165000000.0,165000000.0,165000000.0,-3000000.0,0.0,0.02,784000000.0,264000000.0,4270000000.0,0.329,2.305,16.986,16.84,3950000000.0,0.0,25.31,0.497,0.497,5671000000.0,,8167000000.0,8167000000.0,0.0,,,,,0.0,784000000.0,1.0,582519612.0,582519612.0,,14.02,14736000000.0,0.0,36000000.0,216000000.0,25.297,444000000.0
62,JCI,MRQ,2005-12-31,2005-12-31,2005-12-31,2021-08-25,0.0,21148000000.0,,8934000000.0,12214000000.0,,10.613,-63000000.0,168000000.0,168000000.0,6606000000.0,165000000.0,1.024,2.442,5327000000.0,1325000000.0,4002000000.0,5327000000.0,0.0,165000000.0,0.0,0.014,0.093,250000000.0,415000000.0,0.055,415000000.0,250000000.0,203000000.0,0.287,0.283,0.287,6144000000.0,,6144000000.0,16240750022.0,13.0,8.63,-49000000.0,-0.085,1.0,922000000.0,0.122,6413000000.0,47000000.0,11173000000.0,,1579000000.0,437000000.0,0.0,437000000.0,15004000000.0,8721000000.0,6283000000.0,14069650022.0,-3000000.0,-2564000000.0,0.0,2466000000.0,-4000000.0,2524000000.0,-2541000000.0,86000000.0,14000000.0,0.0,165000000.0,165000000.0,165000000.0,2000000.0,0.0,0.022,681000000.0,241000000.0,4096000000.0,0.324,2.29,15.529,15.45,3971000000.0,0.0,24.303,0.496,0.496,5691000000.0,,7528000000.0,7528000000.0,0.0,,,,,0.0,681000000.0,1.0,578918610.0,578918610.0,,13.004,14735000000.0,0.0,38000000.0,138000000.0,25.453,213000000.0
63,JCI,MRQ,2005-09-30,2005-09-30,2005-09-30,2021-08-25,60000000.0,16144000000.0,,7139000000.0,9005000000.0,,10.488,-249000000.0,171000000.0,171000000.0,5951000000.0,283000000.0,1.044,1.665,2342000000.0,765000000.0,1577000000.0,2342000000.0,0.0,167000000.0,0.0,0.016,0.083,417000000.0,584000000.0,0.085,584000000.0,417000000.0,393000000.0,0.49,0.487,0.49,6058000000.0,,6058000000.0,13807667125.0,11.0,7.4,-74000000.0,-0.128,1.0,949000000.0,0.138,4022000000.0,24000000.0,7452000000.0,,983000000.0,445000000.0,0.0,445000000.0,10086000000.0,6841000000.0,3245000000.0,11947167125.0,-214000000.0,-230000000.0,66000000.0,109000000.0,-48000000.0,47000000.0,-465000000.0,14000000.0,175000000.0,29000000.0,283000000.0,283000000.0,283000000.0,-136000000.0,0.0,0.041,535000000.0,414000000.0,3938000000.0,0.169,1.972,13.143,13.091,3581000000.0,0.0,20.683,0.435,0.435,4987000000.0,4905000000.0,6900000000.0,6900000000.0,0.0,,,,,35000000.0,535000000.0,1.0,577623000.0,577623000.0,,11.946,12122000000.0,0.0,110000000.0,44000000.0,20.986,298000000.0
64,JCI,MRQ,2005-06-30,2005-06-30,2005-06-30,2021-08-25,0.0,15161000000.0,,6725000000.0,8436000000.0,,10.028,-101000000.0,385000000.0,385000000.0,6162000000.0,255000000.0,1.071,1.624,2246000000.0,614000000.0,1632000000.0,2246000000.0,0.0,151000000.0,0.0,0.017,0.083,377000000.0,528000000.0,0.075,528000000.0,377000000.0,349000000.0,0.443,0.437,0.443,5777000000.0,,5777000000.0,12733297222.0,11.0,6.986,246000000.0,0.427,1.0,900000000.0,0.127,3944000000.0,28000000.0,6796000000.0,,915000000.0,420000000.0,0.0,420000000.0,9384000000.0,6282000000.0,3102000000.0,10817497222.0,140000000.0,-73000000.0,0.0,4000000.0,-48000000.0,-14000000.0,-193000000.0,-19000000.0,347000000.0,0.0,255000000.0,255000000.0,255000000.0,0.0,0.0,0.036,532000000.0,368000000.0,3544000000.0,0.187,1.873,12.023,11.937,3294000000.0,0.0,18.777,0.403,0.403,4529000000.0,,7062000000.0,7062000000.0,0.0,,,,,0.0,532000000.0,1.0,576113721.0,576113721.0,,12.258,11217000000.0,0.0,94000000.0,27000000.0,19.47,443000000.0
65,JCI,MRQ,2005-03-31,2005-03-31,2005-03-31,2021-08-25,0.0,15215000000.0,,6599000000.0,8616000000.0,,9.925,-138000000.0,245000000.0,245000000.0,6072000000.0,203000000.0,1.068,1.673,2266000000.0,601000000.0,1665000000.0,2266000000.0,0.0,159000000.0,0.0,0.017,0.083,196000000.0,355000000.0,0.051,355000000.0,196000000.0,165000000.0,0.353,0.347,0.353,5692000000.0,,5692000000.0,13207082553.0,12.0,7.494,48000000.0,0.084,1.0,827000000.0,0.12,3961000000.0,31000000.0,7095000000.0,,890000000.0,423000000.0,0.0,423000000.0,9523000000.0,6180000000.0,3343000000.0,10659882553.0,137000000.0,687000000.0,0.0,-523000000.0,-92000000.0,-613000000.0,564000000.0,15000000.0,186000000.0,0.0,203000000.0,203000000.0,203000000.0,-4000000.0,0.0,0.029,784000000.0,43000000.0,3605000000.0,0.235,1.873,12.295,12.228,3384000000.0,0.0,18.587,0.41,0.41,4522000000.0,,6899000000.0,6899000000.0,0.0,,,,,0.0,574000000.0,1.0,573522990.0,573522990.0,,12.029,11254000000.0,0.0,-38000000.0,0.0,19.623,419000000.0
66,JCI,MRQ,2004-12-31,2004-12-31,2004-12-31,2021-08-25,0.0,15354800000.0,,6575200000.0,8779600000.0,,9.774,-139200000.0,107900000.0,107900000.0,5812400000.0,168400000.0,1.018,1.751,2787800000.0,1119300000.0,1668500000.0,2787800000.0,0.0,157700000.0,0.0,0.015,0.083,237900000.0,395600000.0,0.06,395600000.0,237900000.0,207300000.0,0.293,0.29,0.293,5581600000.0,,5581600000.0,14576763943.0,12.0,8.147,60200000.0,0.105,1.0,805400000.0,0.122,4012400000.0,30600000.0,7564500000.0,,913500000.0,464500000.0,0.0,464500000.0,9773200000.0,6457800000.0,3315400000.0,12075563943.0,8700000.0,-33100000.0,0.0,75600000.0,-3600000.0,84100000.0,-240400000.0,-68100000.0,199400000.0,0.0,168400000.0,168400000.0,168400000.0,-12200000.0,0.0,0.025,586100000.0,219300000.0,3358900000.0,0.283,2.163,14.696,14.655,3477100000.0,0.0,21.147,0.478,0.478,4110500000.0,,6617800000.0,6617800000.0,0.0,,,,,0.0,586100000.0,1.0,571038558.0,571038558.0,,11.589,11342400000.0,0.0,38900000.0,14700000.0,19.863,117400000.0
67,JCI,MRQ,2004-09-30,2004-09-30,2004-09-30,2021-08-25,0.0,14758400000.0,,6350500000.0,8407900000.0,,9.122,-187400000.0,99200000.0,99200000.0,5395900000.0,273500000.0,0.989,1.835,2670600000.0,1040000000.0,1630600000.0,2670600000.0,197200000.0,174600000.0,0.0,0.016,0.075,369400000.0,544000000.0,0.087,544000000.0,369400000.0,349600000.0,0.483,0.47,0.483,5206300000.0,,5206300000.0,12959405255.0,11.0,7.367,368900000.0,0.646,1.0,836500000.0,0.134,3857100000.0,19800000.0,7051900000.0,,858300000.0,447600000.0,0.0,447600000.0,9552100000.0,6420800000.0,3131300000.0,10808105255.0,57200000.0,-383400000.0,59000000.0,343300000.0,-43100000.0,289500000.0,-771100000.0,-200300000.0,556300000.0,6000000.0,273300000.0,273300000.0,273300000.0,-18800000.0,200000.0,0.044,471900000.0,364600000.0,3425300000.0,0.155,2.076,13.245,13.06,3333900000.0,0.0,18.937,0.439,0.439,4087700000.0,4187900000.0,6232400000.0,6232400000.0,0.0,,,,,0.0,471900000.0,1.0,570750045.0,570750045.0,,10.92,10901300000.0,0.0,76300000.0,48600000.0,19.1,-70300000.0
68,JCI,MRQ,2004-06-30,2004-06-30,2004-06-30,2021-08-25,0.0,13677800000.0,,5919800000.0,7758000000.0,,8.626,-173200000.0,41700000.0,41700000.0,5433600000.0,222300000.0,1.053,1.781,2275200000.0,440500000.0,1834700000.0,2275200000.0,195300000.0,139100000.0,0.0,0.016,0.075,328700000.0,467800000.0,0.075,467800000.0,328700000.0,304300000.0,0.39,0.383,0.39,4917600000.0,,4917600000.0,12496189610.0,11.0,7.684,227500000.0,0.399,1.0,842400000.0,0.134,3395300000.0,24400000.0,6893800000.0,,817400000.0,562100000.0,0.0,562100000.0,8760200000.0,5622200000.0,3138000000.0,10143589610.0,-128100000.0,0.0,0.0,-298100000.0,-42600000.0,-334000000.0,-192200000.0,-19000000.0,400700000.0,0.0,222300000.0,222300000.0,222300000.0,-13000000.0,0.0,0.035,523100000.0,319300000.0,3277000000.0,0.192,2.063,13.324,12.959,3014600000.0,0.0,17.793,0.44,0.44,3766900000.0,,6276000000.0,6276000000.0,0.0,,,,,0.0,523100000.0,1.0,570078204.0,570078204.0,,11.009,10282500000.0,0.0,82000000.0,61500000.0,18.037,297600000.0
69,JCI,MRQ,2004-03-31,2004-03-31,2004-03-31,2021-08-25,0.0,13863800000.0,,6062000000.0,7801800000.0,,8.431,-183000000.0,169800000.0,169800000.0,5333100000.0,157700000.0,1.045,1.907,2578600000.0,689700000.0,1888900000.0,2578600000.0,205200000.0,141000000.0,0.0,0.014,0.075,240900000.0,381900000.0,0.062,381900000.0,240900000.0,214200000.0,0.277,0.273,0.277,4769300000.0,,4769300000.0,13529297558.0,13.0,8.41,121600000.0,0.215,1.0,788800000.0,0.129,3430400000.0,26700000.0,7039600000.0,,783700000.0,576800000.0,0.0,576800000.0,9094500000.0,5802600000.0,3291900000.0,11152797558.0,-43200000.0,0.0,0.0,-101100000.0,-79900000.0,-157800000.0,-190200000.0,-7200000.0,304600000.0,0.0,157700000.0,157700000.0,157700000.0,-10200000.0,0.0,0.026,566600000.0,222200000.0,3298800000.0,0.271,2.338,15.337,14.791,3010000000.0,0.0,19.717,0.491,0.491,3764100000.0,,6121900000.0,6121900000.0,0.0,,,,,0.0,568600000.0,1.0,565653204.0,565653204.0,,10.823,10433400000.0,0.0,56500000.0,0.0,18.445,259400000.0
70,JCI,MRQ,2003-12-31,2003-12-31,2003-12-31,2021-08-25,0.0,13389500000.0,,5726300000.0,7663200000.0,,8.455,-222700000.0,213000000.0,213000000.0,5302600000.0,164500000.0,1.026,1.922,2678900000.0,848300000.0,1830600000.0,2678900000.0,204400000.0,140000000.0,0.0,0.013,0.075,228400000.0,368400000.0,0.06,368400000.0,228400000.0,201300000.0,0.3,0.287,0.3,4581600000.0,,4581600000.0,12706283172.0,12.0,8.004,-45100000.0,-0.083,1.0,820700000.0,0.134,3398800000.0,27100000.0,6874300000.0,,781100000.0,545200000.0,0.0,545200000.0,8807900000.0,5582300000.0,3225600000.0,10487483172.0,129100000.0,-36600000.0,0.0,228300000.0,-5400000.0,212300000.0,-260800000.0,4500000.0,177600000.0,0.0,162700000.0,162700000.0,162700000.0,-5300000.0,1800000.0,0.027,585800000.0,234900000.0,3033500000.0,0.25,2.289,14.986,14.887,2964700000.0,0.0,19.353,0.474,0.474,3607100000.0,,6123300000.0,6123300000.0,0.0,,,,,0.0,585800000.0,1.0,541895538.0,541895538.0,,11.3,9990700000.0,0.0,38600000.0,94400000.0,18.437,144000000.0
71,JCI,MRQ,2003-09-30,2003-09-30,2003-09-30,2021-08-25,-106900000.0,13127300000.0,,5620300000.0,7507000000.0,,7.932,-156600000.0,136100000.0,136100000.0,3844000000.0,220300000.0,1.006,2.081,2354900000.0,578300000.0,1776600000.0,2354900000.0,186200000.0,114800000.0,0.0,0.015,0.06,293300000.0,408100000.0,0.09,408100000.0,293300000.0,265200000.0,0.407,0.387,0.407,4261300000.0,,4261300000.0,10706558278.0,10.0,6.731,259000000.0,0.482,1.0,681000000.0,0.15,3479600000.0,28100000.0,6282400000.0,,825900000.0,408100000.0,0.0,408100000.0,8866000000.0,5584100000.0,3281900000.0,8470258278.0,-54600000.0,-116600000.0,0.0,-163400000.0,-34200000.0,-172700000.0,-300700000.0,-27500000.0,415600000.0,9300000.0,218600000.0,218600000.0,218600000.0,-38000000.0,1700000.0,0.048,454500000.0,226500000.0,3329300000.0,0.147,1.988,12.536,12.513,2963400000.0,0.0,15.767,0.4,0.4,3862100000.0,3541100000.0,4525000000.0,4525000000.0,0.0,,,,,0.0,454500000.0,1.0,537225570.0,537225570.0,,8.423,9647700000.0,0.0,46600000.0,58700000.0,17.958,36200000.0
72,JCI,MRQ,2003-06-30,2003-06-30,2003-06-30,2021-08-25,0.0,12900400000.0,,5619900000.0,7280500000.0,,7.702,-184500000.0,253700000.0,253700000.0,5124200000.0,190000000.0,0.907,2.131,2490000000.0,1195100000.0,1294900000.0,2490000000.0,199900000.0,143900000.0,0.0,0.016,0.06,306400000.0,450300000.0,0.076,450300000.0,306400000.0,279900000.0,0.35,0.333,0.35,4120500000.0,,4120500000.0,9720835666.0,9.0,5.905,-56600000.0,-0.106,1.0,835700000.0,0.14,3394100000.0,26500000.0,5548100000.0,,877600000.0,395100000.0,0.0,395100000.0,8779900000.0,6194500000.0,2585400000.0,7632335666.0,-24400000.0,-37400000.0,0.0,76600000.0,-34100000.0,50200000.0,-202500000.0,19400000.0,127900000.0,0.0,188200000.0,188200000.0,188200000.0,0.0,1800000.0,0.032,519400000.0,316300000.0,3170000000.0,0.171,1.852,11.818,11.82,2861000000.0,0.0,14.267,0.349,0.349,3715000000.0,,5959900000.0,5959900000.0,0.0,,,,,0.0,519400000.0,1.0,534976674.0,534976674.0,,11.14,9506300000.0,0.0,91700000.0,82300000.0,17.77,-574600000.0
73,JCI,MRQ,2003-03-31,2003-03-31,2003-03-31,2021-08-25,0.0,12029900000.0,,5244200000.0,6785700000.0,,7.129,-150400000.0,278100000.0,278100000.0,4740900000.0,132200000.0,0.948,2.161,2366600000.0,840800000.0,1525800000.0,2366600000.0,207300000.0,136000000.0,0.0,0.019,0.06,224600000.0,360600000.0,0.066,360600000.0,224600000.0,195100000.0,0.243,0.233,0.243,3806100000.0,,3806100000.0,8564566049.0,8.0,5.259,108300000.0,0.203,1.0,762200000.0,0.139,3329500000.0,29500000.0,5259000000.0,,804700000.0,395000000.0,0.0,395000000.0,8223800000.0,5529900000.0,2693900000.0,6446266049.0,-73500000.0,-11800000.0,0.0,-113100000.0,-62800000.0,-171200000.0,-161000000.0,1200000.0,258700000.0,0.0,130300000.0,130300000.0,130300000.0,0.0,1900000.0,0.024,524900000.0,237300000.0,2935300000.0,0.247,1.694,10.216,10.206,2633700000.0,0.0,12.073,0.305,0.305,3473300000.0,,5503100000.0,5503100000.0,0.0,,,,,0.0,524900000.0,1.0,533926104.0,533926104.0,,10.307,8700400000.0,0.0,64800000.0,99400000.0,16.295,-285700000.0
74,JCI,MRQ,2002-12-31,2002-12-31,2002-12-31,2021-08-25,0.0,11776000000.0,,5151100000.0,6624900000.0,,6.879,-100600000.0,351600000.0,351600000.0,4433900000.0,140400000.0,0.938,2.214,2469900000.0,943400000.0,1526500000.0,2469900000.0,197000000.0,133500000.0,0.0,0.017,0.06,238200000.0,371700000.0,0.072,371700000.0,238200000.0,209100000.0,0.26,0.247,0.26,3663700000.0,,3663700000.0,8826351576.0,8.0,5.513,-99100000.0,-0.186,1.0,749400000.0,0.145,3251600000.0,29100000.0,5153700000.0,,781200000.0,366000000.0,0.0,366000000.0,8112300000.0,5489000000.0,2623300000.0,7116551576.0,89600000.0,-218900000.0,0.0,386800000.0,-5200000.0,371300000.0,-283200000.0,36300000.0,1500000.0,0.0,138700000.0,138700000.0,138700000.0,0.0,1700000.0,0.027,501500000.0,247900000.0,2676300000.0,0.231,1.942,11.598,11.599,2613900000.0,0.0,13.362,0.348,0.348,3338000000.0,,5183300000.0,5183300000.0,0.0,,,,,0.0,501500000.0,1.0,532609440.0,532609440.0,,9.732,8524400000.0,0.0,70400000.0,158000000.0,16.005,-337900000.0
75,JCI,MRQ,2002-09-30,2002-09-30,2002-09-30,2021-08-25,-246400000.0,11165300000.0,,4946200000.0,6219100000.0,,6.571,-147200000.0,262000000.0,262000000.0,4439700000.0,190500000.0,1.029,2.19,1971800000.0,145200000.0,1826600000.0,1971800000.0,190800000.0,138300000.0,0.0,0.017,0.055,325300000.0,463600000.0,0.089,463600000.0,325300000.0,294900000.0,0.353,0.338,0.353,3499700000.0,,3499700000.0,8738574421.0,8.0,5.532,264200000.0,0.496,1.0,778500000.0,0.149,2998100000.0,30400000.0,5070800000.0,,653600000.0,347400000.0,0.0,347400000.0,7665600000.0,4806200000.0,2859400000.0,6819174421.0,55200000.0,-1400000.0,0.0,-182000000.0,-31300000.0,-203900000.0,-144300000.0,4300000.0,411400000.0,-8000000.0,188600000.0,188600000.0,188600000.0,0.0,1900000.0,0.036,434100000.0,344400000.0,2789100000.0,0.156,1.949,11.503,11.462,2445500000.0,0.0,12.803,0.339,0.339,3397700000.0,2994000000.0,5218200000.0,5218200000.0,0.0,,,,,0.0,434100000.0,1.0,532609440.0,532609440.0,,9.797,8167200000.0,0.0,106300000.0,182700000.0,15.334,140000000.0
76,JCI,MRQ,2002-06-30,2002-06-30,2002-06-30,2021-08-25,0.0,10914200000.0,,4837000000.0,6077200000.0,,6.292,-93900000.0,206800000.0,206800000.0,4509000000.0,175300000.0,1.04,2.263,2126200000.0,189900000.0,1936300000.0,2126200000.0,209800000.0,127500000.0,0.0,0.016,0.055,305200000.0,432700000.0,0.082,432700000.0,305200000.0,275400000.0,0.327,0.308,0.327,3345000000.0,,3345000000.0,9173819775.0,9.0,5.886,243600000.0,0.458,1.0,748000000.0,0.142,2955200000.0,29800000.0,5228800000.0,,650100000.0,337800000.0,0.0,337800000.0,7569200000.0,4649600000.0,2919600000.0,7231519775.0,-9300000.0,-62500000.0,0.0,-107900000.0,-31300000.0,-174900000.0,-171900000.0,-15500000.0,337500000.0,0.0,173400000.0,173400000.0,173400000.0,0.0,1900000.0,0.033,427600000.0,320400000.0,2672700000.0,0.168,2.162,12.601,12.513,2435900000.0,0.0,13.602,0.37,0.37,3330900000.0,,5257000000.0,5257000000.0,0.0,,,,,0.0,427600000.0,1.0,531664110.0,531664110.0,,9.888,7959000000.0,0.0,102000000.0,101300000.0,14.97,187400000.0
77,JCI,MRQ,2002-03-31,2002-03-31,2002-03-31,2021-08-25,0.0,10392000000.0,,4599400000.0,5792600000.0,,5.96,-115000000.0,216100000.0,216100000.0,4166400000.0,114800000.0,1.038,2.316,2158400000.0,249700000.0,1908700000.0,2158400000.0,197800000.0,126400000.0,0.0,0.014,0.055,206700000.0,333100000.0,0.069,333100000.0,206700000.0,176700000.0,0.212,0.202,0.212,3134300000.0,,3134300000.0,9806611540.0,10.0,6.395,132200000.0,0.251,1.0,644100000.0,0.134,2762000000.0,30000000.0,5141200000.0,,634500000.0,324900000.0,0.0,324900000.0,7257700000.0,4431100000.0,2826600000.0,7740611540.0,-44900000.0,11200000.0,0.0,-134000000.0,-62700000.0,-180100000.0,-112000000.0,-8200000.0,247200000.0,0.0,112900000.0,112900000.0,112900000.0,0.0,1900000.0,0.023,425400000.0,218700000.0,2491200000.0,0.259,2.47,14.048,14.044,2407200000.0,0.0,14.718,0.407,0.407,3114900000.0,,4810500000.0,4810500000.0,0.0,,,,,0.0,425400000.0,1.0,525916428.0,525916428.0,,9.147,7630000000.0,0.0,63800000.0,107600000.0,14.508,168300000.0
78,JCI,MRQ,2001-12-31,2001-12-31,2001-12-31,2021-08-25,0.0,10499800000.0,,4598600000.0,5901200000.0,,5.835,-86000000.0,261000000.0,261000000.0,4141400000.0,119900000.0,1.005,2.436,2327000000.0,399600000.0,1927400000.0,2327000000.0,165300000.0,124600000.0,0.0,0.016,0.055,225400000.0,350000000.0,0.073,350000000.0,225400000.0,193300000.0,0.225,0.212,0.225,3055700000.0,,3055700000.0,8493321239.0,8.0,5.566,-9800000.0,-0.019,1.0,676300000.0,0.14,2835600000.0,32100000.0,5156500000.0,,659700000.0,318000000.0,0.0,318000000.0,7444100000.0,4573700000.0,2870400000.0,7047921239.0,-113600000.0,-592000000.0,0.0,508800000.0,0.0,497500000.0,-687300000.0,-9300000.0,76200000.0,0.0,117800000.0,117800000.0,117800000.0,0.0,2100000.0,0.024,437800000.0,238500000.0,2417400000.0,0.244,2.306,13.174,13.156,2446100000.0,0.0,13.458,0.375,0.375,3041000000.0,,4817700000.0,4817700000.0,0.0,,,,,0.0,437800000.0,1.0,523684680.0,523684680.0,,9.2,7664200000.0,0.0,75500000.0,124400000.0,14.635,24900000.0
79,JCI,MRQ,2001-09-30,2001-09-30,2001-09-30,2021-08-25,-227700000.0,9911500000.0,,4544000000.0,5367500000.0,,5.701,-46800000.0,374600000.0,374600000.0,3982400000.0,171900000.0,0.992,2.32,1820000000.0,425200000.0,1394800000.0,1820000000.0,163000000.0,135100000.0,0.0,0.019,0.052,307800000.0,442900000.0,0.095,442900000.0,307800000.0,277400000.0,0.323,0.307,0.323,2985400000.0,,2985400000.0,7135796342.0,7.0,4.691,89400000.0,0.171,1.0,666700000.0,0.143,2383200000.0,30400000.0,4394000000.0,,577600000.0,300500000.0,0.0,300500000.0,6926100000.0,4579700000.0,2346400000.0,5694196342.0,75800000.0,-23800000.0,0.0,57600000.0,-29500000.0,3400000.0,-47400000.0,23200000.0,136200000.0,-16400000.0,169800000.0,169800000.0,169800000.0,0.0,2100000.0,0.037,358300000.0,308400000.0,2437300000.0,0.161,1.907,10.685,10.629,2379800000.0,0.0,10.873,0.309,0.309,2928300000.0,2517900000.0,4649100000.0,4649100000.0,0.0,,,,,0.0,358300000.0,1.0,523684680.0,523684680.0,,8.878,7528300000.0,0.0,107600000.0,137800000.0,14.376,-35700000.0
80,JCI,MRQ,2001-06-30,2001-06-30,2001-06-30,2021-08-25,0.0,9729600000.0,,4304500000.0,5425100000.0,,5.383,-166000000.0,298800000.0,298800000.0,4046000000.0,152600000.0,0.983,2.468,1740400000.0,297100000.0,1443300000.0,1740400000.0,181700000.0,127900000.0,0.0,0.017,0.052,279500000.0,407400000.0,0.086,407400000.0,279500000.0,248400000.0,0.288,0.27,0.288,2805800000.0,,2805800000.0,7849558594.0,7.0,5.081,280800000.0,0.539,1.0,676100000.0,0.143,2368300000.0,31100000.0,4424700000.0,,545000000.0,252300000.0,0.0,252300000.0,6923800000.0,4378200000.0,2545600000.0,6295258594.0,26100000.0,-144000000.0,0.0,-70300000.0,-29900000.0,-96800000.0,-323900000.0,-13900000.0,446800000.0,0.0,150500000.0,150500000.0,150500000.0,0.0,2100000.0,0.032,387800000.0,288300000.0,2336000000.0,0.181,2.244,11.031,10.95,2411700000.0,0.0,12.078,0.352,0.352,2737100000.0,,4722100000.0,4722100000.0,0.0,,,,,0.0,387800000.0,1.0,521202732.0,521202732.0,,9.06,7361300000.0,0.0,97900000.0,119500000.0,14.124,-73700000.0
81,JCI,MRQ,2001-03-31,2001-03-31,2001-03-31,2021-08-25,0.0,9590000000.0,,4312900000.0,5277100000.0,,5.268,-134400000.0,272700000.0,272700000.0,3980400000.0,99000000.0,0.991,2.524,1827000000.0,362100000.0,1464900000.0,1827000000.0,182700000.0,130500000.0,0.0,0.019,0.052,195000000.0,325500000.0,0.071,325500000.0,195000000.0,160400000.0,0.187,0.177,0.187,2721000000.0,,2721000000.0,6987509571.0,7.0,4.639,88800000.0,0.172,1.0,621200000.0,0.135,2253100000.0,34600000.0,4537500000.0,,569800000.0,256800000.0,0.0,256800000.0,6869000000.0,4353700000.0,2515300000.0,5377109571.0,-82500000.0,-3000000.0,0.0,-106800000.0,-29000000.0,-142600000.0,-163100000.0,-25700000.0,223200000.0,0.0,96900000.0,96900000.0,96900000.0,0.0,2100000.0,0.021,412700000.0,208500000.0,2265200000.0,0.278,1.976,9.757,9.729,2366200000.0,0.0,10.41,0.307,0.307,2721800000.0,,4601600000.0,4601600000.0,0.0,,,,,0.0,412700000.0,1.0,516533100.0,516533100.0,,8.909,7336900000.0,0.0,63500000.0,132400000.0,14.204,-40800000.0
82,JCI,MRQ,2000-12-31,2000-12-31,2000-12-31,2021-08-25,0.0,9542400000.0,,4237500000.0,5304900000.0,,5.141,-133300000.0,355200000.0,355200000.0,3814400000.0,118200000.0,0.924,2.603,1965600000.0,703300000.0,1262300000.0,1965600000.0,179700000.0,122400000.0,0.0,0.022,0.052,222900000.0,345300000.0,0.078,345300000.0,222900000.0,189600000.0,0.225,0.212,0.225,2648500000.0,,2648500000.0,6012457525.0,6.0,4.055,49000000.0,0.095,1.0,640000000.0,0.144,2282100000.0,33300000.0,4282500000.0,,585100000.0,252200000.0,0.0,252200000.0,6893900000.0,4588200000.0,2305700000.0,4465257525.0,79600000.0,-60300000.0,0.0,119200000.0,-29200000.0,123300000.0,-226000000.0,-32400000.0,182300000.0,0.0,115700000.0,115700000.0,115700000.0,0.0,2500000.0,0.026,413300000.0,226700000.0,2095400000.0,0.231,1.686,8.26,8.238,2363200000.0,0.0,8.667,0.258,0.258,2544000000.0,,4454400000.0,4454400000.0,0.0,,,,,0.0,413300000.0,1.0,515221824.0,515221824.0,,8.646,7260300000.0,0.0,73900000.0,194000000.0,14.092,-350700000.0
83,JCI,MRQ,2000-09-30,2000-09-30,2000-09-30,2021-08-25,-207000000.0,9428000000.0,,4277200000.0,5150800000.0,,5.0,-133500000.0,275600000.0,275600000.0,3407500000.0,210100000.0,0.948,2.66,1822800000.0,507500000.0,1315300000.0,1822800000.0,167800000.0,114600000.0,0.0,0.021,0.047,352100000.0,466700000.0,0.114,466700000.0,352100000.0,320400000.0,0.403,0.378,0.403,2576100000.0,,2576100000.0,5824425077.0,6.0,3.996,-2600000.0,-0.005,1.0,681200000.0,0.167,2133300000.0,31700000.0,4331900000.0,,569500000.0,254700000.0,0.0,254700000.0,6851900000.0,4510000000.0,2341900000.0,4567225077.0,41500000.0,-69900000.0,0.0,237100000.0,-26500000.0,189600000.0,-262900000.0,-59500000.0,130900000.0,-16100000.0,207600000.0,207600000.0,207600000.0,0.0,2500000.0,0.051,324100000.0,357100000.0,2308800000.0,0.117,1.773,8.758,8.734,2305000000.0,0.0,8.865,0.266,0.266,2577700000.0,2159500000.0,4088700000.0,4088700000.0,0.0,,,,,0.0,324100000.0,1.0,515221824.0,515221824.0,,7.936,7294700000.0,0.0,112800000.0,140000000.0,14.158,-232800000.0
84,JCI,MRQ,2000-06-30,2000-06-30,2000-06-30,2021-08-25,0.0,8592700000.0,,3904700000.0,4688000000.0,,4.768,-114100000.0,234100000.0,234100000.0,3713100000.0,133400000.0,0.953,2.504,1491300000.0,259000000.0,1232300000.0,1491300000.0,182800000.0,113200000.0,0.0,0.021,0.047,255600000.0,368800000.0,0.084,368800000.0,255600000.0,226300000.0,0.255,0.242,0.255,2452600000.0,,2452600000.0,5902951596.0,7.0,4.33,206600000.0,0.402,1.0,676200000.0,0.154,2010000000.0,29300000.0,3742100000.0,,505400000.0,247100000.0,0.0,247100000.0,6140100000.0,4097800000.0,2042300000.0,4399051596.0,-10100000.0,75000000.0,0.0,-255700000.0,-26600000.0,-282000000.0,-48800000.0,-9700000.0,320700000.0,0.0,130900000.0,130900000.0,130900000.0,0.0,2500000.0,0.03,409200000.0,267000000.0,2130300000.0,0.184,1.794,10.03,9.979,2029900000.0,0.0,8.552,0.255,0.255,2501900000.0,,4389300000.0,4389300000.0,0.0,,,,,0.0,409200000.0,1.0,514383822.0,514383822.0,,8.533,6582700000.0,0.0,95400000.0,146100000.0,12.797,-193100000.0
85,JCI,MRQ,2000-03-31,2000-03-31,2000-03-31,2021-08-25,0.0,8781800000.0,,4048000000.0,4733800000.0,,4.686,-132900000.0,244200000.0,244200000.0,3746300000.0,88800000.0,0.934,2.656,1748100000.0,519100000.0,1229000000.0,1748100000.0,183000000.0,116500000.0,0.0,0.02,0.047,185500000.0,302000000.0,0.069,302000000.0,185500000.0,152100000.0,0.168,0.158,0.168,2402100000.0,,2402100000.0,6178932887.0,7.0,4.672,78300000.0,0.153,1.0,612000000.0,0.14,2058400000.0,33400000.0,3892600000.0,,502900000.0,226300000.0,0.0,226300000.0,6379700000.0,4334700000.0,2045000000.0,4619032887.0,-71700000.0,-11000000.0,0.0,-114200000.0,-26600000.0,-138400000.0,-144500000.0,-600000.0,211200000.0,0.0,86400000.0,86400000.0,86400000.0,0.0,2400000.0,0.02,419600000.0,192400000.0,2131500000.0,0.28,1.923,11.095,11.083,2042900000.0,0.0,9.01,0.271,0.271,2618400000.0,,4358300000.0,4358300000.0,0.0,,,,,0.0,419600000.0,1.0,512632362.0,512632362.0,,8.502,6723400000.0,0.0,65700000.0,125400000.0,13.115,-286700000.0
86,JCI,MRQ,1999-12-31,1999-12-31,1999-12-31,2021-08-25,0.0,8793300000.0,,3987800000.0,4805500000.0,,4.604,-123700000.0,315900000.0,315900000.0,3693200000.0,99000000.0,0.915,2.727,1875800000.0,626700000.0,1249100000.0,1875800000.0,181000000.0,117500000.0,0.0,0.018,0.047,202400000.0,319900000.0,0.074,319900000.0,202400000.0,169200000.0,0.188,0.177,0.188,2359300000.0,,2359300000.0,6436268199.0,7.0,4.785,3800000.0,0.007,1.0,625100000.0,0.145,2081800000.0,33200000.0,3914800000.0,,532000000.0,217600000.0,0.0,217600000.0,6434000000.0,4356600000.0,2077400000.0,4857368199.0,39700000.0,0.0,0.0,51100000.0,-26500000.0,38400000.0,-126200000.0,-2500000.0,127500000.0,0.0,96600000.0,96600000.0,96600000.0,0.0,2400000.0,0.022,410100000.0,215000000.0,2005900000.0,0.25,2.059,11.408,11.38,2035900000.0,0.0,9.479,0.293,0.293,2504900000.0,,4318300000.0,4318300000.0,0.0,,,,,0.0,410100000.0,1.0,512425476.0,512425476.0,,8.427,6711500000.0,0.0,72600000.0,207500000.0,13.098,-368800000.0
87,JCI,MRQ,1999-09-30,1999-09-30,1999-09-30,2021-08-25,-115200000.0,8614200000.0,,3848500000.0,4765700000.0,,4.434,-141500000.0,276200000.0,276200000.0,3543600000.0,130500000.0,0.902,2.795,1855100000.0,571800000.0,1283300000.0,1855100000.0,159200000.0,113800000.0,0.0,0.015,0.042,258800000.0,372600000.0,0.089,372600000.0,258800000.0,221800000.0,0.245,0.23,0.245,2270000000.0,,2270000000.0,7225397568.0,8.0,5.485,52500000.0,0.103,1.0,651400000.0,0.155,2096900000.0,37000000.0,3829600000.0,,524600000.0,215100000.0,0.0,215100000.0,6344200000.0,4266600000.0,2077600000.0,5658097568.0,27600000.0,7800000.0,0.0,45400000.0,-23800000.0,2400000.0,-165900000.0,-32200000.0,194000000.0,-2900000.0,124700000.0,124700000.0,124700000.0,0.0,5800000.0,0.03,378300000.0,273100000.0,1998500000.0,0.171,2.493,13.916,13.867,1996000000.0,0.0,11.052,0.351,0.351,2356200000.0,1793100000.0,4195000000.0,4195000000.0,0.0,,,,,0.0,378300000.0,1.0,511948662.0,511948662.0,,8.194,6517300000.0,0.0,97100000.0,231200000.0,12.73,-418100000.0
88,JCI,MRQ,1999-06-30,1999-06-30,1999-06-30,2021-08-25,0.0,8300600000.0,,3647500000.0,4653100000.0,,4.324,-83300000.0,248600000.0,248600000.0,3574900000.0,111100000.0,0.898,2.755,1815900000.0,522000000.0,1293900000.0,1815900000.0,167300000.0,102400000.0,0.0,0.014,0.042,225700000.0,328100000.0,0.078,328100000.0,225700000.0,191800000.0,0.212,0.198,0.212,2210400000.0,,2210400000.0,7650119515.0,9.0,5.774,155700000.0,0.305,1.0,616100000.0,0.147,2086200000.0,33900000.0,3721500000.0,,474200000.0,212200000.0,0.0,212200000.0,6090200000.0,4060200000.0,2030000000.0,5904819515.0,-20200000.0,-16500000.0,0.0,-183800000.0,-23900000.0,-209500000.0,-49700000.0,50100000.0,239000000.0,0.0,108600000.0,108600000.0,108600000.0,0.0,2500000.0,0.026,377200000.0,238900000.0,1945700000.0,0.198,2.671,14.215,14.209,1929200000.0,0.0,11.552,0.386,0.386,2304900000.0,,4191000000.0,4191000000.0,0.0,,,,,0.0,377200000.0,1.0,511147734.0,511147734.0,,8.199,6214400000.0,0.0,83200000.0,119700000.0,12.158,-412700000.0
89,JCI,MRQ,1999-03-31,1999-03-31,1999-03-31,2021-08-25,0.0,8372100000.0,,3597900000.0,4774200000.0,,4.202,-112000000.0,268800000.0,268800000.0,3352400000.0,98300000.0,0.862,2.912,2014100000.0,721800000.0,1292300000.0,2014100000.0,150300000.0,114200000.0,0.0,0.015,0.042,210300000.0,324500000.0,0.084,324500000.0,210300000.0,169000000.0,0.188,0.175,0.188,2140100000.0,,2140100000.0,7479307187.0,9.0,5.895,192600000.0,0.378,1.0,527900000.0,0.136,2126500000.0,41300000.0,3818700000.0,,469300000.0,219000000.0,0.0,219000000.0,6232000000.0,4172200000.0,2059800000.0,5295007187.0,-60400000.0,260100000.0,0.0,-532600000.0,-24200000.0,-545100000.0,180100000.0,32000000.0,304600000.0,0.0,95900000.0,95900000.0,95900000.0,0.0,2400000.0,0.025,313600000.0,214300000.0,1935700000.0,0.223,2.474,13.636,13.625,1981000000.0,0.0,10.396,0.371,0.371,2215700000.0,,3880300000.0,3880300000.0,0.0,,,,,0.0,368200000.0,1.0,509339532.0,509339532.0,,7.618,6245600000.0,0.0,73100000.0,108200000.0,12.262,-574300000.0
90,JCI,MRQ,1998-12-31,1998-12-31,1998-12-31,2021-08-25,0.0,8717600000.0,,3900400000.0,4817200000.0,,4.086,-102500000.0,329200000.0,329200000.0,3344600000.0,79700000.0,0.793,3.193,2513500000.0,1575700000.0,937800000.0,2513500000.0,150500000.0,115200000.0,0.0,0.016,0.042,176700000.0,291900000.0,0.075,291900000.0,176700000.0,135600000.0,0.152,0.143,0.152,2079300000.0,,2079300000.0,7196052840.0,10.0,6.22,210400000.0,0.413,1.0,528500000.0,0.136,2166400000.0,41100000.0,3815700000.0,,470500000.0,251000000.0,0.0,251000000.0,6638300000.0,4919800000.0,1718500000.0,5003652840.0,195200000.0,-67700000.0,0.0,172300000.0,-23900000.0,152400000.0,-270100000.0,-99900000.0,312900000.0,0.0,77300000.0,77300000.0,77300000.0,0.0,2400000.0,0.02,345300000.0,183200000.0,1863000000.0,0.276,2.406,14.609,14.611,1953600000.0,0.0,9.833,0.373,0.373,2332400000.0,,3873100000.0,3873100000.0,0.0,,,,,0.0,345300000.0,1.0,508846224.0,508846224.0,,7.612,6551200000.0,0.0,58300000.0,157800000.0,12.875,-1019400000.0
91,JCI,MRQ,1998-09-30,1998-09-30,1998-09-30,2021-08-25,-98900000.0,7942100000.0,,3404200000.0,4537900000.0,,3.821,-152300000.0,134000000.0,134000000.0,2844000000.0,136000000.0,0.794,3.091,2326400000.0,1328900000.0,997500000.0,2326400000.0,127500000.0,105200000.0,0.0,0.02,0.038,275200000.0,380400000.0,0.114,380400000.0,275200000.0,234200000.0,0.262,0.245,0.262,1941400000.0,,1941400000.0,5215104369.0,7.0,4.733,-21500000.0,-0.042,1.0,489700000.0,0.147,2084500000.0,41000000.0,3761600000.0,,428200000.0,166200000.0,0.0,166200000.0,6000700000.0,4288400000.0,1712300000.0,3938004369.0,-5100000.0,-327300000.0,0.0,391700000.0,-22200000.0,367000000.0,-497100000.0,-17500000.0,130800000.0,-5800000.0,133600000.0,133600000.0,133600000.0,0.0,2400000.0,0.04,222000000.0,267700000.0,1625200000.0,0.145,2.028,11.999,11.978,1882900000.0,0.0,7.75,0.313,0.313,2012800000.0,1463300000.0,3333700000.0,3333700000.0,0.0,,,,,0.0,281900000.0,1.0,508129596.0,508129596.0,,6.561,5857600000.0,0.0,100600000.0,119600000.0,11.528,-884200000.0
92,JCI,MRQ,1998-06-30,1998-06-30,1998-06-30,2021-08-25,0.0,6385500000.0,,2808800000.0,3576700000.0,,3.637,-96600000.0,139100000.0,139100000.0,2719100000.0,83900000.0,0.941,2.459,1416200000.0,452900000.0,963300000.0,1416200000.0,129900000.0,93600000.0,0.0,0.016,0.038,178400000.0,272000000.0,0.085,272000000.0,178400000.0,144900000.0,0.162,0.15,0.162,1846100000.0,,1846100000.0,6219860218.0,10.0,6.197,133000000.0,0.262,1.0,470400000.0,0.147,1532600000.0,33500000.0,3144500000.0,,389000000.0,172400000.0,0.0,172400000.0,4539400000.0,2985500000.0,1553900000.0,4838360218.0,-22600000.0,-6700000.0,0.0,-125100000.0,-22300000.0,-147600000.0,-104600000.0,-1300000.0,229600000.0,0.0,81500000.0,81500000.0,81500000.0,0.0,2400000.0,0.026,289300000.0,181100000.0,1480500000.0,0.235,2.621,16.971,16.869,1596700000.0,0.0,9.531,0.403,0.403,1834900000.0,,3189500000.0,3189500000.0,0.0,,,,,0.0,289300000.0,1.0,507631236.0,507631236.0,,6.283,4852900000.0,0.0,63400000.0,48900000.0,9.56,-176700000.0
93,JCI,MRQ,1998-03-31,1998-03-31,1998-03-31,2021-08-25,0.0,6375600000.0,,2824900000.0,3550700000.0,,3.524,-107600000.0,161700000.0,161700000.0,2591000000.0,52500000.0,0.925,2.583,1543200000.0,580600000.0,962600000.0,1543200000.0,126400000.0,92500000.0,0.0,0.015,0.038,120200000.0,212700000.0,0.071,212700000.0,120200000.0,91300000.0,0.098,0.093,0.098,1779500000.0,,1779500000.0,6497503654.0,11.0,6.646,46200000.0,0.091,1.0,416300000.0,0.138,1543000000.0,28900000.0,3160700000.0,,389200000.0,170300000.0,0.0,170300000.0,4596100000.0,3053400000.0,1542700000.0,5108003654.0,-86400000.0,0.0,0.0,-95000000.0,-22200000.0,-111500000.0,-128700000.0,-21100000.0,153800000.0,0.0,50100000.0,50100000.0,50100000.0,0.0,2400000.0,0.017,289600000.0,126700000.0,1486500000.0,0.388,2.87,18.527,18.491,1564100000.0,0.0,10.115,0.436,0.436,1836900000.0,,3007300000.0,3007300000.0,0.0,,,,,0.0,289600000.0,1.0,505013916.0,505013916.0,,5.955,4832600000.0,0.0,41200000.0,30700000.0,9.569,-228500000.0
94,JCI,MRQ,1997-12-31,1997-12-31,1997-12-31,2021-08-25,0.0,6408500000.0,,2883900000.0,3524600000.0,,3.462,-85600000.0,248100000.0,248100000.0,2622100000.0,65300000.0,0.926,2.666,1637600000.0,672800000.0,964800000.0,1637600000.0,130800000.0,92900000.0,0.0,0.018,0.038,143900000.0,236800000.0,0.077,236800000.0,143900000.0,113800000.0,0.125,0.117,0.125,1748200000.0,,1748200000.0,,,,-26700000.0,-0.053,1.0,434200000.0,0.142,1558000000.0,30100000.0,3124000000.0,,390000000.0,155800000.0,0.0,155800000.0,4660300000.0,3116000000.0,1544300000.0,4019067398.0,136300000.0,0.0,0.0,184900000.0,-22100000.0,164500000.0,-87100000.0,-1500000.0,58900000.0,0.0,63000000.0,63000000.0,63000000.0,0.0,2300000.0,0.021,285800000.0,148400000.0,1428100000.0,0.304,2.299,13.802,13.769,1548100000.0,0.0,7.958,0.351,0.351,1843700000.0,,3056300000.0,3056300000.0,0.0,,,,,0.0,285800000.0,1.0,505013916.0,505013916.0,,6.052,4850500000.0,0.0,50800000.0,86200000.0,9.605,-232100000.0
95,JCI,MRQ,1997-09-30,1997-09-30,1997-09-30,2021-08-25,0.0,6048600000.0,,2529300000.0,3519300000.0,,,-127000000.0,111800000.0,111800000.0,2316800000.0,92900000.0,0.851,2.584,1462600000.0,656200000.0,806400000.0,1462600000.0,107600000.0,91500000.0,0.0,0.017,0.036,190700000.0,282200000.0,0.102,282200000.0,190700000.0,162500000.0,0.18,0.167,0.18,1687900000.0,,1687900000.0,,,,59600000.0,,1.0,444400000.0,0.161,1560300000.0,28200000.0,2866400000.0,,373400000.0,144600000.0,0.0,144600000.0,4360700000.0,2972700000.0,1388000000.0,,-88700000.0,2500000.0,0.0,-108300000.0,-20500000.0,-116400000.0,-151600000.0,-27100000.0,186600000.0,-7300000.0,90500000.0,90500000.0,90500000.0,0.0,2400000.0,0.033,250900000.0,193500000.0,1341900000.0,0.2,,,14.83,1533000000.0,0.0,8.26,,,1684600000.0,,2761200000.0,2761200000.0,0.0,,,,,0.0,250900000.0,1.0,,,,,4488300000.0,0.0,72000000.0,78800000.0,,-443400000.0
96,JCI,MRQ,1997-06-30,1997-06-30,1997-06-30,2021-08-25,0.0,6072900000.0,,2604100000.0,3468800000.0,,,-90900000.0,200500000.0,200500000.0,2445900000.0,74400000.0,0.839,2.72,1588400000.0,768700000.0,819700000.0,1588400000.0,107600000.0,85100000.0,0.0,0.021,0.036,160800000.0,245900000.0,0.085,245900000.0,160800000.0,132300000.0,0.143,0.135,0.143,1632300000.0,,1632300000.0,,,,202500000.0,,1.0,433400000.0,0.151,1581300000.0,28500000.0,2774400000.0,,359900000.0,145300000.0,0.0,145300000.0,4440600000.0,3105100000.0,1335500000.0,,23900000.0,-31500000.0,0.0,-91900000.0,-21000000.0,-150000000.0,-119500000.0,2900000.0,293400000.0,0.0,72100000.0,72100000.0,72100000.0,0.0,2300000.0,0.025,271000000.0,162400000.0,1324900000.0,0.252,,,,1488700000.0,0.0,6.844,,,1682600000.0,,2879300000.0,2879300000.0,0.0,,,,,0.0,271000000.0,1.0,,,,,4491600000.0,0.0,60200000.0,92500000.0,,-501000000.0
97,JCI,MRQ,1997-03-31,1997-03-31,1997-03-31,2021-08-25,0.0,6092200000.0,,2633200000.0,3459000000.0,,,-76300000.0,176600000.0,176600000.0,2368300000.0,68100000.0,0.806,2.856,1708300000.0,1041600000.0,666700000.0,1708300000.0,110900000.0,91500000.0,0.0,0.021,0.036,103200000.0,194700000.0,0.071,194700000.0,103200000.0,69700000.0,0.13,0.123,0.13,1579800000.0,,1579800000.0,,,,93200000.0,,1.0,375300000.0,0.137,1590300000.0,33500000.0,2767400000.0,,378000000.0,146500000.0,0.0,146500000.0,4512400000.0,3266200000.0,1246200000.0,,37200000.0,564300000.0,0.0,-600100000.0,-21000000.0,-600300000.0,468000000.0,-8600000.0,169500000.0,0.0,65600000.0,65600000.0,65600000.0,-700000.0,2500000.0,0.024,334000000.0,41300000.0,1263200000.0,0.277,,,,1464000000.0,0.0,6.708,,,1743100000.0,,2743600000.0,2743600000.0,0.0,,,,,0.0,264000000.0,1.0,,,,,4501900000.0,0.0,4100000.0,93300000.0,,-633000000.0
98,JCI,MRQ,1996-12-31,1996-12-31,1996-12-31,2021-08-25,0.0,6614500000.0,,3085600000.0,3528900000.0,,,-62200000.0,139400000.0,139400000.0,2354600000.0,53100000.0,0.833,3.253,2312400000.0,1593800000.0,718600000.0,2312400000.0,100000000.0,86800000.0,0.0,0.02,0.036,127900000.0,214700000.0,0.078,214700000.0,127900000.0,95400000.0,0.103,0.095,0.103,1555100000.0,,1555100000.0,,,,-87100000.0,,1.0,406700000.0,0.147,1626800000.0,32500000.0,3457700000.0,,381200000.0,132900000.0,0.0,132900000.0,5059400000.0,3703000000.0,1356400000.0,,-25800000.0,-1149100000.0,0.0,1239200000.0,-20900000.0,1225300000.0,-1226200000.0,-6800000.0,-24900000.0,0.0,50800000.0,50800000.0,50800000.0,1800000.0,2300000.0,0.018,276800000.0,129900000.0,1225300000.0,0.35,,,,1519500000.0,0.0,6.906,,,1808900000.0,,2761300000.0,2761300000.0,0.0,,,,,0.0,276800000.0,1.0,,,,,4987700000.0,0.0,44600000.0,60000000.0,,-617400000.0
0,JCI,MRT,2021-06-30,2021-06-30,2021-06-30,2021-08-25,-351000000.0,42135000000.0,41388500000.0,10310000000.0,31825000000.0,0.561,24.891,-315000000.0,1450000000.0,1450000000.0,15387000000.0,2044000000.0,1.11,1.297,7779000000.0,461000000.0,7318000000.0,7779000000.0,1649000000.0,833000000.0,0.0,0.015,1.06,2439000000.0,3272000000.0,0.141,3272000000.0,2439000000.0,2218000000.0,2.49,2.49,2.49,17840000000.0,17660250000.0,17840000000.0,55072156695.0,23.0,16.831,2626000000.0,3.664,1.0,7843000000.0,0.338,24124000000.0,221000000.0,15055000000.0,15146000000.0,2064000000.0,1016000000.0,0.0,1016000000.0,23138000000.0,9285000000.0,13853000000.0,49188156695.0,-898000000.0,-571000000.0,-1545000000.0,-486000000.0,-764000000.0,-3158000000.0,-835000000.0,15000000.0,2941000000.0,154000000.0,1809000000.0,1809000000.0,1809000000.0,0.0,235000000.0,0.078,5542000000.0,2301000000.0,3719000000.0,0.426,2.757,27.191,27.562,3111000000.0,0.0,68.63,2.117,2.117,5668000000.0,2256000000.0,23230000000.0,23230000000.0,0.0,0.044,0.102,0.161,0.105,64000000.0,5367000000.0,1.0,716715091.0,716715091.0,,32.412,18011000000.0,0.0,409000000.0,0.0,25.13,1025000000.0
1,JCI,MRT,2021-03-31,2021-03-31,2021-03-31,2021-08-25,-410000000.0,41180000000.0,41174250000.0,10204000000.0,30976000000.0,0.54,24.571,-229000000.0,1883000000.0,1883000000.0,14754000000.0,1261000000.0,1.168,1.267,7767000000.0,444000000.0,7323000000.0,7767000000.0,1710000000.0,827000000.0,0.0,0.018,1.05,1576000000.0,2403000000.0,0.108,2403000000.0,1576000000.0,1353000000.0,1.45,1.45,1.45,17698000000.0,17651500000.0,17698000000.0,49072629643.0,31.0,20.421,2655000000.0,3.686,1.0,7478000000.0,0.336,23383000000.0,223000000.0,14941000000.0,14783000000.0,1994000000.0,1045000000.0,0.0,1045000000.0,22423000000.0,8740000000.0,13683000000.0,42978629643.0,875000000.0,125000000.0,-1229000000.0,519000000.0,-765000000.0,-1980000000.0,-89000000.0,15000000.0,2884000000.0,60000000.0,1053000000.0,1053000000.0,1053000000.0,0.0,208000000.0,0.047,6040000000.0,1438000000.0,3417000000.0,0.724,2.428,40.815,41.152,3015000000.0,0.0,59.67,1.933,1.933,5167000000.0,2215000000.0,22232000000.0,22232000000.0,0.0,0.026,0.06,0.107,0.071,68000000.0,5334000000.0,1.0,720271990.0,720271990.0,,30.866,17797000000.0,0.0,300000000.0,0.0,24.709,1464000000.0
2,JCI,MRT,2020-12-31,2020-12-31,2020-12-31,2021-08-25,-504000000.0,41424000000.0,40979750000.0,10034000000.0,31390000000.0,0.539,24.39,-248000000.0,1839000000.0,1839000000.0,14746000000.0,1100000000.0,1.182,1.28,7933000000.0,464000000.0,7469000000.0,7933000000.0,1583000000.0,822000000.0,0.0,0.022,1.04,1265000000.0,2087000000.0,0.095,2087000000.0,1265000000.0,1027000000.0,1.25,1.25,1.25,17656000000.0,17748000000.0,17656000000.0,39594864542.0,31.0,18.972,2133000000.0,2.947,1.0,7336000000.0,0.332,23591000000.0,238000000.0,15441000000.0,14421250000.0,1913000000.0,1003000000.0,0.0,1003000000.0,22601000000.0,8486000000.0,14115000000.0,33726864542.0,-328000000.0,117000000.0,-1814000000.0,355000000.0,-777000000.0,-2634000000.0,-122000000.0,9000000.0,2381000000.0,47000000.0,923000000.0,923000000.0,923000000.0,0.0,177000000.0,0.042,6204000000.0,1132000000.0,3210000000.0,0.832,1.91,36.54,37.272,3082000000.0,0.0,46.59,1.527,1.527,5177000000.0,2382000000.0,22082000000.0,22082000000.0,0.0,0.023,0.052,0.088,0.057,73000000.0,5532000000.0,1.0,723907803.0,723907803.0,,30.504,17833000000.0,0.0,104000000.0,0.0,24.634,1548000000.0
3,JCI,MRT,2020-09-30,2020-09-30,2020-09-30,2021-08-25,-776000000.0,40815000000.0,41252000000.0,10053000000.0,30762000000.0,0.541,23.449,-316000000.0,1951000000.0,1951000000.0,14906000000.0,795000000.0,1.219,1.277,7819000000.0,293000000.0,7526000000.0,7819000000.0,1435000000.0,822000000.0,0.0,0.025,1.04,970000000.0,1792000000.0,0.08,1792000000.0,970000000.0,739000000.0,0.84,0.84,0.84,17447000000.0,18166250000.0,17447000000.0,36146341478.0,37.0,20.171,1903000000.0,2.558,1.0,7411000000.0,0.332,23288000000.0,231000000.0,15147000000.0,14056500000.0,1773000000.0,914000000.0,0.0,914000000.0,22282000000.0,8248000000.0,14034000000.0,30394341478.0,-861000000.0,58000000.0,-2129000000.0,385000000.0,-790000000.0,-2937000000.0,-258000000.0,0.0,2219000000.0,115000000.0,631000000.0,631000000.0,631000000.0,0.0,164000000.0,0.028,6448000000.0,963000000.0,3120000000.0,1.238,1.742,48.169,48.631,3059000000.0,0.0,40.85,1.362,1.362,5294000000.0,2469000000.0,22317000000.0,22317000000.0,0.0,0.015,0.035,0.069,0.043,74000000.0,5665000000.0,1.0,744047527.0,744047527.0,,29.994,17527000000.0,0.0,108000000.0,0.0,23.556,1805000000.0
4,JCI,MRT,2020-06-30,2020-06-30,2020-06-30,2021-08-25,-943000000.0,41278000000.0,41620000000.0,11140000000.0,30138000000.0,0.544,23.936,-422000000.0,2342000000.0,2342000000.0,15221000000.0,959000000.0,1.081,1.258,8094000000.0,2423000000.0,5671000000.0,8094000000.0,1451000000.0,816000000.0,0.0,0.03,1.04,469000000.0,1285000000.0,0.057,1285000000.0,469000000.0,252000000.0,1.14,1.13,1.14,17805000000.0,18746000000.0,17805000000.0,31459460800.0,67.0,24.482,1196000000.0,1.608,1.0,7416000000.0,0.328,23123000000.0,217000000.0,13603000000.0,13725000000.0,1996000000.0,834000000.0,0.0,834000000.0,22405000000.0,10304000000.0,12101000000.0,25395460800.0,-1346000000.0,-68000000.0,-2226000000.0,797000000.0,-804000000.0,-2448000000.0,-448000000.0,11000000.0,1618000000.0,-68000000.0,802000000.0,802000000.0,802000000.0,4598000000.0,157000000.0,0.035,6955000000.0,461000000.0,3057000000.0,0.912,1.426,31.665,29.947,3041000000.0,0.0,34.14,1.122,1.122,5344000000.0,2955000000.0,22637000000.0,22637000000.0,0.0,0.019,0.043,0.034,0.021,90000000.0,6172000000.0,1.0,743862355.0,743862355.0,,30.432,18155000000.0,0.0,-550000000.0,0.0,24.406,836000000.0
5,JCI,MRT,2020-03-31,2020-03-31,2020-03-31,2021-08-25,-1021000000.0,40402000000.0,42067750000.0,9955000000.0,30447000000.0,0.564,23.669,-516000000.0,1006000000.0,1006000000.0,16017000000.0,5357000000.0,1.047,1.179,7070000000.0,1430000000.0,5640000000.0,7070000000.0,1600000000.0,817000000.0,0.0,0.039,1.04,5144000000.0,5961000000.0,0.251,5961000000.0,5144000000.0,4866000000.0,6.19,6.16,6.19,18084000000.0,19385500000.0,18084000000.0,25720713213.0,5.0,4.315,539000000.0,0.705,1.0,7728000000.0,0.325,23463000000.0,278000000.0,13494000000.0,13678250000.0,2030000000.0,869000000.0,0.0,869000000.0,21314000000.0,9509000000.0,11805000000.0,20598713213.0,761000000.0,-64000000.0,-6291000000.0,-5340000000.0,-843000000.0,-12523000000.0,12202000000.0,11000000.0,1055000000.0,-18000000.0,5176000000.0,5176000000.0,5176000000.0,547000000.0,181000000.0,0.218,6634000000.0,1094000000.0,3119000000.0,0.168,1.139,3.98,4.355,3274000000.0,0.0,26.96,0.867,0.867,5492000000.0,3332000000.0,23745000000.0,23745000000.0,0.0,0.123,0.267,0.376,0.217,91000000.0,6226000000.0,1.0,764047226.0,764047226.0,,31.078,16939000000.0,0.0,-310000000.0,0.0,22.17,446000000.0
6,JCI,MRT,2019-12-31,2019-12-31,2019-12-31,2021-08-25,-540000000.0,42513000000.0,44089500000.0,11320000000.0,31193000000.0,0.546,25.056,-533000000.0,2160000000.0,2160000000.0,16309000000.0,5679000000.0,1.168,1.142,7282000000.0,1362000000.0,5920000000.0,7282000000.0,1495000000.0,821000000.0,0.0,0.026,1.04,5519000000.0,6340000000.0,0.263,6340000000.0,5519000000.0,5202000000.0,6.48,6.45,6.48,19329000000.0,19873500000.0,19329000000.0,35818498470.0,6.0,5.65,872000000.0,1.13,1.0,7771000000.0,0.323,23961000000.0,317000000.0,13982000000.0,16022000000.0,1953000000.0,865000000.0,0.0,865000000.0,22082000000.0,9692000000.0,12390000000.0,31404498470.0,1860000000.0,-54000000.0,-5988000000.0,-4633000000.0,-883000000.0,-11649000000.0,12107000000.0,10000000.0,1405000000.0,-20000000.0,5478000000.0,5478000000.0,5478000000.0,263000000.0,201000000.0,0.227,6579000000.0,1192000000.0,3336000000.0,0.16,1.625,5.733,6.282,3341000000.0,0.0,40.71,1.304,1.304,5612000000.0,4129000000.0,24080000000.0,24080000000.0,0.0,0.124,0.276,0.344,0.229,100000000.0,6233000000.0,1.0,771419761.0,771419761.0,,31.215,18552000000.0,0.0,-276000000.0,0.0,24.049,1628000000.0
7,JCI,MRT,2019-09-30,2019-09-30,2019-09-30,2021-08-25,-795000000.0,42287000000.0,45465250000.0,12393000000.0,29894000000.0,0.527,24.841,-559000000.0,2805000000.0,2805000000.0,16275000000.0,5887000000.0,1.366,1.086,7219000000.0,511000000.0,6708000000.0,7219000000.0,1407000000.0,825000000.0,0.0,0.024,1.04,5791000000.0,6616000000.0,0.276,6616000000.0,5791000000.0,5441000000.0,6.52,6.49,6.52,19766000000.0,20066750000.0,19766000000.0,38563561094.0,7.0,5.829,643000000.0,0.808,1.0,7693000000.0,0.321,23810000000.0,350000000.0,13821000000.0,18428500000.0,1814000000.0,853000000.0,0.0,853000000.0,21458000000.0,9070000000.0,12388000000.0,34923561094.0,2621000000.0,-13000000.0,-5812000000.0,-3629000000.0,-920000000.0,-10554000000.0,12078000000.0,25000000.0,1202000000.0,-120000000.0,5674000000.0,5674000000.0,5674000000.0,0.0,213000000.0,0.237,6479000000.0,1214000000.0,3582000000.0,0.16,1.767,6.155,6.732,3348000000.0,0.0,43.89,1.457,1.457,5770000000.0,4827000000.0,23968000000.0,23968000000.0,0.0,0.125,0.283,0.314,0.242,95000000.0,6244000000.0,1.0,795706564.0,795706564.0,,30.122,18477000000.0,0.0,-233000000.0,0.0,23.221,3323000000.0
8,JCI,MRT,2019-06-30,2019-06-30,2019-06-30,2021-08-25,-564000000.0,43069000000.0,47092750000.0,13042000000.0,30027000000.0,0.507,22.674,-525000000.0,3685000000.0,3685000000.0,16107000000.0,6058000000.0,1.411,1.064,7325000000.0,521000000.0,6804000000.0,7325000000.0,1389000000.0,800000000.0,0.0,0.025,1.04,6509000000.0,7309000000.0,0.306,7309000000.0,6509000000.0,6110000000.0,6.61,6.57,6.61,20363000000.0,20416250000.0,20363000000.0,49246218865.0,8.0,6.738,1555000000.0,1.731,1.0,7770000000.0,0.325,24051000000.0,399000000.0,13416000000.0,20904250000.0,2050000000.0,848000000.0,0.0,848000000.0,21660000000.0,9242000000.0,12418000000.0,37099218865.0,3415000000.0,100000000.0,-5029000000.0,-4581000000.0,-952000000.0,-10759000000.0,12124000000.0,15000000.0,2080000000.0,-46000000.0,5833000000.0,5833000000.0,5833000000.0,-4335000000.0,225000000.0,0.244,6012000000.0,1758000000.0,3671000000.0,0.157,1.822,6.36,6.25,3282000000.0,0.0,41.31,1.554,1.554,6033000000.0,6366000000.0,23877000000.0,23877000000.0,0.0,0.124,0.286,0.311,0.273,95000000.0,5676000000.0,1.0,898068721.0,898068721.0,,26.587,19018000000.0,0.0,277000000.0,0.0,21.177,3800000000.0
9,JCI,MRT,2019-03-31,2019-03-31,2019-03-31,2021-08-25,-952000000.0,48489000000.0,48677000000.0,12836000000.0,35653000000.0,0.487,21.952,-600000000.0,239000000.0,239000000.0,15994000000.0,2586000000.0,0.955,1.357,12386000000.0,3968000000.0,8418000000.0,12386000000.0,1521000000.0,824000000.0,0.0,0.028,1.04,2838000000.0,3662000000.0,0.154,3662000000.0,2838000000.0,2463000000.0,2.58,2.56,2.58,20036000000.0,20518750000.0,20036000000.0,45331623576.0,16.0,12.379,1984000000.0,2.174,1.0,7714000000.0,0.325,24326000000.0,375000000.0,22869000000.0,23510750000.0,2124000000.0,937000000.0,0.0,937000000.0,27188000000.0,13441000000.0,13747000000.0,33715623576.0,-6000000.0,75000000.0,-1020000000.0,616000000.0,-960000000.0,-1565000000.0,-799000000.0,16000000.0,2584000000.0,-205000000.0,2364000000.0,2364000000.0,2364000000.0,-284000000.0,222000000.0,0.1,5830000000.0,1884000000.0,3482000000.0,0.403,1.683,14.262,14.318,3332000000.0,0.0,36.94,1.422,1.422,5707000000.0,6416000000.0,23708000000.0,23708000000.0,0.0,0.049,0.115,0.121,0.12,98000000.0,5729000000.0,1.0,912713145.0,912713145.0,,25.975,24163000000.0,0.0,99000000.0,0.0,26.474,-605000000.0
10,JCI,MRT,2018-12-31,2018-12-31,2018-12-31,2021-08-25,-1080000000.0,48016000000.0,49042750000.0,11955000000.0,36061000000.0,0.48,21.754,-639000000.0,292000000.0,292000000.0,15865000000.0,2511000000.0,1.026,1.324,11908000000.0,2320000000.0,9588000000.0,11908000000.0,1378000000.0,825000000.0,0.0,0.035,1.04,2759000000.0,3584000000.0,0.152,3584000000.0,2759000000.0,2375000000.0,2.48,2.46,2.48,20102000000.0,20728250000.0,20102000000.0,38193348164.0,14.0,10.657,2118000000.0,2.292,1.0,7694000000.0,0.327,24371000000.0,384000000.0,23608000000.0,23883250000.0,2027000000.0,887000000.0,0.0,887000000.0,26609000000.0,11653000000.0,14956000000.0,27398348164.0,-239000000.0,163000000.0,-554000000.0,-402000000.0,-962000000.0,-2067000000.0,-765000000.0,21000000.0,2757000000.0,-166000000.0,2287000000.0,2287000000.0,2287000000.0,0.0,224000000.0,0.097,5862000000.0,1832000000.0,3273000000.0,0.419,1.363,11.98,11.956,3314000000.0,0.0,29.65,1.163,1.163,5442000000.0,6136000000.0,23559000000.0,23559000000.0,0.0,0.047,0.11,0.116,0.117,97000000.0,5761000000.0,1.0,924058960.0,924058960.0,,25.495,23645000000.0,0.0,88000000.0,0.0,25.588,302000000.0
11,JCI,MRT,2018-09-30,2018-09-30,2018-09-30,2021-08-25,-946000000.0,48797000000.0,49480500000.0,11823000000.0,36974000000.0,0.473,22.882,-597000000.0,185000000.0,185000000.0,15733000000.0,2383000000.0,1.051,1.245,10930000000.0,1307000000.0,9623000000.0,10930000000.0,1326000000.0,824000000.0,0.0,0.03,1.04,2760000000.0,3584000000.0,0.153,3584000000.0,2760000000.0,2359000000.0,2.34,2.32,2.34,21164000000.0,20836500000.0,21164000000.0,44045276335.0,16.0,12.289,1919000000.0,2.075,1.0,7667000000.0,0.328,24568000000.0,401000000.0,23724000000.0,24005000000.0,1819000000.0,848000000.0,0.0,848000000.0,26339000000.0,11250000000.0,15089000000.0,32372276335.0,-132000000.0,2181000000.0,-234000000.0,-2472000000.0,-954000000.0,-3752000000.0,1196000000.0,-1000000.0,2516000000.0,-106000000.0,2162000000.0,2162000000.0,2162000000.0,0.0,221000000.0,0.092,5897000000.0,1770000000.0,3407000000.0,0.444,1.53,14.973,14.957,3300000000.0,0.0,35.0,1.383,1.383,5622000000.0,6604000000.0,23400000000.0,23400000000.0,0.0,0.044,0.104,0.115,0.118,106000000.0,5642000000.0,1.0,924922181.0,924922181.0,,25.299,24229000000.0,0.0,197000000.0,0.0,26.196,573000000.0
12,JCI,MRT,2018-06-30,2018-06-30,2018-06-30,2021-08-25,-808000000.0,49406000000.0,50252250000.0,12465000000.0,36941000000.0,0.359,22.428,-216000000.0,283000000.0,283000000.0,11702000000.0,2485000000.0,1.103,1.329,11956000000.0,1583000000.0,10373000000.0,11956000000.0,1317000000.0,649000000.0,0.0,0.031,1.03,2726000000.0,3375000000.0,0.187,3375000000.0,2726000000.0,2332000000.0,2.43,2.43,2.43,20773000000.0,20657250000.0,20773000000.0,42811537581.0,16.0,12.685,2451000000.0,2.646,1.0,6314000000.0,0.35,25936000000.0,394000000.0,23842000000.0,24787000000.0,3509000000.0,1290000000.0,0.0,1290000000.0,27597000000.0,11301000000.0,16296000000.0,30981537581.0,-247000000.0,2065000000.0,-414000000.0,-2253000000.0,-947000000.0,-5777000000.0,874000000.0,9000000.0,2667000000.0,-42000000.0,2266000000.0,2266000000.0,2266000000.0,-34000000.0,219000000.0,0.126,5343000000.0,971000000.0,4410000000.0,0.424,1.491,13.672,13.765,6093000000.0,0.0,33.45,1.72,1.72,6895000000.0,6075000000.0,18016000000.0,18016000000.0,0.0,0.045,0.11,0.11,0.151,97000000.0,5068000000.0,1.0,926204412.0,926204412.0,,19.451,23470000000.0,0.0,66000000.0,0.0,25.34,1164000000.0
13,JCI,MRT,2018-03-31,2018-03-31,2018-03-31,2021-08-25,-254000000.0,49952000000.0,50572250000.0,12271000000.0,37681000000.0,0.384,22.54,-385000000.0,268000000.0,268000000.0,12760000000.0,2310000000.0,1.116,1.345,12098000000.0,1136000000.0,10962000000.0,12098000000.0,1543000000.0,703000000.0,0.0,0.029,1.02,2615000000.0,3318000000.0,0.171,3318000000.0,2615000000.0,2192000000.0,2.24,2.24,2.24,20874000000.0,20396750000.0,20874000000.0,44583953591.0,17.0,13.437,1771000000.0,1.912,1.0,6657000000.0,0.343,26431000000.0,423000000.0,24359000000.0,25486000000.0,3565000000.0,1294000000.0,0.0,1294000000.0,28072000000.0,10992000000.0,17080000000.0,32635953591.0,-223000000.0,2087000000.0,-626000000.0,-1595000000.0,-940000000.0,-5350000000.0,808000000.0,6000000.0,2156000000.0,140000000.0,2098000000.0,2098000000.0,2098000000.0,-34000000.0,212000000.0,0.108,5560000000.0,1097000000.0,4250000000.0,0.455,1.563,15.556,15.732,6235000000.0,0.0,35.24,1.681,1.681,6679000000.0,5594000000.0,19417000000.0,19417000000.0,0.0,0.041,0.103,0.103,0.135,103000000.0,5236000000.0,1.0,926105380.0,926105380.0,,20.966,23521000000.0,0.0,94000000.0,0.0,25.398,1279000000.0
14,JCI,MRT,2017-12-31,2017-12-31,2017-12-31,2021-08-25,-414000000.0,49767000000.0,50486000000.0,12429000000.0,37338000000.0,0.417,22.19,-471000000.0,552000000.0,552000000.0,13940000000.0,1712000000.0,1.105,1.377,12500000000.0,1605000000.0,10895000000.0,12500000000.0,1368000000.0,783000000.0,0.0,0.027,1.01,2510000000.0,3293000000.0,0.156,3293000000.0,2510000000.0,2078000000.0,1.61,1.61,1.61,20535000000.0,20025250000.0,20535000000.0,48519328307.0,19.0,14.734,1387000000.0,1.499,1.0,7114000000.0,0.338,26374000000.0,432000000.0,24095000000.0,25795750000.0,3459000000.0,1219000000.0,0.0,1219000000.0,28267000000.0,11246000000.0,17021000000.0,35268328307.0,99000000.0,2129000000.0,-657000000.0,-887000000.0,-934000000.0,-4756000000.0,843000000.0,-22000000.0,1858000000.0,126000000.0,1512000000.0,1512000000.0,1512000000.0,-34000000.0,200000000.0,0.072,5895000000.0,1219000000.0,4020000000.0,0.627,1.717,23.326,23.671,6105000000.0,0.0,38.11,1.675,1.675,6731000000.0,5398000000.0,21054000000.0,21054000000.0,0.0,0.03,0.076,0.097,0.119,124000000.0,5472000000.0,1.0,925435012.0,925435012.0,,22.75,23393000000.0,0.0,566000000.0,0.0,25.278,1183000000.0
15,JCI,MRT,2017-09-30,2017-09-30,2017-09-30,2021-08-25,-473000000.0,51884000000.0,50241250000.0,12292000000.0,39592000000.0,0.455,21.929,-731000000.0,321000000.0,321000000.0,15305000000.0,1819000000.0,1.037,1.492,13572000000.0,1608000000.0,11964000000.0,13572000000.0,1279000000.0,919000000.0,0.0,0.025,1.0,2399000000.0,3318000000.0,0.145,3318000000.0,2399000000.0,1933000000.0,1.72,1.71,1.72,20447000000.0,19785750000.0,20447000000.0,51379345960.0,21.0,15.485,-631000000.0,-0.677,1.0,7530000000.0,0.33,26429000000.0,466000000.0,26852000000.0,25307000000.0,3209000000.0,1191000000.0,0.0,1191000000.0,30517000000.0,11854000000.0,18663000000.0,37566345960.0,-322000000.0,162000000.0,-494000000.0,725000000.0,-702000000.0,-1352000000.0,-1247000000.0,-21000000.0,100000000.0,54000000.0,1611000000.0,1611000000.0,1611000000.0,0.0,208000000.0,0.071,6070000000.0,1460000000.0,4271000000.0,0.581,1.837,23.319,23.424,6121000000.0,0.0,40.29,1.645,1.645,6666000000.0,5231000000.0,22835000000.0,22835000000.0,0.0,0.032,0.081,0.095,0.105,134000000.0,5723000000.0,1.0,932398758.0,932398758.0,,24.491,25455000000.0,0.0,322000000.0,0.0,27.301,438000000.0
16,JCI,MRT,2017-06-30,2017-06-30,2017-06-30,2021-08-25,-729000000.0,50686000000.0,53065000000.0,13962000000.0,36724000000.0,0.533,21.033,-1396000000.0,458000000.0,458000000.0,19776000000.0,-240000000.0,1.213,1.524,14271000000.0,2499000000.0,11772000000.0,14271000000.0,0.0,1192000000.0,0.0,0.024,1.04,593000000.0,1785000000.0,0.063,1785000000.0,593000000.0,130000000.0,-0.99,-0.98,-0.99,19731000000.0,20703500000.0,19731000000.0,53740389546.0,91.0,30.107,-1487000000.0,-1.585,1.0,8514000000.0,0.301,26346000000.0,463000000.0,26638000000.0,26210000000.0,3384000000.0,1159000000.0,0.0,1159000000.0,30071000000.0,11515000000.0,18556000000.0,40676389546.0,111000000.0,638000000.0,-286000000.0,965000000.0,-840000000.0,911000000.0,-848000000.0,-81000000.0,-91000000.0,19000000.0,-435000000.0,-435000000.0,-435000000.0,0.0,195000000.0,-0.015,6881000000.0,1633000000.0,3764000000.0,-1.051,2.062,-93.509,-43.798,5870000000.0,0.0,43.36,1.438,1.438,6443000000.0,4589000000.0,28290000000.0,28290000000.0,0.0,-0.008,-0.021,0.023,0.021,180000000.0,6454000000.0,1.0,938108615.0,938108615.0,,30.156,24340000000.0,0.0,565000000.0,0.0,25.946,2447000000.0
17,JCI,MRT,2017-03-31,2017-03-31,2017-03-31,2021-08-25,-987000000.0,49607000000.0,48363250000.0,13229000000.0,36378000000.0,0.533,20.654,-1304000000.0,412000000.0,412000000.0,18256000000.0,-410000000.0,1.232,1.517,13476000000.0,1666000000.0,11810000000.0,13476000000.0,0.0,1146000000.0,0.0,0.026,1.08,351000000.0,1497000000.0,0.058,1497000000.0,351000000.0,-53000000.0,-0.99,-0.98,-0.99,19388000000.0,18170500000.0,19388000000.0,52410419445.0,149.0,35.01,-1536000000.0,-1.636,1.0,7505000000.0,0.291,26331000000.0,404000000.0,25598000000.0,24016250000.0,3138000000.0,1099000000.0,0.0,1099000000.0,29406000000.0,10742000000.0,18664000000.0,39537419445.0,120000000.0,652000000.0,-482000000.0,1208000000.0,-794000000.0,1032000000.0,-742000000.0,-78000000.0,-232000000.0,-4000000.0,-607000000.0,-607000000.0,-607000000.0,0.0,197000000.0,-0.024,6145000000.0,1360000000.0,3720000000.0,-1.091,2.039,-65.136,-42.545,5601000000.0,0.0,42.12,1.535,1.535,6094000000.0,4268000000.0,25761000000.0,25761000000.0,0.0,-0.013,-0.033,0.015,0.014,172000000.0,5740000000.0,1.0,938685172.0,938685172.0,,27.444,23276000000.0,0.0,554000000.0,0.0,24.796,2487000000.0
18,JCI,MRT,2016-12-31,2016-12-31,2016-12-31,2021-08-25,-1233000000.0,48788000000.0,43761250000.0,10966000000.0,37822000000.0,0.531,20.9,-1313000000.0,377000000.0,377000000.0,16716000000.0,-764000000.0,0.957,1.45,13250000000.0,2899000000.0,10351000000.0,13250000000.0,0.0,1073000000.0,0.0,0.027,1.12,-543000000.0,530000000.0,0.023,530000000.0,-543000000.0,-902000000.0,-1.65,-1.63,-1.65,19577000000.0,15819500000.0,19577000000.0,52218418745.0,-96.0,98.525,-1277000000.0,-1.363,1.0,6511000000.0,0.28,28062000000.0,359000000.0,22140000000.0,21981000000.0,2943000000.0,1030000000.0,0.0,1030000000.0,28392000000.0,11459000000.0,16933000000.0,38583418745.0,21000000.0,544000000.0,-418000000.0,800000000.0,-747000000.0,804000000.0,-834000000.0,-54000000.0,36000000.0,-43000000.0,-989000000.0,-989000000.0,-989000000.0,0.0,225000000.0,-0.043,5279000000.0,1232000000.0,3453000000.0,-0.679,1.971,-39.013,-24.964,5556000000.0,0.0,41.19,1.661,1.661,6057000000.0,4669000000.0,23227000000.0,23227000000.0,0.0,-0.023,-0.063,-0.025,-0.023,151000000.0,4913000000.0,1.0,936718105.0,936718105.0,,24.796,20726000000.0,0.0,87000000.0,0.0,22.126,-493000000.0
19,JCI,MRT,2016-09-30,2016-09-30,2016-09-30,2021-08-25,-1153000000.0,63179000000.0,39319000000.0,17109000000.0,46070000000.0,0.53,37.818,-1217000000.0,579000000.0,579000000.0,15183000000.0,-652000000.0,1.048,1.579,12759000000.0,1706000000.0,11053000000.0,12759000000.0,1228000000.0,953000000.0,0.0,0.025,1.16,-382000000.0,571000000.0,0.027,571000000.0,-382000000.0,-671000000.0,-1.3,-1.29,-1.3,24118000000.0,13551750000.0,24118000000.0,37205316355.0,-97.0,65.158,691000000.0,1.084,1.0,5654000000.0,0.271,28564000000.0,289000000.0,30464000000.0,20935250000.0,2888000000.0,990000000.0,0.0,990000000.0,38089000000.0,16331000000.0,21758000000.0,29674316355.0,26000000.0,385000000.0,-431000000.0,758000000.0,-915000000.0,-946000000.0,-887000000.0,-48000000.0,1908000000.0,12000000.0,-868000000.0,-868000000.0,-868000000.0,0.0,216000000.0,-0.042,4478000000.0,1176000000.0,4000000000.0,-0.892,1.23,-34.187,-35.792,5632000000.0,0.0,46.53,1.424,1.424,6394000000.0,9177000000.0,20837000000.0,20837000000.0,0.0,-0.022,-0.064,-0.018,-0.018,142000000.0,4190000000.0,1.0,637745892.0,637745892.0,,32.673,34615000000.0,0.0,197000000.0,0.0,54.277,778000000.0
20,JCI,MRT,2016-06-30,2016-06-30,2016-06-30,2021-08-25,-1174000000.0,31879000000.0,30929750000.0,11847000000.0,20032000000.0,0.105,14.805,-1097000000.0,467000000.0,467000000.0,-356000000.0,849000000.0,0.919,2.225,7998000000.0,2859000000.0,5139000000.0,7998000000.0,0.0,893000000.0,0.0,0.026,1.13,721000000.0,1614000000.0,0.496,1614000000.0,721000000.0,460000000.0,1.0,1.0,1.0,9599000000.0,10106000000.0,9599000000.0,35364862706.0,49.0,21.911,336000000.0,0.518,1.0,3609000000.0,1.109,8661000000.0,261000000.0,17863000000.0,17531500000.0,2972000000.0,2665000000.0,0.0,2665000000.0,21356000000.0,12886000000.0,8470000000.0,28696862706.0,179000000.0,1426000000.0,-759000000.0,327000000.0,-714000000.0,-1428000000.0,301000000.0,0.0,1433000000.0,-52000000.0,652000000.0,652000000.0,652000000.0,-218000000.0,197000000.0,0.2,3179000000.0,430000000.0,5455000000.0,1.13,2.99,44.014,44.26,6374000000.0,0.0,44.26,8.822,8.822,6170000000.0,10575000000.0,3253000000.0,3253000000.0,0.0,0.021,0.065,0.041,0.222,94000000.0,2877000000.0,1.0,648370147.0,648370147.0,,5.017,23218000000.0,0.0,-192000000.0,0.0,35.81,-1039000000.0
21,JCI,MRT,2016-03-31,2016-03-31,2016-03-31,2021-08-25,-1039000000.0,31199000000.0,30931500000.0,11058000000.0,20141000000.0,0.249,15.402,-1088000000.0,358000000.0,358000000.0,3814000000.0,597000000.0,0.938,2.035,7026000000.0,1883000000.0,5143000000.0,7026000000.0,0.0,876000000.0,0.0,0.028,1.1,663000000.0,1539000000.0,0.2,1539000000.0,663000000.0,392000000.0,0.68,0.68,0.68,9984000000.0,10370000000.0,9984000000.0,32001728706.0,48.0,20.794,933000000.0,1.439,1.0,3893000000.0,0.505,8618000000.0,271000000.0,17457000000.0,17752500000.0,2922000000.0,2736000000.0,0.0,2736000000.0,20317000000.0,11792000000.0,8525000000.0,25261728706.0,173000000.0,1412000000.0,-419000000.0,-659000000.0,-696000000.0,-2062000000.0,307000000.0,1000000.0,2021000000.0,-72000000.0,447000000.0,447000000.0,447000000.0,107000000.0,150000000.0,0.058,3232000000.0,661000000.0,5360000000.0,1.618,2.53,56.514,57.309,6397000000.0,0.0,38.97,3.278,3.278,5987000000.0,10380000000.0,7707000000.0,7707000000.0,0.0,0.014,0.043,0.037,0.086,95000000.0,2957000000.0,1.0,648235276.0,648235276.0,,11.889,22581000000.0,0.0,-55000000.0,0.0,34.835,-734000000.0
22,JCI,MRT,2015-12-31,2015-12-31,2015-12-31,2021-08-25,-1218000000.0,31019000000.0,30871750000.0,10921000000.0,20098000000.0,0.394,16.221,-1123000000.0,414000000.0,414000000.0,7993000000.0,1623000000.0,0.966,1.864,7154000000.0,1853000000.0,5301000000.0,7154000000.0,0.0,862000000.0,0.0,0.027,1.07,1811000000.0,2673000000.0,0.22,2673000000.0,1811000000.0,1542000000.0,2.31,2.29,2.31,10506000000.0,10519750000.0,10506000000.0,31589754147.0,17.0,11.818,624000000.0,0.963,1.0,4179000000.0,0.343,8501000000.0,269000000.0,17957000000.0,17919500000.0,2769000000.0,2607000000.0,0.0,2607000000.0,19582000000.0,11301000000.0,8281000000.0,25576754147.0,233000000.0,1522000000.0,-576000000.0,-335000000.0,-679000000.0,-1836000000.0,340000000.0,-46000000.0,1747000000.0,-24000000.0,1506000000.0,1506000000.0,1506000000.0,29000000.0,117000000.0,0.124,3248000000.0,931000000.0,4936000000.0,0.463,2.434,16.983,17.095,6256000000.0,0.0,39.49,2.101,2.101,5745000000.0,11100000000.0,12172000000.0,12172000000.0,0.0,0.049,0.143,0.101,0.149,97000000.0,3033000000.0,1.0,647676732.0,647676732.0,,18.793,22518000000.0,0.0,36000000.0,0.0,34.767,-380000000.0
23,JCI,MRT,2015-09-30,2015-09-30,2015-09-30,2021-08-25,-1057000000.0,29622000000.0,31018500000.0,10469000000.0,19153000000.0,0.551,15.801,-1098000000.0,597000000.0,597000000.0,12569000000.0,1679000000.0,1.002,1.85,6610000000.0,865000000.0,5745000000.0,6610000000.0,0.0,860000000.0,0.0,0.025,1.04,1908000000.0,2768000000.0,0.162,2768000000.0,1908000000.0,1634000000.0,2.39,2.36,2.39,10335000000.0,10599000000.0,10335000000.0,34374311666.0,18.0,12.418,502000000.0,0.768,1.0,4531000000.0,0.265,8340000000.0,274000000.0,16849000000.0,18193000000.0,2377000000.0,2143000000.0,0.0,2143000000.0,19124000000.0,10446000000.0,8678000000.0,27052311666.0,189000000.0,1624000000.0,-1087000000.0,40000000.0,-657000000.0,-1821000000.0,470000000.0,-44000000.0,1600000000.0,-81000000.0,1563000000.0,1563000000.0,1563000000.0,0.0,116000000.0,0.091,3406000000.0,1125000000.0,5174000000.0,0.435,2.618,17.308,17.305,5870000000.0,0.0,41.36,1.582,1.582,5751000000.0,10797000000.0,17100000000.0,17100000000.0,0.0,0.05,0.147,0.105,0.112,90000000.0,3191000000.0,1.0,654069431.0,654069431.0,,26.144,21282000000.0,0.0,71000000.0,0.0,32.538,23000000.0
24,JCI,MRT,2015-06-30,2015-06-30,2015-06-30,2021-08-25,-935000000.0,31886000000.0,31814000000.0,12459000000.0,19427000000.0,1.206,16.271,-1100000000.0,213000000.0,213000000.0,31747000000.0,1656000000.0,1.033,1.975,7535000000.0,1801000000.0,5734000000.0,7535000000.0,0.0,871000000.0,0.0,0.02,1.0,2318000000.0,3189000000.0,0.083,3189000000.0,2318000000.0,2037000000.0,2.31,2.29,2.31,10655000000.0,10843000000.0,10655000000.0,39853760212.0,17.0,12.497,995000000.0,1.519,1.0,6635000000.0,0.173,8395000000.0,281000000.0,18747000000.0,18634500000.0,2489000000.0,1339000000.0,0.0,1339000000.0,21046000000.0,12066000000.0,8980000000.0,32433760212.0,53000000.0,369000000.0,-806000000.0,230000000.0,-633000000.0,-1305000000.0,-738000000.0,-28000000.0,2095000000.0,-29000000.0,1523000000.0,1523000000.0,1523000000.0,247000000.0,133000000.0,0.04,4432000000.0,2203000000.0,4791000000.0,0.433,3.044,21.296,21.442,5922000000.0,0.0,49.53,0.845,0.845,5597000000.0,10656000000.0,38382000000.0,38382000000.0,0.0,0.048,0.14,0.124,0.06,93000000.0,4270000000.0,1.0,654830612.0,654830612.0,,58.614,23491000000.0,0.0,514000000.0,0.0,35.873,393000000.0
25,JCI,MRT,2015-03-31,2015-03-31,2015-03-31,2021-08-25,-1076000000.0,30960000000.0,32111000000.0,11721000000.0,19239000000.0,1.202,16.101,-1106000000.0,164000000.0,164000000.0,32098000000.0,1648000000.0,0.984,1.907,7584000000.0,2136000000.0,5448000000.0,7584000000.0,0.0,893000000.0,0.0,0.019,0.96,2247000000.0,3140000000.0,0.081,3140000000.0,2247000000.0,1974000000.0,2.3,2.28,2.3,10583000000.0,11133000000.0,10583000000.0,40521903862.0,18.0,12.905,1040000000.0,1.582,1.0,6509000000.0,0.169,8346000000.0,273000000.0,18125000000.0,18680500000.0,2414000000.0,1239000000.0,0.0,1239000000.0,20178000000.0,11909000000.0,8269000000.0,33153903862.0,-45000000.0,-1274000000.0,-629000000.0,1521000000.0,-609000000.0,199000000.0,-2394000000.0,-32000000.0,2146000000.0,1000000.0,1521000000.0,1521000000.0,1521000000.0,-78000000.0,127000000.0,0.039,4562000000.0,1947000000.0,4640000000.0,0.417,3.133,21.797,21.93,5870000000.0,0.0,50.44,0.859,0.859,5384000000.0,10649000000.0,38607000000.0,38607000000.0,0.0,0.047,0.137,0.12,0.058,87000000.0,4238000000.0,1.0,657293891.0,657293891.0,,58.736,22614000000.0,0.0,453000000.0,0.0,34.405,-188000000.0
26,JCI,MRT,2014-12-31,2014-12-31,2014-12-31,2021-08-25,-601000000.0,31606000000.0,32175250000.0,11862000000.0,19744000000.0,1.208,16.246,-1044000000.0,168000000.0,168000000.0,32468000000.0,1384000000.0,1.049,1.896,7536000000.0,1214000000.0,6322000000.0,7536000000.0,0.0,935000000.0,0.0,0.019,0.92,1935000000.0,2870000000.0,0.074,2870000000.0,1935000000.0,1675000000.0,1.88,1.87,1.88,10823000000.0,11408750000.0,10823000000.0,38474570894.0,20.0,13.406,1472000000.0,2.21,1.0,6408000000.0,0.165,8610000000.0,260000000.0,19051000000.0,18481500000.0,2439000000.0,1117000000.0,0.0,1117000000.0,20520000000.0,11313000000.0,9207000000.0,32203570894.0,-77000000.0,-1406000000.0,-443000000.0,967000000.0,-584000000.0,-105000000.0,-2416000000.0,18000000.0,2516000000.0,-58000000.0,1253000000.0,1253000000.0,1253000000.0,0.0,131000000.0,0.032,4539000000.0,1869000000.0,4584000000.0,0.489,2.975,25.701,25.713,6114000000.0,0.0,48.34,0.828,0.828,5360000000.0,10291000000.0,38876000000.0,38876000000.0,0.0,0.039,0.11,0.105,0.05,85000000.0,4215000000.0,1.0,666188889.0,666188889.0,,58.356,22996000000.0,0.0,422000000.0,0.0,34.519,549000000.0
27,JCI,MRT,2014-09-30,2014-09-30,2014-09-30,2021-08-25,-237000000.0,32804000000.0,31981750000.0,13107000000.0,19697000000.0,1.212,16.982,-1120000000.0,409000000.0,409000000.0,32444000000.0,1343000000.0,1.121,1.878,6680000000.0,323000000.0,6357000000.0,6680000000.0,0.0,955000000.0,0.0,0.02,0.88,1866000000.0,2821000000.0,0.073,2821000000.0,1866000000.0,1622000000.0,1.82,1.8,1.82,11311000000.0,11585750000.0,11311000000.0,36634317204.0,20.0,12.986,1275000000.0,1.914,1.0,6305000000.0,0.163,8766000000.0,244000000.0,18615000000.0,18135500000.0,2477000000.0,1018000000.0,0.0,1018000000.0,21242000000.0,11694000000.0,9548000000.0,29307317204.0,-646000000.0,-1508000000.0,-1063000000.0,1241000000.0,-568000000.0,-412000000.0,-2593000000.0,19000000.0,2395000000.0,-20000000.0,1215000000.0,1215000000.0,1215000000.0,0.0,128000000.0,0.031,4540000000.0,1765000000.0,5270000000.0,0.484,2.591,24.121,24.176,6314000000.0,0.0,44.0,0.756,0.756,5871000000.0,9956000000.0,38749000000.0,38749000000.0,0.0,0.038,0.105,0.103,0.048,82000000.0,4216000000.0,1.0,666075391.0,666075391.0,,58.175,24038000000.0,0.0,407000000.0,0.0,36.089,1413000000.0
28,JCI,MRT,2014-06-30,2014-06-30,2014-06-30,2021-08-25,406000000.0,33074000000.0,31660250000.0,13447000000.0,19627000000.0,1.147,17.789,-1200000000.0,160000000.0,160000000.0,29975000000.0,1138000000.0,1.107,1.776,7487000000.0,1071000000.0,6416000000.0,7487000000.0,0.0,987000000.0,0.0,0.017,0.85,2056000000.0,3043000000.0,0.084,3043000000.0,2056000000.0,1824000000.0,1.5,1.49,1.5,11815000000.0,11836500000.0,11815000000.0,39203404446.0,19.0,12.883,1100000000.0,1.656,1.0,6334000000.0,0.174,9327000000.0,232000000.0,18931000000.0,17545750000.0,2591000000.0,966000000.0,0.0,966000000.0,20979000000.0,12143000000.0,8836000000.0,33161404446.0,-231000000.0,-1007000000.0,-1070000000.0,1444000000.0,-552000000.0,-242000000.0,-2174000000.0,20000000.0,2300000000.0,-85000000.0,1011000000.0,1011000000.0,1011000000.0,0.0,127000000.0,0.028,4374000000.0,1960000000.0,5567000000.0,0.567,2.807,32.801,33.287,6260000000.0,0.0,49.93,0.913,0.913,6710000000.0,9793000000.0,36309000000.0,36309000000.0,0.0,0.032,0.085,0.117,0.057,79000000.0,3536000000.0,1.0,664157910.0,664157910.0,,54.669,23747000000.0,0.0,813000000.0,0.0,35.755,1304000000.0
29,JCI,MRT,2014-03-31,2014-03-31,2014-03-31,2021-08-25,387000000.0,31217000000.0,31346750000.0,13059000000.0,18158000000.0,1.18,17.599,-1196000000.0,209000000.0,209000000.0,30657000000.0,1511000000.0,1.075,1.648,6251000000.0,1518000000.0,4733000000.0,6251000000.0,0.0,986000000.0,0.0,0.017,0.82,2204000000.0,3190000000.0,0.086,3190000000.0,2204000000.0,1972000000.0,2.04,2.03,2.04,11686000000.0,11929750000.0,11686000000.0,37846822468.0,17.0,11.864,1424000000.0,2.144,1.0,6318000000.0,0.171,7778000000.0,232000000.0,17329000000.0,17182750000.0,2516000000.0,1110000000.0,0.0,1110000000.0,19258000000.0,12152000000.0,7106000000.0,31421822468.0,-272000000.0,636000000.0,-1213000000.0,-442000000.0,-536000000.0,-2242000000.0,-538000000.0,13000000.0,2620000000.0,-109000000.0,1385000000.0,1385000000.0,1385000000.0,0.0,126000000.0,0.037,4389000000.0,1929000000.0,6042000000.0,0.402,2.689,22.687,23.196,6632000000.0,0.0,47.32,0.85,0.85,7028000000.0,9764000000.0,36975000000.0,36975000000.0,0.0,0.044,0.116,0.128,0.06,74000000.0,3570000000.0,1.0,664028370.0,664028370.0,,55.683,23439000000.0,0.0,587000000.0,0.0,35.298,907000000.0
30,JCI,MRT,2013-12-31,2013-12-31,2013-12-31,2021-08-25,400000000.0,30832000000.0,31529500000.0,12726000000.0,18106000000.0,1.193,16.83,-1231000000.0,245000000.0,245000000.0,31324000000.0,1411000000.0,1.078,1.651,6670000000.0,1804000000.0,4866000000.0,6670000000.0,0.0,973000000.0,0.0,0.015,0.79,2230000000.0,3203000000.0,0.085,3203000000.0,2230000000.0,1988000000.0,1.89,1.88,1.89,11531000000.0,11980500000.0,11531000000.0,39591754734.0,18.0,12.361,876000000.0,1.279,1.0,6286000000.0,0.167,7787000000.0,242000000.0,17667000000.0,17303750000.0,2452000000.0,1043000000.0,0.0,1043000000.0,19040000000.0,11803000000.0,7237000000.0,35148754734.0,-69000000.0,523000000.0,-1245000000.0,217000000.0,-390000000.0,-1447000000.0,-646000000.0,10000000.0,2107000000.0,-78000000.0,1288000000.0,1288000000.0,1288000000.0,0.0,123000000.0,0.034,4565000000.0,1721000000.0,5592000000.0,0.418,3.048,27.289,27.143,6665000000.0,0.0,51.3,0.935,0.935,6743000000.0,9649000000.0,37610000000.0,37610000000.0,0.0,0.041,0.108,0.129,0.059,66000000.0,3662000000.0,1.0,685160911.0,685160911.0,,54.892,23045000000.0,0.0,700000000.0,0.0,33.634,923000000.0
31,JCI,MRT,2013-09-30,2013-09-30,2013-09-30,2021-08-25,418000000.0,31518000000.0,31648250000.0,13698000000.0,17820000000.0,1.174,17.999,-1261000000.0,1055000000.0,1055000000.0,30999000000.0,1297000000.0,1.13,1.538,5498000000.0,938000000.0,4560000000.0,5498000000.0,0.0,952000000.0,0.0,0.018,0.76,2099000000.0,3051000000.0,0.082,3051000000.0,2099000000.0,1852000000.0,1.72,1.71,1.72,12314000000.0,12081000000.0,12314000000.0,34025599952.0,16.0,11.152,1425000000.0,2.083,1.0,6146000000.0,0.165,7588000000.0,247000000.0,16256000000.0,17543500000.0,2325000000.0,1024000000.0,0.0,1024000000.0,18944000000.0,12117000000.0,6827000000.0,28392599952.0,790000000.0,638000000.0,-96000000.0,-573000000.0,-513000000.0,-1214000000.0,-580000000.0,-10000000.0,2686000000.0,-98000000.0,1178000000.0,1178000000.0,1178000000.0,0.0,119000000.0,0.032,4530000000.0,1616000000.0,6318000000.0,0.442,2.306,24.102,24.128,6585000000.0,0.0,41.5,0.764,0.764,7206000000.0,9328000000.0,37145000000.0,37145000000.0,0.0,0.037,0.098,0.12,0.057,64000000.0,3627000000.0,1.0,684159035.0,684159035.0,,54.293,23930000000.0,0.0,674000000.0,0.0,34.977,1581000000.0
32,JCI,MRT,2013-06-30,2013-06-30,2013-06-30,2021-08-25,244000000.0,31820000000.0,31507250000.0,12739000000.0,19081000000.0,1.272,17.793,-1228000000.0,391000000.0,391000000.0,34337000000.0,1132000000.0,1.081,1.591,6024000000.0,1431000000.0,4593000000.0,6024000000.0,0.0,917000000.0,0.0,0.021,0.75,1393000000.0,2310000000.0,0.058,2310000000.0,1393000000.0,1139000000.0,1.5,1.49,1.5,12188000000.0,11908750000.0,12188000000.0,30704981572.0,22.0,13.292,1115000000.0,1.628,1.0,5727000000.0,0.143,8190000000.0,254000000.0,17479000000.0,17972750000.0,2470000000.0,1022000000.0,0.0,1022000000.0,19389000000.0,11784000000.0,7605000000.0,24515981572.0,-211000000.0,-99000000.0,-100000000.0,-638000000.0,-506000000.0,-1220000000.0,-1297000000.0,-23000000.0,2343000000.0,-37000000.0,1023000000.0,1023000000.0,1023000000.0,0.0,109000000.0,0.026,4788000000.0,939000000.0,6217000000.0,0.5,2.011,23.965,23.86,6569000000.0,0.0,35.79,0.612,0.612,7259000000.0,9359000000.0,40064000000.0,40064000000.0,0.0,0.032,0.086,0.078,0.035,102000000.0,4326000000.0,1.0,684995294.0,684995294.0,,58.488,23630000000.0,0.0,116000000.0,0.0,34.497,955000000.0
33,JCI,MRT,2013-03-31,2013-03-31,2013-03-31,2021-08-25,308000000.0,31948000000.0,31302750000.0,12917000000.0,19031000000.0,1.283,17.373,-1411000000.0,481000000.0,481000000.0,34442000000.0,1016000000.0,1.067,1.668,6670000000.0,2080000000.0,4590000000.0,6670000000.0,0.0,885000000.0,0.0,0.021,0.74,1409000000.0,2294000000.0,0.057,2294000000.0,1409000000.0,1163000000.0,1.33,1.32,1.33,11889000000.0,11760750000.0,11889000000.0,30133142064.0,21.0,13.136,517000000.0,0.755,1.0,5704000000.0,0.142,8223000000.0,246000000.0,17813000000.0,18189500000.0,2449000000.0,1059000000.0,0.0,1059000000.0,19825000000.0,12101000000.0,7724000000.0,23999142064.0,241000000.0,-99000000.0,-15000000.0,415000000.0,-498000000.0,-206000000.0,-1476000000.0,-19000000.0,1928000000.0,-5000000.0,904000000.0,904000000.0,904000000.0,0.0,112000000.0,0.023,4693000000.0,1011000000.0,6146000000.0,0.556,2.019,26.548,26.368,6525000000.0,0.0,35.07,0.598,0.598,7317000000.0,8937000000.0,40146000000.0,40146000000.0,0.0,0.029,0.077,0.077,0.035,87000000.0,4322000000.0,1.0,684321131.0,684321131.0,,58.665,23725000000.0,0.0,259000000.0,0.0,34.669,816000000.0
34,JCI,MRT,2012-12-31,2012-12-31,2012-12-31,2021-08-25,495000000.0,31307000000.0,31059000000.0,12903000000.0,18404000000.0,1.307,17.451,-1592000000.0,314000000.0,314000000.0,34792000000.0,1240000000.0,1.198,1.611,6448000000.0,1035000000.0,5413000000.0,6448000000.0,0.0,851000000.0,0.0,0.024,0.73,1509000000.0,2360000000.0,0.058,2360000000.0,1509000000.0,1266000000.0,1.65,1.63,1.65,11933000000.0,11687250000.0,11933000000.0,26775077085.0,18.0,11.345,362000000.0,0.529,1.0,5817000000.0,0.143,8047000000.0,243000000.0,18626000000.0,18360000000.0,2384000000.0,1015000000.0,0.0,1015000000.0,19219000000.0,10768000000.0,8451000000.0,20972077085.0,73000000.0,86000000.0,-33000000.0,487000000.0,-621000000.0,-319000000.0,-1526000000.0,-26000000.0,1954000000.0,-36000000.0,1119000000.0,1119000000.0,1119000000.0,0.0,121000000.0,0.028,4615000000.0,1202000000.0,5880000000.0,0.442,1.757,18.742,18.588,6553000000.0,0.0,30.67,0.516,0.516,7090000000.0,8842000000.0,40609000000.0,40609000000.0,0.0,0.036,0.096,0.082,0.037,72000000.0,4328000000.0,1.0,683797753.0,683797753.0,,59.387,23260000000.0,0.0,147000000.0,0.0,34.016,2135000000.0
35,JCI,MRT,2012-09-30,2012-09-30,2012-09-30,2021-08-25,458000000.0,30954000000.0,30653000000.0,12743000000.0,18211000000.0,1.325,16.998,-1773000000.0,265000000.0,265000000.0,34767000000.0,1310000000.0,1.174,1.65,6068000000.0,747000000.0,5321000000.0,6068000000.0,0.0,824000000.0,0.0,0.026,0.72,1576000000.0,2400000000.0,0.059,2400000000.0,1576000000.0,1345000000.0,1.74,1.72,1.74,11625000000.0,11488250000.0,11625000000.0,24796108134.0,16.0,10.332,-214000000.0,-0.313,1.0,5837000000.0,0.144,7929000000.0,231000000.0,17973000000.0,18060000000.0,2343000000.0,948000000.0,0.0,948000000.0,19181000000.0,10855000000.0,8326000000.0,18739108134.0,8000000.0,75000000.0,-62000000.0,922000000.0,-477000000.0,207000000.0,-1792000000.0,-100000000.0,1559000000.0,34000000.0,1184000000.0,1184000000.0,1184000000.0,0.0,126000000.0,0.029,4598000000.0,1239000000.0,6114000000.0,0.414,1.612,15.827,15.747,6440000000.0,0.0,27.4,0.462,0.462,7308000000.0,8611000000.0,40604000000.0,40604000000.0,0.0,0.039,0.103,0.087,0.039,56000000.0,4311000000.0,1.0,683909056.0,683909056.0,,59.37,23025000000.0,0.0,161000000.0,0.0,33.667,1888000000.0
36,JCI,MRT,2012-06-30,2012-06-30,2012-06-30,2021-08-25,291000000.0,31002000000.0,30333500000.0,12566000000.0,18436000000.0,1.396,17.048,-1828000000.0,602000000.0,602000000.0,36100000000.0,1696000000.0,1.162,1.661,6659000000.0,1035000000.0,5624000000.0,6659000000.0,0.0,787000000.0,0.0,0.025,0.7,2054000000.0,2841000000.0,0.067,2841000000.0,2054000000.0,1833000000.0,2.3,2.28,2.3,11596000000.0,11342500000.0,11596000000.0,24931359346.0,12.0,8.776,-476000000.0,-0.7,1.0,6251000000.0,0.148,7902000000.0,221000000.0,18346000000.0,17522250000.0,2362000000.0,1007000000.0,0.0,1007000000.0,19259000000.0,10811000000.0,8448000000.0,18848359346.0,267000000.0,-78000000.0,-4000000.0,1539000000.0,-463000000.0,877000000.0,-2016000000.0,-110000000.0,1352000000.0,54000000.0,1563000000.0,1563000000.0,1563000000.0,0.0,133000000.0,0.037,4448000000.0,1803000000.0,6062000000.0,0.304,1.625,12.059,12.048,6116000000.0,0.0,27.71,0.445,0.445,7155000000.0,8691000000.0,42351000000.0,42351000000.0,0.0,0.052,0.138,0.117,0.048,29000000.0,4396000000.0,1.0,680200626.0,680200626.0,,62.263,23100000000.0,0.0,270000000.0,0.0,33.961,1755000000.0
37,JCI,MRT,2012-03-31,2012-03-31,2012-03-31,2021-08-25,633000000.0,30973000000.0,30050250000.0,12362000000.0,18611000000.0,1.402,17.04,-1734000000.0,240000000.0,240000000.0,35874000000.0,1620000000.0,1.171,1.658,6323000000.0,678000000.0,5645000000.0,6323000000.0,0.0,773000000.0,0.0,0.021,0.68,1982000000.0,2755000000.0,0.065,2755000000.0,1982000000.0,1777000000.0,2.2,2.17,2.2,11595000000.0,11283750000.0,11595000000.0,27842892673.0,14.0,10.106,-641000000.0,-0.942,1.0,6260000000.0,0.149,8006000000.0,205000000.0,18495000000.0,16846000000.0,2374000000.0,961000000.0,0.0,961000000.0,19228000000.0,10555000000.0,8673000000.0,22100892673.0,-161000000.0,-536000000.0,8000000.0,1707000000.0,-449000000.0,1182000000.0,-2452000000.0,-182000000.0,1093000000.0,16000000.0,1489000000.0,1489000000.0,1489000000.0,0.0,131000000.0,0.035,4517000000.0,1743000000.0,6313000000.0,0.309,1.906,14.843,14.764,6086000000.0,0.0,32.48,0.525,0.525,7402000000.0,8396000000.0,42134000000.0,42134000000.0,0.0,0.05,0.132,0.118,0.047,42000000.0,4517000000.0,1.0,680446203.0,680446203.0,,61.921,22967000000.0,0.0,288000000.0,0.0,33.753,1807000000.0
38,JCI,MRT,2011-12-31,2011-12-31,2011-12-31,2021-08-25,431000000.0,29683000000.0,29474000000.0,11837000000.0,17846000000.0,1.415,16.369,-1557000000.0,241000000.0,241000000.0,35532000000.0,1588000000.0,1.172,1.653,5983000000.0,457000000.0,5526000000.0,5983000000.0,0.0,758000000.0,0.0,0.021,0.66,1928000000.0,2686000000.0,0.064,2686000000.0,1928000000.0,1740000000.0,2.16,2.13,2.16,11137000000.0,11129000000.0,11137000000.0,26157727909.0,14.0,9.739,-671000000.0,-0.986,1.0,6181000000.0,0.148,7896000000.0,188000000.0,17426000000.0,15971500000.0,2283000000.0,896000000.0,0.0,896000000.0,18405000000.0,10103000000.0,8302000000.0,21268727909.0,-80000000.0,-1142000000.0,49000000.0,2370000000.0,-435000000.0,1914000000.0,-2912000000.0,-213000000.0,886000000.0,32000000.0,1464000000.0,1464000000.0,1464000000.0,0.0,124000000.0,0.035,4481000000.0,1700000000.0,5905000000.0,0.306,1.91,14.528,14.472,5743000000.0,0.0,31.26,0.51,0.51,6888000000.0,8134000000.0,41713000000.0,41713000000.0,0.0,0.05,0.132,0.121,0.046,56000000.0,4481000000.0,1.0,680381571.0,680381571.0,,61.308,21787000000.0,0.0,276000000.0,0.0,32.022,1734000000.0
39,JCI,MRT,2011-09-30,2011-09-30,2011-09-30,2021-08-25,649000000.0,29676000000.0,28551500000.0,12015000000.0,17661000000.0,1.43,16.244,-1271000000.0,257000000.0,257000000.0,34774000000.0,1532000000.0,1.114,1.675,5146000000.0,613000000.0,4533000000.0,5146000000.0,0.0,731000000.0,0.0,0.024,0.64,1847000000.0,2578000000.0,0.063,2578000000.0,1847000000.0,1673000000.0,2.09,2.06,2.09,11042000000.0,10952500000.0,11042000000.0,22765708148.0,12.0,8.831,-195000000.0,-0.287,1.0,6059000000.0,0.148,7961000000.0,174000000.0,15822000000.0,14650750000.0,2316000000.0,811000000.0,0.0,811000000.0,18496000000.0,10782000000.0,7714000000.0,17924708148.0,-303000000.0,-1226000000.0,105000000.0,1575000000.0,-413000000.0,1239000000.0,-2637000000.0,-140000000.0,1076000000.0,19000000.0,1415000000.0,1415000000.0,1415000000.0,0.0,117000000.0,0.035,4393000000.0,1666000000.0,6159000000.0,0.306,1.623,12.668,12.617,5616000000.0,0.0,26.37,0.439,0.439,7151000000.0,7838000000.0,40833000000.0,40833000000.0,0.0,0.05,0.129,0.126,0.045,59000000.0,4393000000.0,1.0,679738648.0,679738648.0,,60.072,21715000000.0,0.0,258000000.0,0.0,31.946,1233000000.0
40,JCI,MRT,2011-06-30,2011-06-30,2011-06-30,2021-08-25,0.0,29869000000.0,27568250000.0,12558000000.0,17311000000.0,1.418,16.746,-1046000000.0,335000000.0,335000000.0,33224000000.0,1461000000.0,1.126,1.619,5176000000.0,657000000.0,4519000000.0,5176000000.0,0.0,714000000.0,0.0,0.015,0.61,1806000000.0,2520000000.0,0.064,2520000000.0,1806000000.0,1629000000.0,2.0,1.97,2.0,11361000000.0,10709750000.0,11361000000.0,32404190298.0,18.0,12.859,-567000000.0,-0.836,1.0,5861000000.0,0.15,7915000000.0,177000000.0,15641000000.0,13550250000.0,2451000000.0,952000000.0,0.0,952000000.0,18390000000.0,11154000000.0,7236000000.0,28264190298.0,-573000000.0,-1116000000.0,103000000.0,1552000000.0,-392000000.0,1263000000.0,-2316000000.0,-154000000.0,479000000.0,1000000.0,1351000000.0,1351000000.0,1351000000.0,0.0,110000000.0,0.035,4226000000.0,1635000000.0,6104000000.0,0.305,2.488,20.921,20.83,5185000000.0,0.0,41.66,0.723,0.723,7094000000.0,,39085000000.0,39085000000.0,0.0,0.049,0.126,0.133,0.046,61000000.0,4226000000.0,1.0,678449119.0,678449119.0,,57.609,21954000000.0,0.0,278000000.0,0.0,32.359,1404000000.0
41,JCI,MRT,2011-03-31,2011-03-31,2011-03-31,2021-08-25,0.0,28668000000.0,26122500000.0,12206000000.0,16462000000.0,1.426,16.204,-922000000.0,401000000.0,401000000.0,31611000000.0,1507000000.0,1.2,1.6,4541000000.0,159000000.0,4382000000.0,4541000000.0,0.0,689000000.0,0.0,0.014,0.58,1805000000.0,2494000000.0,0.067,2494000000.0,1805000000.0,1632000000.0,2.09,2.06,2.09,10976000000.0,10218250000.0,10976000000.0,31370307474.0,17.0,12.578,-376000000.0,-0.555,1.0,5650000000.0,0.152,7639000000.0,173000000.0,14997000000.0,12289750000.0,2239000000.0,864000000.0,0.0,864000000.0,17562000000.0,10172000000.0,7390000000.0,28157307474.0,-369000000.0,-675000000.0,105000000.0,972000000.0,-371000000.0,717000000.0,-1718000000.0,-121000000.0,546000000.0,86000000.0,1412000000.0,1412000000.0,1412000000.0,0.0,95000000.0,0.038,4027000000.0,1623000000.0,6082000000.0,0.278,2.565,19.941,19.89,4761000000.0,0.0,41.57,0.756,0.756,6946000000.0,,37261000000.0,37261000000.0,0.0,0.054,0.138,0.147,0.048,56000000.0,4027000000.0,1.0,677346824.0,677346824.0,,55.01,21029000000.0,0.0,220000000.0,0.0,31.046,2034000000.0
42,JCI,MRT,2010-12-31,2010-12-31,2010-12-31,2021-08-25,0.0,25993000000.0,24907750000.0,10715000000.0,15278000000.0,1.423,15.468,-799000000.0,321000000.0,321000000.0,30035000000.0,1419000000.0,1.095,1.481,3534000000.0,850000000.0,2684000000.0,3534000000.0,0.0,680000000.0,0.0,0.014,0.55,1719000000.0,2399000000.0,0.068,2399000000.0,1719000000.0,1549000000.0,1.98,1.95,1.98,10431000000.0,9818500000.0,10431000000.0,28590146850.0,17.0,11.918,-76000000.0,-0.113,1.0,5399000000.0,0.152,7274000000.0,170000000.0,12143000000.0,11169750000.0,1939000000.0,766000000.0,0.0,766000000.0,15445000000.0,9789000000.0,5656000000.0,25761146850.0,-470000000.0,-156000000.0,100000000.0,-49000000.0,-349000000.0,-288000000.0,-1063000000.0,-108000000.0,723000000.0,158000000.0,1332000000.0,1332000000.0,1332000000.0,0.0,87000000.0,0.038,3860000000.0,1539000000.0,5340000000.0,0.278,2.47,19.34,19.293,4215000000.0,0.0,38.2,0.727,0.727,6142000000.0,,35434000000.0,35434000000.0,0.0,0.053,0.136,0.154,0.049,51000000.0,3860000000.0,1.0,674375572.0,674375572.0,,52.543,18719000000.0,0.0,217000000.0,0.0,27.758,926000000.0
43,JCI,MRT,2010-09-30,2010-09-30,2010-09-30,2021-08-25,-77000000.0,25743000000.0,24360750000.0,10652000000.0,15091000000.0,1.408,14.957,-730000000.0,560000000.0,560000000.0,29084000000.0,1382000000.0,1.075,1.546,3389000000.0,737000000.0,2652000000.0,3389000000.0,0.0,691000000.0,0.0,0.017,0.52,1604000000.0,2295000000.0,0.067,2295000000.0,1604000000.0,1434000000.0,1.94,1.92,1.94,10071000000.0,9540000000.0,10071000000.0,22993010022.0,14.0,10.019,708000000.0,1.052,1.0,5221000000.0,0.152,7242000000.0,170000000.0,11420000000.0,10841500000.0,1786000000.0,728000000.0,0.0,728000000.0,15566000000.0,9910000000.0,5656000000.0,20536010022.0,-201000000.0,-61000000.0,52000000.0,-586000000.0,-339000000.0,-895000000.0,-892000000.0,-101000000.0,1438000000.0,148000000.0,1307000000.0,1307000000.0,1307000000.0,0.0,75000000.0,0.038,3796000000.0,1425000000.0,5426000000.0,0.268,2.039,15.712,15.722,4096000000.0,0.0,30.5,0.599,0.599,6095000000.0,7765000000.0,34305000000.0,34305000000.0,0.0,0.054,0.137,0.148,0.047,49000000.0,3796000000.0,1.0,673311804.0,673311804.0,,50.95,18501000000.0,0.0,127000000.0,0.0,27.478,742000000.0
44,JCI,MRT,2010-06-30,2010-06-30,2010-06-30,2021-08-25,0.0,24086000000.0,23947000000.0,10118000000.0,13968000000.0,1.384,13.966,-578000000.0,908000000.0,908000000.0,28191000000.0,1392000000.0,1.12,1.554,3365000000.0,727000000.0,2638000000.0,3365000000.0,0.0,708000000.0,0.0,0.019,0.52,1577000000.0,2285000000.0,0.069,2285000000.0,1577000000.0,1388000000.0,2.05,2.03,2.05,9395000000.0,9297250000.0,9395000000.0,20684530040.0,13.0,9.052,1336000000.0,1.986,1.0,4941000000.0,0.149,6912000000.0,189000000.0,10599000000.0,10808750000.0,1644000000.0,766000000.0,0.0,766000000.0,14604000000.0,9032000000.0,5572000000.0,18075530040.0,365000000.0,-38000000.0,49000000.0,-573000000.0,-329000000.0,-997000000.0,-717000000.0,-101000000.0,1914000000.0,165000000.0,1342000000.0,1342000000.0,1342000000.0,0.0,50000000.0,0.041,3386000000.0,1555000000.0,4874000000.0,0.254,1.924,13.469,13.107,3706000000.0,0.0,26.87,0.546,0.546,5452000000.0,,33132000000.0,33132000000.0,0.0,0.056,0.144,0.146,0.048,50000000.0,3386000000.0,1.0,672703016.0,672703016.0,,49.252,17174000000.0,0.0,46000000.0,0.0,25.53,1086000000.0
45,JCI,MRT,2010-03-31,2010-03-31,2010-03-31,2021-08-25,0.0,23809000000.0,23542000000.0,9904000000.0,13905000000.0,1.341,13.959,-473000000.0,770000000.0,770000000.0,26930000000.0,1133000000.0,1.124,1.529,3379000000.0,743000000.0,2636000000.0,3379000000.0,0.0,720000000.0,0.0,0.016,0.52,1367000000.0,2087000000.0,0.066,2087000000.0,1367000000.0,1152000000.0,1.7,1.68,1.7,9377000000.0,8993000000.0,9377000000.0,24813564438.0,18.0,11.89,1508000000.0,2.245,1.0,4641000000.0,0.147,7086000000.0,215000000.0,10517000000.0,11057250000.0,1579000000.0,770000000.0,0.0,770000000.0,14336000000.0,8815000000.0,5521000000.0,22160564438.0,459000000.0,-21000000.0,39000000.0,-598000000.0,-319000000.0,-1037000000.0,-571000000.0,-77000000.0,1981000000.0,86000000.0,1087000000.0,1087000000.0,1087000000.0,0.0,46000000.0,0.034,3278000000.0,1363000000.0,4822000000.0,0.306,2.363,20.387,19.406,3779000000.0,0.0,32.99,0.702,0.702,5431000000.0,,31571000000.0,31571000000.0,0.0,0.046,0.121,0.124,0.043,61000000.0,3278000000.0,1.0,671735812.0,671735812.0,,46.999,16723000000.0,0.0,65000000.0,0.0,24.895,1089000000.0
46,JCI,MRT,2009-12-31,2009-12-31,2009-12-31,2021-08-25,0.0,23805000000.0,23020750000.0,9676000000.0,14129000000.0,1.284,13.884,-512000000.0,791000000.0,791000000.0,25469000000.0,624000000.0,1.154,1.546,3444000000.0,367000000.0,3077000000.0,3444000000.0,0.0,735000000.0,0.0,0.019,0.52,633000000.0,1368000000.0,0.046,1368000000.0,633000000.0,415000000.0,0.96,0.95,0.96,9317000000.0,8623750000.0,9317000000.0,21485225656.0,34.0,15.706,1438000000.0,2.143,1.0,4100000000.0,0.139,7241000000.0,218000000.0,10830000000.0,11290000000.0,1571000000.0,760000000.0,0.0,760000000.0,14404000000.0,8387000000.0,6017000000.0,18280225656.0,589000000.0,-16000000.0,20000000.0,-359000000.0,-309000000.0,-815000000.0,-564000000.0,-36000000.0,1950000000.0,18000000.0,620000000.0,620000000.0,620000000.0,0.0,4000000.0,0.021,3464000000.0,636000000.0,4504000000.0,0.542,1.962,29.484,28.375,3918000000.0,0.0,27.24,0.618,0.618,5154000000.0,,29569000000.0,29569000000.0,0.0,0.027,0.072,0.056,0.021,60000000.0,3234000000.0,1.0,671080237.0,671080237.0,,44.062,16564000000.0,0.0,-205000000.0,0.0,24.683,1289000000.0
47,JCI,MRT,2009-09-30,2009-09-30,2009-09-30,2021-08-25,192000000.0,24088000000.0,22645500000.0,9826000000.0,14262000000.0,1.258,15.282,-619000000.0,761000000.0,761000000.0,24948000000.0,-350000000.0,1.127,1.638,3966000000.0,798000000.0,3168000000.0,3966000000.0,0.0,745000000.0,0.0,0.02,0.52,-67000000.0,678000000.0,0.024,678000000.0,-67000000.0,-306000000.0,-0.57,-0.57,-0.57,9100000000.0,8372750000.0,9100000000.0,19454890326.0,-290.0,28.695,206000000.0,0.346,1.0,3549000000.0,0.125,7288000000.0,239000000.0,11289000000.0,11338750000.0,1521000000.0,718000000.0,0.0,718000000.0,14904000000.0,8716000000.0,6188000000.0,15219890326.0,377000000.0,-38000000.0,8000000.0,705000000.0,-309000000.0,278000000.0,-736000000.0,-79000000.0,825000000.0,10000000.0,-338000000.0,-338000000.0,-338000000.0,0.0,-12000000.0,-0.012,3440000000.0,109000000.0,4434000000.0,-0.912,1.673,-45.029,-44.842,3986000000.0,0.0,25.56,0.534,0.534,5528000000.0,6615000000.0,28497000000.0,28497000000.0,0.0,-0.015,-0.04,-0.006,-0.002,60000000.0,3210000000.0,1.0,595457368.0,595457368.0,,47.857,16800000000.0,0.0,32000000.0,0.0,28.214,1110000000.0
48,JCI,MRT,2009-06-30,2009-06-30,2009-06-30,2021-08-25,0.0,22466000000.0,22870250000.0,8739000000.0,13727000000.0,1.309,13.762,-864000000.0,543000000.0,543000000.0,26107000000.0,-613000000.0,1.1,1.737,4778000000.0,777000000.0,4001000000.0,4778000000.0,0.0,763000000.0,0.0,0.024,0.52,-237000000.0,526000000.0,0.018,526000000.0,-237000000.0,-458000000.0,-1.05,-1.06,-1.05,8178000000.0,8453750000.0,8178000000.0,17387393555.0,-73.0,33.056,395000000.0,0.665,1.0,3830000000.0,0.128,7165000000.0,221000000.0,11593000000.0,11380250000.0,1561000000.0,713000000.0,0.0,713000000.0,14205000000.0,7943000000.0,6262000000.0,12907393555.0,287000000.0,-236000000.0,40000000.0,520000000.0,-308000000.0,249000000.0,-1168000000.0,-68000000.0,1259000000.0,-53000000.0,-622000000.0,-622000000.0,-622000000.0,0.0,9000000.0,-0.021,4024000000.0,-194000000.0,3741000000.0,-0.495,1.578,-20.751,-20.686,3969000000.0,0.0,21.72,0.431,0.431,4910000000.0,,29937000000.0,29937000000.0,0.0,-0.027,-0.074,-0.021,-0.008,52000000.0,3299000000.0,1.0,594263055.0,594263055.0,,50.377,15301000000.0,0.0,164000000.0,0.0,25.748,796000000.0
49,JCI,MRT,2009-03-31,2009-03-31,2009-03-31,2021-08-25,0.0,21724000000.0,23564500000.0,8452000000.0,13272000000.0,1.393,13.295,-958000000.0,311000000.0,311000000.0,28547000000.0,-341000000.0,1.1,1.725,4791000000.0,797000000.0,3994000000.0,4791000000.0,0.0,779000000.0,0.0,0.043,0.52,114000000.0,893000000.0,0.027,893000000.0,114000000.0,-111000000.0,-0.58,-0.59,-0.58,7900000000.0,8908250000.0,7900000000.0,11541587836.0,101.0,12.925,359000000.0,0.604,1.0,4276000000.0,0.13,7069000000.0,225000000.0,11448000000.0,11526000000.0,1648000000.0,668000000.0,0.0,668000000.0,13625000000.0,7687000000.0,5938000000.0,7130587836.0,78000000.0,-240000000.0,38000000.0,408000000.0,-308000000.0,131000000.0,-1317000000.0,-119000000.0,1317000000.0,-53000000.0,-346000000.0,-346000000.0,-346000000.0,0.0,5000000.0,-0.011,4114000000.0,162000000.0,3540000000.0,-0.897,0.903,-20.609,-20.69,3949000000.0,0.0,12.0,0.217,0.217,4745000000.0,,32823000000.0,32823000000.0,0.0,-0.015,-0.039,0.01,0.003,43000000.0,3389000000.0,1.0,594215653.0,594215653.0,,55.238,14655000000.0,0.0,235000000.0,0.0,24.663,765000000.0
50,JCI,MRT,2008-12-31,2008-12-31,2008-12-31,2021-08-25,0.0,22304000000.0,24288250000.0,8717000000.0,13587000000.0,1.479,13.991,-912000000.0,202000000.0,202000000.0,31010000000.0,160000000.0,1.021,1.655,4613000000.0,1437000000.0,3176000000.0,4613000000.0,0.0,782000000.0,0.0,0.029,0.52,880000000.0,1662000000.0,0.046,1662000000.0,880000000.0,635000000.0,0.24,0.22,0.24,8313000000.0,9332000000.0,8313000000.0,14350290840.0,16.0,8.634,521000000.0,0.877,1.0,4904000000.0,0.137,7149000000.0,245000000.0,11025000000.0,11663250000.0,1935000000.0,703000000.0,0.0,703000000.0,13762000000.0,8541000000.0,5221000000.0,10790290840.0,-205000000.0,-273000000.0,0.0,125000000.0,-309000000.0,-204000000.0,-1381000000.0,-196000000.0,1433000000.0,-53000000.0,136000000.0,136000000.0,136000000.0,0.0,24000000.0,0.004,3969000000.0,935000000.0,3779000000.0,2.167,1.298,79.34,75.667,4115000000.0,0.0,18.16,0.3,0.3,5063000000.0,,35914000000.0,35914000000.0,0.0,0.006,0.015,0.075,0.025,48000000.0,3474000000.0,1.0,594179011.0,594179011.0,,60.443,15155000000.0,0.0,499000000.0,0.0,25.506,176000000.0
51,JCI,MRT,2008-09-30,2008-09-30,2008-09-30,2021-08-25,671000000.0,24987000000.0,24663000000.0,10676000000.0,14311000000.0,1.543,15.871,-801000000.0,384000000.0,384000000.0,32536000000.0,1003000000.0,1.088,1.651,3944000000.0,743000000.0,3201000000.0,3944000000.0,0.0,783000000.0,0.0,0.017,0.52,1558000000.0,2341000000.0,0.062,2341000000.0,1558000000.0,1300000000.0,1.65,1.63,1.65,9424000000.0,9521250000.0,9424000000.0,21882150771.0,14.0,9.347,1127000000.0,1.898,1.0,5526000000.0,0.145,7282000000.0,258000000.0,11455000000.0,11767500000.0,2099000000.0,863000000.0,0.0,863000000.0,15563000000.0,9810000000.0,5753000000.0,18009150771.0,-290000000.0,-277000000.0,-35000000.0,-522000000.0,-297000000.0,-895000000.0,-1270000000.0,-192000000.0,1928000000.0,-53000000.0,979000000.0,979000000.0,979000000.0,0.0,24000000.0,0.026,4060000000.0,1466000000.0,5225000000.0,0.315,1.911,18.395,18.382,4389000000.0,0.0,30.33,0.473,0.473,6472000000.0,7300000000.0,38062000000.0,38062000000.0,0.0,0.04,0.103,0.132,0.041,48000000.0,3565000000.0,1.0,593773517.0,593773517.0,,64.102,17705000000.0,0.0,321000000.0,0.0,29.818,866000000.0
52,JCI,MRT,2008-06-30,2008-06-30,2008-06-30,2021-08-25,0.0,25243000000.0,24442500000.0,11093000000.0,14150000000.0,1.545,16.845,-736000000.0,256000000.0,256000000.0,32239000000.0,1429000000.0,1.139,1.525,4129000000.0,882000000.0,3247000000.0,4129000000.0,0.0,745000000.0,0.0,0.017,0.5,2091000000.0,2836000000.0,0.075,2836000000.0,2091000000.0,1819000000.0,2.42,2.37,2.42,9996000000.0,9392000000.0,9996000000.0,21104219206.0,10.0,7.442,1358000000.0,2.288,1.0,5527000000.0,0.146,7204000000.0,272000000.0,12176000000.0,11660000000.0,2292000000.0,859000000.0,0.0,859000000.0,15247000000.0,9736000000.0,5511000000.0,17019219206.0,67000000.0,-19000000.0,31000000.0,-559000000.0,-220000000.0,-898000000.0,-1190000000.0,-435000000.0,2094000000.0,61000000.0,1429000000.0,1429000000.0,1429000000.0,3000000.0,0.0,0.038,3501000000.0,2026000000.0,5179000000.0,0.207,1.703,11.91,11.851,4385000000.0,0.0,28.68,0.451,0.451,6647000000.0,,37766000000.0,37766000000.0,0.0,0.058,0.152,0.179,0.055,55000000.0,3501000000.0,1.0,593417685.0,593417685.0,,63.642,18039000000.0,0.0,390000000.0,207000000.0,30.398,1357000000.0
53,JCI,MRT,2008-03-31,2008-03-31,2008-03-31,2021-08-25,0.0,24619000000.0,23951500000.0,10609000000.0,14010000000.0,1.537,16.159,-637000000.0,233000000.0,233000000.0,31386000000.0,1386000000.0,1.115,1.566,4318000000.0,1017000000.0,3301000000.0,4318000000.0,0.0,743000000.0,0.0,0.014,0.48,2035000000.0,2778000000.0,0.075,2778000000.0,2035000000.0,1761000000.0,2.35,2.3,2.35,9595000000.0,8970250000.0,9595000000.0,23986429245.0,12.0,8.634,1145000000.0,1.928,1.0,5426000000.0,0.147,7194000000.0,274000000.0,11997000000.0,11484500000.0,2209000000.0,854000000.0,0.0,854000000.0,15024000000.0,9513000000.0,5511000000.0,20069429245.0,61000000.0,-32000000.0,28000000.0,-420000000.0,-208000000.0,-686000000.0,-1096000000.0,-427000000.0,1782000000.0,61000000.0,1386000000.0,1386000000.0,1386000000.0,3000000.0,0.0,0.038,3455000000.0,1971000000.0,5238000000.0,0.204,2.092,14.48,14.383,4324000000.0,0.0,33.8,0.545,0.545,6451000000.0,,36812000000.0,36812000000.0,0.0,0.058,0.155,0.177,0.055,56000000.0,3455000000.0,1.0,593770096.0,593770096.0,,61.997,17425000000.0,0.0,375000000.0,90000000.0,29.346,1096000000.0
54,JCI,MRT,2007-12-31,2007-12-31,2007-12-31,2021-08-25,0.0,23803000000.0,23418500000.0,10229000000.0,13574000000.0,1.533,15.274,-701000000.0,407000000.0,407000000.0,30589000000.0,1325000000.0,1.106,1.624,4324000000.0,1075000000.0,3249000000.0,4324000000.0,0.0,737000000.0,0.0,0.013,0.46,1913000000.0,2650000000.0,0.074,2650000000.0,1913000000.0,1636000000.0,2.25,2.2,2.25,9070000000.0,8525250000.0,9070000000.0,25145106223.0,13.0,9.489,1238000000.0,2.085,1.0,5309000000.0,0.148,7026000000.0,277000000.0,11442000000.0,11324500000.0,2070000000.0,812000000.0,0.0,812000000.0,14733000000.0,9252000000.0,5481000000.0,21401106223.0,155000000.0,46000000.0,50000000.0,-601000000.0,-256000000.0,-826000000.0,-1019000000.0,-364000000.0,1939000000.0,61000000.0,1325000000.0,1325000000.0,1325000000.0,37000000.0,0.0,0.037,3428000000.0,1881000000.0,4933000000.0,0.204,2.36,16.152,16.018,4214000000.0,0.0,36.04,0.596,0.596,6180000000.0,,35898000000.0,35898000000.0,0.0,0.057,0.155,0.169,0.053,53000000.0,3428000000.0,1.0,593815378.0,593815378.0,,60.453,16777000000.0,0.0,311000000.0,108000000.0,28.253,977000000.0
55,JCI,MRT,2007-09-30,2007-09-30,2007-09-30,2021-08-25,782000000.0,24105000000.0,23016750000.0,10872000000.0,13233000000.0,1.504,15.009,-747000000.0,674000000.0,674000000.0,29548000000.0,1252000000.0,1.096,1.706,4418000000.0,1163000000.0,3255000000.0,4418000000.0,0.0,732000000.0,0.0,0.011,0.44,1829000000.0,2561000000.0,0.074,2561000000.0,1829000000.0,1552000000.0,2.12,2.09,2.12,8907000000.0,8152250000.0,8907000000.0,27792194098.0,15.0,10.852,1166000000.0,1.965,1.0,5076000000.0,0.147,6904000000.0,277000000.0,11025000000.0,11464500000.0,1968000000.0,795000000.0,0.0,795000000.0,15198000000.0,9920000000.0,5278000000.0,23364194098.0,381000000.0,72000000.0,78000000.0,-433000000.0,-195000000.0,-542000000.0,-1051000000.0,-376000000.0,1913000000.0,61000000.0,1252000000.0,1252000000.0,1252000000.0,43000000.0,0.0,0.036,3281000000.0,1795000000.0,5365000000.0,0.208,2.623,18.661,18.571,4208000000.0,0.0,39.37,0.675,0.675,6600000000.0,6698000000.0,34624000000.0,34624000000.0,0.0,0.054,0.154,0.16,0.053,48000000.0,3281000000.0,1.0,593451717.0,593451717.0,,58.343,17201000000.0,0.0,300000000.0,97000000.0,28.985,952000000.0
56,JCI,MRT,2007-06-30,2007-06-30,2007-06-30,2021-08-25,0.0,23279000000.0,22470750000.0,10147000000.0,13132000000.0,1.503,14.038,-733000000.0,189000000.0,189000000.0,28865000000.0,1146000000.0,1.082,1.802,4617000000.0,1360000000.0,3257000000.0,4617000000.0,0.0,749000000.0,0.0,0.011,0.423,1708000000.0,2457000000.0,0.073,2457000000.0,1708000000.0,1422000000.0,1.953,1.917,1.953,8309000000.0,7764250000.0,8309000000.0,27290484442.0,16.0,11.107,469000000.0,0.792,1.0,4898000000.0,0.145,6852000000.0,286000000.0,11474000000.0,11587250000.0,1968000000.0,609000000.0,0.0,609000000.0,14970000000.0,9381000000.0,5589000000.0,22841484442.0,-191000000.0,-51000000.0,78000000.0,-494000000.0,-250000000.0,-697000000.0,-736000000.0,48000000.0,1202000000.0,40000000.0,1146000000.0,1146000000.0,1146000000.0,41000000.0,0.0,0.034,3227000000.0,1671000000.0,4760000000.0,0.217,2.749,19.931,19.759,4071000000.0,0.0,38.59,0.677,0.677,6352000000.0,,33763000000.0,33763000000.0,0.0,0.051,0.148,0.147,0.051,97000000.0,3227000000.0,1.0,591901644.0,591901644.0,,57.042,16427000000.0,0.0,276000000.0,106000000.0,27.753,766000000.0
57,JCI,MRT,2007-03-31,2007-03-31,2007-03-31,2021-08-25,0.0,22487000000.0,22165000000.0,9443000000.0,13044000000.0,1.5,13.257,-797000000.0,172000000.0,172000000.0,28516000000.0,1088000000.0,1.076,1.877,4621000000.0,1057000000.0,3564000000.0,4621000000.0,0.0,733000000.0,0.0,0.013,0.407,1436000000.0,2169000000.0,0.065,2169000000.0,1436000000.0,1147000000.0,1.86,1.827,1.86,7815000000.0,7414250000.0,7815000000.0,23229403642.0,16.0,10.71,841000000.0,1.427,1.0,4726000000.0,0.142,6802000000.0,289000000.0,11357000000.0,11586000000.0,1847000000.0,600000000.0,0.0,600000000.0,14672000000.0,8777000000.0,5895000000.0,18592403642.0,18000000.0,-45000000.0,81000000.0,-712000000.0,-239000000.0,-911000000.0,-749000000.0,93000000.0,1638000000.0,40000000.0,1088000000.0,1088000000.0,1088000000.0,39000000.0,0.0,0.033,3329000000.0,1397000000.0,4555000000.0,0.219,2.379,17.089,16.957,4056000000.0,0.0,31.54,0.559,0.559,5933000000.0,,33242000000.0,33242000000.0,0.0,0.049,0.147,0.124,0.043,86000000.0,3132000000.0,1.0,589486482.0,589486482.0,,56.391,15685000000.0,0.0,59000000.0,128000000.0,26.608,666000000.0
58,JCI,MRT,2006-12-31,2006-12-31,2006-12-31,2021-08-25,0.0,22196000000.0,21841250000.0,9283000000.0,12913000000.0,1.507,12.902,-781000000.0,252000000.0,252000000.0,28336000000.0,1025000000.0,1.155,1.929,4889000000.0,634000000.0,4255000000.0,4889000000.0,0.0,726000000.0,0.0,0.014,0.39,1398000000.0,2124000000.0,0.065,2124000000.0,1398000000.0,1103000000.0,1.753,1.727,1.753,7578000000.0,7059250000.0,7578000000.0,21272023336.0,15.0,10.015,773000000.0,1.316,1.0,4581000000.0,0.139,6795000000.0,295000000.0,12002000000.0,11576500000.0,1784000000.0,569000000.0,0.0,569000000.0,14618000000.0,8036000000.0,6582000000.0,16822023336.0,84000000.0,-102000000.0,97000000.0,-556000000.0,-218000000.0,-697000000.0,-813000000.0,70000000.0,1554000000.0,40000000.0,1025000000.0,1025000000.0,1025000000.0,2000000.0,0.0,0.031,3252000000.0,1329000000.0,3969000000.0,0.222,2.22,16.412,16.338,4030000000.0,0.0,28.64,0.511,0.511,5648000000.0,,32917000000.0,32917000000.0,0.0,0.047,0.145,0.121,0.042,76000000.0,3055000000.0,1.0,587361150.0,587361150.0,,56.042,15401000000.0,0.0,78000000.0,192000000.0,26.221,1247000000.0
59,JCI,MRT,2006-09-30,2006-09-30,2006-09-30,2021-08-25,366000000.0,21921000000.0,21579250000.0,9264000000.0,12657000000.0,1.494,12.536,-621000000.0,293000000.0,293000000.0,27806000000.0,1028000000.0,1.137,1.98,4743000000.0,577000000.0,4166000000.0,4743000000.0,0.0,705000000.0,0.0,0.016,0.373,1364000000.0,2069000000.0,0.064,2069000000.0,1364000000.0,1091000000.0,1.76,1.74,1.76,7355000000.0,6700750000.0,7355000000.0,18662856325.0,14.0,9.02,796000000.0,1.357,1.0,4429000000.0,0.137,6709000000.0,273000000.0,11516000000.0,11369250000.0,1731000000.0,463000000.0,0.0,463000000.0,14566000000.0,8146000000.0,6420000000.0,14029856325.0,122000000.0,-2629000000.0,97000000.0,1849000000.0,-218000000.0,1741000000.0,-3076000000.0,174000000.0,1417000000.0,40000000.0,1028000000.0,1028000000.0,1028000000.0,-2000000.0,0.0,0.032,3130000000.0,1299000000.0,4216000000.0,0.212,1.908,13.648,13.587,3968000000.0,0.0,23.913,0.435,0.435,5697000000.0,5715000000.0,32235000000.0,32235000000.0,0.0,0.048,0.153,0.12,0.042,61000000.0,2933000000.0,1.0,586696053.0,586696053.0,,54.943,15212000000.0,0.0,63000000.0,229000000.0,25.928,1118000000.0
60,JCI,MRT,2006-06-30,2006-06-30,2006-06-30,2021-08-25,0.0,22056000000.0,20135000000.0,9344000000.0,12712000000.0,1.539,11.813,-675000000.0,380000000.0,380000000.0,26854000000.0,951000000.0,1.076,2.192,5013000000.0,833000000.0,4180000000.0,5013000000.0,0.0,691000000.0,0.0,0.013,0.363,1244000000.0,1935000000.0,0.062,1935000000.0,1244000000.0,1024000000.0,1.637,1.62,1.637,6909000000.0,6376500000.0,6909000000.0,21088673664.0,17.0,10.899,561000000.0,0.959,1.0,4131000000.0,0.133,6537000000.0,220000000.0,11469000000.0,10353250000.0,1740000000.0,488000000.0,0.0,488000000.0,15147000000.0,8683000000.0,6464000000.0,16029673664.0,-5000000.0,-2827000000.0,66000000.0,2240000000.0,-211000000.0,2172000000.0,-3442000000.0,60000000.0,1236000000.0,29000000.0,951000000.0,951000000.0,951000000.0,-139000000.0,0.0,0.031,2933000000.0,1198000000.0,4315000000.0,0.222,2.32,16.856,16.742,3970000000.0,0.0,27.407,0.517,0.517,5686000000.0,,30985000000.0,30985000000.0,0.0,0.047,0.149,0.12,0.04,35000000.0,2736000000.0,1.0,584882208.0,584882208.0,,52.976,15519000000.0,0.0,73000000.0,239000000.0,26.534,661000000.0
61,JCI,MRT,2006-03-31,2006-03-31,2006-03-31,2021-08-25,0.0,21192000000.0,18411250000.0,8920000000.0,12272000000.0,1.611,10.978,-599000000.0,154000000.0,154000000.0,25838000000.0,868000000.0,1.052,2.314,5213000000.0,1028000000.0,4185000000.0,5213000000.0,0.0,664000000.0,0.0,0.014,0.353,1320000000.0,1984000000.0,0.067,1984000000.0,1320000000.0,1146000000.0,1.503,1.487,1.503,6395000000.0,6093500000.0,6395000000.0,19902471380.0,15.0,10.031,308000000.0,0.529,1.0,3819000000.0,0.129,6456000000.0,174000000.0,11319000000.0,9185000000.0,1598000000.0,470000000.0,0.0,470000000.0,14797000000.0,8476000000.0,6321000000.0,14743571380.0,-91000000.0,-2889000000.0,66000000.0,2465000000.0,-205000000.0,2401000000.0,-3428000000.0,60000000.0,907000000.0,29000000.0,868000000.0,868000000.0,868000000.0,-137000000.0,0.0,0.029,2532000000.0,1287000000.0,4270000000.0,0.235,2.305,16.986,16.84,3950000000.0,0.0,25.31,0.497,0.497,5671000000.0,,29657000000.0,29657000000.0,0.0,0.047,0.142,0.144,0.045,35000000.0,2532000000.0,1.0,582519612.0,582519612.0,,50.912,14736000000.0,0.0,278000000.0,216000000.0,25.297,444000000.0
62,JCI,MRT,2005-12-31,2005-12-31,2005-12-31,2021-08-25,0.0,21148000000.0,16917000000.0,8934000000.0,12214000000.0,1.678,10.613,-551000000.0,168000000.0,168000000.0,24791000000.0,906000000.0,1.024,2.442,5327000000.0,1325000000.0,4002000000.0,5327000000.0,0.0,642000000.0,0.0,0.014,0.343,1240000000.0,1882000000.0,0.066,1882000000.0,1240000000.0,1110000000.0,1.573,1.553,1.573,6144000000.0,5917750000.0,6144000000.0,16240750022.0,13.0,8.63,171000000.0,0.295,1.0,3598000000.0,0.127,6413000000.0,130000000.0,11173000000.0,8129000000.0,1579000000.0,437000000.0,0.0,437000000.0,15004000000.0,8721000000.0,6283000000.0,14069650022.0,60000000.0,-2180000000.0,66000000.0,2056000000.0,-192000000.0,1944000000.0,-2635000000.0,96000000.0,722000000.0,29000000.0,906000000.0,906000000.0,906000000.0,-138000000.0,0.0,0.032,2532000000.0,1066000000.0,4096000000.0,0.218,2.29,15.529,15.45,3971000000.0,0.0,24.303,0.496,0.496,5691000000.0,,28389000000.0,28389000000.0,0.0,0.054,0.153,0.153,0.044,35000000.0,2322000000.0,1.0,578918610.0,578918610.0,,49.038,14735000000.0,0.0,204000000.0,138000000.0,25.453,213000000.0
63,JCI,MRT,2005-09-30,2005-09-30,2005-09-30,2021-08-25,60000000.0,16144000000.0,15468700000.0,7139000000.0,9005000000.0,1.776,10.488,-625000000.0,171000000.0,171000000.0,23997000000.0,909000000.0,1.044,1.665,2342000000.0,765000000.0,1577000000.0,2342000000.0,0.0,639000000.0,0.0,0.016,0.333,1227000000.0,1866000000.0,0.068,1866000000.0,1227000000.0,1114000000.0,1.58,1.56,1.58,6058000000.0,5777150000.0,6058000000.0,13807667125.0,11.0,7.4,252000000.0,0.436,1.0,3482000000.0,0.127,4022000000.0,113000000.0,7452000000.0,7226875000.0,983000000.0,445000000.0,0.0,445000000.0,10086000000.0,6841000000.0,3245000000.0,11947167125.0,72000000.0,351000000.0,66000000.0,-334000000.0,-192000000.0,-496000000.0,-338000000.0,-64000000.0,877000000.0,29000000.0,909000000.0,909000000.0,909000000.0,-152000000.0,0.0,0.033,2438000000.0,1044000000.0,3938000000.0,0.211,1.972,13.143,13.091,3581000000.0,0.0,20.683,0.435,0.435,4987000000.0,4905000000.0,27479000000.0,27479000000.0,0.0,0.059,0.157,0.17,0.045,35000000.0,2228000000.0,1.0,577623000.0,577623000.0,,47.573,12122000000.0,0.0,205000000.0,44000000.0,20.986,298000000.0
64,JCI,MRT,2005-06-30,2005-06-30,2005-06-30,2021-08-25,0.0,15161000000.0,15122300000.0,6725000000.0,8436000000.0,1.773,10.028,-565600000.0,385000000.0,385000000.0,23442300000.0,899900000.0,1.071,1.624,2246000000.0,614000000.0,1632000000.0,2246000000.0,0.0,642300000.0,0.0,0.017,0.325,1180300000.0,1822600000.0,0.068,1822600000.0,1180300000.0,1070900000.0,1.573,1.543,1.573,5777000000.0,5564225000.0,5777000000.0,12733297222.0,11.0,6.986,723100000.0,1.255,1.0,3368900000.0,0.126,3944000000.0,109400000.0,6796000000.0,7126850000.0,915000000.0,420000000.0,0.0,420000000.0,9384000000.0,6282000000.0,3102000000.0,10817497222.0,342900000.0,197500000.0,59000000.0,-100100000.0,-186700000.0,-253400000.0,-640500000.0,-272400000.0,1288700000.0,6000000.0,899700000.0,899700000.0,899700000.0,-35000000.0,200000.0,0.034,2374000000.0,994900000.0,3544000000.0,0.207,1.873,12.023,11.937,3294000000.0,0.0,18.777,0.403,0.403,4529000000.0,,26811200000.0,26811200000.0,0.0,0.059,0.162,0.166,0.044,0.0,2164000000.0,1.0,576113721.0,576113721.0,,46.538,11217000000.0,0.0,171200000.0,27000000.0,19.47,443000000.0
65,JCI,MRT,2005-03-31,2005-03-31,2005-03-31,2021-08-25,0.0,15215000000.0,14751500000.0,6599000000.0,8616000000.0,1.764,9.925,-637800000.0,245000000.0,245000000.0,22713900000.0,867200000.0,1.068,1.673,2266000000.0,601000000.0,1665000000.0,2266000000.0,0.0,630400000.0,0.0,0.017,0.317,1132000000.0,1762400000.0,0.068,1762400000.0,1132000000.0,1026200000.0,1.52,1.49,1.52,5692000000.0,5349375000.0,5692000000.0,13207082553.0,12.0,7.494,704600000.0,1.229,1.0,3311300000.0,0.127,3961000000.0,105800000.0,7095000000.0,7151300000.0,890000000.0,423000000.0,0.0,423000000.0,9523000000.0,6180000000.0,3343000000.0,10659882553.0,74800000.0,270500000.0,59000000.0,-402200000.0,-181300000.0,-573400000.0,-639700000.0,-272400000.0,1342400000.0,6000000.0,867000000.0,867000000.0,867000000.0,-48000000.0,200000.0,0.033,2365100000.0,946200000.0,3605000000.0,0.209,1.873,12.295,12.228,3384000000.0,0.0,18.587,0.41,0.41,4522000000.0,,26025200000.0,26025200000.0,0.0,0.059,0.162,0.158,0.043,0.0,2155100000.0,1.0,573522990.0,573522990.0,,45.378,11254000000.0,0.0,159200000.0,0.0,19.623,419000000.0
66,JCI,MRT,2004-12-31,2004-12-31,2004-12-31,2021-08-25,0.0,15354800000.0,14413700000.0,6575200000.0,8779600000.0,1.752,9.774,-682800000.0,107900000.0,107900000.0,21975000000.0,821900000.0,1.018,1.751,2787800000.0,1119300000.0,1668500000.0,2787800000.0,0.0,612400000.0,0.0,0.015,0.308,1176900000.0,1789300000.0,0.071,1789300000.0,1176900000.0,1075400000.0,1.443,1.417,1.443,5581600000.0,5118700000.0,5581600000.0,14576763943.0,12.0,8.147,778200000.0,1.363,1.0,3273100000.0,0.13,4012400000.0,101500000.0,7564500000.0,7137450000.0,913500000.0,464500000.0,0.0,464500000.0,9773200000.0,6457800000.0,3315400000.0,12075563943.0,-105400000.0,-416500000.0,59000000.0,19700000.0,-169200000.0,-118200000.0,-1393900000.0,-294600000.0,1461000000.0,6000000.0,821700000.0,821700000.0,821700000.0,-54200000.0,200000.0,0.033,2147700000.0,1125400000.0,3358900000.0,0.213,2.163,14.696,14.655,3477100000.0,0.0,21.147,0.478,0.478,4110500000.0,,25248100000.0,25248100000.0,0.0,0.057,0.161,0.165,0.047,0.0,2149700000.0,1.0,571038558.0,571038558.0,,44.214,11342400000.0,0.0,253700000.0,14700000.0,19.863,117400000.0
67,JCI,MRT,2004-09-30,2004-09-30,2004-09-30,2021-08-25,0.0,14758400000.0,13922375000.0,6350500000.0,8407900000.0,1.767,9.122,-766000000.0,99200000.0,99200000.0,21325000000.0,818000000.0,0.989,1.835,2670600000.0,1040000000.0,1630600000.0,2670600000.0,197200000.0,594000000.0,0.0,0.016,0.3,1165000000.0,1759000000.0,0.071,1759000000.0,1165000000.0,1067000000.0,1.45,1.413,1.45,5206300000.0,4868700000.0,5206300000.0,12959405255.0,11.0,7.367,641000000.0,1.123,1.0,3278000000.0,0.133,3857100000.0,98000000.0,7051900000.0,6964900000.0,858300000.0,447600000.0,0.0,447600000.0,9552100000.0,6420800000.0,3131300000.0,10808105255.0,15000000.0,-420000000.0,59000000.0,147000000.0,-171000000.0,10000000.0,-1408000000.0,-222000000.0,1407000000.0,6000000.0,816000000.0,816000000.0,816000000.0,-51000000.0,2000000.0,0.033,2143000000.0,1135000000.0,3425300000.0,0.207,2.076,13.245,13.06,3333900000.0,0.0,18.937,0.439,0.439,4087700000.0,4187900000.0,24603000000.0,24603000000.0,0.0,0.059,0.168,0.167,0.047,0.0,2145000000.0,1.0,570750045.0,570750045.0,,43.106,10901300000.0,0.0,251000000.0,48600000.0,19.1,-70300000.0
68,JCI,MRT,2004-06-30,2004-06-30,2004-06-30,2021-08-25,0.0,13677800000.0,13514600000.0,5919800000.0,7758000000.0,1.705,8.626,-735500000.0,41700000.0,41700000.0,19913300000.0,764800000.0,1.053,1.781,2275200000.0,440500000.0,1834700000.0,2275200000.0,195300000.0,534900000.0,0.0,0.016,0.285,1091300000.0,1626200000.0,0.071,1626200000.0,1091300000.0,985000000.0,1.373,1.33,1.373,4917600000.0,4632450000.0,4917600000.0,12496189610.0,11.0,7.684,563000000.0,0.988,1.0,3132900000.0,0.136,3395300000.0,106300000.0,6893800000.0,6772525000.0,817400000.0,562100000.0,0.0,562100000.0,8760200000.0,5622200000.0,3138000000.0,10143589610.0,-96800000.0,-153200000.0,0.0,-334300000.0,-162100000.0,-452200000.0,-943900000.0,-49200000.0,1298500000.0,9300000.0,761300000.0,761300000.0,761300000.0,-66500000.0,3500000.0,0.033,2130000000.0,1002900000.0,3277000000.0,0.208,2.063,13.324,12.959,3014600000.0,0.0,17.793,0.44,0.44,3766900000.0,,23046200000.0,23046200000.0,0.0,0.056,0.164,0.161,0.047,0.0,2132000000.0,1.0,570078204.0,570078204.0,,40.426,10282500000.0,0.0,223700000.0,61500000.0,18.037,297600000.0
69,JCI,MRT,2004-03-31,2004-03-31,2004-03-31,2021-08-25,0.0,13863800000.0,13320250000.0,6062000000.0,7801800000.0,1.706,8.431,-746800000.0,169800000.0,169800000.0,19603900000.0,732500000.0,1.045,1.907,2578600000.0,689700000.0,1888900000.0,2578600000.0,205200000.0,539700000.0,0.0,0.014,0.27,1069000000.0,1608700000.0,0.071,1608700000.0,1069000000.0,960600000.0,1.333,1.28,1.333,4769300000.0,4433175000.0,4769300000.0,13529297558.0,13.0,8.41,278900000.0,0.493,1.0,3126200000.0,0.138,3430400000.0,108400000.0,7039600000.0,6436100000.0,783700000.0,576800000.0,0.0,576800000.0,9094500000.0,5802600000.0,3291900000.0,11152797558.0,6900000.0,-190600000.0,0.0,40400000.0,-153600000.0,-68000000.0,-954200000.0,-10800000.0,1025700000.0,9300000.0,727200000.0,727200000.0,727200000.0,-53500000.0,5300000.0,0.032,2126300000.0,999900000.0,3298800000.0,0.203,2.338,15.337,14.791,3010000000.0,0.0,19.717,0.491,0.491,3764100000.0,,22730100000.0,22730100000.0,0.0,0.055,0.164,0.166,0.047,0.0,2128300000.0,1.0,565653204.0,565653204.0,,40.184,10433400000.0,0.0,233400000.0,0.0,18.445,259400000.0
70,JCI,MRT,2003-12-31,2003-12-31,2003-12-31,2021-08-25,0.0,13389500000.0,12861775000.0,5726300000.0,7663200000.0,1.719,8.455,-714200000.0,213000000.0,213000000.0,19011700000.0,707000000.0,1.026,1.922,2678900000.0,848300000.0,1830600000.0,2678900000.0,204400000.0,534700000.0,0.0,0.013,0.255,1052700000.0,1587400000.0,0.072,1587400000.0,1052700000.0,941500000.0,1.3,1.24,1.3,4581600000.0,4192375000.0,4581600000.0,12706283172.0,12.0,8.004,265600000.0,0.49,1.0,3099600000.0,0.14,3398800000.0,111200000.0,6874300000.0,5990950000.0,781100000.0,545200000.0,0.0,545200000.0,8807900000.0,5582300000.0,3225600000.0,10487483172.0,-23400000.0,-202400000.0,0.0,28400000.0,-136500000.0,-81400000.0,-925000000.0,-2400000.0,979800000.0,9300000.0,699800000.0,699800000.0,699800000.0,-43300000.0,7200000.0,0.032,2084600000.0,1015000000.0,3033500000.0,0.196,2.289,14.986,14.887,2964700000.0,0.0,19.353,0.474,0.474,3607100000.0,,22111300000.0,22111300000.0,0.0,0.054,0.167,0.176,0.048,0.0,2084600000.0,1.0,541895538.0,541895538.0,,40.804,9990700000.0,0.0,241700000.0,94400000.0,18.437,144000000.0
71,JCI,MRT,2003-09-30,2003-09-30,2003-09-30,2021-08-25,-106900000.0,13127300000.0,12458400000.0,5620300000.0,7507000000.0,1.699,7.932,-599800000.0,136100000.0,136100000.0,18143000000.0,682900000.0,1.006,2.081,2354900000.0,578300000.0,1776600000.0,2354900000.0,186200000.0,528200000.0,0.0,0.015,0.24,1062400000.0,1590600000.0,0.075,1590600000.0,1062400000.0,949200000.0,1.26,1.2,1.26,4261300000.0,3962900000.0,4261300000.0,10706558278.0,10.0,6.731,211600000.0,0.394,1.0,3028300000.0,0.143,3479600000.0,113200000.0,6282400000.0,5560800000.0,825900000.0,408100000.0,0.0,408100000.0,8866000000.0,5584100000.0,3281900000.0,8470258278.0,-62900000.0,-384700000.0,0.0,186900000.0,-136300000.0,77600000.0,-955100000.0,29400000.0,811400000.0,9300000.0,675700000.0,675700000.0,675700000.0,-38000000.0,7200000.0,0.032,2000300000.0,1028000000.0,3329300000.0,0.19,1.988,12.536,12.513,2963400000.0,0.0,15.767,0.4,0.4,3862100000.0,3541100000.0,21171300000.0,21171300000.0,0.0,0.054,0.171,0.191,0.05,0.0,2000300000.0,1.0,537225570.0,537225570.0,,39.409,9647700000.0,0.0,273500000.0,58700000.0,17.958,36200000.0
72,JCI,MRT,2003-06-30,2003-06-30,2003-06-30,2021-08-25,0.0,12900400000.0,11967900000.0,5619900000.0,7280500000.0,1.827,7.702,-582700000.0,253700000.0,253700000.0,18738700000.0,653100000.0,0.907,2.131,2490000000.0,1195100000.0,1294900000.0,2490000000.0,199900000.0,551700000.0,0.0,0.016,0.235,1094500000.0,1646200000.0,0.075,1646200000.0,1094500000.0,979000000.0,1.207,1.152,1.207,4120500000.0,3772500000.0,4120500000.0,9720835666.0,9.0,5.905,216800000.0,0.405,1.0,3125800000.0,0.143,3394100000.0,115500000.0,5548100000.0,5257900000.0,877600000.0,395100000.0,0.0,395100000.0,8779900000.0,6194500000.0,2585400000.0,7632335666.0,46900000.0,-269500000.0,0.0,168300000.0,-133400000.0,46400000.0,-791000000.0,61200000.0,799500000.0,-8000000.0,645800000.0,645800000.0,645800000.0,0.0,7300000.0,0.03,1979900000.0,1145900000.0,3170000000.0,0.195,1.852,11.818,11.82,2861000000.0,0.0,14.267,0.349,0.349,3715000000.0,,21864500000.0,21864500000.0,0.0,0.054,0.171,0.208,0.05,0.0,1979900000.0,1.0,534976674.0,534976674.0,,40.87,9506300000.0,0.0,333200000.0,82300000.0,17.77,-574600000.0
73,JCI,MRT,2003-03-31,2003-03-31,2003-03-31,2021-08-25,0.0,12029900000.0,11471350000.0,5244200000.0,6785700000.0,1.845,7.129,-492100000.0,278100000.0,278100000.0,18123500000.0,638400000.0,0.948,2.161,2366600000.0,840800000.0,1525800000.0,2366600000.0,207300000.0,535300000.0,0.0,0.019,0.23,1093300000.0,1628600000.0,0.077,1628600000.0,1093300000.0,974500000.0,1.183,1.127,1.183,3806100000.0,3578625000.0,3806100000.0,8564566049.0,8.0,5.259,517000000.0,0.968,1.0,3038100000.0,0.144,3329500000.0,118800000.0,5259000000.0,5178075000.0,804700000.0,395000000.0,0.0,395000000.0,8223800000.0,5529900000.0,2693900000.0,6446266049.0,62000000.0,-294600000.0,0.0,-16200000.0,-130600000.0,-178700000.0,-760400000.0,26300000.0,1009100000.0,-8000000.0,631000000.0,631000000.0,631000000.0,0.0,7400000.0,0.03,1888100000.0,1150000000.0,2935300000.0,0.194,1.694,10.216,10.206,2633700000.0,0.0,12.073,0.305,0.305,3473300000.0,,21161600000.0,21161600000.0,0.0,0.055,0.176,0.211,0.052,0.0,1888100000.0,1.0,533926104.0,533926104.0,,39.634,8700400000.0,0.0,343500000.0,99400000.0,16.295,-285700000.0
74,JCI,MRT,2002-12-31,2002-12-31,2002-12-31,2021-08-25,0.0,11776000000.0,11061875000.0,5151100000.0,6624900000.0,1.85,6.879,-456700000.0,351600000.0,351600000.0,17549000000.0,621000000.0,0.938,2.214,2469900000.0,943400000.0,1526500000.0,2469900000.0,197000000.0,525700000.0,0.0,0.017,0.225,1075400000.0,1601100000.0,0.078,1601100000.0,1075400000.0,956100000.0,1.152,1.095,1.152,3663700000.0,3410675000.0,3663700000.0,8826351576.0,8.0,5.513,540900000.0,1.016,1.0,2920000000.0,0.143,3251600000.0,119300000.0,5153700000.0,5148625000.0,781200000.0,366000000.0,0.0,366000000.0,8112300000.0,5489000000.0,2623300000.0,7116551576.0,90600000.0,-271600000.0,0.0,-37100000.0,-130500000.0,-187600000.0,-711400000.0,16900000.0,997600000.0,-8000000.0,613600000.0,613600000.0,613600000.0,0.0,7400000.0,0.03,1788600000.0,1131400000.0,2676300000.0,0.195,1.942,11.598,11.599,2613900000.0,0.0,13.362,0.348,0.348,3338000000.0,,20469000000.0,20469000000.0,0.0,0.055,0.18,0.209,0.053,0.0,1788600000.0,1.0,532609440.0,532609440.0,,38.432,8524400000.0,0.0,342500000.0,158000000.0,16.005,-337900000.0
75,JCI,MRT,2002-09-30,2002-09-30,2002-09-30,2021-08-25,-246400000.0,11165300000.0,10742825000.0,4946200000.0,6219100000.0,1.871,6.571,-442100000.0,262000000.0,262000000.0,17256500000.0,600500000.0,1.029,2.19,1971800000.0,145200000.0,1826600000.0,1971800000.0,190800000.0,516800000.0,0.0,0.017,0.22,1062700000.0,1579500000.0,0.079,1579500000.0,1062700000.0,940400000.0,1.117,1.06,1.117,3499700000.0,3258675000.0,3499700000.0,8738574421.0,8.0,5.532,617000000.0,1.158,1.0,2846900000.0,0.142,2998100000.0,122300000.0,5070800000.0,5149325000.0,653600000.0,347400000.0,0.0,347400000.0,7665600000.0,4806200000.0,2859400000.0,6819174421.0,-112600000.0,-644700000.0,0.0,84900000.0,-125300000.0,-82100000.0,-1081600000.0,5200000.0,1059100000.0,-8000000.0,592800000.0,592800000.0,592800000.0,0.0,7700000.0,0.029,1724900000.0,1122000000.0,2789100000.0,0.197,1.949,11.503,11.462,2445500000.0,0.0,12.803,0.339,0.339,3397700000.0,2994000000.0,20103400000.0,20103400000.0,0.0,0.055,0.182,0.206,0.053,0.0,1724900000.0,1.0,532609440.0,532609440.0,,37.745,8167200000.0,0.0,347600000.0,182700000.0,15.334,140000000.0
76,JCI,MRT,2002-06-30,2002-06-30,2002-06-30,2021-08-25,0.0,10914200000.0,10429375000.0,4837000000.0,6077200000.0,1.873,6.292,-341700000.0,206800000.0,206800000.0,16799200000.0,581900000.0,1.04,2.263,2126200000.0,189900000.0,1936300000.0,2126200000.0,209800000.0,513600000.0,0.0,0.016,0.217,1045100000.0,1558700000.0,0.08,1558700000.0,1045100000.0,922800000.0,1.087,1.028,1.087,3345000000.0,3130100000.0,3345000000.0,9173819775.0,9.0,5.886,455400000.0,0.857,1.0,2735100000.0,0.14,2955200000.0,122300000.0,5228800000.0,4980125000.0,650100000.0,337800000.0,0.0,337800000.0,7569200000.0,4649600000.0,2919600000.0,7231519775.0,-92000000.0,-667100000.0,0.0,324500000.0,-123500000.0,145900000.0,-1018600000.0,-9800000.0,797100000.0,-16400000.0,573900000.0,573900000.0,573900000.0,0.0,8000000.0,0.029,1649100000.0,1086000000.0,2672700000.0,0.2,2.162,12.601,12.513,2435900000.0,0.0,13.602,0.37,0.37,3330900000.0,,19534300000.0,19534300000.0,0.0,0.055,0.183,0.21,0.054,0.0,1649100000.0,1.0,531664110.0,531664110.0,,36.742,7959000000.0,0.0,348900000.0,101300000.0,14.97,187400000.0
77,JCI,MRT,2002-03-31,2002-03-31,2002-03-31,2021-08-25,0.0,10392000000.0,10133225000.0,4599400000.0,5792600000.0,1.875,5.96,-413800000.0,216100000.0,216100000.0,16336200000.0,559200000.0,1.038,2.316,2158400000.0,249700000.0,1908700000.0,2158400000.0,197800000.0,514000000.0,0.0,0.014,0.213,1019400000.0,1533400000.0,0.081,1533400000.0,1019400000.0,895800000.0,1.048,0.99,1.048,3134300000.0,2995300000.0,3134300000.0,9806611540.0,10.0,6.395,492600000.0,0.937,1.0,2663200000.0,0.14,2762000000.0,123600000.0,5141200000.0,4779100000.0,634500000.0,324900000.0,0.0,324900000.0,7257700000.0,4431100000.0,2826600000.0,7740611540.0,-56600000.0,-748600000.0,0.0,362100000.0,-122100000.0,224000000.0,-1170600000.0,-8200000.0,906400000.0,-16400000.0,551000000.0,551000000.0,551000000.0,0.0,8200000.0,0.029,1609300000.0,1053900000.0,2491200000.0,0.203,2.47,14.048,14.044,2407200000.0,0.0,14.718,0.407,0.407,3114900000.0,,18999400000.0,18999400000.0,0.0,0.054,0.184,0.213,0.054,0.0,1609300000.0,1.0,525916428.0,525916428.0,,36.126,7630000000.0,0.0,344800000.0,107600000.0,14.508,168300000.0
78,JCI,MRT,2001-12-31,2001-12-31,2001-12-31,2021-08-25,0.0,10499800000.0,9932725000.0,4598600000.0,5901200000.0,1.892,5.835,-433200000.0,261000000.0,261000000.0,16150200000.0,543400000.0,1.005,2.436,2327000000.0,399600000.0,1927400000.0,2327000000.0,165300000.0,518100000.0,0.0,0.016,0.21,1007700000.0,1525800000.0,0.081,1525800000.0,1007700000.0,879500000.0,1.023,0.965,1.023,3055700000.0,2891975000.0,3055700000.0,8493321239.0,8.0,5.566,449200000.0,0.858,1.0,2640300000.0,0.141,2835600000.0,128200000.0,5156500000.0,4628175000.0,659700000.0,318000000.0,0.0,318000000.0,7444100000.0,4573700000.0,2870400000.0,7047921239.0,-94200000.0,-762800000.0,0.0,389300000.0,-88400000.0,261500000.0,-1221700000.0,-25700000.0,882400000.0,-16400000.0,535000000.0,535000000.0,535000000.0,0.0,8400000.0,0.028,1596600000.0,1043700000.0,2417400000.0,0.205,2.306,13.174,13.156,2446100000.0,0.0,13.458,0.375,0.375,3041000000.0,,18790500000.0,18790500000.0,0.0,0.054,0.185,0.218,0.054,0.0,1596600000.0,1.0,523684680.0,523684680.0,,35.881,7664200000.0,0.0,344500000.0,124400000.0,14.635,24900000.0
79,JCI,MRT,2001-09-30,2001-09-30,2001-09-30,2021-08-25,-227700000.0,9911500000.0,9693375000.0,4544000000.0,5367500000.0,1.901,5.701,-480500000.0,374600000.0,374600000.0,15823200000.0,541700000.0,0.992,2.32,1820000000.0,425200000.0,1394800000.0,1820000000.0,163000000.0,515900000.0,0.0,0.019,0.207,1005200000.0,1521100000.0,0.083,1521100000.0,1005200000.0,875800000.0,1.023,0.965,1.023,2985400000.0,2790175000.0,2985400000.0,7135796342.0,7.0,4.691,508000000.0,0.97,1.0,2604000000.0,0.141,2383200000.0,129400000.0,4394000000.0,4409675000.0,577600000.0,300500000.0,0.0,300500000.0,6926100000.0,4579700000.0,2346400000.0,5694196342.0,99000000.0,-231100000.0,0.0,-300000.0,-117600000.0,-112700000.0,-760400000.0,-48800000.0,988500000.0,-16400000.0,532900000.0,532900000.0,532900000.0,0.0,8800000.0,0.029,1572100000.0,1031900000.0,2437300000.0,0.202,1.907,10.685,10.629,2379800000.0,0.0,10.873,0.309,0.309,2928300000.0,2517900000.0,18427200000.0,18427200000.0,0.0,0.055,0.191,0.228,0.055,0.0,1572100000.0,1.0,523684680.0,523684680.0,,35.188,7528300000.0,0.0,342900000.0,137800000.0,14.376,-35700000.0
80,JCI,MRT,2001-06-30,2001-06-30,2001-06-30,2021-08-25,0.0,9729600000.0,9572500000.0,4304500000.0,5425100000.0,1.866,5.383,-567200000.0,298800000.0,298800000.0,15248300000.0,579900000.0,0.983,2.468,1740400000.0,297100000.0,1443300000.0,1740400000.0,181700000.0,495400000.0,0.0,0.017,0.202,1049500000.0,1544900000.0,0.086,1544900000.0,1049500000.0,918800000.0,1.103,1.037,1.103,2805800000.0,2687850000.0,2805800000.0,7849558594.0,7.0,5.081,416000000.0,0.798,1.0,2618500000.0,0.147,2368300000.0,130700000.0,4424700000.0,4394150000.0,545000000.0,252300000.0,0.0,252300000.0,6923800000.0,4378200000.0,2545600000.0,6295258594.0,64700000.0,-277200000.0,0.0,179200000.0,-114600000.0,73500000.0,-975900000.0,-131500000.0,983200000.0,-16100000.0,570700000.0,570700000.0,570700000.0,0.0,9200000.0,0.032,1537900000.0,1080600000.0,2336000000.0,0.183,2.244,11.031,10.95,2411700000.0,0.0,12.078,0.352,0.352,2737100000.0,,17866800000.0,17866800000.0,0.0,0.06,0.212,0.239,0.059,0.0,1537900000.0,1.0,521202732.0,521202732.0,,34.28,7361300000.0,0.0,348100000.0,119500000.0,14.124,-73700000.0
81,JCI,MRT,2001-03-31,2001-03-31,2001-03-31,2021-08-25,0.0,9590000000.0,9288275000.0,4312900000.0,5277100000.0,1.888,5.268,-515300000.0,272700000.0,272700000.0,14915400000.0,560700000.0,0.991,2.524,1827000000.0,362100000.0,1464900000.0,1827000000.0,182700000.0,480700000.0,0.0,0.019,0.197,1025600000.0,1506300000.0,0.086,1506300000.0,1025600000.0,896700000.0,1.07,1.008,1.07,2721000000.0,2599550000.0,2721000000.0,6987509571.0,7.0,4.639,341800000.0,0.662,1.0,2618600000.0,0.149,2253100000.0,128900000.0,4537500000.0,4223500000.0,569800000.0,256800000.0,0.0,256800000.0,6869000000.0,4353700000.0,2515300000.0,5377109571.0,28500000.0,-58200000.0,0.0,-6200000.0,-111300000.0,-111700000.0,-700800000.0,-127300000.0,857100000.0,-16100000.0,551100000.0,551100000.0,551100000.0,0.0,9600000.0,0.031,1559300000.0,1059300000.0,2265200000.0,0.184,1.976,9.757,9.729,2366200000.0,0.0,10.41,0.307,0.307,2721800000.0,,17534000000.0,17534000000.0,0.0,0.059,0.212,0.243,0.058,0.0,1559300000.0,1.0,516533100.0,516533100.0,,33.946,7336900000.0,0.0,345600000.0,132400000.0,14.204,-40800000.0
82,JCI,MRT,2000-12-31,2000-12-31,2000-12-31,2021-08-25,0.0,9542400000.0,9086225000.0,4237500000.0,5304900000.0,1.903,5.141,-513800000.0,355200000.0,355200000.0,14681300000.0,550500000.0,0.924,2.603,1965600000.0,703300000.0,1262300000.0,1965600000.0,179700000.0,466700000.0,0.0,0.022,0.192,1016100000.0,1482800000.0,0.086,1482800000.0,1016100000.0,888400000.0,1.052,0.99,1.052,2648500000.0,2519825000.0,2648500000.0,6012457525.0,6.0,4.055,331300000.0,0.643,1.0,2609400000.0,0.151,2282100000.0,127700000.0,4282500000.0,4062275000.0,585100000.0,252200000.0,0.0,252200000.0,6893900000.0,4588200000.0,2305700000.0,4465257525.0,39300000.0,-66200000.0,0.0,-13600000.0,-108900000.0,-107500000.0,-682200000.0,-102200000.0,845100000.0,-16100000.0,540600000.0,540600000.0,540600000.0,0.0,9900000.0,0.031,1566200000.0,1043200000.0,2095400000.0,0.183,1.686,8.26,8.238,2363200000.0,0.0,8.667,0.258,0.258,2544000000.0,,17290700000.0,17290700000.0,0.0,0.059,0.215,0.25,0.059,0.0,1566200000.0,1.0,515221824.0,515221824.0,,33.56,7260300000.0,0.0,347800000.0,194000000.0,14.092,-350700000.0
83,JCI,MRT,2000-09-30,2000-09-30,2000-09-30,2021-08-25,-207000000.0,9428000000.0,8898950000.0,4277200000.0,5150800000.0,1.928,5.0,-504200000.0,275600000.0,275600000.0,14560100000.0,531300000.0,0.948,2.66,1822800000.0,507500000.0,1315300000.0,1822800000.0,167800000.0,461800000.0,0.0,0.021,0.187,995600000.0,1457400000.0,0.085,1457400000.0,995600000.0,868000000.0,1.015,0.955,1.015,2576100000.0,2447525000.0,2576100000.0,5824425077.0,6.0,3.996,286100000.0,0.555,1.0,2594500000.0,0.151,2133300000.0,127600000.0,4331900000.0,3970350000.0,569500000.0,254700000.0,0.0,254700000.0,6851900000.0,4510000000.0,2341900000.0,4567225077.0,-600000.0,-5900000.0,0.0,-81700000.0,-106200000.0,-192400000.0,-582400000.0,-72300000.0,790300000.0,-16100000.0,521500000.0,521500000.0,521500000.0,0.0,9800000.0,0.03,1563000000.0,1031500000.0,2308800000.0,0.184,1.773,8.758,8.734,2305000000.0,0.0,8.865,0.266,0.266,2577700000.0,2159500000.0,17154600000.0,17154600000.0,0.0,0.059,0.213,0.251,0.058,0.0,1563000000.0,1.0,515221824.0,515221824.0,,33.296,7294700000.0,0.0,346500000.0,140000000.0,14.158,-232800000.0
84,JCI,MRT,2000-06-30,2000-06-30,2000-06-30,2021-08-25,0.0,8592700000.0,8695500000.0,3904700000.0,4688000000.0,1.985,4.768,-512200000.0,234100000.0,234100000.0,14696200000.0,451700000.0,0.953,2.504,1491300000.0,259000000.0,1232300000.0,1491300000.0,182800000.0,461000000.0,0.0,0.021,0.182,902300000.0,1363300000.0,0.079,1363300000.0,902300000.0,769400000.0,0.857,0.807,0.857,2452600000.0,2371000000.0,2452600000.0,5902951596.0,7.0,4.33,341200000.0,0.663,1.0,2564700000.0,0.149,2010000000.0,132900000.0,3742100000.0,3844775000.0,505400000.0,247100000.0,0.0,247100000.0,6140100000.0,4097800000.0,2042300000.0,4399051596.0,-14500000.0,71800000.0,0.0,-273400000.0,-103500000.0,-379600000.0,-485400000.0,-45000000.0,853400000.0,-2900000.0,438600000.0,438600000.0,438600000.0,0.0,13100000.0,0.025,1617200000.0,947500000.0,2130300000.0,0.212,1.794,10.03,9.979,2029900000.0,0.0,8.552,0.255,0.255,2501900000.0,,17260900000.0,17260900000.0,0.0,0.05,0.185,0.235,0.052,0.0,1617200000.0,1.0,514383822.0,514383822.0,,33.556,6582700000.0,0.0,330800000.0,146100000.0,12.797,-193100000.0
85,JCI,MRT,2000-03-31,2000-03-31,2000-03-31,2021-08-25,0.0,8781800000.0,8622475000.0,4048000000.0,4733800000.0,1.979,4.686,-481400000.0,244200000.0,244200000.0,14558000000.0,429400000.0,0.934,2.656,1748100000.0,519100000.0,1229000000.0,1748100000.0,183000000.0,450200000.0,0.0,0.02,0.177,872400000.0,1322600000.0,0.078,1322600000.0,872400000.0,734900000.0,0.813,0.763,0.813,2402100000.0,2310450000.0,2402100000.0,6178932887.0,7.0,4.672,290300000.0,0.566,1.0,2504600000.0,0.147,2058400000.0,137500000.0,3892600000.0,3839625000.0,502900000.0,226300000.0,0.0,226300000.0,6379700000.0,4334700000.0,2045000000.0,4619032887.0,-24600000.0,-19700000.0,0.0,-201500000.0,-100800000.0,-307100000.0,-486300000.0,14800000.0,771700000.0,-2900000.0,416300000.0,416300000.0,416300000.0,0.0,13100000.0,0.024,1585200000.0,919400000.0,2131500000.0,0.218,1.923,11.095,11.083,2042900000.0,0.0,9.01,0.271,0.271,2618400000.0,,17062600000.0,17062600000.0,0.0,0.048,0.18,0.227,0.051,0.0,1585200000.0,1.0,512632362.0,512632362.0,,33.284,6723400000.0,0.0,318600000.0,125400000.0,13.115,-286700000.0
86,JCI,MRT,1999-12-31,1999-12-31,1999-12-31,2021-08-25,0.0,8793300000.0,8520050000.0,3987800000.0,4805500000.0,1.947,4.604,-460500000.0,315900000.0,315900000.0,14164100000.0,438900000.0,0.915,2.727,1875800000.0,626700000.0,1249100000.0,1875800000.0,181000000.0,447900000.0,0.0,0.018,0.172,897200000.0,1345100000.0,0.081,1345100000.0,897200000.0,751800000.0,0.833,0.78,0.833,2359300000.0,2244950000.0,2359300000.0,6436268199.0,7.0,4.785,404600000.0,0.79,1.0,2420500000.0,0.146,2081800000.0,145400000.0,3914800000.0,3821150000.0,532000000.0,217600000.0,0.0,217600000.0,6434000000.0,4356600000.0,2077400000.0,4857368199.0,-13300000.0,251400000.0,0.0,-619900000.0,-98400000.0,-713800000.0,-161700000.0,47400000.0,865100000.0,-2900000.0,425800000.0,425800000.0,425800000.0,0.0,13100000.0,0.026,1479200000.0,941300000.0,2005900000.0,0.206,2.059,11.408,11.38,2035900000.0,0.0,9.479,0.293,0.293,2504900000.0,,16584600000.0,16584600000.0,0.0,0.05,0.19,0.235,0.054,0.0,1533800000.0,1.0,512425476.0,512425476.0,,32.365,6711500000.0,0.0,326000000.0,207500000.0,13.098,-368800000.0
87,JCI,MRT,1999-09-30,1999-09-30,1999-09-30,2021-08-25,-115200000.0,8614200000.0,8501125000.0,3848500000.0,4765700000.0,1.899,4.434,-439300000.0,276200000.0,276200000.0,13815500000.0,419600000.0,0.902,2.795,1855100000.0,571800000.0,1283300000.0,1855100000.0,159200000.0,445600000.0,0.0,0.015,0.167,871600000.0,1317200000.0,0.082,1317200000.0,871600000.0,718300000.0,0.797,0.747,0.797,2270000000.0,2174950000.0,2270000000.0,7225397568.0,8.0,5.485,611200000.0,1.194,1.0,2323900000.0,0.144,2096900000.0,153300000.0,3829600000.0,3796375000.0,524600000.0,215100000.0,0.0,215100000.0,6344200000.0,4266600000.0,2077600000.0,5658097568.0,142200000.0,183700000.0,0.0,-498700000.0,-95800000.0,-599800000.0,-305600000.0,-50000000.0,1050500000.0,-2900000.0,406600000.0,406600000.0,406600000.0,0.0,13000000.0,0.025,1414400000.0,909500000.0,1998500000.0,0.21,2.493,13.916,13.867,1996000000.0,0.0,11.052,0.351,0.351,2356200000.0,1793100000.0,16139400000.0,16139400000.0,0.0,0.048,0.187,0.23,0.054,0.0,1469000000.0,1.0,511948662.0,511948662.0,,31.525,6517300000.0,0.0,311700000.0,231200000.0,12.73,-418100000.0
88,JCI,MRT,1999-06-30,1999-06-30,1999-06-30,2021-08-25,0.0,8300600000.0,8333100000.0,3647500000.0,4653100000.0,1.833,4.324,-450100000.0,248600000.0,248600000.0,13115900000.0,425100000.0,0.898,2.755,1815900000.0,522000000.0,1293900000.0,1815900000.0,167300000.0,437000000.0,0.0,0.014,0.163,887900000.0,1324900000.0,0.087,1324900000.0,887900000.0,730600000.0,0.813,0.762,0.813,2210400000.0,2092800000.0,2210400000.0,7650119515.0,9.0,5.774,537200000.0,1.051,1.0,2162200000.0,0.142,2086200000.0,157300000.0,3721500000.0,3779375000.0,474200000.0,212200000.0,0.0,212200000.0,6090200000.0,4060200000.0,2030000000.0,5904819515.0,109500000.0,-151400000.0,0.0,-152400000.0,-94200000.0,-235200000.0,-636800000.0,-35300000.0,987300000.0,-5800000.0,415400000.0,415400000.0,415400000.0,0.0,9700000.0,0.027,1258100000.0,904100000.0,1945700000.0,0.2,2.671,14.215,14.209,1929200000.0,0.0,11.552,0.386,0.386,2304900000.0,,15278100000.0,15278100000.0,0.0,0.05,0.198,0.235,0.058,0.0,1372600000.0,1.0,511147734.0,511147734.0,,29.89,6214400000.0,0.0,315200000.0,119700000.0,12.158,-412700000.0
89,JCI,MRT,1999-03-31,1999-03-31,1999-03-31,2021-08-25,0.0,8372100000.0,7854325000.0,3597900000.0,4774200000.0,1.818,4.202,-463400000.0,268800000.0,268800000.0,12260100000.0,397900000.0,0.862,2.912,2014100000.0,721800000.0,1292300000.0,2014100000.0,150300000.0,428200000.0,0.0,0.015,0.16,840600000.0,1268800000.0,0.089,1268800000.0,840600000.0,683700000.0,0.763,0.713,0.763,2140100000.0,2001725000.0,2140100000.0,7479307187.0,9.0,5.895,514500000.0,1.01,1.0,2016500000.0,0.141,2126500000.0,156900000.0,3818700000.0,3635125000.0,469300000.0,219000000.0,0.0,219000000.0,6232000000.0,4172200000.0,2059800000.0,5295007187.0,107100000.0,-141600000.0,0.0,-93700000.0,-92600000.0,-173300000.0,-691700000.0,-86700000.0,977900000.0,-5800000.0,388300000.0,388300000.0,388300000.0,0.0,9600000.0,0.027,1170200000.0,846300000.0,1935700000.0,0.21,2.474,13.636,13.625,1981000000.0,0.0,10.396,0.371,0.371,2215700000.0,,14276600000.0,14276600000.0,0.0,0.049,0.194,0.231,0.059,0.0,1284700000.0,1.0,509339532.0,509339532.0,,28.03,6245600000.0,0.0,295400000.0,108200000.0,12.262,-574300000.0
90,JCI,MRT,1998-12-31,1998-12-31,1998-12-31,2021-08-25,0.0,8717600000.0,7355200000.0,3900400000.0,4817200000.0,1.822,4.086,-459000000.0,329200000.0,329200000.0,11498700000.0,352100000.0,0.793,3.193,2513500000.0,1575700000.0,937800000.0,2513500000.0,150500000.0,406500000.0,0.0,0.016,0.157,750500000.0,1157000000.0,0.086,1157000000.0,750500000.0,606000000.0,0.673,0.632,0.673,2079300000.0,1911575000.0,2079300000.0,7196052840.0,10.0,6.22,368100000.0,0.723,1.0,1904900000.0,0.142,2166400000.0,144500000.0,3815700000.0,3470625000.0,470500000.0,251000000.0,0.0,251000000.0,6638300000.0,4919800000.0,1718500000.0,5003652840.0,81100000.0,-401700000.0,0.0,343900000.0,-90600000.0,260300000.0,-1000500000.0,-139800000.0,827100000.0,-5800000.0,342500000.0,342500000.0,342500000.0,0.0,9600000.0,0.026,1146200000.0,758700000.0,1863000000.0,0.233,2.406,14.609,14.611,1953600000.0,0.0,9.833,0.373,0.373,2332400000.0,,13403600000.0,13403600000.0,0.0,0.047,0.179,0.216,0.056,0.0,1206100000.0,1.0,508846224.0,508846224.0,,26.341,6551200000.0,0.0,263500000.0,157800000.0,12.875,-1019400000.0
91,JCI,MRT,1998-09-30,1998-09-30,1998-09-30,2021-08-25,-98900000.0,7942100000.0,6777925000.0,3404200000.0,4537900000.0,1.857,3.821,-442100000.0,134000000.0,134000000.0,10776200000.0,337700000.0,0.794,3.091,2326400000.0,1328900000.0,997500000.0,2326400000.0,127500000.0,384200000.0,0.0,0.02,0.153,717700000.0,1101900000.0,0.088,1101900000.0,717700000.0,584200000.0,0.647,0.605,0.647,1941400000.0,1828800000.0,1941400000.0,5215104369.0,7.0,4.733,131000000.0,0.258,1.0,1810600000.0,0.144,2084500000.0,133500000.0,3761600000.0,3297700000.0,428200000.0,166200000.0,0.0,166200000.0,6000700000.0,4288400000.0,1712300000.0,3938004369.0,22200000.0,-334000000.0,0.0,356500000.0,-88800000.0,272400000.0,-817500000.0,-41400000.0,573100000.0,-5800000.0,328200000.0,328200000.0,328200000.0,0.0,9500000.0,0.026,1086700000.0,723900000.0,1625200000.0,0.236,2.028,11.999,11.978,1882900000.0,0.0,7.75,0.313,0.313,2012800000.0,1463300000.0,12586800000.0,12586800000.0,0.0,0.048,0.179,0.218,0.057,0.0,1146600000.0,1.0,508129596.0,508129596.0,,24.771,5857600000.0,0.0,256000000.0,119600000.0,11.528,-884200000.0
92,JCI,MRT,1998-06-30,1998-06-30,1998-06-30,2021-08-25,0.0,6385500000.0,6304550000.0,2808800000.0,3576700000.0,1.906,3.637,-416800000.0,139100000.0,139100000.0,10249000000.0,294600000.0,0.941,2.459,1416200000.0,452900000.0,963300000.0,1416200000.0,129900000.0,370500000.0,0.0,0.016,0.151,633200000.0,1003700000.0,0.084,1003700000.0,633200000.0,512500000.0,0.565,0.527,0.565,1846100000.0,1765425000.0,1846100000.0,6219860218.0,10.0,6.197,212100000.0,0.418,1.0,1765300000.0,0.147,1532600000.0,120700000.0,3144500000.0,3073900000.0,389000000.0,172400000.0,0.0,172400000.0,4539400000.0,2985500000.0,1553900000.0,4838360218.0,-61400000.0,-4200000.0,0.0,-143500000.0,-87100000.0,-211000000.0,-472000000.0,-51000000.0,628900000.0,-7300000.0,285100000.0,285100000.0,285100000.0,0.0,9500000.0,0.024,1115600000.0,649700000.0,1480500000.0,0.267,2.621,16.971,16.869,1596700000.0,0.0,9.531,0.403,0.403,1834900000.0,,12014300000.0,12014300000.0,0.0,0.045,0.161,0.206,0.053,0.0,1115600000.0,1.0,507631236.0,507631236.0,,23.667,4852900000.0,0.0,227400000.0,48900000.0,9.56,-176700000.0
93,JCI,MRT,1998-03-31,1998-03-31,1998-03-31,2021-08-25,0.0,6375600000.0,6226400000.0,2824900000.0,3550700000.0,1.88,3.524,-411100000.0,161700000.0,161700000.0,9975800000.0,285100000.0,0.925,2.583,1543200000.0,580600000.0,962600000.0,1543200000.0,126400000.0,362000000.0,0.0,0.015,0.148,615600000.0,977600000.0,0.084,977600000.0,615600000.0,499900000.0,0.547,0.512,0.547,1779500000.0,1711975000.0,1779500000.0,6497503654.0,11.0,6.646,281600000.0,0.558,1.0,1728300000.0,0.148,1543000000.0,115700000.0,3160700000.0,2981375000.0,389200000.0,170300000.0,0.0,170300000.0,4596100000.0,3053400000.0,1542700000.0,5108003654.0,-14900000.0,-29000000.0,0.0,-110300000.0,-85800000.0,-213400000.0,-486900000.0,-46800000.0,692700000.0,-7300000.0,275700000.0,275700000.0,275700000.0,0.0,9400000.0,0.024,1097300000.0,631000000.0,1486500000.0,0.271,2.87,18.527,18.491,1564100000.0,0.0,10.115,0.436,0.436,1836900000.0,,11704100000.0,11704100000.0,0.0,0.044,0.161,0.206,0.053,0.0,1097300000.0,1.0,505013916.0,505013916.0,,23.176,4832600000.0,0.0,224200000.0,30700000.0,9.569,-228500000.0
94,JCI,MRT,1997-12-31,1997-12-31,1997-12-31,2021-08-25,0.0,6408500000.0,6155550000.0,2883900000.0,3524600000.0,1.859,3.462,-379800000.0,248100000.0,248100000.0,9753100000.0,300700000.0,0.926,2.666,1637600000.0,672800000.0,964800000.0,1637600000.0,130800000.0,361000000.0,0.0,0.018,0.146,598600000.0,959600000.0,0.084,959600000.0,598600000.0,478300000.0,0.578,0.542,0.578,1748200000.0,1662050000.0,1748200000.0,,,,328600000.0,0.651,1.0,1687300000.0,0.147,1558000000.0,120300000.0,3124000000.0,2883050000.0,390000000.0,155800000.0,0.0,155800000.0,4660300000.0,3116000000.0,1544300000.0,4019067398.0,108700000.0,535300000.0,0.0,-615400000.0,-84600000.0,-702200000.0,109800000.0,-34300000.0,708400000.0,-7300000.0,291200000.0,291200000.0,291200000.0,-700000.0,9500000.0,0.025,1141700000.0,545600000.0,1428100000.0,0.253,2.299,13.802,13.769,1548100000.0,0.0,7.958,0.351,0.351,1843700000.0,,11440400000.0,11440400000.0,0.0,0.047,0.175,0.208,0.052,0.0,1071700000.0,1.0,505013916.0,505013916.0,,22.654,4850500000.0,0.0,187100000.0,86200000.0,9.605,-232100000.0
95,JCI,MRT,1997-09-30,1997-09-30,1997-09-30,2021-08-25,0.0,6048600000.0,6207050000.0,2529300000.0,3519300000.0,1.796,,-356400000.0,111800000.0,111800000.0,9485600000.0,288500000.0,0.851,2.584,1462600000.0,656200000.0,806400000.0,1462600000.0,107600000.0,354900000.0,0.0,0.017,0.143,582600000.0,937500000.0,0.084,937500000.0,582600000.0,459900000.0,0.557,0.52,0.557,1687900000.0,1613775000.0,1687900000.0,,,,268200000.0,,1.0,1659800000.0,0.149,1560300000.0,122700000.0,2866400000.0,2966475000.0,373400000.0,144600000.0,0.0,144600000.0,4360700000.0,2972700000.0,1388000000.0,,-53400000.0,-613800000.0,0.0,438900000.0,-83400000.0,358600000.0,-1029300000.0,-39600000.0,624600000.0,-7300000.0,279000000.0,279000000.0,279000000.0,1100000.0,9500000.0,0.025,1132700000.0,527100000.0,1341900000.0,0.257,,,14.83,1533000000.0,0.0,8.26,,,1684600000.0,,11145400000.0,11145400000.0,0.0,0.045,0.173,0.196,0.052,0.0,1062700000.0,1.0,,,,,4488300000.0,0.0,180900000.0,78800000.0,,-443400000.0
96,JCI,MRT,1997-06-30,1997-06-30,1997-06-30,2021-08-25,0.0,6072900000.0,,2604100000.0,3468800000.0,,,,200500000.0,200500000.0,,,0.839,2.72,1588400000.0,768700000.0,819700000.0,1588400000.0,107600000.0,,0.0,0.021,0.142,,,,,,,,,,1632300000.0,,1632300000.0,,,,,,1.0,,,1581300000.0,,2774400000.0,,359900000.0,145300000.0,0.0,145300000.0,4440600000.0,3105100000.0,1335500000.0,,,,,,,,,,,,,,,,,,,,1324900000.0,,,,,1488700000.0,,6.844,,,1682600000.0,,,,,,,,,,,1.0,,,,,4491600000.0,0.0,,92500000.0,,-501000000.0
97,JCI,MRT,1997-03-31,1997-03-31,1997-03-31,2021-08-25,0.0,6092200000.0,,2633200000.0,3459000000.0,,,,176600000.0,176600000.0,,,0.806,2.856,1708300000.0,1041600000.0,666700000.0,1708300000.0,110900000.0,,0.0,0.021,0.14,,,,,,,,,,1579800000.0,,1579800000.0,,,,,,1.0,,,1590300000.0,,2767400000.0,,378000000.0,146500000.0,0.0,146500000.0,4512400000.0,3266200000.0,1246200000.0,,,,,,,,,,,,,,,,,,,,1263200000.0,,,,,1464000000.0,,6.708,,,1743100000.0,,,,,,,,,,,1.0,,,,,4501900000.0,0.0,,93300000.0,,-633000000.0
98,JCI,MRT,1996-12-31,1996-12-31,1996-12-31,2021-08-25,0.0,6614500000.0,,3085600000.0,3528900000.0,,,,139400000.0,139400000.0,,,0.833,3.253,2312400000.0,1593800000.0,718600000.0,2312400000.0,100000000.0,,0.0,0.02,0.138,,,,,,,,,,1555100000.0,,1555100000.0,,,,,,1.0,,,1626800000.0,,3457700000.0,,381200000.0,132900000.0,0.0,132900000.0,5059400000.0,3703000000.0,1356400000.0,,,,,,,,,,,,,,,,,,,,1225300000.0,,,,,1519500000.0,,6.906,,,1808900000.0,,,,,,,,,,,1.0,,,,,4987700000.0,0.0,,60000000.0,,-617400000.0
99,JCI,MRT,1996-09-30,1996-09-30,1996-09-30,2021-08-25,,,,,,,,-310000000.0,,,7878300000.0,234700000.0,,,,,,,,262500000.0,,0.022,0.137,470400000.0,732900000.0,0.08,732900000.0,470400000.0,397000000.0,0.453,0.425,0.453,,,,,,,157600000.0,,1.0,1331700000.0,0.145,,73400000.0,,,,,,,,,,,84700000.0,-148300000.0,0.0,172800000.0,-80000000.0,124100000.0,-507300000.0,-600000.0,467600000.0,300000.0,225200000.0,225200000.0,225200000.0,-12000000.0,9500000.0,0.024,852800000.0,478900000.0,,0.302,,,13.797,,0.0,6.25,,,,,9210000000.0,9210000000.0,0.0,,,,0.051,0.0,852800000.0,1.0,,,,,,,171800000.0,,,
