None,ticker,dimension,calendardate,datekey,reportperiod,lastupdated,accoci,assets,assetsavg,assetsc,assetsnc,assetturnover,bvps,capex,cashneq,cashnequsd,cor,consolinc,currentratio,de,debt,debtc,debtnc,debtusd,deferredrev,depamor,deposits,divyield,dps,ebit,ebitda,ebitdamargin,ebitdausd,ebitusd,ebt,eps,epsdil,epsusd,equity,equityavg,equityusd,ev,evebit,evebitda,fcf,fcfps,fxusd,gp,grossmargin,intangibles,intexp,invcap,invcapavg,inventory,investments,investmentsc,investmentsnc,liabilities,liabilitiesc,liabilitiesnc,marketcap,ncf,ncfbus,ncfcommon,ncfdebt,ncfdiv,ncff,ncfi,ncfinv,ncfo,ncfx,netinc,netinccmn,netinccmnusd,netincdis,netincnci,netmargin,opex,opinc,payables,payoutratio,pb,pe,pe1,ppnenet,prefdivis,price,ps,ps1,receivables,retearn,revenue,revenueusd,rnd,roa,roe,roic,ros,sbcomp,sgna,sharefactor,sharesbas,shareswa,shareswadil,sps,tangibles,taxassets,taxexp,taxliabilities,tbvps,workingcapital
0,TJX,MRY,2020-12-31,2021-01-30,2021-01-30,2021-08-27,-606071000.0,30813555000.0,28590674250.0,15739337000.0,15074218000.0,1.124,4.861,-568021000.0,10469570000.0,10469570000.0,24533815000.0,90470000.0,1.457,4.283,15503426000.0,2427289000.0,13076137000.0,15503426000.0,0.0,870758000.0,0.0,0.004,0.23,269997000.0,1140755000.0,0.035,1140755000.0,269997000.0,89263000.0,0.08,0.07,0.08,5832684000.0,5199806750.0,5832684000.0,81949074151.0,304.0,71.838,3993868000.0,3.328,1.0,7603147000.0,0.237,98998000.0,180734000.0,24944745000.0,27597835250.0,4337389000.0,0.0,0.0,0.0,24980871000.0,10803668000.0,14177203000.0,76888421151.0,7252818000.0,0.0,9689000.0,3568515000.0,-278256000.0,3228262000.0,-578597000.0,-10576000.0,4561889000.0,41264000.0,90470000.0,90470000.0,90470000.0,0.0,0.0,0.003,7020917000.0,582230000.0,4823397000.0,2.875,13.182,849.878,800.5,14026094000.0,0.0,64.04,2.393,2.391,461139000.0,4973542000.0,32136962000.0,32136962000.0,0.0,0.003,0.017,0.01,0.008,58519000.0,7020917000.0,1.0,1200631186.0,1199927000.0,1214703000.0,26.782,30714557000.0,163453000.0,-1207000.0,118687000.0,25.597,4935669000.0
1,TJX,MRY,2019-12-31,2020-02-01,2020-02-01,2021-08-27,-673171000.0,24145003000.0,23444437500.0,8890622000.0,15254381000.0,1.779,4.923,-1223116000.0,3216752000.0,3216752000.0,29845780000.0,3272193000.0,1.243,3.059,11464474000.0,1411216000.0,10053258000.0,11464474000.0,0.0,867303000.0,0.0,0.015,0.885,4416209000.0,5283512000.0,0.127,5283512000.0,4416209000.0,4406183000.0,2.71,2.67,2.71,5948212000.0,5481312750.0,5948212000.0,80445991825.0,18.0,15.226,2843424000.0,2.354,1.0,11871197000.0,0.285,95546000.0,10026000.0,25146932000.0,25285319250.0,4872592000.0,0.0,0.0,0.0,18196791000.0,7150247000.0,11046544000.0,71035965825.0,186523000.0,-230156000.0,-1319886000.0,0.0,-1071562000.0,-2414871000.0,-1461971000.0,-16118000.0,4066540000.0,-3175000.0,3272193000.0,3272193000.0,3272193000.0,0.0,0.0,0.078,7454988000.0,4416209000.0,2672557000.0,0.327,11.942,21.709,21.786,14385380000.0,0.0,59.04,1.703,1.71,386261000.0,5422283000.0,41716977000.0,41716977000.0,0.0,0.14,0.597,0.175,0.106,124957000.0,7454988000.0,1.0,1203183703.0,1208163000.0,1226519000.0,34.529,24049457000.0,59101000.0,1133990000.0,166870000.0,19.906,1740375000.0
2,TJX,MRY,2018-12-31,2019-02-02,2019-02-02,2021-08-27,-630321000.0,14326029000.0,14367455750.0,8469222000.0,5856807000.0,2.713,4.068,-1125139000.0,3030229000.0,3030229000.0,27831177000.0,3059798000.0,1.531,1.838,2233616000.0,0.0,2233616000.0,2233616000.0,0.0,819655000.0,0.0,0.015,0.741,4182071000.0,5001726000.0,0.128,5001726000.0,4182071000.0,4173211000.0,2.47,2.43,2.47,5048606000.0,5198740000.0,5048606000.0,59821899627.0,14.0,11.96,2963320000.0,2.388,1.0,11141757000.0,0.286,97552000.0,8860000.0,7900490000.0,8263112250.0,4579033000.0,0.0,0.0,0.0,9277423000.0,5531374000.0,3746049000.0,60300802627.0,271752000.0,0.0,-2151756000.0,0.0,-922596000.0,-3097481000.0,-623552000.0,474935000.0,4088459000.0,-95674000.0,3059798000.0,3059798000.0,3059798000.0,0.0,0.0,0.079,6959686000.0,4182071000.0,2644143000.0,0.3,11.944,19.707,19.798,5255208000.0,0.0,48.9,1.547,1.557,346298000.0,4461744000.0,38972934000.0,38972934000.0,0.0,0.213,0.589,0.506,0.107,103557000.0,6923564000.0,1.0,1233145248.0,1241153000.0,1259252000.0,31.401,14228477000.0,6467000.0,1113413000.0,312346000.0,11.464,2937848000.0
3,TJX,MRY,2017-12-31,2018-02-03,2018-02-03,2021-08-27,-441859000.0,14058015000.0,13408701500.0,8485727000.0,5572288000.0,2.675,4.042,-1057617000.0,2758477000.0,2758477000.0,25502167000.0,2607948000.0,1.656,1.731,2230607000.0,0.0,2230607000.0,2230607000.0,0.0,725957000.0,0.0,0.015,0.599,3888176000.0,4614133000.0,0.129,4614133000.0,3888176000.0,3856588000.0,2.05,2.02,2.05,5148309000.0,4722061000.0,5148309000.0,49482388567.0,13.0,10.724,1968007000.0,1.545,1.0,10362497000.0,0.289,100069000.0,31588000.0,8304539000.0,7941554250.0,4187243000.0,506165000.0,506165000.0,0.0,8909706000.0,5125537000.0,3784169000.0,49616777567.0,-171372000.0,0.0,-1510894000.0,0.0,-764040000.0,-2297346000.0,-1012736000.0,44881000.0,3025624000.0,113086000.0,2607948000.0,2607948000.0,2607948000.0,0.0,0.0,0.073,6474321000.0,3888176000.0,2488373000.0,0.292,9.637,19.025,19.139,5006053000.0,0.0,39.235,1.383,1.393,327166000.0,4334150000.0,35864664000.0,35864664000.0,0.0,0.194,0.552,0.49,0.108,101362000.0,6375071000.0,1.0,1264605010.0,1273654000.0,1292209000.0,28.159,13957946000.0,6558000.0,1248640000.0,347260000.0,10.959,3360190000.0
4,TJX,MRY,2016-12-31,2017-01-28,2017-01-28,2021-08-27,-694226000.0,12883808000.0,12281504750.0,7750774000.0,5133034000.0,2.702,3.44,-1024747000.0,2929849000.0,2929849000.0,23565754000.0,2298234000.0,1.629,1.856,2227599000.0,0.0,2227599000.0,2227599000.0,0.0,658796000.0,0.0,0.013,0.495,3766577000.0,4425373000.0,0.133,4425373000.0,3766577000.0,3723043000.0,1.75,1.73,1.75,4510599000.0,4456683750.0,4510599000.0,48261529878.0,13.0,10.906,2602112000.0,1.984,1.0,9617990000.0,0.29,195871000.0,43534000.0,7228031000.0,7177806750.0,3644959000.0,543242000.0,543242000.0,0.0,8373209000.0,4757656000.0,3615553000.0,48410148878.0,834376000.0,0.0,-1535808000.0,566956000.0,-650988000.0,-1586877000.0,-1214878000.0,-187807000.0,3626859000.0,9272000.0,2298234000.0,2298234000.0,2298234000.0,0.0,0.0,0.069,5799640000.0,3818350000.0,2230904000.0,0.283,10.733,21.064,21.217,4532894000.0,0.0,37.13,1.459,1.467,258831000.0,4558506000.0,33183744000.0,33183744000.0,0.0,0.187,0.516,0.525,0.114,31252000.0,5768467000.0,1.0,1303801478.0,1311294000.0,1328864000.0,25.306,12687937000.0,6193000.0,1424809000.0,520288000.0,9.676,2993118000.0
5,TJX,MRY,2015-12-31,2016-01-30,2016-01-30,2021-08-27,-667472000.0,11490431000.0,11439079000.0,6772560000.0,4717871000.0,2.705,3.198,-889380000.0,2095473000.0,2095473000.0,22034523000.0,2277658000.0,1.538,1.668,1615003000.0,0.0,1615003000.0,1615003000.0,0.0,616696000.0,0.0,0.011,0.402,3704700000.0,4321396000.0,0.14,4321396000.0,3704700000.0,3658300000.0,1.69,1.665,1.69,4307075000.0,4305973250.0,4307075000.0,47597926150.0,13.0,11.014,2067535000.0,1.535,1.0,8910415000.0,0.288,193911000.0,46400000.0,6413820000.0,6410104000.0,3695113000.0,352313000.0,352313000.0,0.0,7183356000.0,4402230000.0,2781126000.0,47697255150.0,-398302000.0,-57104000.0,-1696264000.0,0.0,-544271000.0,-2195427000.0,-1063115000.0,-116631000.0,2956915000.0,-96675000.0,2277658000.0,2277658000.0,2277658000.0,0.0,0.0,0.074,5205715000.0,3704700000.0,2203050000.0,0.238,11.074,20.941,21.077,4137575000.0,0.0,35.62,1.541,1.55,238072000.0,4311051000.0,30944938000.0,30944938000.0,0.0,0.199,0.529,0.578,0.12,29427000.0,5205715000.0,1.0,1339058258.0,1346968000.0,1366502000.0,22.974,11296520000.0,13831000.0,1380642000.0,414623000.0,8.387,2370330000.0
6,TJX,MRY,2014-12-31,2015-01-31,2015-01-31,2021-08-27,-554385000.0,10988750000.0,10983183250.0,6577444000.0,4411306000.0,2.648,3.078,-911522000.0,2493775000.0,2493775000.0,20776522000.0,2215128000.0,1.674,1.577,1623864000.0,0.0,1623864000.0,1623864000.0,0.0,588975000.0,0.0,0.01,0.335,3589671000.0,4178646000.0,0.144,4178646000.0,3589671000.0,3549884000.0,1.6,1.575,1.6,4264230000.0,4299046000.0,4264230000.0,44896280486.0,13.0,10.744,2096847000.0,1.514,1.0,8301885000.0,0.285,309870000.0,39787000.0,5879335000.0,6023718000.0,3217923000.0,282623000.0,282623000.0,0.0,6724520000.0,3929634000.0,2794886000.0,45426088486.0,344029000.0,0.0,-1507699000.0,333118000.0,-465902000.0,-1559542000.0,-954637000.0,-43115000.0,3008369000.0,-150161000.0,2215128000.0,2215128000.0,2215128000.0,0.0,0.0,0.076,4695384000.0,3606501000.0,2007511000.0,0.209,10.653,20.507,20.606,3868365000.0,0.0,32.97,1.562,1.571,213824000.0,4133882000.0,29078407000.0,29078407000.0,0.0,0.202,0.515,0.596,0.123,-7049000.0,4695384000.0,1.0,1377800682.0,1385382000.0,1407090000.0,20.989,10678880000.0,35007000.0,1334756000.0,408886000.0,7.708,2647810000.0
7,TJX,MRY,2013-12-31,2014-02-01,2014-02-01,2021-08-27,-199532000.0,10201022000.0,10159167000.0,6067998000.0,4133024000.0,2.699,2.964,-946678000.0,2149746000.0,2149746000.0,19605037000.0,2137396000.0,1.725,1.412,1274216000.0,0.0,1274216000.0,1274216000.0,0.0,548823000.0,0.0,0.01,0.275,3350570000.0,3899393000.0,0.142,3899393000.0,3350570000.0,3319489000.0,1.5,1.47,1.5,4229893000.0,3991617000.0,4229893000.0,40057799634.0,12.0,10.273,1653788000.0,1.159,1.0,7817659000.0,0.285,312687000.0,31081000.0,5494962000.0,5491981500.0,2966490000.0,294702000.0,294702000.0,0.0,5971129000.0,3517843000.0,2453286000.0,40794365634.0,337789000.0,2653000.0,-1324601000.0,499555000.0,-393755000.0,-1143803000.0,-1045768000.0,-101743000.0,2600466000.0,-73106000.0,2137396000.0,2137396000.0,2137396000.0,0.0,0.0,0.078,4467089000.0,3350570000.0,1771294000.0,0.183,9.644,19.086,19.12,3594501000.0,0.0,28.68,1.488,1.492,210094000.0,3724408000.0,27422696000.0,27422696000.0,0.0,0.21,0.535,0.61,0.122,-6466000.0,4467089000.0,1.0,1422397686.0,1426940000.0,1452752000.0,19.218,9888335000.0,133147000.0,1182093000.0,510786000.0,6.93,2550155000.0
8,TJX,MRY,2012-12-31,2013-02-02,2013-02-02,2021-08-27,-213392000.0,9511855000.0,8955916000.0,5711543000.0,3800312000.0,2.89,2.499,-978228000.0,1811957000.0,1811957000.0,18521400000.0,1906687000.0,1.519,1.595,774552000.0,0.0,774552000.0,774552000.0,0.0,508929000.0,0.0,0.01,0.22,3106526000.0,3615455000.0,0.14,3615455000.0,3106526000.0,3077351000.0,1.3,1.275,1.3,3665937000.0,3463539750.0,3665937000.0,32167765536.0,10.0,8.897,2077492000.0,1.416,1.0,7356972000.0,0.284,316269000.0,29175000.0,4397585000.0,4428732500.0,3014214000.0,235853000.0,235853000.0,0.0,5845918000.0,3760596000.0,2085322000.0,33035147536.0,304845000.0,-190374000.0,-1211311000.0,-1456000.0,-323922000.0,-1475587000.0,-1286954000.0,-152842000.0,3055720000.0,11666000.0,1906687000.0,1906687000.0,1906687000.0,0.0,0.0,0.074,4250446000.0,3106526000.0,1930568000.0,0.169,9.011,17.326,17.423,3223242000.0,0.0,22.65,1.277,1.284,222788000.0,3155427000.0,25878372000.0,25878372000.0,0.0,0.213,0.551,0.701,0.12,1944000.0,4250446000.0,1.0,1458505410.0,1467176000.0,1495110000.0,17.638,9195586000.0,96219000.0,1170664000.0,513298000.0,6.268,1950947000.0
9,TJX,MRY,2011-12-31,2012-01-28,2012-01-28,2021-08-27,-192575000.0,8281605000.0,8223545250.0,5132632000.0,3148973000.0,2.82,2.108,-803330000.0,1507112000.0,1507112000.0,16854249000.0,1496090000.0,1.675,1.581,787593000.0,2970000.0,784623000.0,787593000.0,0.0,485701000.0,0.0,0.011,0.18,2447062000.0,2932763000.0,0.126,2932763000.0,2447062000.0,2411414000.0,0.985,0.965,0.985,3209290000.0,3155250250.0,3209290000.0,25239278884.0,10.0,8.606,1112704000.0,0.731,1.0,6337206000.0,0.273,179935000.0,35648000.0,4318728000.0,4443386000.0,2950523000.0,94691000.0,94691000.0,0.0,5072315000.0,3063423000.0,2008892000.0,25407929884.0,-234639000.0,0.0,-1101813000.0,-2727000.0,-275016000.0,-1335712000.0,-811041000.0,-19363000.0,1916034000.0,-3920000.0,1496090000.0,1496090000.0,1496090000.0,0.0,0.0,0.065,3890144000.0,2447062000.0,1645324000.0,0.183,7.917,16.983,17.099,2715125000.0,0.0,16.843,1.096,1.105,204304000.0,2655163000.0,23191455000.0,23191455000.0,0.0,0.182,0.474,0.551,0.106,18032000.0,3890144000.0,1.0,1508560480.0,1522218000.0,1547544000.0,15.235,8101670000.0,105869000.0,915324000.0,412925000.0,5.322,2069209000.0
10,TJX,MRY,2010-12-31,2011-01-29,2011-01-29,2021-08-27,-91755000.0,7971763000.0,7898782500.0,5099527000.0,2872236000.0,2.778,1.937,-707134000.0,1741751000.0,1741751000.0,16040461000.0,1343141000.0,1.628,1.572,790244000.0,2727000.0,787517000.0,790244000.0,0.0,458052000.0,0.0,0.012,0.142,2206840000.0,2664892000.0,0.121,2664892000.0,2206840000.0,2167703000.0,0.84,0.825,0.84,3099899000.0,3055570250.0,3099899000.0,18335481519.0,8.0,6.88,1269347000.0,0.793,1.0,5901732000.0,0.269,179936000.0,39137000.0,3707199000.0,3848348000.0,2765464000.0,76261000.0,76261000.0,0.0,4871864000.0,3133121000.0,1738743000.0,18883715519.0,127144000.0,0.0,-1017221000.0,-2355000.0,-229329000.0,-1223928000.0,-647613000.0,60586000.0,1976481000.0,22204000.0,1343141000.0,1343141000.0,1343141000.0,-3611000.0,0.0,0.061,3698503000.0,2203229000.0,1683929000.0,0.169,6.092,14.059,14.199,2460782000.0,0.0,11.928,0.861,0.87,200147000.0,2801997000.0,21942193000.0,21942193000.0,0.0,0.17,0.44,0.573,0.101,30709000.0,3710053000.0,1.0,1583208176.0,1600582000.0,1625652000.0,13.709,7791827000.0,66072000.0,824562000.0,340419000.0,4.868,1966406000.0
11,TJX,MRY,2009-12-31,2010-01-30,2010-01-30,2021-08-27,-134124000.0,7463977000.0,7555477000.0,4803856000.0,2660121000.0,2.685,1.729,-429282000.0,1614607000.0,1614607000.0,14968429000.0,1213572000.0,1.659,1.583,792524000.0,2355000.0,790169000.0,792524000.0,0.0,435218000.0,0.0,0.012,0.117,1991071000.0,2426289000.0,0.12,2426289000.0,1991071000.0,1951562000.0,0.725,0.71,0.725,2889276000.0,2749292250.0,2889276000.0,15500901178.0,8.0,6.389,1842644000.0,1.103,1.0,5320015000.0,0.262,179794000.0,39509000.0,3567114000.0,3859825250.0,2532318000.0,130636000.0,130636000.0,0.0,4574701000.0,2894986000.0,1679715000.0,15953125178.0,1161080000.0,0.0,-774900000.0,378516000.0,-197662000.0,-583754000.0,-560277000.0,-125417000.0,2271926000.0,33185000.0,1213572000.0,1213572000.0,1213572000.0,0.0,0.0,0.06,3328944000.0,1991071000.0,1507892000.0,0.161,5.521,13.146,13.107,2287097000.0,0.0,9.502,0.786,0.783,148126000.0,2614014000.0,20288444000.0,20288444000.0,0.0,0.161,0.441,0.516,0.098,37651000.0,3328944000.0,1.0,1678834536.0,1671184000.0,1710478000.0,12.14,7284183000.0,122462000.0,737990000.0,329184000.0,4.359,1908870000.0
12,TJX,MRY,2008-12-31,2009-01-31,2009-01-31,2021-08-27,-217781000.0,6178242000.0,6601478750.0,3626129000.0,2552113000.0,2.878,1.273,-582932000.0,453527000.0,453527000.0,14429185000.0,880617000.0,1.31,1.894,778809000.0,395027000.0,383782000.0,778809000.0,0.0,401707000.0,0.0,0.022,0.105,1430962000.0,1832669000.0,0.096,1832669000.0,1430962000.0,1416671000.0,0.525,0.5,0.525,2134557000.0,2128147000.0,2134557000.0,8573400402.0,6.0,4.678,571640000.0,0.341,1.0,4570320000.0,0.241,179528000.0,14291000.0,3556105000.0,3798109750.0,2619336000.0,0.0,0.0,0.0,4043685000.0,2767891000.0,1275794000.0,8085323402.0,-279085000.0,0.0,-608943000.0,-2008000.0,-176749000.0,-768821000.0,-568587000.0,14379000.0,1154572000.0,-96249000.0,880617000.0,880617000.0,880617000.0,34269000.0,0.0,0.046,3105089000.0,1465231000.0,1276098000.0,0.2,3.788,9.181,9.248,2201204000.0,0.0,4.855,0.426,0.428,143500000.0,1939516000.0,18999505000.0,18999505000.0,0.0,0.133,0.414,0.377,0.075,32350000.0,3135589000.0,1.0,1665360124.0,1676304000.0,1769020000.0,11.334,5998714000.0,135675000.0,536054000.0,127008000.0,3.579,858238000.0
13,TJX,MRY,2007-12-31,2008-01-26,2008-01-26,2021-08-27,-28685000.0,6599934000.0,6662450500.0,3992294000.0,2607640000.0,2.752,1.203,-526987000.0,732612000.0,732612000.0,13883952000.0,771750000.0,1.446,2.097,855468000.0,2008000.0,853460000.0,855468000.0,0.0,369396000.0,0.0,0.011,0.085,1247807000.0,1617203000.0,0.088,1617203000.0,1247807000.0,1249405000.0,0.435,0.415,0.435,2131245000.0,2211784000.0,2131245000.0,13680749990.0,11.0,8.46,847787000.0,0.478,1.0,4452774000.0,0.243,181524000.0,-1598000.0,3780273000.0,3895664500.0,2737378000.0,0.0,0.0,0.0,4468689000.0,2760993000.0,1707696000.0,13206672990.0,-124057000.0,0.0,-806099000.0,-1854000.0,-151492000.0,-952689000.0,-539901000.0,-13667000.0,1374774000.0,-6241000.0,771750000.0,771750000.0,771750000.0,10682000.0,0.0,0.042,3194285000.0,1258489000.0,1516754000.0,0.195,6.197,17.113,17.368,2235135000.0,0.0,7.555,0.72,0.73,143289000.0,1731980000.0,18336726000.0,18336726000.0,0.0,0.116,0.349,0.32,0.068,50614000.0,2997263000.0,1.0,1748070548.0,1772200000.0,1872184000.0,10.347,6418410000.0,163465000.0,477655000.0,71147000.0,3.622,1231301000.0
14,TJX,MRY,2006-12-31,2007-01-27,2007-01-27,2021-08-27,-33989000.0,6085700000.0,6001890000.0,3748813000.0,2336887000.0,2.85,1.261,-378011000.0,856669000.0,856669000.0,12969996000.0,738039000.0,1.573,1.657,809881000.0,1854000.0,808027000.0,809881000.0,0.0,353110000.0,0.0,0.009,0.068,1230641000.0,1583751000.0,0.093,1583751000.0,1230641000.0,1215075000.0,0.407,0.388,0.407,2290121000.0,2066879000.0,2290121000.0,13903139936.0,11.0,8.779,834735000.0,0.46,1.0,4134017000.0,0.242,182898000.0,15566000.0,3473034000.0,3681171250.0,2581969000.0,0.0,0.0,0.0,3795579000.0,2382980000.0,1412599000.0,13425418936.0,391020000.0,0.0,-297037000.0,-1712000.0,-122927000.0,-418044000.0,-395024000.0,-17713000.0,1212746000.0,-8658000.0,738039000.0,738039000.0,738039000.0,49133000.0,0.0,0.043,2854243000.0,1279774000.0,1372352000.0,0.167,5.862,18.191,18.12,2038376000.0,0.0,7.375,0.785,0.783,115245000.0,1870460000.0,17104013000.0,17104013000.0,0.0,0.123,0.357,0.334,0.072,66172000.0,2849283000.0,1.0,1820395788.0,1816176000.0,1920180000.0,9.418,5902802000.0,35825000.0,477036000.0,21525000.0,3.25,1365833000.0
15,TJX,MRY,2005-12-31,2006-01-28,2006-01-28,2021-08-27,-44296000.0,5496305000.0,5518091750.0,3140127000.0,2356178000.0,2.892,1.014,-486260000.0,465649000.0,465649000.0,12214671000.0,690423000.0,1.394,1.904,808862000.0,1712000.0,807150000.0,808862000.0,0.0,314285000.0,0.0,0.009,0.056,1038590000.0,1352875000.0,0.085,1352875000.0,1038590000.0,1008958000.0,0.37,0.352,0.37,1892654000.0,1692796750.0,1892654000.0,12317597655.0,12.0,9.105,671759000.0,0.36,1.0,3741272000.0,0.234,183425000.0,29632000.0,3404242000.0,3346221000.0,2365861000.0,0.0,0.0,0.0,3603651000.0,2251851000.0,1351800000.0,11466561655.0,158462000.0,0.0,-501301000.0,102847000.0,-105251000.0,-503705000.0,-485608000.0,652000.0,1158019000.0,-10244000.0,690423000.0,690423000.0,690423000.0,-589000.0,0.0,0.043,2703271000.0,1038001000.0,1313472000.0,0.151,6.058,16.608,16.818,2013046000.0,0.0,6.223,0.719,0.728,140747000.0,1475983000.0,15955943000.0,15955943000.0,0.0,0.125,0.408,0.31,0.065,91190000.0,2703271000.0,1.0,1842758000.0,1866148000.0,1966000000.0,8.55,5312880000.0,15641000.0,318535000.0,0.0,2.847,888276000.0
16,TJX,MRY,2004-12-31,2005-01-29,2005-01-29,2021-08-27,-26245000.0,5075473000.0,4872832750.0,2905120000.0,2170353000.0,3.05,0.893,-429133000.0,307187000.0,307187000.0,11357391000.0,609699000.0,1.318,1.906,700116000.0,101576000.0,598540000.0,700116000.0,0.0,279059000.0,0.0,0.007,0.043,1015033000.0,1294092000.0,0.087,1294092000.0,1015033000.0,989276000.0,0.312,0.302,0.312,1746556000.0,1603845500.0,1746556000.0,12525895390.0,12.0,9.679,647676000.0,0.331,1.0,3503355000.0,0.236,183763000.0,25757000.0,3080527000.0,3048457250.0,2352032000.0,0.0,0.0,0.0,3328917000.0,2204112000.0,1124805000.0,11969714390.0,60784000.0,0.0,-497719000.0,-6462000.0,-83418000.0,-584577000.0,-428481000.0,652000.0,1076809000.0,-2967000.0,609699000.0,609699000.0,609699000.0,518000.0,0.0,0.041,2487804000.0,1015551000.0,1276035000.0,0.138,6.853,19.632,19.904,1861127000.0,0.0,6.21,0.805,0.817,119611000.0,1292102000.0,14860746000.0,14860746000.0,0.0,0.125,0.38,0.333,0.068,97099000.0,2487804000.0,1.0,1927490240.0,1955236000.0,2038644000.0,7.6,4891710000.0,0.0,379577000.0,61833000.0,2.502,701008000.0
17,TJX,MRY,2003-12-31,2004-01-31,2004-01-31,2021-08-27,-13584000.0,4396767000.0,4243034250.0,2451748000.0,1945019000.0,3.141,0.763,-409037000.0,246403000.0,246403000.0,10101279000.0,609412000.0,1.45,1.832,698781000.0,6460000.0,692321000.0,698781000.0,0.0,238385000.0,0.0,0.006,0.034,1013990000.0,1252375000.0,0.094,1252375000.0,1013990000.0,986738000.0,0.3,0.29,0.3,1552388000.0,1424926750.0,1552388000.0,12179003470.0,12.0,9.725,358911000.0,0.177,1.0,3226659000.0,0.242,183827000.0,27252000.0,2974798000.0,2911283750.0,1941698000.0,0.0,0.0,0.0,2844379000.0,1690520000.0,1153859000.0,11570313470.0,-245927000.0,-57138000.0,-461587000.0,-16348000.0,-68889000.0,-544272000.0,-465569000.0,606000.0,767948000.0,-4034000.0,609412000.0,609412000.0,609412000.0,0.0,0.0,0.046,2212669000.0,1013990000.0,960382000.0,0.113,7.453,18.986,19.158,1639937000.0,0.0,5.747,0.868,0.877,90902000.0,1079100000.0,13327938000.0,13327938000.0,0.0,0.144,0.428,0.348,0.076,89245000.0,2212669000.0,1.0,2013103692.0,2033436000.0,2125204000.0,6.554,4212940000.0,8979000.0,377326000.0,123817000.0,2.072,761228000.0
18,TJX,MRY,2002-12-31,2003-01-25,2003-01-25,2021-08-27,-3164000.0,3940489000.0,3872792750.0,2240540000.0,1699949000.0,3.094,0.662,-396724000.0,492330000.0,492330000.0,9079579000.0,578388000.0,1.484,1.796,710112000.0,16348000.0,693764000.0,710112000.0,0.0,207876000.0,0.0,0.006,0.028,963097000.0,1170973000.0,0.098,1170973000.0,963097000.0,937724000.0,0.273,0.263,0.273,1409147000.0,1369649250.0,1409147000.0,10569985733.0,11.0,9.027,511836000.0,0.24,1.0,2901628000.0,0.242,179183000.0,25373000.0,2469343000.0,2498550250.0,1563450000.0,0.0,0.0,0.0,2531342000.0,1509745000.0,1021597000.0,10013492733.0,-446000.0,0.0,-447818000.0,-1244000.0,-60025000.0,-509087000.0,-396160000.0,564000.0,908560000.0,-3759000.0,578388000.0,578388000.0,578388000.0,0.0,0.0,0.048,1938531000.0,963097000.0,817633000.0,0.103,7.106,17.313,17.454,1407574000.0,0.0,4.765,0.836,0.847,75515000.0,899448000.0,11981207000.0,11981207000.0,0.0,0.149,0.422,0.385,0.08,14964000.0,1938531000.0,1.0,2101467520.0,2128964000.0,2218580000.0,5.628,3761306000.0,8961000.0,359336000.0,41969000.0,1.767,730795000.0
19,TJX,MRY,2001-12-31,2002-01-26,2002-01-26,2021-08-27,-6755000.0,3595743000.0,3507425500.0,2115926000.0,1479817000.0,3.053,0.609,-449444000.0,492776000.0,492776000.0,8122922000.0,500397000.0,1.609,1.682,703623000.0,1244000.0,702379000.0,703623000.0,0.0,204081000.0,0.0,0.004,0.022,859687000.0,1063768000.0,0.099,1063768000.0,859687000.0,834044000.0,0.228,0.225,0.228,1340698000.0,1254532000.0,1340698000.0,11534825120.0,13.0,10.843,463002000.0,0.21,1.0,2586076000.0,0.241,179101000.0,25643000.0,2312479000.0,2325178750.0,1456976000.0,0.0,0.0,0.0,2255045000.0,1315010000.0,940035000.0,10909542120.0,360241000.0,0.0,-358961000.0,307514000.0,-48290000.0,-99737000.0,-454846000.0,125000.0,912446000.0,2378000.0,500397000.0,500397000.0,500397000.0,40000000.0,0.0,0.047,1686389000.0,899687000.0,761546000.0,0.096,8.137,21.802,21.93,1191002000.0,0.0,5.0,1.019,1.028,69209000.0,1080569000.0,10708998000.0,10708998000.0,0.0,0.143,0.399,0.37,0.08,33316000.0,1686389000.0,1.0,2181908424.0,2202588000.0,2225072000.0,4.862,3416642000.0,38578000.0,333647000.0,41950000.0,1.551,800916000.0
20,TJX,MRY,2000-12-31,2001-01-27,2001-01-27,2021-08-27,-3288000.0,2932283000.0,3078941500.0,1765944000.0,1166339000.0,3.111,0.53,-257005000.0,132535000.0,132535000.0,7188124000.0,538066000.0,1.437,1.406,358445000.0,39073000.0,319372000.0,358445000.0,0.0,175781000.0,0.0,0.005,0.019,887846000.0,1063627000.0,0.111,1063627000.0,887846000.0,864942000.0,0.235,0.233,0.235,1218712000.0,1100657750.0,1218712000.0,9049185062.0,10.0,8.508,299758000.0,0.13,1.0,2390882000.0,0.25,184986000.0,22904000.0,1744448000.0,1806699750.0,1452877000.0,0.0,0.0,0.0,1713571000.0,1228759000.0,484812000.0,8474154062.0,-239224000.0,0.0,-418004000.0,-61203000.0,-44693000.0,-523900000.0,-270922000.0,0.0,556763000.0,-1165000.0,538066000.0,538066000.0,538066000.0,0.0,0.0,0.056,1503036000.0,887846000.0,645672000.0,0.081,6.953,15.749,16.122,907983000.0,0.0,3.789,0.885,0.91,61845000.0,941621000.0,9579006000.0,9579006000.0,0.0,0.175,0.489,0.491,0.093,15941000.0,1503036000.0,1.0,2236662240.0,2299524000.0,2313568000.0,4.166,2747297000.0,47391000.0,326876000.0,0.0,1.195,537185000.0
21,TJX,MRY,1999-12-31,2000-01-29,2000-01-29,2021-08-27,-1433000.0,2804963000.0,2875070000.0,1700565000.0,1104398000.0,3.059,0.445,-238569000.0,371759000.0,371759000.0,6579400000.0,521668000.0,1.432,1.506,419726000.0,100359000.0,319367000.0,419726000.0,0.0,160466000.0,0.0,0.008,0.017,856128000.0,1016594000.0,0.116,1016594000.0,856128000.0,848783000.0,0.207,0.205,0.207,1119228000.0,1182727000.0,1119228000.0,5361448615.0,6.0,5.274,356655000.0,0.142,1.0,2215947000.0,0.252,190844000.0,7345000.0,1474897000.0,1355013250.0,1229587000.0,0.0,0.0,0.0,1685735000.0,1187189000.0,498546000.0,5057418615.0,-89485000.0,0.0,-595248000.0,197365000.0,-42739000.0,-440622000.0,-244417000.0,0.0,595224000.0,330000.0,521668000.0,521668000.0,521668000.0,0.0,0.0,0.059,1354665000.0,861282000.0,615671000.0,0.082,4.519,9.695,9.849,834585000.0,0.0,2.039,0.575,0.583,55461000.0,820682000.0,8795347000.0,8795347000.0,0.0,0.181,0.441,0.632,0.097,11736000.0,1354665000.0,1.0,2480646776.0,2516617160.0,2542326112.0,3.495,2614119000.0,23143000.0,327115000.0,0.0,1.039,513376000.0
22,TJX,MRY,1998-12-31,1999-01-30,1999-01-30,2021-08-27,-1529000.0,2747846000.0,2728766750.0,1743105000.0,1004741000.0,2.913,0.48,-207742000.0,461244000.0,461244000.0,5957415000.0,424154000.0,1.334,1.251,221038000.0,694000.0,220344000.0,221038000.0,0.0,136469000.0,0.0,0.004,0.014,696650000.0,833119000.0,0.105,833119000.0,696650000.0,694964000.0,0.165,0.159,0.165,1220656000.0,1153639750.0,1220656000.0,9640430892.0,14.0,11.571,434707000.0,0.171,1.0,1991686000.0,0.251,198317000.0,1686000.0,1002477000.0,1165281000.0,1186068000.0,0.0,0.0,0.0,1527190000.0,1306846000.0,220344000.0,9552925892.0,56875000.0,0.0,-323802000.0,-23360000.0,-40411000.0,-387573000.0,-198321000.0,0.0,642449000.0,320000.0,424154000.0,420631000.0,420631000.0,9048000.0,0.0,0.053,1285988000.0,705698000.0,617159000.0,0.085,7.826,22.711,22.394,756602000.0,3523000.0,3.695,1.202,1.183,67345000.0,900044000.0,7949101000.0,7949101000.0,0.0,0.154,0.365,0.598,0.088,13821000.0,1285988000.0,1.0,2585365600.0,2544584648.0,2677183600.0,3.124,2549529000.0,22386000.0,270810000.0,0.0,1.002,436259000.0
23,TJX,MRY,1997-12-31,1998-01-31,1998-01-31,2021-08-27,3317000.0,2609632000.0,2667679250.0,1682631000.0,927001000.0,2.77,0.453,-192382000.0,404369000.0,404369000.0,5676541000.0,304815000.0,1.382,1.242,244384000.0,23360000.0,221024000.0,244384000.0,0.0,124891000.0,0.0,0.006,0.012,524996000.0,649887000.0,0.088,649887000.0,524996000.0,520494000.0,0.114,0.109,0.114,1164092000.0,1157508250.0,1164092000.0,5569661237.0,11.0,8.57,191112000.0,0.074,1.0,1712528000.0,0.232,204220000.0,4502000.0,1027770000.0,1182238750.0,1190170000.0,0.0,0.0,0.0,1445540000.0,1217657000.0,227883000.0,5467887237.0,-70363000.0,-33190000.0,-229727000.0,-27179000.0,-41527000.0,-298433000.0,-209875000.0,0.0,383494000.0,0.0,304815000.0,293147000.0,293147000.0,0.0,0.0,0.04,1185755000.0,526773000.0,582791000.0,0.105,4.697,18.652,18.575,686136000.0,11668000.0,2.118,0.74,0.737,60735000.0,729408000.0,7389069000.0,7389069000.0,0.0,0.11,0.253,0.444,0.071,0.0,1185755000.0,1.0,2582237184.0,2571792368.0,2796897472.0,2.873,2405412000.0,0.0,215679000.0,6859000.0,0.935,464974000.0
24,TJX,MRY,1996-12-31,1997-01-25,1997-01-25,2021-08-27,0.0,2561212000.0,,1662342000.0,898870000.0,,0.468,-119153000.0,474732000.0,474732000.0,5198783000.0,363123000.0,1.406,1.272,271550000.0,27140000.0,244410000.0,271550000.0,0.0,126830000.0,0.0,0.007,0.009,552787000.0,679617000.0,0.102,679617000.0,552787000.0,515437000.0,0.145,0.13,0.145,1127186000.0,,1127186000.0,,,,545310000.0,0.227,1.0,1490627000.0,0.223,216127000.0,37350000.0,959607000.0,,1059505000.0,0.0,0.0,0.0,1434026000.0,1182296000.0,251730000.0,,265506000.0,173473000.0,34395000.0,-502066000.0,-35019000.0,-502690000.0,54320000.0,0.0,664463000.0,0.0,363123000.0,349382000.0,349382000.0,-154917000.0,0.0,0.052,1087137000.0,403490000.0,533945000.0,0.062,,,8.89,640484000.0,13741000.0,1.289,,0.464,57275000.0,468593000.0,6689410000.0,6689410000.0,0.0,,,,0.083,0.0,1087137000.0,1.0,,2407415232.0,2805200800.0,2.779,2345085000.0,0.0,152314000.0,7320000.0,0.974,480046000.0
25,TJX,MRY,1995-12-31,1996-01-27,1996-01-27,2021-08-27,,,,,,,,-105864000.0,,,3143257000.0,26261000.0,,,,,,,,79232000.0,,0.031,0.018,101654000.0,180886000.0,0.046,180886000.0,101654000.0,63468000.0,0.007,0.007,0.007,,,,,,,148690000.0,0.064,1.0,831858000.0,0.209,,38186000.0,,,,,,,,,,,167657000.0,-375733000.0,1040000.0,508814000.0,-44886000.0,464968000.0,-481597000.0,0.0,254554000.0,0.0,26261000.0,16854000.0,16854000.0,21990000.0,0.0,0.004,704876000.0,126982000.0,,2.571,,,82.031,,9407000.0,0.574,,0.335,,,3975115000.0,3975115000.0,0.0,,,,0.026,0.0,669876000.0,1.0,,2317285632.0,2326255200.0,1.715,,,37207000.0,,,
0,TJX,MRQ,2021-06-30,2021-07-31,2021-07-31,2021-08-27,-577692000.0,28783446000.0,,13389030000.0,15394416000.0,,5.316,-219651000.0,7106016000.0,7106016000.0,8528130000.0,785681000.0,1.333,3.493,12871309000.0,1612603000.0,11258706000.0,12871309000.0,0.0,215182000.0,0.0,0.008,0.26,1082993000.0,1298175000.0,0.107,1298175000.0,1082993000.0,1054332000.0,0.65,0.64,0.65,6406384000.0,,6406384000.0,89081565269.0,26.0,20.549,1159955000.0,0.963,1.0,3548933000.0,0.294,97972000.0,28661000.0,24408709000.0,,5086631000.0,0.0,0.0,0.0,22377062000.0,10042058000.0,12335004000.0,83018383269.0,-1669469000.0,0.0,-271128000.0,-2225518000.0,-313644000.0,-2810342000.0,-217856000.0,1795000.0,1379606000.0,-20877000.0,785681000.0,785681000.0,785681000.0,0.0,0.0,0.065,2223692000.0,1325241000.0,4413316000.0,0.4,12.959,33.051,32.923,14290604000.0,0.0,68.81,1.921,1.918,615634000.0,5663492000.0,12077063000.0,12077063000.0,0.0,,,,,63585000.0,2223692000.0,1.0,1206487186.0,1205054000.0,1220615000.0,10.022,28685474000.0,249186000.0,268651000.0,50622000.0,23.804,3346972000.0
1,TJX,MRQ,2021-03-31,2021-05-01,2021-05-01,2021-08-27,-581184000.0,30301434000.0,,15016049000.0,15285385000.0,,5.093,-225293000.0,8775485000.0,8775485000.0,7255635000.0,533930000.0,1.516,3.936,14838667000.0,1650574000.0,13188093000.0,14838667000.0,0.0,215379000.0,0.0,0.004,0.26,766034000.0,981413000.0,0.097,981413000.0,766034000.0,721346000.0,0.44,0.44,0.44,6139214000.0,,6139214000.0,90657744105.0,38.0,28.135,-658020000.0,-0.546,1.0,2831026000.0,0.281,99324000.0,44688000.0,26358331000.0,,5114643000.0,0.0,0.0,0.0,24162220000.0,9906961000.0,14255259000.0,85623888105.0,-1694085000.0,0.0,36539000.0,-750000000.0,-315215000.0,-1053102000.0,-224905000.0,388000.0,-432727000.0,16649000.0,533930000.0,533930000.0,533930000.0,0.0,0.0,0.053,2064992000.0,766034000.0,4433295000.0,0.591,13.947,56.634,56.349,14189452000.0,0.0,71.0,2.264,2.263,621177000.0,5192536000.0,10086661000.0,10086661000.0,0.0,,,,,50536000.0,2064992000.0,1.0,1205970255.0,1205439000.0,1221517000.0,8.368,30202110000.0,199976000.0,187416000.0,320385000.0,25.055,5109088000.0
2,TJX,MRQ,2020-12-31,2021-01-30,2021-01-30,2021-08-27,-606071000.0,30813555000.0,,15739337000.0,15074218000.0,,4.847,-134417000.0,10469570000.0,10469570000.0,7882575000.0,325523000.0,1.457,4.283,15503426000.0,2427289000.0,13076137000.0,15503426000.0,0.0,212261000.0,0.0,0.004,0.0,555301000.0,767562000.0,0.07,767562000.0,555301000.0,508138000.0,0.28,0.27,0.28,5832684000.0,,5832684000.0,81949074151.0,304.0,71.838,150712000.0,0.125,1.0,3060635000.0,0.28,98998000.0,47163000.0,24944745000.0,,4337389000.0,0.0,0.0,0.0,24980871000.0,10803668000.0,14177203000.0,76888421151.0,-112423000.0,0.0,123468000.0,-419937000.0,-6000.0,-312446000.0,-134419000.0,-2000.0,285129000.0,49313000.0,325523000.0,325523000.0,325523000.0,0.0,0.0,0.03,2193101000.0,867534000.0,4823397000.0,0.0,13.182,849.878,800.5,14026094000.0,0.0,64.04,2.393,2.391,461139000.0,4973542000.0,10943210000.0,10943210000.0,0.0,,,,,-390000.0,2193101000.0,1.0,1200631186.0,1203314000.0,1262418000.0,9.094,30714557000.0,163453000.0,182615000.0,118687000.0,25.525,4935669000.0
3,TJX,MRQ,2020-09-30,2020-10-31,2020-10-31,2021-08-27,-742861000.0,31565500000.0,,16653906000.0,14911594000.0,,4.639,-123694000.0,10581993000.0,10581993000.0,7062285000.0,866656000.0,1.409,4.67,15642646000.0,2399600000.0,13243046000.0,15642646000.0,0.0,218972000.0,0.0,0.009,0.0,1068876000.0,1287848000.0,0.127,1287848000.0,1068876000.0,1015992000.0,0.72,0.71,0.72,5566756000.0,,5566756000.0,69952738556.0,67.0,36.388,3956291000.0,3.297,1.0,3055004000.0,0.302,96733000.0,52884000.0,24712226000.0,,4997506000.0,0.0,0.0,0.0,25998744000.0,11817194000.0,14181550000.0,60912305556.0,3961582000.0,0.0,28189000.0,0.0,0.0,28189000.0,-125360000.0,-1666000.0,4079985000.0,-21232000.0,866656000.0,866656000.0,866656000.0,0.0,0.0,0.086,1986128000.0,1068876000.0,6142547000.0,0.0,10.942,81.245,81.935,14033470000.0,0.0,50.8,1.824,1.825,463732000.0,4982573000.0,10117289000.0,10117289000.0,0.0,,,,,31262000.0,1986128000.0,1.0,1199061133.0,1199951000.0,1214195000.0,8.431,31468767000.0,241780000.0,149336000.0,124436000.0,26.225,4836712000.0
4,TJX,MRQ,2020-06-30,2020-08-01,2020-08-01,2021-08-27,-722941000.0,26568402000.0,,11517947000.0,15050455000.0,,3.888,-99385000.0,6620411000.0,6620411000.0,5174490000.0,-214220000.0,1.506,4.701,15660844000.0,2340285000.0,13320559000.0,15660844000.0,0.0,220065000.0,0.0,0.013,0.0,-34683000.0,185382000.0,0.028,185382000.0,-34683000.0,-92019000.0,-0.18,-0.18,-0.18,4660569000.0,,4660569000.0,74496323117.0,68.0,37.634,3257873000.0,2.718,1.0,1493085000.0,0.224,97131000.0,57336000.0,27864453000.0,,3744062000.0,0.0,0.0,0.0,21907833000.0,7647251000.0,14260582000.0,62277630117.0,2332576000.0,0.0,22088000.0,-1000000000.0,0.0,-977990000.0,-97715000.0,1670000.0,3357258000.0,51023000.0,-214220000.0,-214220000.0,-214220000.0,0.0,0.0,-0.032,1527768000.0,-34683000.0,2422140000.0,0.0,13.363,87.549,88.119,14164265000.0,0.0,51.99,1.846,1.847,444229000.0,4115917000.0,6667575000.0,6667575000.0,0.0,,,,,39178000.0,1527768000.0,1.0,1197877094.0,1198634000.0,1198634000.0,5.563,26471271000.0,354224000.0,122201000.0,91770000.0,22.085,3870696000.0
5,TJX,MRQ,2020-03-31,2020-05-02,2020-05-02,2021-08-27,-797324000.0,25415240000.0,,10296248000.0,15118992000.0,,3.957,-210525000.0,4287835000.0,4287835000.0,4414465000.0,-887489000.0,2.205,4.363,16506528000.0,1399290000.0,15107238000.0,16506528000.0,0.0,219460000.0,0.0,0.019,0.23,-1319497000.0,-1100037000.0,-0.25,-1100037000.0,-1319497000.0,-1342848000.0,-0.74,-0.74,-0.74,4739218000.0,,4739218000.0,66036659571.0,31.0,21.766,-3371008000.0,-2.814,1.0,-5577000.0,-0.001,94469000.0,23351000.0,32869917000.0,,4945720000.0,0.0,0.0,0.0,20676022000.0,4669547000.0,16006475000.0,57788937571.0,1071083000.0,0.0,-164056000.0,4988452000.0,-278250000.0,4490509000.0,-221103000.0,-10578000.0,-3160483000.0,-37840000.0,-887489000.0,-887489000.0,-887489000.0,0.0,0.0,-0.201,1313920000.0,-1319497000.0,1071190000.0,-0.311,12.194,34.306,34.464,14275595000.0,0.0,48.25,1.568,1.568,172463000.0,4330561000.0,4408888000.0,4408888000.0,0.0,,,,,-11531000.0,1313920000.0,1.0,1197698188.0,1197809000.0,1197809000.0,3.681,25320771000.0,518385000.0,-455359000.0,124411000.0,21.139,5626701000.0
6,TJX,MRQ,2019-12-31,2020-02-01,2020-02-01,2021-08-27,-673171000.0,24145003000.0,,8890622000.0,15254381000.0,,4.952,-230404000.0,3216752000.0,3216752000.0,8741805000.0,984790000.0,1.243,3.059,11464474000.0,1411216000.0,10053258000.0,11464474000.0,0.0,219914000.0,0.0,0.015,0.23,1329328000.0,1549242000.0,0.127,1549242000.0,1329328000.0,1326275000.0,0.82,0.81,0.82,5948212000.0,,5948212000.0,80445991825.0,18.0,15.226,1962608000.0,1.634,1.0,3464657000.0,0.284,95546000.0,3053000.0,25146932000.0,,4872592000.0,0.0,0.0,0.0,18196791000.0,7150247000.0,11046544000.0,71035965825.0,1156576000.0,-230156000.0,-304781000.0,0.0,-276470000.0,-581377000.0,-464216000.0,-3656000.0,2193012000.0,9157000.0,984790000.0,984790000.0,984790000.0,0.0,0.0,0.081,2135329000.0,1329328000.0,2672557000.0,0.28,11.942,21.709,21.786,14385380000.0,0.0,59.04,1.703,1.71,386261000.0,5422283000.0,12206462000.0,12206462000.0,0.0,,,,,38367000.0,2135329000.0,1.0,1203183703.0,1201227000.0,1219367000.0,10.162,24049457000.0,59101000.0,341485000.0,166870000.0,20.021,1740375000.0
7,TJX,MRQ,2019-09-30,2019-11-02,2019-11-02,2021-08-27,-637414000.0,24288704000.0,,9374615000.0,14914089000.0,,4.594,-414694000.0,2060176000.0,2060176000.0,7440033000.0,828263000.0,1.22,3.382,11470202000.0,1412262000.0,10057940000.0,11470202000.0,0.0,219555000.0,0.0,0.015,0.23,1125378000.0,1344933000.0,0.129,1344933000.0,1125378000.0,1122119000.0,0.69,0.68,0.69,5542532000.0,,5542532000.0,79275510013.0,19.0,15.454,559590000.0,0.464,1.0,3011301000.0,0.288,96313000.0,3259000.0,25915273000.0,,6274778000.0,0.0,0.0,0.0,18746172000.0,7687144000.0,11059028000.0,70130184013.0,-126206000.0,0.0,-417829000.0,0.0,-277644000.0,-695473000.0,-417536000.0,-2842000.0,974284000.0,12519000.0,828263000.0,828263000.0,828263000.0,0.0,0.0,0.079,1885923000.0,1125378000.0,3447443000.0,0.333,12.653,22.413,22.398,14320117000.0,0.0,58.01,1.726,1.722,442883000.0,4976762000.0,10451334000.0,10451334000.0,0.0,,,,,31190000.0,1885923000.0,1.0,1208932667.0,1206369000.0,1224288000.0,8.663,24192391000.0,187886000.0,293856000.0,224729000.0,20.054,1687471000.0
8,TJX,MRQ,2019-06-30,2019-08-03,2019-08-03,2021-08-27,-712825000.0,22854979000.0,,8268604000.0,14586375000.0,,4.38,-261109000.0,2186382000.0,2186382000.0,7026057000.0,758962000.0,1.253,3.31,11331708000.0,1353721000.0,9977987000.0,11331708000.0,0.0,215633000.0,0.0,0.016,0.23,1024204000.0,1239837000.0,0.127,1239837000.0,1024204000.0,1021307000.0,0.63,0.62,0.63,5302612000.0,,5302612000.0,72459358709.0,17.0,14.378,488896000.0,0.404,1.0,2755539000.0,0.282,95938000.0,2897000.0,25303626000.0,,5087046000.0,0.0,0.0,0.0,17552367000.0,6600741000.0,10951626000.0,63495272709.0,-48674000.0,0.0,-259754000.0,0.0,-278690000.0,-538436000.0,-253510000.0,180000.0,750005000.0,-6733000.0,758962000.0,758962000.0,758962000.0,0.0,0.0,0.078,1731335000.0,1024204000.0,2607651000.0,0.365,11.974,20.73,20.778,13986180000.0,0.0,52.36,1.587,1.584,377057000.0,4806504000.0,9781596000.0,9781596000.0,0.0,,,,,29668000.0,1731335000.0,1.0,1212667546.0,1210525000.0,1228986000.0,8.08,22759041000.0,184767000.0,262345000.0,234503000.0,18.801,1667863000.0
9,TJX,MRQ,2019-03-31,2019-05-04,2019-05-04,2021-08-27,-633282000.0,22489064000.0,,8067212000.0,14421852000.0,,4.225,-316909000.0,2235056000.0,2235056000.0,6637885000.0,700178000.0,1.226,3.382,11199142000.0,1343243000.0,9855899000.0,11199142000.0,0.0,212201000.0,0.0,0.014,0.195,937299000.0,1149500000.0,0.124,1149500000.0,937299000.0,936482000.0,0.58,0.57,0.58,5131895000.0,,5131895000.0,64827603655.0,16.0,12.968,-167670000.0,-0.138,1.0,2639700000.0,0.285,96685000.0,817000.0,24775446000.0,,5057202000.0,0.0,0.0,0.0,17357169000.0,6581019000.0,10776150000.0,65624216655.0,-795173000.0,0.0,-337522000.0,0.0,-238758000.0,-599585000.0,-326709000.0,-9800000.0,149239000.0,-18118000.0,700178000.0,700178000.0,700178000.0,0.0,0.0,0.075,1702401000.0,937299000.0,2578370000.0,0.336,12.788,21.561,21.786,13828965000.0,0.0,54.03,1.659,1.659,393276000.0,4552509000.0,9277585000.0,9277585000.0,0.0,,,,,25732000.0,1702401000.0,1.0,1214588500.0,1214531000.0,1233407000.0,7.639,22392379000.0,44309000.0,236304000.0,358101000.0,18.437,1486193000.0
10,TJX,MRQ,2018-12-31,2019-02-02,2019-02-02,2021-08-27,-630321000.0,14326029000.0,,8469222000.0,5856807000.0,,4.112,-252176000.0,3030229000.0,3030229000.0,8033640000.0,841538000.0,1.531,1.838,2233616000.0,0.0,2233616000.0,2233616000.0,0.0,218428000.0,0.0,0.015,0.195,1177073000.0,1395501000.0,0.125,1395501000.0,1177073000.0,1178578000.0,0.69,0.68,0.69,5048606000.0,,5048606000.0,59821899627.0,14.0,11.96,1358526000.0,1.107,1.0,3093700000.0,0.278,97552000.0,-1505000.0,7900490000.0,,4579033000.0,0.0,0.0,0.0,9277423000.0,5531374000.0,3746049000.0,60300802627.0,318462000.0,0.0,-799972000.0,0.0,-240274000.0,-1041952000.0,-254332000.0,-2155000.0,1610702000.0,4044000.0,841538000.0,841538000.0,841538000.0,0.0,0.0,0.076,1916627000.0,1177073000.0,2644143000.0,0.283,11.944,19.707,19.798,5255208000.0,0.0,48.9,1.547,1.557,346298000.0,4461744000.0,11127340000.0,11127340000.0,0.0,,,,,26204000.0,1916627000.0,1.0,1233145248.0,1227695000.0,1244708000.0,9.064,14228477000.0,6467000.0,337040000.0,312346000.0,11.59,2937848000.0
11,TJX,MRQ,2018-09-30,2018-11-03,2018-11-03,2021-08-27,-591847000.0,15025242000.0,,9317013000.0,5708229000.0,,4.25,-299063000.0,2711767000.0,2711767000.0,6983483000.0,762253000.0,1.549,1.858,2232864000.0,0.0,2232864000.0,2232864000.0,0.0,204912000.0,0.0,0.013,0.195,1049706000.0,1254618000.0,0.128,1254618000.0,1049706000.0,1046518000.0,0.62,0.61,0.62,5256873000.0,,5256873000.0,67327141640.0,16.0,13.695,618029000.0,0.5,1.0,2842276000.0,0.289,97348000.0,3188000.0,8435166000.0,,5543413000.0,0.0,0.0,0.0,9768369000.0,6013825000.0,3754544000.0,67967746640.0,-160950000.0,0.0,-525270000.0,0.0,-241448000.0,-769900000.0,-298159000.0,903000.0,917092000.0,-9983000.0,762253000.0,762253000.0,762253000.0,0.0,0.0,0.078,1792570000.0,1049706000.0,3340596000.0,0.315,12.929,21.957,22.075,5165875000.0,0.0,54.745,1.751,1.745,419790000.0,4615575000.0,9825759000.0,9825759000.0,0.0,,,,,27412000.0,1756448000.0,1.0,1241533412.0,1236842000.0,1257562000.0,7.944,14927894000.0,0.0,284265000.0,315437000.0,12.069,3303188000.0
12,TJX,MRQ,2018-06-30,2018-08-04,2018-08-04,2021-08-27,-598398000.0,14111428000.0,,8439972000.0,5671456000.0,,4.192,-308957000.0,2872717000.0,2872717000.0,6635815000.0,739626000.0,1.643,1.7,2232112000.0,0.0,2232112000.0,2232112000.0,0.0,204020000.0,0.0,0.014,0.195,995586000.0,1199606000.0,0.129,1199606000.0,995586000.0,992557000.0,0.59,0.58,0.59,5227073000.0,,5227073000.0,60563785322.0,15.0,12.426,526823000.0,0.423,1.0,2695300000.0,0.289,98114000.0,3029000.0,8234892000.0,,4498523000.0,0.0,0.0,0.0,8884355000.0,5137817000.0,3746538000.0,61013530322.0,191612000.0,0.0,-515676000.0,0.0,-243578000.0,-759622000.0,149431000.0,431736000.0,835780000.0,-33977000.0,739626000.0,739626000.0,739626000.0,0.0,0.0,0.079,1699714000.0,995586000.0,2683285000.0,0.331,11.673,20.511,20.589,5100454000.0,0.0,48.795,1.617,1.612,356180000.0,4583938000.0,9331115000.0,9331115000.0,0.0,,,,,25912000.0,1699714000.0,1.0,1250405376.0,1246851000.0,1265920000.0,7.484,14013314000.0,9000.0,252931000.0,265419000.0,11.239,3302155000.0
13,TJX,MRQ,2018-03-31,2018-05-05,2018-05-05,2021-08-27,-555530000.0,14007124000.0,,8422275000.0,5584849000.0,,4.199,-264943000.0,2681105000.0,2681105000.0,6178239000.0,716381000.0,1.692,1.662,2231360000.0,0.0,2231360000.0,2231360000.0,0.0,192295000.0,0.0,0.015,0.156,959706000.0,1152001000.0,0.133,1152001000.0,959706000.0,955558000.0,0.57,0.56,0.57,5262408000.0,,5262408000.0,51412535070.0,13.0,10.821,459942000.0,0.367,1.0,2510481000.0,0.289,98614000.0,4148000.0,8481901000.0,,4369893000.0,435903000.0,435903000.0,0.0,8744716000.0,4976864000.0,3767852000.0,51940405070.0,-77372000.0,0.0,-310838000.0,0.0,-197296000.0,-526007000.0,-220492000.0,44451000.0,724885000.0,-55758000.0,716381000.0,716381000.0,716381000.0,0.0,0.0,0.082,1550775000.0,959706000.0,2509089000.0,0.274,9.87,18.63,18.698,5026092000.0,0.0,41.415,1.413,1.412,368314000.0,4567533000.0,8688720000.0,8688720000.0,0.0,,,,,24029000.0,1550775000.0,1.0,1254144756.0,1253224000.0,1268872000.0,6.933,13908510000.0,3178000.0,239177000.0,507582000.0,11.098,3445411000.0
14,TJX,MRQ,2017-12-31,2018-02-03,2018-02-03,2021-08-27,-441859000.0,14058015000.0,,8485727000.0,5572288000.0,,4.088,-230088000.0,2758477000.0,2758477000.0,7849400000.0,877276000.0,1.656,1.731,2230607000.0,0.0,2230607000.0,2230607000.0,0.0,193533000.0,0.0,0.015,0.156,1116469000.0,1310002000.0,0.12,1310002000.0,1116469000.0,1112380000.0,0.7,0.69,0.7,5148309000.0,,5148309000.0,49482388567.0,13.0,10.724,866113000.0,0.688,1.0,3111320000.0,0.284,100069000.0,4089000.0,8304539000.0,,4187243000.0,506165000.0,506165000.0,0.0,8909706000.0,5125537000.0,3784169000.0,49616777567.0,394233000.0,0.0,-361110000.0,0.0,-197091000.0,-561478000.0,-213353000.0,16735000.0,1096201000.0,72863000.0,877276000.0,877276000.0,877276000.0,0.0,0.0,0.08,1994851000.0,1116469000.0,2488373000.0,0.223,9.637,19.025,19.139,5006053000.0,0.0,39.235,1.383,1.393,327166000.0,4334150000.0,10960720000.0,10960720000.0,0.0,,,,,24210000.0,1895601000.0,1.0,1264605010.0,1259467000.0,1276804000.0,8.703,13957946000.0,6558000.0,235104000.0,347260000.0,11.082,3360190000.0
15,TJX,MRQ,2017-09-30,2017-10-28,2017-10-28,2021-08-27,-602919000.0,13877695000.0,,8390034000.0,5487661000.0,,3.664,-320667000.0,2364244000.0,2364244000.0,6150020000.0,641436000.0,1.534,1.987,2229855000.0,0.0,2229855000.0,2229855000.0,0.0,184294000.0,0.0,0.016,0.156,1027981000.0,1212275000.0,0.138,1212275000.0,1027981000.0,1020000000.0,0.51,0.5,0.51,4645608000.0,,4645608000.0,44662582960.0,12.0,9.765,505710000.0,0.399,1.0,2612200000.0,0.298,196365000.0,7981000.0,8078960000.0,,4725850000.0,511618000.0,511618000.0,0.0,9232087000.0,5467981000.0,3764106000.0,44882784960.0,-85061000.0,0.0,-325919000.0,0.0,-197493000.0,-524123000.0,-346567000.0,-25900000.0,826377000.0,-40748000.0,641436000.0,641436000.0,641436000.0,0.0,0.0,0.073,1584219000.0,1027981000.0,2986374000.0,0.306,9.661,18.634,18.761,4858284000.0,0.0,35.27,1.306,1.301,345866000.0,3983922000.0,8762220000.0,8762220000.0,0.0,,,,,27637000.0,1584219000.0,1.0,1272548482.0,1268044000.0,1285762000.0,6.91,13681330000.0,19737000.0,378564000.0,494461000.0,10.789,2922053000.0
16,TJX,MRQ,2017-06-30,2017-07-29,2017-07-29,2021-08-27,-560730000.0,12935615000.0,,7567781000.0,5367834000.0,,3.552,-248347000.0,2449305000.0,2449305000.0,5972675000.0,552957000.0,1.625,1.849,2229103000.0,0.0,2229103000.0,2229103000.0,0.0,175645000.0,0.0,0.016,0.156,901377000.0,1077022000.0,0.129,1077022000.0,901377000.0,891700000.0,0.435,0.425,0.435,4540804000.0,,4540804000.0,44330884322.0,12.0,10.004,406265000.0,0.318,1.0,2385025000.0,0.285,197522000.0,9677000.0,7861358000.0,,3864454000.0,502757000.0,502757000.0,0.0,8394811000.0,4656533000.0,3738278000.0,44772028322.0,-220190000.0,0.0,-525899000.0,0.0,-200890000.0,-727631000.0,-251059000.0,-2712000.0,654612000.0,103888000.0,552957000.0,552957000.0,552957000.0,0.0,0.0,0.066,1483648000.0,901377000.0,2346548000.0,0.359,9.86,19.324,19.441,4744690000.0,0.0,34.8,1.321,1.312,305401000.0,4465260000.0,8357700000.0,8357700000.0,0.0,,,,,25464000.0,1483648000.0,1.0,1286552538.0,1278254000.0,1296634000.0,6.538,12738093000.0,18436000.0,338743000.0,494622000.0,9.965,2911248000.0
17,TJX,MRQ,2017-03-31,2017-04-29,2017-04-29,2021-08-27,-695434000.0,12763481000.0,,7548500000.0,5214981000.0,,3.533,-258515000.0,2669495000.0,2669495000.0,5530072000.0,536279000.0,1.639,1.803,2228351000.0,0.0,2228351000.0,2228351000.0,0.0,172485000.0,0.0,0.013,0.13,842349000.0,1014834000.0,0.13,1014834000.0,842349000.0,832508000.0,0.415,0.41,0.415,4553523000.0,,4553523000.0,50066937534.0,13.0,11.256,189919000.0,0.147,1.0,2253952000.0,0.29,195585000.0,9841000.0,7521360000.0,,3736114000.0,457091000.0,457091000.0,0.0,8209958000.0,4605392000.0,3604566000.0,50769187534.0,-260354000.0,0.0,-297966000.0,0.0,-168566000.0,-484114000.0,-201757000.0,56758000.0,448434000.0,-22917000.0,536279000.0,536279000.0,536279000.0,0.0,0.0,0.069,1411603000.0,842349000.0,2174727000.0,0.313,11.149,21.825,22.09,4601044000.0,0.0,39.32,1.519,1.516,317224000.0,4605681000.0,7784024000.0,7784024000.0,0.0,,,,,24051000.0,1411603000.0,1.0,1291179744.0,1288850000.0,1309598000.0,6.04,12567896000.0,6347000.0,296229000.0,713630000.0,9.751,2943108000.0
18,TJX,MRQ,2016-12-31,2017-01-28,2017-01-28,2021-08-27,-694226000.0,12883808000.0,,7750774000.0,5133034000.0,,3.44,-257550000.0,2929849000.0,2929849000.0,6786777000.0,677928000.0,1.629,1.856,2227599000.0,0.0,2227599000.0,2227599000.0,0.0,166401000.0,0.0,0.013,0.13,1103275000.0,1269676000.0,0.134,1269676000.0,1103275000.0,1093659000.0,0.52,0.515,0.52,4510599000.0,,4510599000.0,48261529878.0,13.0,10.906,1257050000.0,0.959,1.0,2680870000.0,0.283,195871000.0,9616000.0,7228031000.0,,3644959000.0,543242000.0,543242000.0,0.0,8373209000.0,4757656000.0,3615553000.0,48410148878.0,554317000.0,0.0,-471710000.0,0.0,-169129000.0,-630172000.0,-343596000.0,-86046000.0,1514600000.0,13485000.0,677928000.0,677928000.0,677928000.0,0.0,0.0,0.072,1577595000.0,1103275000.0,2230904000.0,0.25,10.733,21.064,21.217,4532894000.0,0.0,37.13,1.459,1.467,258831000.0,4558506000.0,9467647000.0,9467647000.0,0.0,,,,,14204000.0,1577595000.0,1.0,1303801478.0,1311294000.0,1328864000.0,7.22,12687937000.0,6193000.0,415731000.0,520288000.0,9.676,2993118000.0
19,TJX,MRQ,2016-09-30,2016-10-29,2016-10-29,2021-08-27,-801557000.0,12866836000.0,,7942334000.0,4924502000.0,,3.312,-258762000.0,2375532000.0,2375532000.0,5843873000.0,549786000.0,1.623,1.972,2226913000.0,0.0,2226913000.0,2226913000.0,0.0,167628000.0,0.0,0.013,0.13,902295000.0,1069923000.0,0.129,1069923000.0,902295000.0,889833000.0,0.42,0.415,0.42,4329811000.0,,4329811000.0,48062572648.0,13.0,10.935,669913000.0,0.513,1.0,2447815000.0,0.295,196011000.0,12462000.0,7627692000.0,,4384171000.0,450804000.0,450804000.0,0.0,8537025000.0,4894514000.0,3642511000.0,48250268648.0,571884000.0,0.0,-397912000.0,566956000.0,-170351000.0,-3882000.0,-303706000.0,-44944000.0,928675000.0,-49203000.0,549786000.0,549786000.0,549786000.0,0.0,0.0,0.066,1493747000.0,954068000.0,2686845000.0,0.31,11.144,21.1,21.237,4318829000.0,0.0,36.74,1.477,1.47,306426000.0,4479467000.0,8291688000.0,8291688000.0,0.0,,,,,16998000.0,1462574000.0,1.0,1313289838.0,1307118000.0,1323442000.0,6.343,12670825000.0,19039000.0,340047000.0,369189000.0,9.694,3047820000.0
20,TJX,MRQ,2016-06-30,2016-07-30,2016-07-30,2021-08-27,-659681000.0,11670653000.0,,6810674000.0,4859979000.0,,3.382,-242199000.0,1803648000.0,1803648000.0,5562961000.0,562174000.0,1.579,1.622,1615952000.0,0.0,1615952000.0,1615952000.0,0.0,167753000.0,0.0,0.011,0.13,925844000.0,1093597000.0,0.139,1093597000.0,925844000.0,914582000.0,0.425,0.42,0.425,4451356000.0,,4451356000.0,53695065293.0,14.0,12.107,496152000.0,0.377,1.0,2319092000.0,0.294,196046000.0,11262000.0,6972706000.0,,3870605000.0,421153000.0,421153000.0,0.0,7219297000.0,4314205000.0,2905092000.0,54023743293.0,-140507000.0,0.0,-388868000.0,0.0,-171441000.0,-548366000.0,-278435000.0,-36236000.0,738351000.0,-52057000.0,562174000.0,562174000.0,562174000.0,0.0,0.0,0.071,1393248000.0,925844000.0,2258251000.0,0.306,12.136,23.244,23.349,4263380000.0,0.0,40.86,1.681,1.673,288777000.0,4454392000.0,7882053000.0,7882053000.0,0.0,,,,,12984000.0,1393248000.0,1.0,1322166992.0,1316234000.0,1333212000.0,5.988,11474607000.0,20824000.0,352408000.0,430883000.0,8.718,2496469000.0
21,TJX,MRQ,2016-03-31,2016-04-30,2016-04-30,2021-08-27,-536412000.0,11704722000.0,,6877701000.0,4827021000.0,,3.428,-266236000.0,1944155000.0,1944155000.0,5372143000.0,508346000.0,1.601,1.581,1615477000.0,0.0,1615477000.0,1615477000.0,0.0,157014000.0,0.0,0.011,0.105,835163000.0,992177000.0,0.132,992177000.0,835163000.0,824969000.0,0.385,0.38,0.385,4534969000.0,,4534969000.0,49766246087.0,13.0,11.341,178997000.0,0.135,1.0,2170213000.0,0.288,196511000.0,10194000.0,6882798000.0,,3904989000.0,403702000.0,403702000.0,0.0,7169753000.0,4296735000.0,2873018000.0,50237665087.0,-151318000.0,0.0,-277318000.0,0.0,-140067000.0,-404457000.0,-289141000.0,-20581000.0,445233000.0,97047000.0,508346000.0,508346000.0,508346000.0,0.0,0.0,0.067,1335050000.0,835163000.0,2136751000.0,0.273,11.078,21.735,21.913,4229704000.0,0.0,37.91,1.589,1.586,281631000.0,4410298000.0,7542356000.0,7542356000.0,0.0,,,,,-12934000.0,1335050000.0,1.0,1325182408.0,1323030000.0,1340776000.0,5.701,11508211000.0,22617000.0,316623000.0,575258000.0,8.698,2580966000.0
22,TJX,MRQ,2015-12-31,2016-01-30,2016-01-30,2021-08-27,-667472000.0,11490431000.0,,6772560000.0,4717871000.0,,3.237,-238713000.0,2095473000.0,2095473000.0,6388192000.0,666466000.0,1.538,1.668,1615003000.0,0.0,1615003000.0,1615003000.0,0.0,162990000.0,0.0,0.011,0.105,1076764000.0,1239754000.0,0.138,1239754000.0,1076764000.0,1065801000.0,0.5,0.49,0.5,4307075000.0,,4307075000.0,47597926150.0,13.0,11.014,1061638000.0,0.798,1.0,2573883000.0,0.287,193911000.0,10963000.0,6413820000.0,,3695113000.0,352313000.0,352313000.0,0.0,7183356000.0,4402230000.0,2781126000.0,47697255150.0,372137000.0,0.0,-481537000.0,0.0,-140177000.0,-630900000.0,-214277000.0,24436000.0,1300351000.0,-83037000.0,666466000.0,666466000.0,666466000.0,0.0,0.0,0.074,1497119000.0,1076764000.0,2203050000.0,0.21,11.074,20.941,21.077,4137575000.0,0.0,35.62,1.541,1.55,238072000.0,4311051000.0,8962075000.0,8962075000.0,0.0,,,,,12658000.0,1497119000.0,1.0,1339058258.0,1330552000.0,1349576000.0,6.736,11296520000.0,13831000.0,399335000.0,414623000.0,8.49,2370330000.0
23,TJX,MRQ,2015-09-30,2015-10-31,2015-10-31,2021-08-27,-545175000.0,11859496000.0,,7227282000.0,4632214000.0,,3.241,-245792000.0,1723336000.0,1723336000.0,5506899000.0,587256000.0,1.528,1.726,1614529000.0,0.0,1614529000.0,1614529000.0,0.0,155248000.0,0.0,0.011,0.105,954195000.0,1109443000.0,0.143,1109443000.0,954195000.0,941190000.0,0.44,0.43,0.44,4350461000.0,,4350461000.0,49070389975.0,13.0,11.489,482192000.0,0.359,1.0,2246596000.0,0.29,342058000.0,13005000.0,6678553000.0,,4441989000.0,399714000.0,399714000.0,0.0,7509035000.0,4730078000.0,2778957000.0,49357200975.0,-187434000.0,-57104000.0,-411638000.0,0.0,-141212000.0,-532533000.0,-378005000.0,-75109000.0,727984000.0,-4880000.0,587256000.0,587256000.0,587256000.0,0.0,0.0,0.076,1292401000.0,954195000.0,2696601000.0,0.239,11.345,21.845,21.913,4066987000.0,0.0,36.595,1.63,1.622,273856000.0,4226107000.0,7753495000.0,7753495000.0,0.0,,,,,6979000.0,1292401000.0,1.0,1348741658.0,1342308000.0,1361688000.0,5.776,11517438000.0,33195000.0,353934000.0,333423000.0,8.58,2497204000.0
24,TJX,MRQ,2015-06-30,2015-08-01,2015-08-01,2021-08-27,-536947000.0,11200546000.0,,6668639000.0,4531907000.0,,3.162,-203641000.0,1910770000.0,1910770000.0,5219191000.0,549335000.0,1.603,1.619,1614055000.0,0.0,1614055000.0,1614055000.0,0.0,149918000.0,0.0,0.011,0.105,897002000.0,1046920000.0,0.142,1046920000.0,897002000.0,886194000.0,0.405,0.4,0.405,4276067000.0,,4276067000.0,46868428747.0,13.0,10.957,277400000.0,0.205,1.0,2144540000.0,0.291,308539000.0,10808000.0,6434431000.0,,3749636000.0,327506000.0,327506000.0,0.0,6924479000.0,4160861000.0,2763618000.0,47504481747.0,-349195000.0,0.0,-420498000.0,0.0,-142444000.0,-557395000.0,-228362000.0,-24721000.0,481041000.0,-44479000.0,549335000.0,549335000.0,549335000.0,0.0,0.0,0.075,1247538000.0,897002000.0,2258997000.0,0.259,11.109,20.954,21.094,3995978000.0,0.0,34.91,1.589,1.579,260952000.0,4138644000.0,7363731000.0,7363731000.0,0.0,,,,,17070000.0,1247538000.0,1.0,1360770030.0,1352164000.0,1370644000.0,5.446,10892007000.0,33798000.0,336859000.0,328993000.0,8.055,2507778000.0
25,TJX,MRQ,2015-03-31,2015-05-02,2015-05-02,2021-08-27,-507394000.0,11205843000.0,,6724521000.0,4481322000.0,,3.148,-201234000.0,2259965000.0,2259965000.0,4920241000.0,474601000.0,1.626,1.612,1613581000.0,0.0,1613581000.0,1613581000.0,0.0,148540000.0,0.0,0.011,0.087,776739000.0,925279000.0,0.135,925279000.0,776739000.0,765115000.0,0.35,0.345,0.35,4290290000.0,,4290290000.0,43931781317.0,12.0,10.411,246305000.0,0.181,1.0,1945396000.0,0.283,309311000.0,11624000.0,6113612000.0,,3531600000.0,328826000.0,328826000.0,0.0,6915553000.0,4136536000.0,2779017000.0,44801692317.0,-233810000.0,0.0,-382591000.0,0.0,-120438000.0,-474599000.0,-242471000.0,-41237000.0,447539000.0,35721000.0,474601000.0,474601000.0,474601000.0,0.0,0.0,0.069,1168657000.0,776739000.0,2153296000.0,0.249,10.443,20.042,20.169,3936731000.0,0.0,32.775,1.521,1.516,263466000.0,4117299000.0,6865637000.0,6865637000.0,0.0,,,,,-7280000.0,1168657000.0,1.0,1366947134.0,1362738000.0,1382412000.0,5.038,10896532000.0,34403000.0,290514000.0,528858000.0,7.996,2587985000.0
26,TJX,MRQ,2014-12-31,2015-01-31,2015-01-31,2021-08-27,-554385000.0,10988750000.0,,6577444000.0,4411306000.0,,3.111,-205623000.0,2493775000.0,2493775000.0,5959037000.0,648230000.0,1.674,1.577,1623864000.0,0.0,1623864000.0,1623864000.0,0.0,150813000.0,0.0,0.01,0.087,1038637000.0,1189450000.0,0.143,1189450000.0,1038637000.0,1029635000.0,0.475,0.465,0.475,4264230000.0,,4264230000.0,44896280486.0,13.0,10.744,977205000.0,0.713,1.0,2344916000.0,0.282,309870000.0,9002000.0,5879335000.0,,3217923000.0,282623000.0,282623000.0,0.0,6724520000.0,3929634000.0,2794886000.0,45426088486.0,340150000.0,0.0,-383819000.0,0.0,-120204000.0,-468958000.0,-247612000.0,-41989000.0,1182828000.0,-126108000.0,648230000.0,648230000.0,648230000.0,0.0,0.0,0.078,1306279000.0,1038637000.0,2007511000.0,0.183,10.653,20.507,20.606,3868365000.0,0.0,32.97,1.562,1.571,213824000.0,4133882000.0,8303953000.0,8303953000.0,0.0,,,,,-14722000.0,1306279000.0,1.0,1377800682.0,1370676000.0,1391628000.0,6.058,10678880000.0,35007000.0,381405000.0,408886000.0,7.791,2647810000.0
27,TJX,MRQ,2014-09-30,2014-11-01,2014-11-01,2021-08-27,-244471000.0,11592048000.0,,7154622000.0,4437426000.0,,3.146,-280784000.0,2153625000.0,2153625000.0,5203629000.0,594957000.0,1.63,1.65,1623817000.0,0.0,1623817000.0,1623817000.0,0.0,146511000.0,0.0,0.01,0.087,969140000.0,1115651000.0,0.151,1115651000.0,969140000.0,959100000.0,0.425,0.425,0.425,4373808000.0,,4373808000.0,43317504088.0,12.0,10.633,456382000.0,0.328,1.0,2162437000.0,0.294,310738000.0,10040000.0,6361920000.0,,3958648000.0,277225000.0,277225000.0,0.0,7218240000.0,4389582000.0,2828658000.0,43877065088.0,-29705000.0,0.0,-354566000.0,0.0,-121429000.0,-437022000.0,-283664000.0,-2880000.0,737166000.0,-46185000.0,594957000.0,594957000.0,594957000.0,0.0,0.0,0.081,1193297000.0,969140000.0,2554416000.0,0.205,10.032,20.416,20.625,3849804000.0,0.0,31.66,1.535,1.54,260940000.0,3929379000.0,7366066000.0,7366066000.0,0.0,,,,,-13302000.0,1193297000.0,1.0,1385883294.0,1390284000.0,1412244000.0,5.298,11281310000.0,148743000.0,364143000.0,511685000.0,8.114,2765040000.0
28,TJX,MRQ,2014-06-30,2014-08-02,2014-08-02,2021-08-27,-167495000.0,10921997000.0,,6593763000.0,4328234000.0,,3.079,-231754000.0,2183330000.0,2183330000.0,4935856000.0,517624000.0,1.724,1.555,1623769000.0,0.0,1623769000.0,1623769000.0,0.0,147496000.0,0.0,0.011,0.087,841768000.0,989264000.0,0.143,989264000.0,841768000.0,830618000.0,0.375,0.365,0.375,4274652000.0,,4274652000.0,36828710656.0,11.0,9.234,373670000.0,0.269,1.0,1981356000.0,0.286,311443000.0,11150000.0,6226064000.0,,3388182000.0,285003000.0,285003000.0,0.0,6647345000.0,3824929000.0,2822416000.0,37613761656.0,124034000.0,0.0,-429827000.0,333118000.0,-122088000.0,-224727000.0,-259099000.0,-27345000.0,605424000.0,2436000.0,517624000.0,517624000.0,517624000.0,0.0,0.0,0.075,1122758000.0,858598000.0,2148432000.0,0.232,8.799,17.279,17.326,3776037000.0,0.0,26.855,1.334,1.322,242549000.0,3749205000.0,6917212000.0,6917212000.0,0.0,,,,,14023000.0,1122758000.0,1.0,1400624154.0,1388434000.0,1410400000.0,4.982,10610554000.0,141731000.0,312994000.0,501258000.0,7.642,2768834000.0
29,TJX,MRQ,2014-03-31,2014-05-03,2014-05-03,2021-08-27,-161823000.0,10429938000.0,,6235550000.0,4194388000.0,,3.055,-193361000.0,2059296000.0,2059296000.0,4678000000.0,454317000.0,1.683,1.435,1274245000.0,0.0,1274245000.0,1274245000.0,0.0,144155000.0,0.0,0.01,0.072,740126000.0,884281000.0,0.136,884281000.0,740126000.0,730531000.0,0.325,0.32,0.325,4283494000.0,,4283494000.0,40205499536.0,12.0,10.267,289590000.0,0.207,1.0,1813176000.0,0.279,312074000.0,9595000.0,5627553000.0,,3208460000.0,259887000.0,259887000.0,0.0,6146444000.0,3705260000.0,2441184000.0,41081029536.0,-90450000.0,0.0,-339487000.0,0.0,-102181000.0,-428835000.0,-164262000.0,29099000.0,482951000.0,19696000.0,454317000.0,454317000.0,454317000.0,0.0,0.0,0.07,1073050000.0,740126000.0,1956384000.0,0.222,9.591,19.207,19.331,3645570000.0,0.0,29.19,1.482,1.476,255775000.0,3745005000.0,6491176000.0,6491176000.0,0.0,,,,,6952000.0,1073050000.0,1.0,1407366548.0,1402054000.0,1425804000.0,4.63,10117864000.0,162718000.0,276214000.0,691352000.0,7.216,2530290000.0
30,TJX,MRQ,2013-12-31,2014-02-01,2014-02-01,2021-08-27,-199532000.0,10201022000.0,,6067998000.0,4133024000.0,,2.964,-187395000.0,2149746000.0,2149746000.0,5650300000.0,582292000.0,1.725,1.412,1274216000.0,0.0,1274216000.0,1274216000.0,0.0,141541000.0,0.0,0.01,0.072,943295000.0,1084836000.0,0.139,1084836000.0,943295000.0,935786000.0,0.41,0.4,0.41,4229893000.0,,4229893000.0,40057799634.0,12.0,10.273,779699000.0,0.546,1.0,2158487000.0,0.276,312687000.0,7509000.0,5494962000.0,,2966490000.0,294702000.0,294702000.0,0.0,5971129000.0,3517843000.0,2453286000.0,40794365634.0,138994000.0,2653000.0,-444168000.0,0.0,-102787000.0,-525483000.0,-260971000.0,-73576000.0,967094000.0,-41646000.0,582292000.0,582292000.0,582292000.0,0.0,0.0,0.075,1215192000.0,943295000.0,1771294000.0,0.176,9.644,19.086,19.12,3594501000.0,0.0,28.68,1.488,1.492,210094000.0,3724408000.0,7808787000.0,7808787000.0,0.0,,,,,-2030000.0,1215192000.0,1.0,1422397686.0,1426940000.0,1452752000.0,5.472,9888335000.0,133147000.0,353494000.0,510786000.0,6.93,2550155000.0
31,TJX,MRQ,2013-09-30,2013-11-02,2013-11-02,2021-08-27,-228767000.0,10669239000.0,,6623575000.0,4045664000.0,,2.898,-262269000.0,2010752000.0,2010752000.0,4934465000.0,622655000.0,1.638,1.587,1274186000.0,0.0,1274186000.0,1274186000.0,0.0,141312000.0,0.0,0.009,0.072,888743000.0,1030055000.0,0.148,1030055000.0,888743000.0,879372000.0,0.44,0.43,0.44,4123771000.0,,4123771000.0,42958902606.0,13.0,10.956,559824000.0,0.393,1.0,2047411000.0,0.293,313465000.0,9371000.0,5575467000.0,,3663171000.0,251276000.0,251276000.0,0.0,6545468000.0,4043741000.0,2501727000.0,43543544606.0,151954000.0,0.0,-317169000.0,0.0,-103704000.0,-396258000.0,-283672000.0,-21403000.0,822093000.0,9791000.0,622655000.0,622655000.0,622655000.0,0.0,0.0,0.089,1158668000.0,888743000.0,2346366000.0,0.164,10.559,20.16,20.159,3540532000.0,0.0,30.44,1.593,1.585,250886000.0,3641340000.0,6981876000.0,6981876000.0,0.0,,,,,-3666000.0,1158668000.0,1.0,1430471242.0,1423190000.0,1448216000.0,4.906,10355774000.0,102446000.0,256717000.0,425282000.0,7.276,2579834000.0
32,TJX,MRQ,2013-06-30,2013-08-03,2013-08-03,2021-08-27,-260103000.0,9926043000.0,,5950244000.0,3975799000.0,,2.69,-258499000.0,1858798000.0,1858798000.0,4586739000.0,479559000.0,1.728,1.578,1274156000.0,0.0,1274156000.0,1274156000.0,0.0,135427000.0,0.0,0.009,0.072,781365000.0,916792000.0,0.142,916792000.0,781365000.0,772446000.0,0.335,0.33,0.335,3850139000.0,,3850139000.0,38101662534.0,12.0,10.103,272031000.0,0.19,1.0,1855685000.0,0.288,314113000.0,8919000.0,5584407000.0,,3188489000.0,231213000.0,231213000.0,0.0,6075904000.0,3442881000.0,2633023000.0,38817371534.0,-131037000.0,0.0,-295375000.0,0.0,-104053000.0,-381170000.0,-259558000.0,-1059000.0,530530000.0,-20839000.0,479559000.0,479559000.0,479559000.0,0.0,0.0,0.074,1074320000.0,781365000.0,1940245000.0,0.215,10.082,19.42,19.469,3377839000.0,0.0,26.965,1.45,1.442,221164000.0,3395006000.0,6442424000.0,6442424000.0,0.0,,,,,-97000.0,1074320000.0,1.0,1439546506.0,1431412000.0,1457198000.0,4.501,9611930000.0,91559000.0,292887000.0,396784000.0,6.715,2507363000.0
33,TJX,MRQ,2013-03-31,2013-05-04,2013-05-04,2021-08-27,-229248000.0,9840364000.0,,5976143000.0,3864221000.0,,2.615,-238515000.0,1989835000.0,1989835000.0,4433533000.0,452890000.0,1.708,1.615,1274126000.0,0.0,1274126000.0,1274126000.0,0.0,130543000.0,0.0,0.009,0.058,737167000.0,867710000.0,0.14,867710000.0,737167000.0,731885000.0,0.315,0.31,0.315,3762665000.0,,3762665000.0,34831939150.0,11.0,9.485,42234000.0,0.029,1.0,1756076000.0,0.284,312948000.0,5282000.0,5313090000.0,,3091473000.0,238043000.0,238043000.0,0.0,6077699000.0,3498617000.0,2579082000.0,35869344150.0,177878000.0,0.0,-267889000.0,499555000.0,-83211000.0,159108000.0,-241567000.0,-5705000.0,280749000.0,-20412000.0,452890000.0,452890000.0,452890000.0,0.0,0.0,0.073,1018909000.0,737167000.0,1846568000.0,0.184,9.533,18.486,18.558,3273322000.0,0.0,24.775,1.365,1.357,257985000.0,3272140000.0,6189609000.0,6189609000.0,0.0,,,,,-673000.0,1018909000.0,1.0,1447804002.0,1439056000.0,1465110000.0,4.301,9527416000.0,107699000.0,278995000.0,578213000.0,6.621,2477526000.0
34,TJX,MRQ,2012-12-31,2013-02-02,2013-02-02,2021-08-27,-213392000.0,9511855000.0,,5711543000.0,3800312000.0,,2.499,-202631000.0,1811957000.0,1811957000.0,5514526000.0,604844000.0,1.519,1.595,774552000.0,0.0,774552000.0,774552000.0,0.0,136562000.0,0.0,0.01,0.058,969764000.0,1106326000.0,0.143,1106326000.0,969764000.0,964687000.0,0.42,0.41,0.42,3665937000.0,,3665937000.0,32167765536.0,10.0,8.897,773126000.0,0.527,1.0,2209288000.0,0.286,316269000.0,5077000.0,4397585000.0,,3014214000.0,235853000.0,235853000.0,0.0,5845918000.0,3760596000.0,2085322000.0,33035147536.0,170042000.0,-190374000.0,-307823000.0,0.0,-83606000.0,-372912000.0,-438804000.0,-52834000.0,975757000.0,6001000.0,604844000.0,604844000.0,604844000.0,0.0,0.0,0.078,1239524000.0,969764000.0,1930568000.0,0.138,9.011,17.326,17.423,3223242000.0,0.0,22.65,1.277,1.284,222788000.0,3155427000.0,7723814000.0,7723814000.0,0.0,,,,,-3755000.0,1239524000.0,1.0,1458505410.0,1467176000.0,1495110000.0,5.264,9195586000.0,96219000.0,359843000.0,513298000.0,6.268,1950947000.0
35,TJX,MRQ,2012-09-30,2012-10-27,2012-10-27,2021-08-27,-164914000.0,9172089000.0,,5694665000.0,3477424000.0,,2.369,-336684000.0,1641915000.0,1641915000.0,4566073000.0,461551000.0,1.582,1.646,774533000.0,0.0,774533000.0,774533000.0,0.0,125906000.0,0.0,0.01,0.058,754558000.0,880464000.0,0.137,880464000.0,754558000.0,748469000.0,0.315,0.31,0.315,3466392000.0,,3466392000.0,29147147080.0,10.0,8.559,435539000.0,0.298,1.0,1844840000.0,0.288,179946000.0,6089000.0,4525770000.0,,3297119000.0,200986000.0,200986000.0,0.0,5705697000.0,3598991000.0,2106706000.0,29981373080.0,21513000.0,0.0,-367783000.0,0.0,-84603000.0,-435804000.0,-327120000.0,-17891000.0,772223000.0,12214000.0,461551000.0,461551000.0,461551000.0,0.0,0.0,0.072,1090282000.0,754558000.0,2059200000.0,0.184,8.649,16.87,16.999,3055669000.0,0.0,20.365,1.206,1.198,238251000.0,2902053000.0,6410913000.0,6410913000.0,0.0,,,,,3139000.0,1090282000.0,1.0,1472200986.0,1463150000.0,1491482000.0,4.382,8992143000.0,84638000.0,286918000.0,438067000.0,6.146,2095674000.0
36,TJX,MRQ,2012-06-30,2012-07-28,2012-07-28,2021-08-27,-198981000.0,8636641000.0,,5340790000.0,3295851000.0,,2.3,-184652000.0,1620402000.0,1620402000.0,4275073000.0,421092000.0,1.656,1.548,786176000.0,11662000.0,774514000.0,786176000.0,0.0,125823000.0,0.0,0.009,0.058,691972000.0,817795000.0,0.138,817795000.0,691972000.0,682790000.0,0.285,0.28,0.285,3390017000.0,,3390017000.0,32343760004.0,11.0,9.748,418530000.0,0.284,1.0,1670486000.0,0.281,179932000.0,9182000.0,4396994000.0,,3007731000.0,176295000.0,176295000.0,0.0,5246624000.0,3225489000.0,2021135000.0,33120559004.0,56711000.0,0.0,-266761000.0,-1456000.0,-84953000.0,-335046000.0,-189475000.0,-4823000.0,603182000.0,-21950000.0,421092000.0,421092000.0,421092000.0,0.0,0.0,0.071,978514000.0,691972000.0,1863108000.0,0.204,9.77,19.233,19.401,2855827000.0,0.0,22.35,1.366,1.358,202140000.0,2852898000.0,5945559000.0,5945559000.0,0.0,,,,,-3111000.0,978514000.0,1.0,1481904206.0,1473660000.0,1502486000.0,4.035,8456709000.0,83528000.0,261698000.0,399242000.0,5.739,2115301000.0
37,TJX,MRQ,2012-03-31,2012-04-28,2012-04-28,2021-08-27,-153295000.0,8503079000.0,,5231816000.0,3271263000.0,,2.244,-254261000.0,1563691000.0,1563691000.0,4165728000.0,419200000.0,1.66,1.552,786892000.0,3030000.0,783862000.0,786892000.0,0.0,120638000.0,0.0,0.009,0.048,690232000.0,810870000.0,0.14,810870000.0,690232000.0,681405000.0,0.28,0.275,0.28,3331813000.0,,3331813000.0,30985449109.0,11.0,9.717,450297000.0,0.303,1.0,1632358000.0,0.282,179983000.0,8827000.0,4394581000.0,,2909805000.0,174872000.0,174872000.0,0.0,5171266000.0,3151716000.0,2019550000.0,31704968109.0,56579000.0,0.0,-268944000.0,0.0,-70760000.0,-331825000.0,-331555000.0,-77294000.0,704558000.0,15401000.0,419200000.0,419200000.0,419200000.0,0.0,0.0,0.072,942126000.0,690232000.0,1757871000.0,0.171,9.516,19.223,19.335,2827728000.0,0.0,21.23,1.334,1.326,232884000.0,2744156000.0,5798086000.0,5798086000.0,0.0,,,,,5671000.0,942126000.0,1.0,1493404056.0,1484466000.0,1512032000.0,3.906,8323096000.0,108495000.0,262205000.0,558092000.0,5.607,2080100000.0
38,TJX,MRQ,2011-12-31,2012-01-28,2012-01-28,2021-08-27,-192575000.0,8281605000.0,,5132632000.0,3148973000.0,,2.138,-152558000.0,1507112000.0,1507112000.0,4884369000.0,475314000.0,1.675,1.581,787593000.0,2970000.0,784623000.0,787593000.0,0.0,128758000.0,0.0,0.011,0.048,767650000.0,896408000.0,0.134,896408000.0,767650000.0,758579000.0,0.318,0.307,0.318,3209290000.0,,3209290000.0,25239278884.0,10.0,8.606,932646000.0,0.621,1.0,1825389000.0,0.272,179935000.0,9071000.0,4318728000.0,,2950523000.0,94691000.0,94691000.0,0.0,5072315000.0,3063423000.0,2008892000.0,25407929884.0,550180000.0,0.0,-295061000.0,-706000.0,-71498000.0,-355185000.0,-165886000.0,-24980000.0,1085204000.0,-13953000.0,475314000.0,475314000.0,475314000.0,0.0,0.0,0.071,1057739000.0,767650000.0,1645324000.0,0.151,7.917,16.983,17.099,2715125000.0,0.0,16.843,1.096,1.105,204304000.0,2655163000.0,6709758000.0,6709758000.0,0.0,,,,,2296000.0,1057739000.0,1.0,1508560480.0,1500984000.0,1528308000.0,4.47,8101670000.0,105869000.0,283265000.0,412925000.0,5.398,2069209000.0
39,TJX,MRQ,2011-09-30,2011-10-29,2011-10-29,2021-08-27,-82685000.0,8530980000.0,,5418051000.0,3112929000.0,,2.11,-211555000.0,956932000.0,956932000.0,4166587000.0,406487000.0,1.603,1.68,788281000.0,2912000.0,785369000.0,788281000.0,0.0,120501000.0,0.0,0.011,0.048,672303000.0,792804000.0,0.137,792804000.0,672303000.0,663752000.0,0.27,0.265,0.27,3183328000.0,,3183328000.0,22810977446.0,10.0,8.447,293554000.0,0.195,1.0,1626541000.0,0.281,179958000.0,8551000.0,4802871000.0,,3706022000.0,71737000.0,71737000.0,0.0,5347652000.0,3379500000.0,1968152000.0,22999786446.0,-20831000.0,0.0,-246271000.0,-693000.0,-71896000.0,-309511000.0,-204043000.0,7512000.0,505109000.0,-12386000.0,406487000.0,406487000.0,406487000.0,0.0,0.0,0.07,954238000.0,672303000.0,2048362000.0,0.178,7.225,16.972,17.054,2708284000.0,0.0,15.092,1.008,0.998,235975000.0,2511733000.0,5793128000.0,5793128000.0,0.0,,,,,8742000.0,954238000.0,1.0,1523921580.0,1508546000.0,1532104000.0,3.84,8351022000.0,81202000.0,257265000.0,462384000.0,5.536,2038551000.0
40,TJX,MRQ,2011-06-30,2011-07-30,2011-07-30,2021-08-27,-46473000.0,8097126000.0,,5029069000.0,3068057000.0,,2.033,-213164000.0,977763000.0,977763000.0,3976035000.0,348338000.0,1.576,1.608,788954000.0,2854000.0,786100000.0,788954000.0,0.0,120214000.0,0.0,0.012,0.048,568546000.0,688760000.0,0.126,688760000.0,568546000.0,559437000.0,0.23,0.225,0.23,3104989000.0,,3104989000.0,20764196326.0,10.0,7.901,-30537000.0,-0.02,1.0,1492239000.0,0.273,180043000.0,9109000.0,4536930000.0,,3368082000.0,82096000.0,82096000.0,0.0,4992137000.0,3191344000.0,1800793000.0,21351728326.0,-399383000.0,0.0,-302144000.0,-678000.0,-73008000.0,-370803000.0,-210728000.0,2436000.0,182627000.0,-479000.0,348338000.0,348338000.0,348338000.0,0.0,0.0,0.064,923693000.0,568546000.0,1922305000.0,0.209,6.877,16.163,16.322,2660433000.0,0.0,13.825,0.947,0.937,218083000.0,2770482000.0,5468274000.0,5468274000.0,0.0,,,,,9006000.0,923693000.0,1.0,1544428812.0,1527430000.0,1550502000.0,3.58,7917083000.0,66413000.0,211099000.0,302886000.0,5.183,1837725000.0
41,TJX,MRQ,2011-03-31,2011-04-30,2011-04-30,2021-08-27,-30800000.0,7984470000.0,,5008421000.0,2976049000.0,,2.013,-226053000.0,1377146000.0,1377146000.0,3827258000.0,265951000.0,1.615,1.556,789614000.0,2798000.0,786816000.0,789614000.0,0.0,116228000.0,0.0,0.011,0.037,438563000.0,554791000.0,0.106,554791000.0,438563000.0,429646000.0,0.17,0.17,0.17,3123394000.0,,3123394000.0,19941919571.0,10.0,7.791,-82959000.0,-0.053,1.0,1393037000.0,0.267,180068000.0,8917000.0,4115015000.0,,3014809000.0,85349000.0,85349000.0,0.0,4861076000.0,3101855000.0,1759221000.0,20893426571.0,-364605000.0,0.0,-258337000.0,-650000.0,-58614000.0,-300213000.0,-230384000.0,-4331000.0,143094000.0,22898000.0,265951000.0,265951000.0,265951000.0,0.0,0.0,0.051,954474000.0,438563000.0,1786417000.0,0.218,6.689,16.353,16.611,2574896000.0,0.0,13.405,0.943,0.939,231119000.0,2768087000.0,5220295000.0,5220295000.0,0.0,,,,,-2012000.0,954474000.0,1.0,1558629360.0,1551912000.0,1576018000.0,3.364,7804402000.0,72932000.0,163695000.0,352170000.0,5.029,1906566000.0
42,TJX,MRQ,2010-12-31,2011-01-29,2011-01-29,2021-08-27,-91755000.0,7971763000.0,,5099527000.0,2872236000.0,,1.979,-166783000.0,1741751000.0,1741751000.0,4666173000.0,334414000.0,1.628,1.572,790244000.0,2727000.0,787517000.0,790244000.0,0.0,116983000.0,0.0,0.012,0.037,547083000.0,664066000.0,0.105,664066000.0,547083000.0,537938000.0,0.215,0.21,0.215,3099899000.0,,3099899000.0,18335481519.0,8.0,6.88,710506000.0,0.454,1.0,1665553000.0,0.263,179936000.0,9145000.0,3707199000.0,,2765464000.0,76261000.0,76261000.0,0.0,4871864000.0,3133121000.0,1738743000.0,18883715519.0,402686000.0,0.0,-313579000.0,-606000.0,-59287000.0,-368816000.0,-113922000.0,53926000.0,877289000.0,8135000.0,334414000.0,334414000.0,334414000.0,-3611000.0,0.0,0.053,1122081000.0,543472000.0,1683929000.0,0.172,6.092,14.059,14.199,2460782000.0,0.0,11.928,0.861,0.87,200147000.0,2801997000.0,6331726000.0,6331726000.0,0.0,,,,,9206000.0,1122081000.0,1.0,1583208176.0,1566700000.0,1591200000.0,4.041,7791827000.0,66072000.0,203524000.0,340419000.0,4.973,1966406000.0
43,TJX,MRQ,2010-09-30,2010-10-30,2010-10-30,2021-08-27,-101494000.0,8182148000.0,,5296642000.0,2885506000.0,,1.929,-213495000.0,1339065000.0,1339065000.0,4006404000.0,372309000.0,1.64,1.631,790831000.0,2627000.0,788204000.0,790831000.0,0.0,113838000.0,0.0,0.012,0.037,606635000.0,720473000.0,0.13,720473000.0,606635000.0,597117000.0,0.232,0.23,0.232,3109322000.0,,3109322000.0,17797581982.0,8.0,6.445,219728000.0,0.136,1.0,1519443000.0,0.275,179897000.0,9518000.0,4224065000.0,,3272960000.0,129967000.0,129967000.0,0.0,5072826000.0,3229952000.0,1842874000.0,18386343982.0,-41104000.0,0.0,-229458000.0,-595000.0,-59917000.0,-284653000.0,-202809000.0,10686000.0,433223000.0,13135000.0,372309000.0,372309000.0,372309000.0,0.0,0.0,0.067,912808000.0,606635000.0,1974272000.0,0.159,5.913,13.098,13.294,2481968000.0,0.0,11.473,0.853,0.858,229318000.0,2815014000.0,5525847000.0,5525847000.0,0.0,,,,,11438000.0,912808000.0,1.0,1602644932.0,1611876000.0,1637136000.0,3.428,8002251000.0,34867000.0,224808000.0,307810000.0,4.965,2066690000.0
44,TJX,MRQ,2010-06-30,2010-07-31,2010-07-31,2021-08-27,-132733000.0,7686709000.0,,4948919000.0,2737790000.0,,1.841,-177762000.0,1380169000.0,1380169000.0,3719210000.0,304984000.0,1.664,1.585,791407000.0,2529000.0,788878000.0,791407000.0,0.0,113618000.0,0.0,0.012,0.037,506619000.0,620237000.0,0.122,620237000.0,506619000.0,496347000.0,0.19,0.185,0.19,2973682000.0,,2973682000.0,15897997886.0,7.0,5.825,-39209000.0,-0.024,1.0,1348870000.0,0.266,179875000.0,10272000.0,3943452000.0,,2884602000.0,139229000.0,139229000.0,0.0,4713027000.0,2974620000.0,1738407000.0,16939295886.0,-453101000.0,0.0,-332052000.0,-583000.0,-61033000.0,-394139000.0,-192727000.0,-14965000.0,138553000.0,-4788000.0,304984000.0,304984000.0,304984000.0,0.0,0.0,0.06,842251000.0,506619000.0,1847547000.0,0.195,5.696,12.282,12.431,2350380000.0,0.0,10.38,0.796,0.788,171203000.0,2705754000.0,5068080000.0,5068080000.0,0.0,,,,,12227000.0,853801000.0,1.0,1631916752.0,1614832000.0,1638968000.0,3.138,7506834000.0,95950000.0,191363000.0,237621000.0,4.649,1974299000.0
45,TJX,MRQ,2010-03-31,2010-05-01,2010-05-01,2021-08-27,-137298000.0,7754510000.0,,5105417000.0,2649093000.0,,1.862,-149094000.0,1833270000.0,1833270000.0,3648674000.0,331434000.0,1.694,1.551,791972000.0,2434000.0,789538000.0,791972000.0,0.0,113613000.0,0.0,0.01,0.03,546503000.0,660116000.0,0.132,660116000.0,546503000.0,536301000.0,0.203,0.2,0.203,3039378000.0,,3039378000.0,18148870079.0,8.0,6.884,378322000.0,0.232,1.0,1367866000.0,0.273,179901000.0,10202000.0,3518676000.0,,2615079000.0,126071000.0,126071000.0,0.0,4715132000.0,3014635000.0,1700497000.0,18970953079.0,218663000.0,0.0,-142132000.0,-571000.0,-49092000.0,-176320000.0,-138155000.0,10939000.0,527416000.0,5722000.0,331434000.0,331434000.0,331434000.0,0.0,0.0,0.066,821363000.0,546503000.0,1684956000.0,0.148,6.242,14.202,14.481,2267031000.0,0.0,11.585,0.906,0.903,168043000.0,2768697000.0,5016540000.0,5016540000.0,0.0,,,,,-2162000.0,821363000.0,1.0,1637544504.0,1632212000.0,1657600000.0,3.073,7574609000.0,122539000.0,204867000.0,470630000.0,4.641,2090782000.0
46,TJX,MRQ,2009-12-31,2010-01-30,2010-01-30,2021-08-27,-134124000.0,7463977000.0,,4803856000.0,2660121000.0,,1.729,-110334000.0,1614607000.0,1614607000.0,4358602000.0,394998000.0,1.659,1.583,792524000.0,2355000.0,790169000.0,792524000.0,0.0,116278000.0,0.0,0.012,0.03,644230000.0,760508000.0,0.128,760508000.0,644230000.0,633236000.0,0.237,0.232,0.237,2889276000.0,,2889276000.0,15500901178.0,8.0,6.389,872371000.0,0.522,1.0,1583144000.0,0.266,179794000.0,10994000.0,3567114000.0,,2532318000.0,130636000.0,130636000.0,0.0,4574701000.0,2894986000.0,1679715000.0,15953125178.0,168959000.0,0.0,-398494000.0,-200560000.0,-50259000.0,-647574000.0,-162429000.0,-52319000.0,982705000.0,-3743000.0,394998000.0,394998000.0,394998000.0,0.0,0.0,0.066,938914000.0,644230000.0,1507892000.0,0.127,5.521,13.146,13.107,2287097000.0,0.0,9.502,0.786,0.783,148126000.0,2614014000.0,5941746000.0,5941746000.0,0.0,,,,,12575000.0,938914000.0,1.0,1678834536.0,1671184000.0,1710478000.0,3.555,7284183000.0,122462000.0,238238000.0,329184000.0,4.359,1908870000.0
47,TJX,MRQ,2009-09-30,2009-10-31,2009-10-31,2021-08-27,-119636000.0,7983064000.0,,5330657000.0,2652407000.0,,1.743,-155311000.0,1445648000.0,1445648000.0,3802179000.0,347799000.0,1.642,1.715,993424000.0,202667000.0,790757000.0,993424000.0,0.0,109520000.0,0.0,0.012,0.03,578670000.0,688190000.0,0.131,688190000.0,578670000.0,566005000.0,0.205,0.203,0.205,2940507000.0,,2940507000.0,15616587173.0,9.0,7.197,429176000.0,0.254,1.0,1442767000.0,0.275,179767000.0,12665000.0,4104933000.0,,3267667000.0,76643000.0,76643000.0,0.0,5042557000.0,3246140000.0,1796417000.0,15830944173.0,18753000.0,0.0,-208483000.0,-191839000.0,-50802000.0,-441582000.0,-104345000.0,56768000.0,584487000.0,-19807000.0,347799000.0,347799000.0,347799000.0,0.0,0.0,0.066,864097000.0,578670000.0,1838558000.0,0.146,5.384,14.805,14.705,2274305000.0,0.0,9.338,0.803,0.798,163555000.0,2605715000.0,5244946000.0,5244946000.0,0.0,,,,,5430000.0,864097000.0,1.0,1695415708.0,1686616000.0,1712368000.0,3.11,7803297000.0,117787000.0,218206000.0,280687000.0,4.627,2084517000.0
48,TJX,MRQ,2009-06-30,2009-08-01,2009-08-01,2021-08-27,-115791000.0,7836000000.0,,5211702000.0,2624298000.0,,1.67,-97188000.0,1426895000.0,1426895000.0,3534302000.0,261561000.0,1.614,1.767,1212538000.0,421206000.0,791332000.0,1212538000.0,0.0,105273000.0,0.0,0.012,0.03,422350000.0,527623000.0,0.111,527623000.0,422350000.0,413101000.0,0.155,0.152,0.155,2831912000.0,,2831912000.0,15106204560.0,10.0,7.598,246515000.0,0.145,1.0,1213226000.0,0.256,179779000.0,9249000.0,4212353000.0,,3100175000.0,134627000.0,134627000.0,0.0,5004088000.0,3229511000.0,1774577000.0,14982323560.0,414400000.0,0.0,-145744000.0,397148000.0,-51193000.0,202290000.0,-170519000.0,-73331000.0,343703000.0,38926000.0,261561000.0,261561000.0,261561000.0,0.0,0.0,0.055,790876000.0,422350000.0,1740443000.0,0.194,5.291,15.65,15.807,2243568000.0,0.0,9.057,0.779,0.798,145387000.0,2308281000.0,4747528000.0,4747528000.0,0.0,,,,,7408000.0,790876000.0,1.0,1654134536.0,1695564000.0,1721812000.0,2.8,7656221000.0,108852000.0,151540000.0,229991000.0,4.515,1982191000.0
49,TJX,MRQ,2009-03-31,2009-05-02,2009-05-02,2021-08-27,-188834000.0,6938867000.0,,4406913000.0,2531954000.0,,1.415,-66449000.0,1012495000.0,1012495000.0,3273346000.0,209214000.0,1.324,1.971,1136376000.0,744445000.0,391931000.0,1136376000.0,0.0,104147000.0,0.0,0.016,0.028,345821000.0,449968000.0,0.103,449968000.0,345821000.0,339220000.0,0.128,0.122,0.128,2335474000.0,,2335474000.0,11830619769.0,8.0,6.263,294582000.0,0.179,1.0,1080878000.0,0.248,179593000.0,6601000.0,3554901000.0,,2817711000.0,56747000.0,56747000.0,0.0,4603393000.0,3328254000.0,1275139000.0,11505337769.0,558968000.0,0.0,-22179000.0,373767000.0,-45408000.0,303112000.0,-122984000.0,-56535000.0,361031000.0,17809000.0,209214000.0,209214000.0,209214000.0,0.0,0.0,0.048,735057000.0,345821000.0,1551403000.0,0.219,4.926,12.841,12.951,2167627000.0,0.0,6.968,0.604,0.604,150406000.0,2099106000.0,4354224000.0,4354224000.0,0.0,,,,,12238000.0,735057000.0,1.0,1651286368.0,1650176000.0,1727680000.0,2.639,6759274000.0,138487000.0,130006000.0,199196000.0,4.096,1078659000.0
50,TJX,MRQ,2008-12-31,2009-01-31,2009-01-31,2021-08-27,-217781000.0,6178242000.0,,3626129000.0,2552113000.0,,1.273,-139924000.0,453527000.0,453527000.0,4167809000.0,250696000.0,1.31,1.894,778809000.0,395027000.0,383782000.0,778809000.0,0.0,100682000.0,0.0,0.022,0.028,403282000.0,503964000.0,0.094,503964000.0,403282000.0,398755000.0,0.148,0.145,0.148,2134557000.0,,2134557000.0,8573400402.0,6.0,4.678,287813000.0,0.172,1.0,1212216000.0,0.225,179528000.0,4527000.0,3556105000.0,,2619336000.0,0.0,0.0,0.0,4043685000.0,2767891000.0,1275794000.0,8085323402.0,66176000.0,843000.0,-82977000.0,-106447000.0,-45613000.0,-235129000.0,-125338000.0,14379000.0,427737000.0,-1094000.0,250696000.0,250696000.0,250696000.0,0.0,0.0,0.047,808934000.0,403282000.0,1276098000.0,0.189,3.788,9.181,9.248,2201204000.0,0.0,4.855,0.426,0.428,143500000.0,1939516000.0,5380025000.0,5380025000.0,0.0,,,,,13225000.0,832434000.0,1.0,1665360124.0,1676304000.0,1769020000.0,3.209,5998714000.0,135675000.0,148059000.0,127008000.0,3.579,858238000.0
51,TJX,MRQ,2008-09-30,2008-10-25,2008-10-25,2021-08-27,-92102000.0,6788416000.0,,4262434000.0,2525982000.0,,1.274,-184003000.0,387351000.0,387351000.0,3536990000.0,235849000.0,1.322,2.192,875428000.0,108062000.0,767366000.0,875428000.0,0.0,101230000.0,0.0,0.017,0.028,405439000.0,506669000.0,0.106,506669000.0,405439000.0,399990000.0,0.142,0.135,0.142,2126410000.0,,2126410000.0,10247376419.0,7.0,5.346,74412000.0,0.045,1.0,1224540000.0,0.257,179459000.0,5449000.0,3872479000.0,,3279305000.0,0.0,0.0,0.0,4662006000.0,3224555000.0,1437451000.0,9910683419.0,-130142000.0,-843000.0,-177077000.0,105423000.0,-46030000.0,-112748000.0,-184642000.0,0.0,258415000.0,-91167000.0,235849000.0,235849000.0,235849000.0,18268000.0,0.0,0.05,800833000.0,423707000.0,1758242000.0,0.197,4.661,10.644,10.8,2180339000.0,0.0,5.907,0.525,0.522,166553000.0,1802172000.0,4761530000.0,4761530000.0,0.0,,,,,8461000.0,807833000.0,1.0,1677644252.0,1668428000.0,1762996000.0,2.854,6608957000.0,97706000.0,164141000.0,99795000.0,3.961,1037879000.0
52,TJX,MRQ,2008-06-30,2008-07-26,2008-07-26,2021-08-27,-33483000.0,6792555000.0,,4166239000.0,2626316000.0,,1.254,-148243000.0,517493000.0,517493000.0,3447443000.0,200223000.0,1.396,2.214,854186000.0,2090000.0,852096000.0,854186000.0,0.0,100119000.0,0.0,0.012,0.028,328166000.0,428285000.0,0.094,428285000.0,328166000.0,325525000.0,0.12,0.113,0.12,2113574000.0,,2113574000.0,13946418451.0,9.0,7.318,56718000.0,0.034,1.0,1106952000.0,0.243,179980000.0,2641000.0,3964963000.0,,3104817000.0,0.0,0.0,0.0,4678981000.0,2984305000.0,1694676000.0,13790043451.0,-180622000.0,0.0,-193187000.0,-497000.0,-46636000.0,-235791000.0,-148042000.0,-197000.0,204961000.0,-1750000.0,200223000.0,200223000.0,200223000.0,11850000.0,0.0,0.044,766936000.0,340016000.0,1746079000.0,0.233,6.525,14.598,14.84,2263181000.0,0.0,8.117,0.735,0.729,141826000.0,1727646000.0,4554395000.0,4554395000.0,0.0,,,,,8009000.0,766936000.0,1.0,1698804244.0,1685156000.0,1781692000.0,2.703,6612575000.0,93851000.0,125302000.0,98548000.0,3.924,1181934000.0
53,TJX,MRQ,2008-03-31,2008-04-26,2008-04-26,2021-08-27,-30999000.0,6646702000.0,,4052239000.0,2594463000.0,,1.256,-110762000.0,698115000.0,698115000.0,3276943000.0,193849000.0,1.436,2.109,854490000.0,2048000.0,852442000.0,854490000.0,0.0,99676000.0,0.0,0.011,0.022,294075000.0,393751000.0,0.091,393751000.0,294075000.0,292401000.0,0.115,0.107,0.115,2138047000.0,,2138047000.0,14219513617.0,11.0,8.572,152697000.0,0.09,1.0,1026612000.0,0.239,181443000.0,1674000.0,3798892000.0,,2899795000.0,0.0,0.0,0.0,4508655000.0,2822742000.0,1685913000.0,14096657617.0,-34497000.0,0.0,-155702000.0,-487000.0,-38470000.0,-185153000.0,-110565000.0,197000.0,263459000.0,-2238000.0,193849000.0,193849000.0,193849000.0,4151000.0,0.0,0.045,728386000.0,298226000.0,1678302000.0,0.191,6.593,17.544,17.902,2222158000.0,0.0,8.235,0.761,0.757,172772000.0,1744345000.0,4303555000.0,4303555000.0,0.0,,,,,2655000.0,728386000.0,1.0,1711798132.0,1702480000.0,1801604000.0,2.528,6465259000.0,100913000.0,98552000.0,106390000.0,3.798,1229497000.0
54,TJX,MRQ,2007-12-31,2008-01-26,2008-01-26,2021-08-27,-28685000.0,6599934000.0,,3992294000.0,2607640000.0,,1.203,-120909000.0,732612000.0,732612000.0,4008433000.0,301149000.0,1.446,2.097,855468000.0,2008000.0,853460000.0,855468000.0,0.0,97056000.0,0.0,0.011,0.022,491016000.0,588072000.0,0.112,588072000.0,491016000.0,492191000.0,0.17,0.162,0.17,2131245000.0,,2131245000.0,13680749990.0,11.0,8.46,675785000.0,0.381,1.0,1248196000.0,0.237,181524000.0,-1175000.0,3780273000.0,,2737378000.0,0.0,0.0,0.0,4468689000.0,2760993000.0,1707696000.0,13206672990.0,344481000.0,0.0,-270359000.0,-477000.0,-39225000.0,-309337000.0,-134383000.0,-14227000.0,796694000.0,-8493000.0,301149000.0,301149000.0,301149000.0,8882000.0,0.0,0.057,748298000.0,499898000.0,1516754000.0,0.129,6.197,17.113,17.368,2235135000.0,0.0,7.555,0.72,0.73,143289000.0,1731980000.0,5256629000.0,5256629000.0,0.0,,,,,14354000.0,767198000.0,1.0,1748070548.0,1772200000.0,1872184000.0,2.966,6418410000.0,163465000.0,191042000.0,71147000.0,3.622,1231301000.0
55,TJX,MRQ,2007-09-30,2007-10-27,2007-10-27,2021-08-27,-12864000.0,6942238000.0,,4285743000.0,2656495000.0,,1.219,-189081000.0,388131000.0,388131000.0,3480607000.0,249461000.0,1.368,2.242,862208000.0,1968000.0,860240000.0,862208000.0,0.0,91196000.0,0.0,0.011,0.022,404574000.0,495770000.0,0.106,495770000.0,404574000.0,401521000.0,0.142,0.135,0.142,2141606000.0,,2141606000.0,13075813587.0,12.0,8.899,164648000.0,0.094,1.0,1178111000.0,0.253,182966000.0,3053000.0,4101263000.0,,3364500000.0,0.0,0.0,0.0,4800632000.0,3132086000.0,1668546000.0,12773997587.0,-145655000.0,0.0,-248860000.0,-468000.0,-39721000.0,-286671000.0,-188891000.0,190000.0,353729000.0,-23822000.0,249461000.0,249461000.0,249461000.0,1800000.0,0.0,0.054,771737000.0,406374000.0,1819194000.0,0.155,5.965,18.895,19.052,2236566000.0,0.0,7.183,0.715,0.706,192483000.0,1717452000.0,4658718000.0,4658718000.0,0.0,,,,,9914000.0,771737000.0,1.0,1778489048.0,1757024000.0,1858136000.0,2.651,6759272000.0,105579000.0,152060000.0,0.0,3.847,1153657000.0
56,TJX,MRQ,2007-06-30,2007-07-28,2007-07-28,2021-08-27,-24983000.0,6619915000.0,,4125648000.0,2494267000.0,,1.202,-121855000.0,533786000.0,533786000.0,3277697000.0,59032000.0,1.437,2.073,835602000.0,1929000.0,833673000.0,835602000.0,0.0,90618000.0,0.0,0.011,0.022,90632000.0,181250000.0,0.042,181250000.0,90632000.0,92032000.0,0.033,0.033,0.033,2154278000.0,,2154278000.0,12465070624.0,12.0,8.626,85585000.0,0.048,1.0,1035601000.0,0.24,182865000.0,-1400000.0,3866883000.0,,3050201000.0,0.0,0.0,0.0,4465637000.0,2871983000.0,1593654000.0,12422510624.0,-247424000.0,0.0,-305848000.0,-459000.0,-40777000.0,-346005000.0,-121668000.0,187000.0,207440000.0,12809000.0,59032000.0,59032000.0,59032000.0,0.0,0.0,0.014,944969000.0,90632000.0,1714717000.0,0.667,5.766,18.902,18.86,2107879000.0,0.0,6.827,0.702,0.692,147502000.0,1734639000.0,4313298000.0,4313298000.0,0.0,,,,,14526000.0,749051000.0,1.0,1819481600.0,1791936000.0,1893276000.0,2.407,6437050000.0,94369000.0,33000000.0,5323000.0,3.592,1253665000.0
57,TJX,MRQ,2007-03-31,2007-04-28,2007-04-28,2021-08-27,-30278000.0,6487715000.0,,4057462000.0,2430253000.0,,1.334,-95142000.0,781210000.0,781210000.0,3117215000.0,162108000.0,1.614,1.681,823770000.0,1891000.0,821879000.0,823770000.0,0.0,90526000.0,0.0,0.01,0.018,261585000.0,352111000.0,0.086,352111000.0,261585000.0,263661000.0,0.09,0.085,0.09,2420007000.0,,2420007000.0,12823257195.0,10.0,8.087,-78231000.0,-0.043,1.0,990866000.0,0.241,182886000.0,-2076000.0,3834239000.0,,2829303000.0,0.0,0.0,0.0,4067708000.0,2513150000.0,1554558000.0,12870045195.0,-75459000.0,0.0,18968000.0,-450000.0,-31769000.0,-10676000.0,-94959000.0,183000.0,16911000.0,13265000.0,162108000.0,162108000.0,162108000.0,0.0,0.0,0.039,729281000.0,261585000.0,1561987000.0,0.2,5.318,17.478,17.426,2051982000.0,0.0,7.093,0.742,0.742,155233000.0,1962808000.0,4108081000.0,4108081000.0,0.0,,,,,11820000.0,709277000.0,1.0,1814599252.0,1814260000.0,1916104000.0,2.264,6304829000.0,35804000.0,101553000.0,40818000.0,3.475,1544312000.0
58,TJX,MRQ,2006-12-31,2007-01-27,2007-01-27,2021-08-27,-33989000.0,6085700000.0,,3748813000.0,2336887000.0,,1.261,-86173000.0,856669000.0,856669000.0,3678739000.0,205462000.0,1.573,1.657,809881000.0,1854000.0,808027000.0,809881000.0,0.0,91540000.0,0.0,0.009,0.018,348746000.0,440286000.0,0.092,440286000.0,348746000.0,349136000.0,0.112,0.11,0.112,2290121000.0,,2290121000.0,13903139936.0,11.0,8.779,649778000.0,0.358,1.0,1117416000.0,0.233,182898000.0,-390000.0,3473034000.0,,2581969000.0,0.0,0.0,0.0,3795579000.0,2382980000.0,1412599000.0,13425418936.0,515033000.0,0.0,-71930000.0,-441000.0,-31758000.0,-101869000.0,-103706000.0,-18233000.0,735951000.0,-15343000.0,205462000.0,205462000.0,205462000.0,48205000.0,0.0,0.043,720465000.0,396951000.0,1372352000.0,0.161,5.862,18.191,18.12,2038376000.0,0.0,7.375,0.785,0.783,115245000.0,1870460000.0,4796155000.0,4796155000.0,0.0,,,,,11855000.0,715505000.0,1.0,1820395788.0,1816176000.0,1920180000.0,2.641,5902802000.0,35825000.0,143674000.0,21525000.0,3.25,1365833000.0
59,TJX,MRQ,2006-09-30,2006-10-28,2006-10-28,2021-08-27,-32773000.0,6305740000.0,,3939595000.0,2366145000.0,,1.201,-112472000.0,341636000.0,341636000.0,3334085000.0,230612000.0,1.442,1.901,819357000.0,1817000.0,817540000.0,819357000.0,0.0,89028000.0,0.0,0.009,0.018,382303000.0,471331000.0,0.105,471331000.0,382303000.0,375519000.0,0.128,0.12,0.128,2173872000.0,,2173872000.0,13635914353.0,11.0,8.618,160240000.0,0.089,1.0,1138858000.0,0.255,183120000.0,6784000.0,3868045000.0,,3246287000.0,0.0,0.0,0.0,4131868000.0,2732296000.0,1399572000.0,12954561353.0,67919000.0,0.0,77502000.0,-141303000.0,-31492000.0,-93921000.0,-112295000.0,177000.0,272712000.0,1423000.0,230612000.0,230612000.0,230612000.0,207000.0,0.0,0.052,756348000.0,382510000.0,1717088000.0,0.141,5.959,15.774,16.011,2055593000.0,0.0,7.205,0.766,0.771,161570000.0,1751546000.0,4472943000.0,4472943000.0,0.0,,,,,15346000.0,756348000.0,1.0,1797996024.0,1810176000.0,1917964000.0,2.471,6122620000.0,16284000.0,144907000.0,14089000.0,3.382,1207299000.0
60,TJX,MRQ,2006-06-30,2006-07-29,2006-07-29,2021-08-27,-36571000.0,5996512000.0,,3652816000.0,2343696000.0,,1.037,-83349000.0,273717000.0,273717000.0,3034323000.0,138156000.0,1.33,2.199,955070000.0,142653000.0,812417000.0,955070000.0,0.0,86518000.0,0.0,0.01,0.018,235404000.0,321922000.0,0.081,321922000.0,235404000.0,229991000.0,0.077,0.072,0.077,1874682000.0,,1874682000.0,11727848348.0,10.0,8.062,69925000.0,0.039,1.0,929336000.0,0.234,183217000.0,5413000.0,3747246000.0,,2923434000.0,0.0,0.0,0.0,4121830000.0,2747402000.0,1374428000.0,11192602348.0,-6165000.0,0.0,-184803000.0,140448000.0,-31984000.0,-76339000.0,-83176000.0,173000.0,153274000.0,76000.0,138156000.0,138156000.0,138156000.0,668000.0,0.0,0.035,693264000.0,236072000.0,1561525000.0,0.234,5.97,15.004,15.043,2019883000.0,0.0,6.122,0.679,0.671,119482000.0,1461754000.0,3963659000.0,3963659000.0,0.0,,,,,19437000.0,693264000.0,1.0,1828109816.0,1808528000.0,1909940000.0,2.192,5813295000.0,24340000.0,91835000.0,0.0,3.214,905414000.0
61,TJX,MRQ,2006-03-31,2006-04-29,2006-04-29,2021-08-27,-41118000.0,5619608000.0,,3257761000.0,2361847000.0,,1.051,-96017000.0,279882000.0,279882000.0,2922849000.0,163809000.0,1.395,1.913,815128000.0,1746000.0,813382000.0,815128000.0,0.0,86024000.0,0.0,0.01,0.015,264188000.0,350212000.0,0.09,350212000.0,264188000.0,260429000.0,0.09,0.085,0.09,1928841000.0,,1928841000.0,11466348158.0,11.0,8.199,-45208000.0,-0.025,1.0,948407000.0,0.245,183363000.0,3759000.0,3636360000.0,,2555286000.0,0.0,0.0,0.0,3690767000.0,2335131000.0,1355636000.0,11123135158.0,-185767000.0,0.0,-117806000.0,-416000.0,-27693000.0,-145915000.0,-95847000.0,170000.0,50809000.0,5186000.0,163809000.0,163809000.0,163809000.0,53000.0,0.0,0.042,684166000.0,264241000.0,1450895000.0,0.167,5.767,15.478,15.468,2022033000.0,0.0,6.032,0.688,0.685,153865000.0,1512932000.0,3871256000.0,3871256000.0,0.0,,,,,19534000.0,684166000.0,1.0,1843868240.0,1835680000.0,1939788000.0,2.109,5436245000.0,22997000.0,96620000.0,0.0,2.961,922630000.0
62,TJX,MRQ,2005-12-31,2006-01-28,2006-01-28,2021-08-27,-44296000.0,5496305000.0,,3140127000.0,2356178000.0,,1.014,-84782000.0,465649000.0,465649000.0,3546025000.0,288703000.0,1.394,1.904,808862000.0,1712000.0,807150000.0,808862000.0,0.0,81350000.0,0.0,0.009,0.015,357477000.0,438827000.0,0.095,438827000.0,357477000.0,351917000.0,0.155,0.145,0.155,1892654000.0,,1892654000.0,12317597655.0,12.0,9.105,566642000.0,0.304,1.0,1068310000.0,0.232,183425000.0,5560000.0,3404242000.0,,2365861000.0,0.0,0.0,0.0,3603651000.0,2251851000.0,1351800000.0,11466561655.0,264630000.0,0.0,-16799000.0,-245642000.0,-27484000.0,-289925000.0,-84614000.0,168000.0,651424000.0,-12255000.0,288703000.0,288703000.0,288703000.0,-589000.0,0.0,0.063,711422000.0,356888000.0,1313472000.0,0.097,6.058,16.608,16.818,2013046000.0,0.0,6.223,0.719,0.728,140747000.0,1475983000.0,4614335000.0,4614335000.0,0.0,,,,,20150000.0,711422000.0,1.0,1842758000.0,1866148000.0,1966000000.0,2.473,5312880000.0,15641000.0,63214000.0,0.0,2.847,888276000.0
63,TJX,MRQ,2005-09-30,2005-10-29,2005-10-29,2021-08-27,-36357000.0,5806194000.0,,3516153000.0,2290041000.0,,0.887,-182366000.0,201019000.0,201019000.0,3072016000.0,155325000.0,1.169,2.544,1052055000.0,451340000.0,600715000.0,1052055000.0,0.0,76282000.0,0.0,0.01,0.015,267435000.0,343717000.0,0.085,343717000.0,267435000.0,257316000.0,0.085,0.08,0.085,1638401000.0,,1638401000.0,10586434955.0,12.0,8.914,138721000.0,0.075,1.0,969896000.0,0.24,183498000.0,10119000.0,3466984000.0,,2913469000.0,0.0,0.0,0.0,4167793000.0,3006748000.0,1161045000.0,9751759955.0,19330000.0,0.0,-128477000.0,34760000.0,-27910000.0,-121627000.0,-182202000.0,164000.0,321087000.0,2072000.0,155325000.0,155325000.0,155325000.0,0.0,0.0,0.038,702461000.0,267435000.0,1473777000.0,0.176,5.952,18.603,18.688,1988864000.0,0.0,5.232,0.624,0.619,173516000.0,1214068000.0,4041912000.0,4041912000.0,0.0,,,,,24312000.0,702461000.0,1.0,1863690388.0,1847744000.0,1945980000.0,2.187,5622696000.0,5917000.0,101991000.0,47196000.0,3.043,509405000.0
64,TJX,MRQ,2005-06-30,2005-07-30,2005-07-30,2021-08-27,-32843000.0,5592309000.0,,3384043000.0,2208266000.0,,0.863,-118466000.0,181689000.0,181689000.0,2807861000.0,110814000.0,1.188,2.467,1016364000.0,416143000.0,600221000.0,1016364000.0,0.0,77848000.0,0.0,0.008,0.015,187862000.0,265710000.0,0.073,265710000.0,187862000.0,179945000.0,0.06,0.058,0.06,1613095000.0,,1613095000.0,11617919484.0,12.0,9.313,-120058000.0,-0.064,1.0,840005000.0,0.23,183548000.0,7917000.0,3394889000.0,,2814691000.0,0.0,0.0,0.0,3979214000.0,2848547000.0,1130667000.0,11059843484.0,3939000.0,0.0,-127365000.0,279121000.0,-28220000.0,123536000.0,-118304000.0,162000.0,-1592000.0,299000.0,110814000.0,110814000.0,110814000.0,0.0,0.0,0.03,652143000.0,187862000.0,1518950000.0,0.25,6.856,19.412,19.79,1900689000.0,0.0,5.878,0.718,0.714,120932000.0,1180015000.0,3647866000.0,3647866000.0,0.0,,,,,22611000.0,652143000.0,1.0,1881725816.0,1868824000.0,1971268000.0,1.952,5408761000.0,3160000.0,69131000.0,44735000.0,2.894,535496000.0
65,TJX,MRQ,2005-03-31,2005-04-30,2005-04-30,2021-08-27,-25870000.0,5177559000.0,,2995309000.0,2182250000.0,,0.853,-100646000.0,177750000.0,177750000.0,2788769000.0,135581000.0,1.231,2.182,735826000.0,136602000.0,599224000.0,735826000.0,0.0,78805000.0,0.0,0.008,0.011,225816000.0,304621000.0,0.083,304621000.0,225816000.0,219780000.0,0.07,0.07,0.07,1627037000.0,,1627037000.0,11280764838.0,12.0,9.021,86454000.0,0.045,1.0,863061000.0,0.236,183616000.0,6036000.0,3118769000.0,,2460401000.0,0.0,0.0,0.0,3550522000.0,2433250000.0,1117272000.0,10887835838.0,-129437000.0,0.0,-228660000.0,34608000.0,-21637000.0,-215689000.0,-100488000.0,158000.0,187100000.0,-360000.0,135581000.0,135581000.0,135581000.0,0.0,0.0,0.037,637245000.0,225816000.0,1328875000.0,0.157,6.692,18.864,19.066,1885031000.0,0.0,5.662,0.718,0.713,132210000.0,1182476000.0,3651830000.0,3651830000.0,0.0,,,,,24117000.0,637245000.0,1.0,1922796616.0,1907916000.0,1988460000.0,1.914,4993943000.0,403000.0,84199000.0,51879000.0,2.617,562059000.0
66,TJX,MRQ,2004-12-31,2005-01-29,2005-01-29,2021-08-27,-26245000.0,5075473000.0,,2905120000.0,2170353000.0,,0.893,-142719000.0,307187000.0,307187000.0,3352733000.0,122490000.0,1.318,1.906,700116000.0,101576000.0,598540000.0,700116000.0,0.0,73977000.0,0.0,0.007,0.011,199529000.0,273506000.0,0.064,273506000.0,199529000.0,194482000.0,0.065,0.065,0.065,1746556000.0,,1746556000.0,12525895390.0,12.0,9.679,239493000.0,0.122,1.0,923639000.0,0.216,183763000.0,5047000.0,3080527000.0,,2352032000.0,0.0,0.0,0.0,3328917000.0,2204112000.0,1124805000.0,11969714390.0,163776000.0,0.0,-55302000.0,-376000.0,-21703000.0,-74359000.0,-142551000.0,168000.0,382212000.0,-1526000.0,122490000.0,122490000.0,122490000.0,518000.0,0.0,0.029,723592000.0,200047000.0,1276035000.0,0.169,6.853,19.632,19.904,1861127000.0,0.0,6.21,0.805,0.817,119611000.0,1292102000.0,4276372000.0,4276372000.0,0.0,,,,,77986000.0,723592000.0,1.0,1927490240.0,1955236000.0,2038644000.0,2.187,4891710000.0,0.0,71992000.0,61833000.0,2.502,701008000.0
67,TJX,MRQ,2004-09-30,2004-10-30,2004-10-30,2021-08-27,-21569000.0,5293818000.0,,3259238000.0,2034580000.0,,0.8,-148202000.0,143411000.0,143411000.0,2857105000.0,200855000.0,1.258,2.414,699592000.0,101541000.0,598051000.0,699592000.0,0.0,69367000.0,0.0,0.007,0.011,334258000.0,403625000.0,0.106,403625000.0,334258000.0,327124000.0,0.102,0.1,0.102,1550522000.0,,1550522000.0,12284665628.0,11.0,8.812,196051000.0,0.101,1.0,960245000.0,0.252,183636000.0,7134000.0,3074705000.0,,2777366000.0,0.0,0.0,0.0,3743296000.0,2591658000.0,1151638000.0,11720239628.0,7826000.0,0.0,-161448000.0,-5369000.0,-21988000.0,-188805000.0,-148037000.0,165000.0,344253000.0,415000.0,200855000.0,200855000.0,200855000.0,0.0,0.0,0.053,625987000.0,334258000.0,1569982000.0,0.108,7.559,17.312,17.478,1739003000.0,0.0,5.995,0.798,0.791,142640000.0,1101532000.0,3817350000.0,3817350000.0,0.0,,,,,4572000.0,625987000.0,1.0,1955002440.0,1938052000.0,2027680000.0,1.97,5110182000.0,4785000.0,126269000.0,176354000.0,2.637,667580000.0
68,TJX,MRQ,2004-06-30,2004-07-31,2004-07-31,2021-08-27,-14650000.0,4613367000.0,,2679305000.0,1934062000.0,,0.779,-75305000.0,135585000.0,135585000.0,2629207000.0,118242000.0,1.35,2.01,700011000.0,106507000.0,593504000.0,700011000.0,0.0,68358000.0,0.0,0.006,0.011,200329000.0,268687000.0,0.079,268687000.0,200329000.0,193336000.0,0.06,0.058,0.06,1532803000.0,,1532803000.0,12072566940.0,11.0,8.899,81733000.0,0.042,1.0,785080000.0,0.23,183592000.0,6993000.0,3009587000.0,,2216980000.0,0.0,0.0,0.0,3080564000.0,1984614000.0,1095950000.0,11616032940.0,-105925000.0,0.0,-165636000.0,-361000.0,-22256000.0,-188253000.0,-75144000.0,161000.0,157038000.0,434000.0,118242000.0,118242000.0,118242000.0,0.0,0.0,0.035,584751000.0,200329000.0,1142024000.0,0.183,7.578,17.627,17.78,1644682000.0,0.0,5.867,0.815,0.81,99567000.0,1068795000.0,3414287000.0,3414287000.0,0.0,,,,,5529000.0,584751000.0,1.0,1979724404.0,1967948000.0,2064356000.0,1.735,4429775000.0,6183000.0,75094000.0,156140000.0,2.251,694691000.0
69,TJX,MRQ,2004-03-31,2004-05-01,2004-05-01,2021-08-27,-15339000.0,4508673000.0,,2582853000.0,1925820000.0,,0.797,-62907000.0,241510000.0,241510000.0,2518346000.0,168112000.0,1.474,1.844,698044000.0,6489000.0,691555000.0,698044000.0,0.0,67357000.0,0.0,0.006,0.009,280917000.0,348274000.0,0.104,348274000.0,280917000.0,274334000.0,0.085,0.08,0.085,1585501000.0,,1585501000.0,12717270870.0,12.0,9.4,130399000.0,0.066,1.0,834391000.0,0.249,183654000.0,6583000.0,3029010000.0,,2010178000.0,0.0,0.0,0.0,2923172000.0,1752543000.0,1170629000.0,12264892870.0,-4893000.0,0.0,-115333000.0,-356000.0,-17471000.0,-133160000.0,-62749000.0,158000.0,193306000.0,-2290000.0,168112000.0,168112000.0,168112000.0,0.0,0.0,0.05,553474000.0,280917000.0,1083982000.0,0.106,7.736,18.471,18.614,1626867000.0,0.0,6.143,0.883,0.879,106793000.0,1118352000.0,3352737000.0,3352737000.0,0.0,,,,,9012000.0,553474000.0,1.0,1996726556.0,1988180000.0,2086344000.0,1.686,4325019000.0,7581000.0,106222000.0,136854000.0,2.175,830310000.0
70,TJX,MRQ,2003-12-31,2004-01-31,2004-01-31,2021-08-27,-13584000.0,4396767000.0,,2451748000.0,1945019000.0,,0.763,-97715000.0,246403000.0,246403000.0,3132542000.0,189786000.0,1.45,1.832,698781000.0,6460000.0,692321000.0,698781000.0,0.0,67331000.0,0.0,0.006,0.009,306237000.0,373568000.0,0.091,373568000.0,306237000.0,300421000.0,0.095,0.085,0.095,1552388000.0,,1552388000.0,12179003470.0,12.0,9.725,341162000.0,0.168,1.0,973055000.0,0.237,183827000.0,5816000.0,2974798000.0,,1941698000.0,0.0,0.0,0.0,2844379000.0,1690520000.0,1153859000.0,11570313470.0,158781000.0,-57138000.0,-104315000.0,-347000.0,-17600000.0,-119710000.0,-154697000.0,156000.0,438877000.0,-5689000.0,189786000.0,189786000.0,189786000.0,0.0,0.0,0.046,666818000.0,306237000.0,960382000.0,0.095,7.453,18.986,19.158,1639937000.0,0.0,5.747,0.868,0.877,90902000.0,1079100000.0,4105597000.0,4105597000.0,0.0,,,,,73967000.0,666818000.0,1.0,2013103692.0,2033436000.0,2125204000.0,2.019,4212940000.0,8979000.0,110635000.0,123817000.0,2.072,761228000.0
71,TJX,MRQ,2003-09-30,2003-10-25,2003-10-25,2021-08-27,-9972000.0,4448177000.0,,2586485000.0,1861692000.0,,0.704,-123157000.0,87622000.0,87622000.0,2528049000.0,182833000.0,1.36,2.121,696312000.0,6431000.0,689881000.0,696312000.0,0.0,58905000.0,0.0,0.006,0.009,307261000.0,366166000.0,0.108,366166000.0,307261000.0,300031000.0,0.09,0.09,0.09,1425279000.0,,1425279000.0,11141182067.0,12.0,9.371,164245000.0,0.081,1.0,859403000.0,0.254,179419000.0,7230000.0,2976033000.0,,2242904000.0,0.0,0.0,0.0,3022898000.0,1901415000.0,1121483000.0,10475587067.0,43614000.0,0.0,-89497000.0,-15340000.0,-17747000.0,-122584000.0,-123005000.0,152000.0,287402000.0,1801000.0,182833000.0,182833000.0,182833000.0,0.0,0.0,0.054,552142000.0,307261000.0,1156506000.0,0.1,7.35,18.252,18.455,1569738000.0,0.0,5.168,0.823,0.822,113471000.0,945183000.0,3387452000.0,3387452000.0,0.0,,,,,8073000.0,552142000.0,1.0,2027206012.0,2023616000.0,2044248000.0,1.674,4268758000.0,12408000.0,117198000.0,90374000.0,2.109,685070000.0
72,TJX,MRQ,2003-06-30,2003-07-26,2003-07-26,2021-08-27,-12039000.0,4097276000.0,,2314663000.0,1782613000.0,,0.663,-100896000.0,44008000.0,44008000.0,2327058000.0,123262000.0,1.392,2.028,709603000.0,16403000.0,693200000.0,709603000.0,0.0,56592000.0,0.0,0.006,0.009,208308000.0,264900000.0,0.087,264900000.0,208308000.0,201080000.0,0.06,0.06,0.06,1352951000.0,,1352951000.0,10673864501.0,12.0,9.518,11185000.0,0.005,1.0,719126000.0,0.236,179329000.0,7228000.0,2920307000.0,,2017932000.0,0.0,0.0,0.0,2744325000.0,1663235000.0,1081090000.0,10133517501.0,-127444000.0,0.0,-120477000.0,-334000.0,-17928000.0,-138739000.0,-100745000.0,151000.0,112081000.0,-41000.0,123262000.0,123262000.0,123262000.0,0.0,0.0,0.04,510818000.0,208308000.0,1040425000.0,0.15,7.49,18.82,19.087,1489736000.0,0.0,4.963,0.818,0.817,86527000.0,870954000.0,3046184000.0,3046184000.0,0.0,,,,,3534000.0,510818000.0,1.0,2042018640.0,2039712000.0,2057360000.0,1.493,3917947000.0,11259000.0,77818000.0,68774000.0,1.921,651428000.0
73,TJX,MRQ,2003-03-31,2003-04-26,2003-04-26,2021-08-27,-5079000.0,4029917000.0,,2299848000.0,1730069000.0,,0.662,-87269000.0,171452000.0,171452000.0,2113630000.0,113531000.0,1.422,1.944,711799000.0,16494000.0,695305000.0,711799000.0,0.0,55557000.0,0.0,0.007,0.007,192184000.0,247741000.0,0.089,247741000.0,192184000.0,185206000.0,0.055,0.055,0.055,1369089000.0,,1369089000.0,9663244154.0,11.0,8.586,-157681000.0,-0.076,1.0,675075000.0,0.242,179256000.0,6978000.0,2773997000.0,,1882582000.0,0.0,0.0,0.0,2660828000.0,1617011000.0,1043817000.0,9445462154.0,-320878000.0,0.0,-147298000.0,-327000.0,-15614000.0,-163239000.0,-87122000.0,147000.0,-70412000.0,-105000.0,113531000.0,113531000.0,113531000.0,0.0,0.0,0.041,482891000.0,192184000.0,997874000.0,0.127,6.899,17.337,17.654,1439294000.0,0.0,4.59,0.78,0.784,95011000.0,866624000.0,2788705000.0,2788705000.0,0.0,,,,,3671000.0,482891000.0,1.0,2057834892.0,2066588000.0,2082016000.0,1.349,3850661000.0,10110000.0,71675000.0,55998000.0,1.863,682837000.0
74,TJX,MRQ,2002-12-31,2003-01-25,2003-01-25,2021-08-27,-3164000.0,3940489000.0,,2240540000.0,1699949000.0,,0.662,-116268000.0,492330000.0,492330000.0,2721877000.0,154303000.0,1.484,1.796,710112000.0,16348000.0,693764000.0,710112000.0,0.0,54137000.0,0.0,0.006,0.007,255958000.0,310095000.0,0.088,310095000.0,255958000.0,250055000.0,0.075,0.065,0.075,1409147000.0,,1409147000.0,10569985733.0,11.0,9.027,438777000.0,0.206,1.0,783604000.0,0.224,179183000.0,5903000.0,2469343000.0,,1563450000.0,0.0,0.0,0.0,2531342000.0,1509745000.0,1021597000.0,10013492733.0,340391000.0,0.0,-80277000.0,-320000.0,-15759000.0,-96356000.0,-116123000.0,145000.0,555045000.0,-2175000.0,154303000.0,154303000.0,154303000.0,0.0,0.0,0.044,527646000.0,255958000.0,817633000.0,0.093,7.106,17.313,17.454,1407574000.0,0.0,4.765,0.836,0.847,75515000.0,899448000.0,3505481000.0,3505481000.0,0.0,,,,,3352000.0,527646000.0,1.0,2101467520.0,2128964000.0,,1.647,3761306000.0,8961000.0,95752000.0,41969000.0,1.767,730795000.0
75,TJX,MRQ,2002-09-30,2002-10-26,2002-10-26,2021-08-27,-3920000.0,3957950000.0,,2368910000.0,1589040000.0,,0.645,-121534000.0,151939000.0,151939000.0,2290136000.0,147355000.0,1.43,1.905,708432000.0,1321000.0,707111000.0,708432000.0,0.0,52233000.0,0.0,0.005,0.007,246473000.0,298706000.0,0.098,298706000.0,246473000.0,239160000.0,0.07,0.07,0.07,1362277000.0,,1362277000.0,11342814956.0,12.0,9.68,-16056000.0,-0.008,1.0,754814000.0,0.248,179138000.0,7313000.0,2678968000.0,,2001514000.0,0.0,0.0,0.0,2595673000.0,1656337000.0,939336000.0,10928704956.0,-140705000.0,0.0,-106940000.0,-314000.0,-15859000.0,-123113000.0,-121392000.0,142000.0,105478000.0,-1678000.0,147355000.0,147355000.0,147355000.0,0.0,0.0,0.048,508341000.0,246473000.0,984473000.0,0.1,8.022,18.862,19.229,1335791000.0,0.0,5.173,0.935,0.935,94724000.0,849719000.0,3044950000.0,3044950000.0,0.0,,,,,5043000.0,508341000.0,1.0,2112847744.0,2112847744.0,,1.441,3778812000.0,14136000.0,91805000.0,91216000.0,1.788,712573000.0
76,TJX,MRQ,2002-06-30,2002-07-27,2002-07-27,2021-08-27,-6513000.0,3820585000.0,,2289525000.0,1531060000.0,,0.613,-88155000.0,292644000.0,292644000.0,2078736000.0,129627000.0,1.477,1.886,706754000.0,1295000.0,705459000.0,706754000.0,0.0,52050000.0,0.0,0.005,0.007,216825000.0,268875000.0,0.097,268875000.0,216825000.0,210862000.0,0.06,0.06,0.06,1323754000.0,,1323754000.0,9806759801.0,11.0,8.636,-27500000.0,-0.013,1.0,686353000.0,0.248,179120000.0,5963000.0,2505550000.0,,1771378000.0,0.0,0.0,0.0,2496831000.0,1550025000.0,946806000.0,9618534801.0,-224215000.0,0.0,-179749000.0,-308000.0,-16180000.0,-196237000.0,-88015000.0,140000.0,60655000.0,-618000.0,129627000.0,129627000.0,129627000.0,0.0,0.0,0.047,469528000.0,216825000.0,962945000.0,0.117,7.266,17.761,17.892,1267153000.0,0.0,4.455,0.845,0.845,69905000.0,803965000.0,2765089000.0,2765089000.0,0.0,,,,,2805000.0,469528000.0,1.0,2159042604.0,2159042604.0,,1.281,3641465000.0,19925000.0,81235000.0,77853000.0,1.687,739500000.0
77,TJX,MRQ,2002-03-31,2002-04-27,2002-04-27,2021-08-27,-6809000.0,3772147000.0,,2268072000.0,1504075000.0,,0.64,-70767000.0,516859000.0,516859000.0,1988830000.0,147103000.0,1.574,1.727,705084000.0,1269000.0,703815000.0,705084000.0,0.0,49456000.0,0.0,0.004,0.006,243841000.0,293297000.0,0.11,293297000.0,243841000.0,237647000.0,0.068,0.068,0.068,1383419000.0,,1383419000.0,12045983667.0,13.0,10.908,116615000.0,0.054,1.0,676857000.0,0.254,179141000.0,6194000.0,2340340000.0,,1528766000.0,0.0,0.0,0.0,2388728000.0,1440891000.0,947837000.0,11835136667.0,24083000.0,0.0,-80852000.0,-302000.0,-12227000.0,-93381000.0,-70630000.0,137000.0,187382000.0,712000.0,147103000.0,147103000.0,147103000.0,0.0,0.0,0.055,433016000.0,243841000.0,858211000.0,0.088,8.555,22.594,22.924,1220453000.0,0.0,5.479,1.066,1.066,80434000.0,1124810000.0,2665687000.0,2665687000.0,0.0,,,,,3764000.0,433016000.0,1.0,2160189216.0,2160189216.0,,1.234,3593006000.0,36115000.0,90544000.0,115128000.0,1.663,827181000.0
78,TJX,MRQ,2001-12-31,2002-01-26,2002-01-26,2021-08-27,-6755000.0,3595743000.0,,2115926000.0,1479817000.0,,0.609,-152332000.0,492776000.0,492776000.0,2481606000.0,155320000.0,1.609,1.682,703623000.0,1244000.0,702379000.0,703623000.0,0.0,51695000.0,0.0,0.004,0.006,259151000.0,310846000.0,0.097,310846000.0,259151000.0,251949000.0,0.071,0.053,0.071,1340698000.0,,1340698000.0,11534825120.0,13.0,10.843,501066000.0,0.227,1.0,727106000.0,0.227,179101000.0,7202000.0,2312479000.0,,1456976000.0,0.0,0.0,0.0,2255045000.0,1315010000.0,940035000.0,10909542120.0,416688000.0,0.0,-72629000.0,-301000.0,-12268000.0,-85198000.0,-152197000.0,125000.0,653398000.0,685000.0,155320000.0,155320000.0,155320000.0,0.0,0.0,0.048,467955000.0,259151000.0,761546000.0,0.085,8.137,21.802,21.93,1191002000.0,0.0,5.0,1.019,1.028,69209000.0,1080569000.0,3208712000.0,3208712000.0,0.0,,,,,12191000.0,467955000.0,1.0,2181908424.0,2202588000.0,,1.457,3416642000.0,38578000.0,96629000.0,41950000.0,1.551,800916000.0
79,TJX,MRQ,2001-09-30,2001-10-27,2001-10-27,2021-08-27,-3253000.0,3638876000.0,,2267698000.0,1371178000.0,,0.572,-125789000.0,76088000.0,76088000.0,2059996000.0,109498000.0,1.26,1.9,702590000.0,352504000.0,350086000.0,702590000.0,0.0,52509000.0,0.0,0.005,0.006,210052000.0,262561000.0,0.096,262561000.0,210052000.0,201515000.0,0.05,0.068,0.05,1254649000.0,,1254649000.0,10225375854.0,13.0,10.124,1467000.0,0.001,1.0,681773000.0,0.249,180576000.0,8537000.0,2285097000.0,,1990920000.0,0.0,0.0,0.0,2384227000.0,1799705000.0,584522000.0,9660741854.0,-62529000.0,0.0,-49983000.0,-3180000.0,-12330000.0,-65493000.0,-126542000.0,0.0,127256000.0,2250000.0,109498000.0,109498000.0,109498000.0,40000000.0,0.0,0.04,431721000.0,250052000.0,882631000.0,0.12,7.7,20.116,20.382,1093514000.0,0.0,4.402,0.942,0.942,94130000.0,985377000.0,2741769000.0,2741769000.0,0.0,,,,,7219000.0,431721000.0,1.0,2194376344.0,2194376344.0,,1.249,3458300000.0,65096000.0,92017000.0,71321000.0,1.576,467993000.0
80,TJX,MRQ,2001-06-30,2001-07-28,2001-07-28,2021-08-27,-2961000.0,3441756000.0,,2165316000.0,1276440000.0,,0.545,-106008000.0,138617000.0,138617000.0,1894704000.0,111908000.0,1.587,1.847,704455000.0,4114000.0,700341000.0,704455000.0,0.0,51161000.0,0.0,0.005,0.006,186476000.0,237637000.0,0.096,237637000.0,186476000.0,180788000.0,0.05,0.05,0.05,1208789000.0,,1208789000.0,9559748873.0,11.0,8.988,-20956000.0,-0.009,1.0,592918000.0,0.238,182064000.0,5688000.0,2460805000.0,,1854626000.0,0.0,0.0,0.0,2232967000.0,1364725000.0,868242000.0,9182657873.0,-166070000.0,0.0,-119370000.0,-11234000.0,-12469000.0,-143073000.0,-107811000.0,0.0,85052000.0,-238000.0,111908000.0,111908000.0,111908000.0,0.0,0.0,0.045,406442000.0,186476000.0,898675000.0,0.12,7.597,17.357,17.532,1017460000.0,0.0,4.138,0.921,0.921,68743000.0,937784000.0,2487622000.0,2487622000.0,0.0,,,,,8205000.0,406442000.0,1.0,2219373504.0,2219373504.0,,1.121,3259692000.0,37509000.0,68880000.0,40787000.0,1.469,800591000.0
81,TJX,MRQ,2001-03-31,2001-04-28,2001-04-28,2021-08-27,-4059000.0,3353327000.0,,2169080000.0,1184247000.0,,0.544,-65315000.0,304687000.0,304687000.0,1686616000.0,123671000.0,1.663,1.762,681778000.0,13723000.0,668055000.0,681778000.0,0.0,48716000.0,0.0,0.005,0.005,204008000.0,252724000.0,0.111,252724000.0,204008000.0,199792000.0,0.055,0.055,0.055,1213992000.0,,1213992000.0,9053069014.0,10.0,8.544,-18575000.0,-0.008,1.0,584279000.0,0.257,183502000.0,4216000.0,2242334000.0,,1642749000.0,0.0,0.0,0.0,2139335000.0,1304582000.0,834753000.0,8827159014.0,172152000.0,0.0,-116979000.0,322229000.0,-11223000.0,194027000.0,-68296000.0,0.0,46740000.0,-319000.0,123671000.0,123671000.0,123671000.0,0.0,0.0,0.054,380271000.0,204008000.0,745050000.0,0.091,7.271,16.619,16.84,925599000.0,0.0,3.958,0.906,0.906,73638000.0,941094000.0,2270895000.0,2270895000.0,0.0,,,,,5701000.0,380271000.0,1.0,2230488696.0,2230488696.0,,1.018,3169825000.0,48450000.0,76121000.0,97514000.0,1.421,864498000.0
82,TJX,MRQ,2000-12-31,2001-01-27,2001-01-27,2021-08-27,-3288000.0,2932283000.0,,1765944000.0,1166339000.0,,0.53,-75686000.0,132535000.0,132535000.0,2124038000.0,135179000.0,1.437,1.406,358445000.0,39073000.0,319372000.0,358445000.0,0.0,44796000.0,0.0,0.005,0.005,212328000.0,257124000.0,0.093,257124000.0,212328000.0,206630000.0,0.061,0.06,0.061,1218712000.0,,1218712000.0,9049185062.0,10.0,8.508,386138000.0,0.168,1.0,627267000.0,0.228,184986000.0,5698000.0,1744448000.0,,1452877000.0,0.0,0.0,0.0,1713571000.0,1228759000.0,484812000.0,8474154062.0,77054000.0,0.0,-21700000.0,-271930000.0,-11197000.0,-304827000.0,-80262000.0,0.0,461824000.0,319000.0,135179000.0,135179000.0,135179000.0,0.0,0.0,0.049,414939000.0,212328000.0,645672000.0,0.082,6.953,15.749,16.122,907983000.0,0.0,3.789,0.885,0.91,61845000.0,941621000.0,2751305000.0,2751305000.0,0.0,,,,,14889000.0,414939000.0,1.0,2236662240.0,2299524000.0,,1.196,2747297000.0,47391000.0,71451000.0,0.0,1.195,537185000.0
83,TJX,MRQ,2000-09-30,2000-10-28,2000-10-28,2021-08-27,-1929000.0,3323283000.0,,2123853000.0,1199430000.0,,0.488,-66765000.0,55481000.0,55481000.0,1807748000.0,158274000.0,1.236,2.029,630512000.0,311155000.0,319357000.0,630512000.0,0.0,48124000.0,0.0,0.006,0.005,267997000.0,316121000.0,0.128,316121000.0,267997000.0,258618000.0,0.07,0.069,0.07,1097080000.0,,1097080000.0,7750081899.0,9.0,7.317,123674000.0,0.055,1.0,653663000.0,0.266,186411000.0,9379000.0,1993086000.0,,1949730000.0,0.0,0.0,0.0,2226203000.0,1718817000.0,507386000.0,7172560899.0,16081000.0,0.0,-100132000.0,13571000.0,-11273000.0,-97834000.0,-73687000.0,0.0,190439000.0,-2837000.0,158274000.0,158274000.0,158274000.0,0.0,0.0,0.064,385666000.0,267997000.0,881224000.0,0.071,6.538,13.656,14.23,878262000.0,0.0,3.188,0.767,0.767,70719000.0,819236000.0,2461411000.0,2461411000.0,0.0,,,,,-129000.0,385666000.0,1.0,2250215184.0,2250215184.0,,1.094,3136872000.0,40955000.0,100344000.0,88633000.0,1.394,405036000.0
84,TJX,MRQ,2000-06-30,2000-07-29,2000-07-29,2021-08-27,-1943000.0,3020394000.0,,1868008000.0,1152386000.0,,0.426,-60070000.0,39400000.0,39400000.0,1702298000.0,114033000.0,1.232,2.027,616921000.0,297569000.0,319352000.0,616921000.0,0.0,42238000.0,0.0,0.009,0.005,191402000.0,233640000.0,0.103,233640000.0,191402000.0,186328000.0,0.049,0.049,0.049,997943000.0,,997943000.0,4929533236.0,6.0,4.77,-207167000.0,-0.089,1.0,555876000.0,0.246,187912000.0,5074000.0,1893615000.0,,1690933000.0,0.0,0.0,0.0,2022451000.0,1516388000.0,506063000.0,4735616236.0,-196609000.0,0.0,-156857000.0,186976000.0,-11582000.0,18537000.0,-68809000.0,0.0,-147097000.0,760000.0,114033000.0,114033000.0,114033000.0,0.0,0.0,0.05,364474000.0,191402000.0,767008000.0,0.102,4.745,9.13,9.457,859114000.0,0.0,2.024,0.519,0.519,57411000.0,717912000.0,2258174000.0,2258174000.0,0.0,,,,,1181000.0,364474000.0,1.0,2340020376.0,2340020376.0,,0.965,2832482000.0,34988000.0,72295000.0,21449000.0,1.21,351620000.0
85,TJX,MRQ,2000-03-31,2000-04-29,2000-04-29,2021-08-27,-1547000.0,3039806000.0,,1917392000.0,1122414000.0,,0.458,-54484000.0,236009000.0,236009000.0,1554040000.0,130580000.0,1.324,1.792,429926000.0,110573000.0,319353000.0,429926000.0,0.0,40623000.0,0.0,0.008,0.004,216119000.0,256742000.0,0.122,256742000.0,216119000.0,213366000.0,0.055,0.055,0.055,1088896000.0,,1088896000.0,5756120256.0,7.0,5.612,-2887000.0,-0.001,1.0,554076000.0,0.263,189356000.0,2753000.0,1595650000.0,,1560315000.0,0.0,0.0,0.0,1950910000.0,1448717000.0,502193000.0,5708153256.0,-135750000.0,0.0,-139315000.0,10180000.0,-10641000.0,-139776000.0,-48164000.0,0.0,51597000.0,593000.0,130580000.0,130580000.0,130580000.0,0.0,0.0,0.062,337957000.0,216119000.0,837362000.0,0.073,5.242,10.966,11.368,843687000.0,0.0,2.399,0.636,0.636,63763000.0,797568000.0,2108116000.0,2108116000.0,0.0,,,,,0.0,337957000.0,1.0,2379636584.0,2379636584.0,,0.886,2850450000.0,29021000.0,82786000.0,112716000.0,1.198,468675000.0
86,TJX,MRQ,1999-12-31,2000-01-29,2000-01-29,2021-08-27,-1433000.0,2804963000.0,,1700565000.0,1104398000.0,,0.445,-56099000.0,371759000.0,371759000.0,1929090000.0,122353000.0,1.432,1.506,419726000.0,100359000.0,319367000.0,419726000.0,0.0,44655000.0,0.0,0.008,0.004,208060000.0,252715000.0,0.1,252715000.0,208060000.0,206219000.0,0.05,0.05,0.05,1119228000.0,,1119228000.0,5361448615.0,6.0,5.274,455364000.0,0.181,1.0,597846000.0,0.237,190844000.0,1841000.0,1474897000.0,,1229587000.0,0.0,0.0,0.0,1685735000.0,1187189000.0,498546000.0,5057418615.0,347198000.0,0.0,-185765000.0,89823000.0,-10852000.0,-106794000.0,-57801000.0,0.0,511463000.0,330000.0,122353000.0,122353000.0,122353000.0,0.0,0.0,0.048,375189000.0,222657000.0,615671000.0,0.08,4.519,9.695,9.849,834585000.0,0.0,2.039,0.575,0.583,55461000.0,820682000.0,2526936000.0,2526936000.0,0.0,,,,,11736000.0,375189000.0,1.0,2480646776.0,2516617160.0,,1.004,2614119000.0,23143000.0,83866000.0,0.0,1.039,513376000.0
87,TJX,MRQ,1999-09-30,1999-10-30,1999-10-30,2021-08-27,-1480000.0,2938555000.0,,1837871000.0,1100684000.0,,0.471,-66228000.0,24561000.0,24561000.0,1646270000.0,151717000.0,1.127,1.475,328591000.0,208510000.0,120081000.0,328591000.0,0.0,39849000.0,0.0,0.005,0.004,250465000.0,290314000.0,0.13,290314000.0,250465000.0,246191000.0,0.06,0.06,0.06,1187417000.0,,1187417000.0,8777774172.0,11.0,8.962,126777000.0,0.05,1.0,588784000.0,0.263,193981000.0,4274000.0,1417547000.0,,1677584000.0,0.0,0.0,0.0,1751138000.0,1631057000.0,120081000.0,8544742172.0,-22626000.0,0.0,-182566000.0,48368000.0,-11059000.0,-145257000.0,-70374000.0,0.0,193005000.0,0.0,151717000.0,151717000.0,151717000.0,0.0,0.0,0.068,338319000.0,250465000.0,747043000.0,0.067,7.196,16.704,16.956,823940000.0,0.0,3.391,0.999,0.999,60725000.0,878816000.0,2235054000.0,2235054000.0,0.0,,,,,0.0,338319000.0,1.0,2519643840.0,2519643840.0,,0.887,2744574000.0,32428000.0,94474000.0,66481000.0,1.089,206814000.0
88,TJX,MRQ,1999-06-30,1999-07-31,1999-07-31,2021-08-27,-1268000.0,2843487000.0,,1775717000.0,1067770000.0,,0.479,-72635000.0,47187000.0,47187000.0,1585248000.0,115881000.0,1.179,1.336,280219000.0,160098000.0,120121000.0,280219000.0,0.0,38726000.0,0.0,0.004,0.004,187122000.0,225848000.0,0.107,225848000.0,187122000.0,185158000.0,0.046,0.045,0.046,1217443000.0,,1217443000.0,10424826476.0,13.0,11.11,-181482000.0,-0.071,1.0,517603000.0,0.246,195402000.0,1964000.0,1375194000.0,,1603339000.0,0.0,0.0,0.0,1626044000.0,1505923000.0,120121000.0,10502600476.0,-262175000.0,0.0,-118156000.0,48628000.0,-11165000.0,-80693000.0,-72635000.0,0.0,-108847000.0,0.0,115881000.0,115881000.0,115881000.0,0.0,0.0,0.055,330481000.0,187122000.0,740941000.0,0.087,8.627,21.723,21.75,795181000.0,0.0,4.133,1.259,1.259,54370000.0,902722000.0,2102851000.0,2102851000.0,0.0,,,,,0.0,330481000.0,1.0,2541464120.0,2541464120.0,,0.827,2648085000.0,29914000.0,69277000.0,22056000.0,1.042,269794000.0
89,TJX,MRQ,1999-03-31,1999-05-01,1999-05-01,2021-08-27,-933000.0,2913275000.0,,1881080000.0,1032195000.0,,0.469,-43607000.0,309362000.0,309362000.0,1418792000.0,117120000.0,1.266,1.414,231588000.0,11301000.0,220287000.0,231588000.0,0.0,37236000.0,0.0,0.004,0.004,195884000.0,233120000.0,0.121,233120000.0,195884000.0,196618000.0,0.045,0.048,0.045,1206820000.0,,1206820000.0,10475971621.0,14.0,11.798,-44004000.0,-0.017,1.0,511714000.0,0.265,196918000.0,-734000.0,1152415000.0,,1463962000.0,0.0,0.0,0.0,1706455000.0,1486168000.0,220287000.0,10716177621.0,-151882000.0,0.0,-108761000.0,10546000.0,-9663000.0,-107878000.0,-43607000.0,0.0,-397000.0,0.0,117120000.0,117120000.0,117120000.0,0.0,0.0,0.061,310676000.0,201038000.0,771730000.0,0.089,8.88,23.749,23.658,763843000.0,0.0,4.164,1.322,1.322,57341000.0,888769000.0,1930506000.0,1930506000.0,0.0,,,,,0.0,310676000.0,1.0,2573684208.0,2573684208.0,,0.75,2716357000.0,27439000.0,79498000.0,101741000.0,1.055,394912000.0
90,TJX,MRQ,1998-12-31,1999-01-30,1999-01-30,2021-08-27,-1529000.0,2747846000.0,,1743105000.0,1004741000.0,,0.48,-55430000.0,461244000.0,461244000.0,1728163000.0,126892000.0,1.334,1.251,221038000.0,694000.0,220344000.0,221038000.0,0.0,36140000.0,0.0,0.004,0.004,193987000.0,230127000.0,0.101,230127000.0,193987000.0,195191000.0,0.049,0.045,0.049,1220656000.0,,1220656000.0,9640430892.0,14.0,11.571,363081000.0,0.143,1.0,554277000.0,0.243,198317000.0,-1204000.0,1002477000.0,,1186068000.0,0.0,0.0,0.0,1527190000.0,1306846000.0,220344000.0,9552925892.0,305553000.0,0.0,-28295000.0,-22161000.0,-8475000.0,-58931000.0,-54347000.0,0.0,418511000.0,320000.0,126892000.0,126835000.0,126835000.0,0.0,0.0,0.056,360290000.0,193987000.0,617159000.0,0.082,7.826,22.711,22.394,756602000.0,57000.0,3.695,1.202,1.183,67345000.0,900044000.0,2282440000.0,2282440000.0,0.0,,,,,13821000.0,360290000.0,1.0,2585365600.0,2544584648.0,,0.897,2549529000.0,22386000.0,68299000.0,0.0,1.002,436259000.0
91,TJX,MRQ,1998-09-30,1998-10-31,1998-10-31,2021-08-27,-3146000.0,2787117000.0,,1819782000.0,967335000.0,,0.448,-58077000.0,155691000.0,155691000.0,1480501000.0,124619000.0,1.266,1.469,243196000.0,22618000.0,220578000.0,243196000.0,0.0,34744000.0,0.0,0.006,0.004,214498000.0,249242000.0,0.123,249242000.0,214498000.0,212991000.0,0.05,0.05,0.05,1128754000.0,,1128754000.0,6150853873.0,9.0,7.68,223170000.0,0.089,1.0,546077000.0,0.269,199742000.0,1507000.0,1237095000.0,,1501362000.0,0.0,0.0,0.0,1658363000.0,1437785000.0,220578000.0,5958946873.0,97674000.0,0.0,-108361000.0,-6732000.0,-10403000.0,-125496000.0,-58077000.0,0.0,281247000.0,0.0,124619000.0,123641000.0,123641000.0,9048000.0,0.0,0.061,322531000.0,223546000.0,709302000.0,0.08,5.279,15.224,15.373,739929000.0,978000.0,2.368,0.753,0.753,104392000.0,776539000.0,2026578000.0,2026578000.0,0.0,,,,,0.0,322531000.0,1.0,2516978616.0,2516978616.0,,0.805,2587375000.0,7072000.0,88372000.0,83134000.0,1.028,381997000.0
92,TJX,MRQ,1998-06-30,1998-08-01,1998-08-01,2021-08-27,-1862000.0,2612488000.0,,1673093000.0,939395000.0,,0.443,-54894000.0,58017000.0,58017000.0,1418490000.0,84876000.0,1.32,1.325,249924000.0,29282000.0,220642000.0,249924000.0,0.0,33012000.0,0.0,0.004,0.004,142414000.0,175426000.0,0.094,175426000.0,142414000.0,140989000.0,0.033,0.031,0.033,1123873000.0,,1123873000.0,7376620050.0,12.0,9.606,-167869000.0,-0.066,1.0,445746000.0,0.239,201235000.0,1425000.0,1336139000.0,,1469956000.0,0.0,0.0,0.0,1488615000.0,1267021000.0,221594000.0,7453314050.0,-269374000.0,0.0,-89984000.0,-776000.0,-10745000.0,-101505000.0,-54894000.0,0.0,-112975000.0,0.0,84876000.0,83638000.0,83638000.0,0.0,0.0,0.045,303332000.0,142414000.0,639188000.0,0.121,6.632,20.172,20.399,715323000.0,1238000.0,2.938,0.959,0.959,81493000.0,747703000.0,1864236000.0,1864236000.0,0.0,,,,,0.0,303332000.0,1.0,2537298400.0,2537298400.0,,0.735,2411253000.0,0.0,56113000.0,33313000.0,0.95,406072000.0
93,TJX,MRQ,1998-03-31,1998-05-02,1998-05-02,2021-08-27,-490000.0,2767616000.0,,1847110000.0,920506000.0,,0.447,-39341000.0,327391000.0,327391000.0,1330261000.0,87767000.0,1.317,1.425,250697000.0,29751000.0,220946000.0,250697000.0,0.0,32573000.0,0.0,0.005,0.003,145751000.0,178324000.0,0.1,178324000.0,145751000.0,145793000.0,0.034,0.033,0.034,1141276000.0,,1141276000.0,7185832234.0,12.0,10.057,16325000.0,0.006,1.0,445586000.0,0.251,202785000.0,-42000.0,1085413000.0,,1381321000.0,0.0,0.0,0.0,1626340000.0,1402724000.0,223616000.0,7345817234.0,-76978000.0,0.0,-97162000.0,6309000.0,-10788000.0,-101641000.0,-31003000.0,0.0,55666000.0,0.0,87767000.0,86517000.0,86517000.0,0.0,0.0,0.049,299835000.0,145751000.0,739880000.0,0.088,6.436,22.005,22.287,694876000.0,1250000.0,2.875,0.966,0.966,90691000.0,806387000.0,1775847000.0,1775847000.0,0.0,,,,,0.0,299835000.0,1.0,2555066864.0,2555066864.0,,0.695,2564831000.0,0.0,58026000.0,87768000.0,1.004,444386000.0
94,TJX,MRQ,1997-12-31,1998-01-31,1998-01-31,2021-08-27,3317000.0,2609632000.0,,1682631000.0,927001000.0,,0.453,-47317000.0,404369000.0,404369000.0,1736325000.0,98611000.0,1.382,1.242,244384000.0,23360000.0,221024000.0,244384000.0,0.0,32428000.0,0.0,0.006,0.003,165500000.0,197928000.0,0.088,197928000.0,165500000.0,167052000.0,0.038,0.035,0.038,1164092000.0,,1164092000.0,5569661237.0,11.0,8.57,323691000.0,0.126,1.0,506524000.0,0.226,204220000.0,-1552000.0,1027770000.0,,1190170000.0,0.0,0.0,0.0,1445540000.0,1217657000.0,227883000.0,5467887237.0,260767000.0,0.0,-54755000.0,-995000.0,-7174000.0,-62924000.0,-47317000.0,0.0,371008000.0,0.0,98611000.0,97612000.0,97612000.0,0.0,0.0,0.044,341024000.0,165500000.0,582791000.0,0.079,4.697,18.652,18.575,686136000.0,999000.0,2.118,0.74,0.737,60735000.0,729408000.0,2242849000.0,2242849000.0,0.0,,,,,0.0,341024000.0,1.0,2582237184.0,2571792368.0,,0.872,2405412000.0,0.0,68441000.0,6859000.0,0.935,464974000.0
95,TJX,MRQ,1997-09-30,1997-10-25,1997-10-25,2021-08-27,0.0,2681308000.0,,1742735000.0,938573000.0,,0.437,-64099000.0,143602000.0,143602000.0,1414336000.0,105165000.0,1.346,1.375,245376000.0,2199000.0,243177000.0,245376000.0,0.0,31830000.0,0.0,0.006,0.003,184380000.0,216210000.0,0.115,216210000.0,184380000.0,180726000.0,0.04,0.039,0.04,1129054000.0,,1129054000.0,,,,163054000.0,0.063,1.0,473362000.0,0.251,211568000.0,3654000.0,1276472000.0,,1459607000.0,0.0,0.0,0.0,1552254000.0,1295042000.0,257212000.0,4689988285.0,5370000.0,-4385000.0,-133861000.0,-23571000.0,-11564000.0,-168996000.0,-52787000.0,0.0,227153000.0,0.0,105165000.0,101722000.0,101722000.0,0.0,0.0,0.054,287205000.0,186157000.0,646906000.0,0.075,4.154,,,692802000.0,3443000.0,1.816,,,110117000.0,639944000.0,1887698000.0,1887698000.0,0.0,,,,,0.0,287205000.0,1.0,2582237184.0,2582237184.0,,0.731,2469740000.0,0.0,75561000.0,71142000.0,0.956,447693000.0
96,TJX,MRQ,1997-06-30,1997-07-26,1997-07-26,2021-08-27,0.0,2591246000.0,,1669914000.0,921332000.0,,,-47203000.0,138232000.0,138232000.0,1323261000.0,52578000.0,1.431,1.217,268944000.0,25682000.0,243262000.0,268944000.0,0.0,30734000.0,0.0,0.006,0.003,91323000.0,122057000.0,0.072,122057000.0,91323000.0,89778000.0,0.018,0.018,0.018,1168892000.0,,1168892000.0,,,,-170466000.0,,1.0,375111000.0,0.221,213079000.0,1545000.0,1342328000.0,,1421529000.0,0.0,0.0,0.0,1422354000.0,1166551000.0,255803000.0,,-258895000.0,-28805000.0,-43250000.0,-4189000.0,-12185000.0,-59624000.0,-76008000.0,0.0,-123263000.0,0.0,52578000.0,47977000.0,47977000.0,0.0,0.0,0.028,283788000.0,91323000.0,576964000.0,0.167,,,,660923000.0,4601000.0,1.797,,,75691000.0,546344000.0,1698372000.0,1698372000.0,0.0,,,,,0.0,283788000.0,1.0,,,,,2378167000.0,0.0,37200000.0,16561000.0,,503363000.0
97,TJX,MRQ,1997-03-31,1997-04-26,1997-04-26,2021-08-27,0.0,2788531000.0,,1889538000.0,898993000.0,,,-33763000.0,397127000.0,397127000.0,1202619000.0,48461000.0,1.382,1.387,273129000.0,28866000.0,244263000.0,273129000.0,0.0,29899000.0,0.0,0.006,0.002,83793000.0,113692000.0,0.073,113692000.0,83793000.0,82938000.0,0.018,0.017,0.018,1167995000.0,,1167995000.0,,,,-125167000.0,,1.0,357531000.0,0.229,214560000.0,855000.0,1082385000.0,,1384397000.0,0.0,0.0,0.0,1620536000.0,1367588000.0,252948000.0,,-77605000.0,0.0,2139000.0,1576000.0,-10604000.0,-6889000.0,-33763000.0,0.0,-91404000.0,0.0,48461000.0,45836000.0,45836000.0,0.0,0.0,0.029,273738000.0,83793000.0,713699000.0,0.111,,,,643247000.0,2625000.0,1.406,,,91528000.0,506450000.0,1560150000.0,1560150000.0,0.0,,,,,0.0,273738000.0,1.0,,,,,2573971000.0,0.0,34477000.0,51736000.0,,521950000.0
98,TJX,MRQ,1996-12-31,1997-01-25,1997-01-25,2021-08-27,0.0,2561212000.0,,1662342000.0,898870000.0,,0.468,-36128000.0,474732000.0,474732000.0,,,1.406,1.272,271550000.0,27140000.0,244410000.0,271550000.0,0.0,32602000.0,0.0,0.007,0.002,,,,,,,,,,1127186000.0,,1127186000.0,,,,302244000.0,0.126,1.0,,,216127000.0,,959607000.0,,1059505000.0,0.0,0.0,0.0,1434026000.0,1182296000.0,251730000.0,,238697000.0,222800000.0,18751000.0,-364114000.0,-8216000.0,-353579000.0,186672000.0,0.0,338372000.0,0.0,,,,,,,,,533945000.0,,,,8.89,640484000.0,,1.289,,0.464,57275000.0,468593000.0,,,,,,,,0.0,,1.0,,2407415232.0,,,2345085000.0,0.0,,7320000.0,0.974,480046000.0
99,TJX,MRQ,1996-09-30,1996-10-26,1996-10-26,2021-08-27,0.0,2837596000.0,,1796892000.0,1040704000.0,,,,236035000.0,236035000.0,1305271000.0,87510000.0,1.317,2.13,635070000.0,94708000.0,540362000.0,635070000.0,0.0,,0.0,0.009,0.002,156160000.0,,,,156160000.0,145816000.0,0.03,0.03,0.03,906661000.0,,906661000.0,,,,,,1.0,417158000.0,0.242,231335000.0,10344000.0,1640608000.0,,1335099000.0,0.0,0.0,0.0,1930935000.0,1364688000.0,566247000.0,,,,,,,,,,,,87510000.0,85202000.0,85202000.0,-8805000.0,0.0,0.049,266918000.0,150240000.0,616200000.0,0.067,,,,724310000.0,2308000.0,1.262,,,90695000.0,267336000.0,1722429000.0,1722429000.0,0.0,,,,,,266918000.0,1.0,,,,,2606261000.0,0.0,58306000.0,54815000.0,,432204000.0
0,TJX,MRT,2021-06-30,2021-07-31,2021-07-31,2021-08-27,-577692000.0,28783446000.0,30365983750.0,13389030000.0,15394416000.0,1.423,5.316,-703055000.0,7106016000.0,7106016000.0,30728625000.0,2511790000.0,1.333,3.493,12871309000.0,1612603000.0,11258706000.0,12871309000.0,0.0,861794000.0,0.0,0.008,0.52,3473204000.0,4334998000.0,0.1,4334998000.0,3473204000.0,3299808000.0,2.09,2.06,2.09,6406384000.0,5986259500.0,6406384000.0,89081565269.0,26.0,20.549,4608938000.0,3.825,1.0,12495598000.0,0.289,97972000.0,173396000.0,24408709000.0,25106002750.0,5086631000.0,0.0,0.0,0.0,22377062000.0,10042058000.0,12335004000.0,83018383269.0,485605000.0,0.0,-82932000.0,-3395455000.0,-628865000.0,-4147701000.0,-702540000.0,515000.0,5311993000.0,23853000.0,2511790000.0,2511790000.0,2511790000.0,0.0,0.0,0.058,8467913000.0,4027685000.0,4413316000.0,0.249,12.959,33.051,32.923,14290604000.0,0.0,68.81,1.921,1.918,615634000.0,5663492000.0,43224223000.0,43224223000.0,0.0,0.083,0.42,0.138,0.08,144993000.0,8467913000.0,1.0,1206487186.0,1205054000.0,1220615000.0,35.869,28685474000.0,249186000.0,788018000.0,50622000.0,23.804,3346972000.0
1,TJX,MRT,2021-03-31,2021-05-01,2021-05-01,2021-08-27,-581184000.0,30301434000.0,29812222750.0,15016049000.0,15285385000.0,1.268,5.093,-582789000.0,8775485000.0,8775485000.0,27374985000.0,1511889000.0,1.516,3.936,14838667000.0,1650574000.0,13188093000.0,14838667000.0,0.0,866677000.0,0.0,0.004,0.26,2355528000.0,3222205000.0,0.085,3222205000.0,2355528000.0,2153457000.0,1.26,1.24,1.26,6139214000.0,5549805750.0,6139214000.0,90657744105.0,38.0,28.135,6706856000.0,5.564,1.0,10439750000.0,0.276,99324000.0,202071000.0,26358331000.0,25969938750.0,5114643000.0,0.0,0.0,0.0,24162220000.0,9906961000.0,14255259000.0,85623888105.0,4487650000.0,0.0,210284000.0,-2169937000.0,-315221000.0,-2315349000.0,-582399000.0,390000.0,7289645000.0,95753000.0,1511889000.0,1511889000.0,1511889000.0,0.0,0.0,0.04,7771989000.0,2667761000.0,4433295000.0,0.206,13.947,56.634,56.349,14189452000.0,0.0,71.0,2.264,2.263,621177000.0,5192536000.0,37814735000.0,37814735000.0,0.0,0.051,0.272,0.091,0.062,120586000.0,7771989000.0,1.0,1205970255.0,1205439000.0,1221517000.0,31.37,30202110000.0,199976000.0,641568000.0,320385000.0,25.055,5109088000.0
2,TJX,MRT,2020-12-31,2021-01-30,2021-01-30,2021-08-27,-606071000.0,30813555000.0,28590674250.0,15739337000.0,15074218000.0,1.124,4.861,-568021000.0,10469570000.0,10469570000.0,24533815000.0,90470000.0,1.457,4.283,15503426000.0,2427289000.0,13076137000.0,15503426000.0,0.0,870758000.0,0.0,0.004,0.23,269997000.0,1140755000.0,0.035,1140755000.0,269997000.0,89263000.0,0.08,0.07,0.08,5832684000.0,5199806750.0,5832684000.0,81949074151.0,304.0,71.838,3993868000.0,3.328,1.0,7603147000.0,0.237,98998000.0,180734000.0,24944745000.0,27597835250.0,4337389000.0,0.0,0.0,0.0,24980871000.0,10803668000.0,14177203000.0,76888421151.0,7252818000.0,0.0,9689000.0,3568515000.0,-278256000.0,3228262000.0,-578597000.0,-10576000.0,4561889000.0,41264000.0,90470000.0,90470000.0,90470000.0,0.0,0.0,0.003,7020917000.0,582230000.0,4823397000.0,2.875,13.182,849.878,800.5,14026094000.0,0.0,64.04,2.393,2.391,461139000.0,4973542000.0,32136962000.0,32136962000.0,0.0,0.003,0.017,0.01,0.008,58519000.0,7020917000.0,1.0,1200631186.0,1199927000.0,1214703000.0,26.782,30714557000.0,163453000.0,-1207000.0,118687000.0,25.597,4935669000.0
3,TJX,MRT,2020-09-30,2020-10-31,2020-10-31,2021-08-27,-742861000.0,31565500000.0,26923536250.0,16653906000.0,14911594000.0,1.241,4.639,-664008000.0,10581993000.0,10581993000.0,25393045000.0,749737000.0,1.409,4.67,15642646000.0,2399600000.0,13243046000.0,15642646000.0,0.0,878411000.0,0.0,0.009,0.46,1044024000.0,1922435000.0,0.058,1922435000.0,1044024000.0,907400000.0,0.62,0.6,0.62,5566756000.0,5228688750.0,5566756000.0,69952738556.0,67.0,36.388,5805764000.0,4.838,1.0,8007169000.0,0.24,96733000.0,136624000.0,24712226000.0,27648382000.0,4997506000.0,0.0,0.0,0.0,25998744000.0,11817194000.0,14181550000.0,60912305556.0,8521817000.0,-230156000.0,-418560000.0,3988452000.0,-554720000.0,2959331000.0,-908394000.0,-14230000.0,6469772000.0,1108000.0,749737000.0,749737000.0,749737000.0,0.0,0.0,0.022,6963145000.0,1044024000.0,6142547000.0,0.742,10.942,81.245,81.935,14033470000.0,0.0,50.8,1.824,1.825,463732000.0,4982573000.0,33400214000.0,33400214000.0,0.0,0.028,0.143,0.038,0.031,97276000.0,6963145000.0,1.0,1199061133.0,1199951000.0,1214195000.0,27.835,31468767000.0,241780000.0,157663000.0,124436000.0,26.225,4836712000.0
4,TJX,MRT,2020-06-30,2020-08-01,2020-08-01,2021-08-27,-722941000.0,26568402000.0,25104337250.0,11517947000.0,15050455000.0,1.344,3.888,-955008000.0,6620411000.0,6620411000.0,25770793000.0,711344000.0,1.506,4.701,15660844000.0,2340285000.0,13320559000.0,15660844000.0,0.0,878994000.0,0.0,0.013,0.69,1100526000.0,1979520000.0,0.059,1979520000.0,1100526000.0,1013527000.0,0.59,0.57,0.59,4660569000.0,5222632750.0,4660569000.0,74496323117.0,68.0,37.634,2409063000.0,2.01,1.0,7963466000.0,0.236,97131000.0,86999000.0,27864453000.0,27949143750.0,3744062000.0,0.0,0.0,0.0,21907833000.0,7647251000.0,14260582000.0,62277630117.0,4434029000.0,-230156000.0,-864578000.0,3988452000.0,-832364000.0,2235669000.0,-1200570000.0,-15406000.0,3364071000.0,34859000.0,711344000.0,711344000.0,711344000.0,0.0,0.0,0.021,6862940000.0,1100526000.0,2422140000.0,1.169,13.363,87.549,88.119,14164265000.0,0.0,51.99,1.846,1.847,444229000.0,4115917000.0,33734259000.0,33734259000.0,0.0,0.028,0.136,0.039,0.033,97204000.0,6862940000.0,1.0,1197877094.0,1198634000.0,1198634000.0,28.144,26471271000.0,354224000.0,302183000.0,91770000.0,22.085,3870696000.0
5,TJX,MRT,2020-03-31,2020-05-02,2020-05-02,2021-08-27,-797324000.0,25415240000.0,24175981500.0,10296248000.0,15118992000.0,1.524,3.957,-1116732000.0,4287835000.0,4287835000.0,27622360000.0,1684526000.0,2.205,4.363,16506528000.0,1399290000.0,15107238000.0,16506528000.0,0.0,874562000.0,0.0,0.019,0.92,2159413000.0,3033975000.0,0.082,3033975000.0,2159413000.0,2126853000.0,1.4,1.37,1.4,4739218000.0,5383143500.0,4739218000.0,66036659571.0,31.0,21.766,-359914000.0,-0.3,1.0,9225920000.0,0.25,94469000.0,32560000.0,32869917000.0,27308937000.0,4945720000.0,0.0,0.0,0.0,20676022000.0,4669547000.0,16006475000.0,57788937571.0,2052779000.0,-230156000.0,-1146420000.0,4988452000.0,-1111054000.0,2675223000.0,-1356365000.0,-16896000.0,756818000.0,-22897000.0,1684526000.0,1684526000.0,1684526000.0,0.0,0.0,0.046,7066507000.0,2159413000.0,1071190000.0,0.657,12.194,34.306,34.464,14275595000.0,0.0,48.25,1.568,1.568,172463000.0,4330561000.0,36848280000.0,36848280000.0,0.0,0.07,0.313,0.079,0.059,87694000.0,7066507000.0,1.0,1197698188.0,1197809000.0,1197809000.0,30.763,25320771000.0,518385000.0,442327000.0,124411000.0,21.139,5626701000.0
6,TJX,MRT,2019-12-31,2020-02-01,2020-02-01,2021-08-27,-673171000.0,24145003000.0,23444437500.0,8890622000.0,15254381000.0,1.779,4.923,-1223116000.0,3216752000.0,3216752000.0,29845780000.0,3272193000.0,1.243,3.059,11464474000.0,1411216000.0,10053258000.0,11464474000.0,0.0,867303000.0,0.0,0.015,0.885,4416209000.0,5283512000.0,0.127,5283512000.0,4416209000.0,4406183000.0,2.71,2.67,2.71,5948212000.0,5481312750.0,5948212000.0,80445991825.0,18.0,15.226,2843424000.0,2.354,1.0,11871197000.0,0.285,95546000.0,10026000.0,25146932000.0,25285319250.0,4872592000.0,0.0,0.0,0.0,18196791000.0,7150247000.0,11046544000.0,71035965825.0,186523000.0,-230156000.0,-1319886000.0,0.0,-1071562000.0,-2414871000.0,-1461971000.0,-16118000.0,4066540000.0,-3175000.0,3272193000.0,3272193000.0,3272193000.0,0.0,0.0,0.078,7454988000.0,4416209000.0,2672557000.0,0.327,11.942,21.709,21.786,14385380000.0,0.0,59.04,1.703,1.71,386261000.0,5422283000.0,41716977000.0,41716977000.0,0.0,0.14,0.597,0.175,0.106,124957000.0,7454988000.0,1.0,1203183703.0,1208163000.0,1226519000.0,34.529,24049457000.0,59101000.0,1133990000.0,166870000.0,19.906,1740375000.0
7,TJX,MRT,2019-09-30,2019-11-02,2019-11-02,2021-08-27,-637414000.0,24288704000.0,20989694000.0,9374615000.0,14914089000.0,1.936,4.594,-1244888000.0,2060176000.0,2060176000.0,29137615000.0,3128941000.0,1.22,3.382,11470202000.0,1412262000.0,10057940000.0,11470202000.0,0.0,865817000.0,0.0,0.015,0.85,4263954000.0,5129771000.0,0.126,5129771000.0,4263954000.0,4258486000.0,2.59,2.55,2.59,5542532000.0,5256411250.0,5542532000.0,79275510013.0,19.0,15.454,2239342000.0,1.856,1.0,11500240000.0,0.283,96313000.0,5468000.0,25915273000.0,20973708750.0,6274778000.0,0.0,0.0,0.0,18746172000.0,7687144000.0,11059028000.0,70130184013.0,-651591000.0,0.0,-1815077000.0,0.0,-1035366000.0,-2875446000.0,-1252087000.0,-14617000.0,3484230000.0,-8288000.0,3128941000.0,3128941000.0,3128941000.0,0.0,0.0,0.077,7236286000.0,4263954000.0,3447443000.0,0.328,12.653,22.413,22.398,14320117000.0,0.0,58.01,1.726,1.722,442883000.0,4976762000.0,40637855000.0,40637855000.0,0.0,0.149,0.595,0.203,0.105,112794000.0,7236286000.0,1.0,1208932667.0,1206369000.0,1224288000.0,33.686,24192391000.0,187886000.0,1129545000.0,224729000.0,20.054,1687471000.0
8,TJX,MRT,2019-06-30,2019-08-03,2019-08-03,2021-08-27,-712825000.0,22854979000.0,18673828500.0,8268604000.0,14586375000.0,2.143,4.38,-1129257000.0,2186382000.0,2186382000.0,28681065000.0,3062931000.0,1.253,3.31,11331708000.0,1353721000.0,9977987000.0,11331708000.0,0.0,851174000.0,0.0,0.016,0.815,4188282000.0,5039456000.0,0.126,5039456000.0,4188282000.0,4182885000.0,2.52,2.48,2.52,5302612000.0,5184996500.0,5302612000.0,72459358709.0,17.0,14.378,2297781000.0,1.898,1.0,11331215000.0,0.283,95938000.0,5397000.0,25303626000.0,16603682000.0,5087046000.0,0.0,0.0,0.0,17552367000.0,6600741000.0,10951626000.0,63495272709.0,-686335000.0,0.0,-1922518000.0,0.0,-999170000.0,-2949873000.0,-1132710000.0,-10872000.0,3427038000.0,-30790000.0,3062931000.0,3062931000.0,3062931000.0,0.0,0.0,0.077,7142933000.0,4188282000.0,2607651000.0,0.323,11.974,20.73,20.778,13986180000.0,0.0,52.36,1.587,1.584,377057000.0,4806504000.0,40012280000.0,40012280000.0,0.0,0.164,0.591,0.252,0.105,109016000.0,7106811000.0,1.0,1212667546.0,1210525000.0,1228986000.0,33.054,22759041000.0,184767000.0,1119954000.0,234503000.0,18.801,1667863000.0
9,TJX,MRT,2019-03-31,2019-05-04,2019-05-04,2021-08-27,-633282000.0,22489064000.0,16487940750.0,8067212000.0,14421852000.0,2.399,4.225,-1177105000.0,2235056000.0,2235056000.0,28290823000.0,3043595000.0,1.226,3.382,11199142000.0,1343243000.0,9855899000.0,11199142000.0,0.0,839561000.0,0.0,0.014,0.78,4159664000.0,4999225000.0,0.126,4999225000.0,4159664000.0,4154135000.0,2.48,2.44,2.48,5131895000.0,5166111750.0,5131895000.0,64827603655.0,16.0,12.968,2335708000.0,1.923,1.0,11270976000.0,0.285,96685000.0,5529000.0,24775446000.0,12336498500.0,5057202000.0,0.0,0.0,0.0,17357169000.0,6581019000.0,10776150000.0,65624216655.0,-446049000.0,0.0,-2178440000.0,0.0,-964058000.0,-3171059000.0,-729769000.0,420684000.0,3512813000.0,-58034000.0,3043595000.0,3043595000.0,3043595000.0,0.0,0.0,0.077,7111312000.0,4159664000.0,2578370000.0,0.315,12.788,21.561,21.786,13828965000.0,0.0,54.03,1.659,1.659,393276000.0,4552509000.0,39561799000.0,39561799000.0,0.0,0.185,0.589,0.337,0.105,105260000.0,7075190000.0,1.0,1214588500.0,1214531000.0,1233407000.0,32.574,22392379000.0,44309000.0,1110540000.0,358101000.0,18.437,1486193000.0
10,TJX,MRT,2018-12-31,2019-02-02,2019-02-02,2021-08-27,-630321000.0,14326029000.0,14367455750.0,8469222000.0,5856807000.0,2.713,4.068,-1125139000.0,3030229000.0,3030229000.0,27831177000.0,3059798000.0,1.531,1.838,2233616000.0,0.0,2233616000.0,2233616000.0,0.0,819655000.0,0.0,0.015,0.741,4182071000.0,5001726000.0,0.128,5001726000.0,4182071000.0,4173211000.0,2.47,2.43,2.47,5048606000.0,5198740000.0,5048606000.0,59821899627.0,14.0,11.96,2963320000.0,2.388,1.0,11141757000.0,0.286,97552000.0,8860000.0,7900490000.0,8263112250.0,4579033000.0,0.0,0.0,0.0,9277423000.0,5531374000.0,3746049000.0,60300802627.0,271752000.0,0.0,-2151756000.0,0.0,-922596000.0,-3097481000.0,-623552000.0,474935000.0,4088459000.0,-95674000.0,3059798000.0,3059798000.0,3059798000.0,0.0,0.0,0.079,6959686000.0,4182071000.0,2644143000.0,0.3,11.944,19.707,19.798,5255208000.0,0.0,48.9,1.547,1.557,346298000.0,4461744000.0,38972934000.0,38972934000.0,0.0,0.213,0.589,0.506,0.107,103557000.0,6923564000.0,1.0,1233145248.0,1241153000.0,1259252000.0,31.401,14228477000.0,6467000.0,1113413000.0,312346000.0,11.464,2937848000.0
11,TJX,MRT,2018-09-30,2018-11-03,2018-11-03,2021-08-27,-591847000.0,15025242000.0,14300452250.0,9317013000.0,5708229000.0,2.714,4.25,-1103051000.0,2711767000.0,2711767000.0,27646937000.0,3095536000.0,1.549,1.858,2232864000.0,0.0,2232864000.0,2232864000.0,0.0,794760000.0,0.0,0.013,0.703,4121467000.0,4916227000.0,0.127,4916227000.0,4121467000.0,4107013000.0,2.48,2.44,2.48,5256873000.0,5223665750.0,5256873000.0,67327141640.0,16.0,13.695,2470907000.0,1.998,1.0,11159377000.0,0.288,97348000.0,14454000.0,8435166000.0,8364124500.0,5543413000.0,0.0,0.0,0.0,9768369000.0,6013825000.0,3754544000.0,67967746640.0,347523000.0,0.0,-1712894000.0,0.0,-879413000.0,-2617007000.0,-582573000.0,493825000.0,3573958000.0,-26855000.0,3095536000.0,3095536000.0,3095536000.0,0.0,0.0,0.08,7037910000.0,4121467000.0,3340596000.0,0.283,12.929,21.957,22.075,5165875000.0,0.0,54.745,1.751,1.745,419790000.0,4615575000.0,38806314000.0,38806314000.0,0.0,0.216,0.593,0.493,0.106,101563000.0,6902538000.0,1.0,1241533412.0,1236842000.0,1257562000.0,31.375,14927894000.0,0.0,1011477000.0,315437000.0,12.069,3303188000.0
12,TJX,MRT,2018-06-30,2018-08-04,2018-08-04,2021-08-27,-598398000.0,14111428000.0,14013565500.0,8439972000.0,5671456000.0,2.693,4.192,-1124655000.0,2872717000.0,2872717000.0,26813474000.0,2974719000.0,1.643,1.7,2232112000.0,0.0,2232112000.0,2232112000.0,0.0,774142000.0,0.0,0.014,0.664,4099742000.0,4873884000.0,0.129,4873884000.0,4099742000.0,4080495000.0,2.37,2.33,2.37,5227073000.0,5070849500.0,5227073000.0,60563785322.0,15.0,12.426,2358588000.0,1.892,1.0,10929301000.0,0.29,98114000.0,19247000.0,8234892000.0,8275073000.0,4498523000.0,0.0,0.0,0.0,8884355000.0,5137817000.0,3746538000.0,61013530322.0,423412000.0,0.0,-1513543000.0,0.0,-835458000.0,-2371230000.0,-630981000.0,467022000.0,3483243000.0,-57620000.0,2974719000.0,2974719000.0,2974719000.0,0.0,0.0,0.079,6829559000.0,4099742000.0,2683285000.0,0.28,11.673,20.511,20.589,5100454000.0,0.0,48.795,1.617,1.612,356180000.0,4583938000.0,37742775000.0,37742775000.0,0.0,0.212,0.587,0.495,0.109,101788000.0,6730309000.0,1.0,1250405376.0,1246851000.0,1265920000.0,30.27,14013314000.0,9000.0,1105776000.0,265419000.0,11.239,3302155000.0
13,TJX,MRT,2018-03-31,2018-05-05,2018-05-05,2021-08-27,-555530000.0,14007124000.0,13719612250.0,8422275000.0,5584849000.0,2.68,4.199,-1064045000.0,2681105000.0,2681105000.0,26150334000.0,2788050000.0,1.692,1.662,2231360000.0,0.0,2231360000.0,2231360000.0,0.0,745767000.0,0.0,0.015,0.625,4005533000.0,4751300000.0,0.129,4751300000.0,4005533000.0,3979638000.0,2.215,2.175,2.215,5262408000.0,4899282250.0,5262408000.0,51412535070.0,13.0,10.821,2238030000.0,1.786,1.0,10619026000.0,0.289,98614000.0,25895000.0,8481901000.0,8181689500.0,4369893000.0,435903000.0,435903000.0,0.0,8744716000.0,4976864000.0,3767852000.0,51940405070.0,11610000.0,0.0,-1523766000.0,0.0,-792770000.0,-2339239000.0,-1031471000.0,32574000.0,3302075000.0,80245000.0,2788050000.0,2788050000.0,2788050000.0,0.0,0.0,0.076,6613493000.0,4005533000.0,2509089000.0,0.282,9.87,18.63,18.698,5026092000.0,0.0,41.415,1.413,1.412,368314000.0,4567533000.0,36769360000.0,36769360000.0,0.0,0.203,0.569,0.49,0.109,101340000.0,6514243000.0,1.0,1254144756.0,1253224000.0,1268872000.0,29.34,13908510000.0,3178000.0,1191588000.0,507582000.0,11.098,3445411000.0
14,TJX,MRT,2017-12-31,2018-02-03,2018-02-03,2021-08-27,-441859000.0,14058015000.0,13408701500.0,8485727000.0,5572288000.0,2.675,4.042,-1057617000.0,2758477000.0,2758477000.0,25502167000.0,2607948000.0,1.656,1.731,2230607000.0,0.0,2230607000.0,2230607000.0,0.0,725957000.0,0.0,0.015,0.599,3888176000.0,4614133000.0,0.129,4614133000.0,3888176000.0,3856588000.0,2.05,2.02,2.05,5148309000.0,4722061000.0,5148309000.0,49482388567.0,13.0,10.724,1968007000.0,1.545,1.0,10362497000.0,0.289,100069000.0,31588000.0,8304539000.0,7941554250.0,4187243000.0,506165000.0,506165000.0,0.0,8909706000.0,5125537000.0,3784169000.0,49616777567.0,-171372000.0,0.0,-1510894000.0,0.0,-764040000.0,-2297346000.0,-1012736000.0,44881000.0,3025624000.0,113086000.0,2607948000.0,2607948000.0,2607948000.0,0.0,0.0,0.073,6474321000.0,3888176000.0,2488373000.0,0.292,9.637,19.025,19.139,5006053000.0,0.0,39.235,1.383,1.393,327166000.0,4334150000.0,35864664000.0,35864664000.0,0.0,0.194,0.552,0.49,0.108,101362000.0,6375071000.0,1.0,1264605010.0,1273654000.0,1292209000.0,28.159,13957946000.0,6558000.0,1248640000.0,347260000.0,10.959,3360190000.0
15,TJX,MRT,2017-09-30,2017-10-28,2017-10-28,2021-08-27,-602919000.0,13877695000.0,13115149750.0,8390034000.0,5487661000.0,2.621,3.664,-1085079000.0,2364244000.0,2364244000.0,24439544000.0,2408600000.0,1.534,1.987,2229855000.0,0.0,2229855000.0,2229855000.0,0.0,698825000.0,0.0,0.016,0.573,3874982000.0,4573807000.0,0.133,4573807000.0,3874982000.0,3837867000.0,1.88,1.85,1.88,4645608000.0,4562633500.0,4645608000.0,44662582960.0,12.0,9.765,2358944000.0,1.86,1.0,9932047000.0,0.289,196365000.0,37115000.0,8078960000.0,7672427250.0,4725850000.0,511618000.0,511618000.0,0.0,9232087000.0,5467981000.0,3764106000.0,44882784960.0,-11288000.0,0.0,-1621494000.0,0.0,-736078000.0,-2366040000.0,-1142979000.0,-57900000.0,3444023000.0,53708000.0,2408600000.0,2408600000.0,2408600000.0,0.0,0.0,0.07,6057065000.0,3874982000.0,2986374000.0,0.305,9.661,18.634,18.761,4858284000.0,0.0,35.27,1.306,1.301,345866000.0,3983922000.0,34371591000.0,34371591000.0,0.0,0.184,0.528,0.505,0.113,91356000.0,6057065000.0,1.0,1272548482.0,1268044000.0,1285762000.0,27.106,13681330000.0,19737000.0,1429267000.0,494461000.0,10.789,2922053000.0
16,TJX,MRT,2017-06-30,2017-07-29,2017-07-29,2021-08-27,-560730000.0,12935615000.0,12862435000.0,7567781000.0,5367834000.0,2.636,3.552,-1023174000.0,2449305000.0,2449305000.0,24133397000.0,2316950000.0,1.625,1.849,2229103000.0,0.0,2229103000.0,2229103000.0,0.0,682159000.0,0.0,0.016,0.546,3749296000.0,4431455000.0,0.131,4431455000.0,3749296000.0,3707700000.0,1.79,1.765,1.79,4540804000.0,4483684250.0,4540804000.0,44330884322.0,12.0,10.004,2523147000.0,1.974,1.0,9767662000.0,0.288,197522000.0,41596000.0,7861358000.0,7559610250.0,3864454000.0,502757000.0,502757000.0,0.0,8394811000.0,4656533000.0,3738278000.0,44772028322.0,645657000.0,0.0,-1693487000.0,566956000.0,-708936000.0,-1845799000.0,-1100118000.0,-76944000.0,3546321000.0,45253000.0,2316950000.0,2316950000.0,2316950000.0,0.0,0.0,0.068,5966593000.0,3801069000.0,2346548000.0,0.305,9.86,19.324,19.441,4744690000.0,0.0,34.8,1.321,1.312,305401000.0,4465260000.0,33901059000.0,33901059000.0,0.0,0.18,0.517,0.496,0.111,80717000.0,5935420000.0,1.0,1286552538.0,1278254000.0,1296634000.0,26.521,12738093000.0,18436000.0,1390750000.0,494622000.0,9.965,2911248000.0
17,TJX,MRT,2017-03-31,2017-04-29,2017-04-29,2021-08-27,-695434000.0,12763481000.0,12546194500.0,7548500000.0,5214981000.0,2.664,3.533,-1017026000.0,2669495000.0,2669495000.0,23723683000.0,2326167000.0,1.639,1.803,2228351000.0,0.0,2228351000.0,2228351000.0,0.0,674267000.0,0.0,0.013,0.52,3773763000.0,4448030000.0,0.133,4448030000.0,3773763000.0,3730582000.0,1.78,1.76,1.78,4553523000.0,4461322250.0,4553523000.0,50066937534.0,13.0,11.256,2613034000.0,2.027,1.0,9701729000.0,0.29,195585000.0,43181000.0,7521360000.0,7337447250.0,3736114000.0,457091000.0,457091000.0,0.0,8209958000.0,4605392000.0,3604566000.0,50769187534.0,725340000.0,0.0,-1556456000.0,566956000.0,-679487000.0,-1666534000.0,-1127494000.0,-110468000.0,3630060000.0,-110692000.0,2326167000.0,2326167000.0,2326167000.0,0.0,0.0,0.07,5876193000.0,3825536000.0,2174727000.0,0.292,11.149,21.825,22.09,4601044000.0,0.0,39.32,1.519,1.516,317224000.0,4605681000.0,33425412000.0,33425412000.0,0.0,0.185,0.521,0.514,0.113,68237000.0,5845020000.0,1.0,1291179744.0,1288850000.0,1309598000.0,25.934,12567896000.0,6347000.0,1404415000.0,713630000.0,9.751,2943108000.0
18,TJX,MRT,2016-12-31,2017-01-28,2017-01-28,2021-08-27,-694226000.0,12883808000.0,12281504750.0,7750774000.0,5133034000.0,2.702,3.44,-1024747000.0,2929849000.0,2929849000.0,23565754000.0,2298234000.0,1.629,1.856,2227599000.0,0.0,2227599000.0,2227599000.0,0.0,658796000.0,0.0,0.013,0.495,3766577000.0,4425373000.0,0.133,4425373000.0,3766577000.0,3723043000.0,1.75,1.73,1.75,4510599000.0,4456683750.0,4510599000.0,48261529878.0,13.0,10.906,2602112000.0,1.984,1.0,9617990000.0,0.29,195871000.0,43534000.0,7228031000.0,7177806750.0,3644959000.0,543242000.0,543242000.0,0.0,8373209000.0,4757656000.0,3615553000.0,48410148878.0,834376000.0,0.0,-1535808000.0,566956000.0,-650988000.0,-1586877000.0,-1214878000.0,-187807000.0,3626859000.0,9272000.0,2298234000.0,2298234000.0,2298234000.0,0.0,0.0,0.069,5799640000.0,3818350000.0,2230904000.0,0.283,10.733,21.064,21.217,4532894000.0,0.0,37.13,1.459,1.467,258831000.0,4558506000.0,33183744000.0,33183744000.0,0.0,0.187,0.516,0.525,0.114,31252000.0,5768467000.0,1.0,1303801478.0,1311294000.0,1328864000.0,25.306,12687937000.0,6193000.0,1424809000.0,520288000.0,9.676,2993118000.0
19,TJX,MRT,2016-09-30,2016-10-29,2016-10-29,2021-08-27,-801557000.0,12866836000.0,11933160500.0,7942334000.0,4924502000.0,2.738,3.312,-1005910000.0,2375532000.0,2375532000.0,23167169000.0,2286772000.0,1.623,1.972,2226913000.0,0.0,2226913000.0,2226913000.0,0.0,655385000.0,0.0,0.013,0.47,3740066000.0,4395451000.0,0.135,4395451000.0,3740066000.0,3695185000.0,1.73,1.705,1.73,4329811000.0,4405802750.0,4329811000.0,48062572648.0,13.0,10.935,2406700000.0,1.841,1.0,9511003000.0,0.291,196011000.0,44881000.0,7627692000.0,6974254000.0,4384171000.0,450804000.0,450804000.0,0.0,8537025000.0,4894514000.0,3642511000.0,48250268648.0,652196000.0,0.0,-1545635000.0,566956000.0,-622036000.0,-1587605000.0,-1085559000.0,-77325000.0,3412610000.0,-87250000.0,2286772000.0,2286772000.0,2286772000.0,0.0,0.0,0.07,5719164000.0,3791839000.0,2686845000.0,0.272,11.144,21.1,21.237,4318829000.0,0.0,36.74,1.477,1.47,306426000.0,4479467000.0,32678172000.0,32678172000.0,0.0,0.192,0.519,0.536,0.114,29706000.0,5687991000.0,1.0,1313289838.0,1307118000.0,1323442000.0,25.0,12670825000.0,19039000.0,1408413000.0,369189000.0,9.694,3047820000.0
20,TJX,MRT,2016-06-30,2016-07-30,2016-07-30,2021-08-27,-659681000.0,11670653000.0,11681325500.0,6810674000.0,4859979000.0,2.751,3.382,-992940000.0,1803648000.0,1803648000.0,22830195000.0,2324242000.0,1.579,1.622,1615952000.0,0.0,1615952000.0,1615952000.0,0.0,643005000.0,0.0,0.011,0.445,3791966000.0,4434971000.0,0.138,4434971000.0,3791966000.0,3746542000.0,1.75,1.72,1.75,4451356000.0,4410965250.0,4451356000.0,53695065293.0,14.0,12.107,2218979000.0,1.686,1.0,9309784000.0,0.29,196046000.0,45424000.0,6972706000.0,6736969250.0,3870605000.0,421153000.0,421153000.0,0.0,7219297000.0,4314205000.0,2905092000.0,54023743293.0,-107122000.0,-57104000.0,-1559361000.0,0.0,-592897000.0,-2116256000.0,-1159858000.0,-107490000.0,3211919000.0,-42927000.0,2324242000.0,2324242000.0,2324242000.0,0.0,0.0,0.072,5517818000.0,3791966000.0,2258251000.0,0.254,12.136,23.244,23.349,4263380000.0,0.0,40.86,1.681,1.673,288777000.0,4454392000.0,32139979000.0,32139979000.0,0.0,0.199,0.527,0.563,0.118,19687000.0,5517818000.0,1.0,1322166992.0,1316234000.0,1333212000.0,24.418,11474607000.0,20824000.0,1422300000.0,430883000.0,8.718,2496469000.0
21,TJX,MRT,2016-03-31,2016-04-30,2016-04-30,2021-08-27,-536412000.0,11704722000.0,11563798750.0,6877701000.0,4827021000.0,2.735,3.428,-954382000.0,1944155000.0,1944155000.0,22486425000.0,2311403000.0,1.601,1.581,1615477000.0,0.0,1615477000.0,1615477000.0,0.0,625170000.0,0.0,0.011,0.42,3763124000.0,4388294000.0,0.139,4388294000.0,3763124000.0,3718154000.0,1.73,1.7,1.73,4534969000.0,4367143000.0,4534969000.0,49766246087.0,13.0,11.341,2000227000.0,1.512,1.0,9135232000.0,0.289,196511000.0,44970000.0,6882798000.0,6602400500.0,3904989000.0,403702000.0,403702000.0,0.0,7169753000.0,4296735000.0,2873018000.0,50237665087.0,-315810000.0,-57104000.0,-1590991000.0,0.0,-563900000.0,-2125285000.0,-1109785000.0,-95975000.0,2954609000.0,-35349000.0,2311403000.0,2311403000.0,2311403000.0,0.0,0.0,0.073,5372108000.0,3763124000.0,2136751000.0,0.243,11.078,21.735,21.913,4229704000.0,0.0,37.91,1.589,1.586,281631000.0,4410298000.0,31621657000.0,31621657000.0,0.0,0.2,0.529,0.57,0.119,23773000.0,5372108000.0,1.0,1325182408.0,1323030000.0,1340776000.0,23.901,11508211000.0,22617000.0,1406751000.0,575258000.0,8.698,2580966000.0
22,TJX,MRT,2015-12-31,2016-01-30,2016-01-30,2021-08-27,-667472000.0,11490431000.0,11439079000.0,6772560000.0,4717871000.0,2.705,3.198,-889380000.0,2095473000.0,2095473000.0,22034523000.0,2277658000.0,1.538,1.668,1615003000.0,0.0,1615003000.0,1615003000.0,0.0,616696000.0,0.0,0.011,0.402,3704700000.0,4321396000.0,0.14,4321396000.0,3704700000.0,3658300000.0,1.69,1.665,1.69,4307075000.0,4305973250.0,4307075000.0,47597926150.0,13.0,11.014,2067535000.0,1.535,1.0,8910415000.0,0.288,193911000.0,46400000.0,6413820000.0,6410104000.0,3695113000.0,352313000.0,352313000.0,0.0,7183356000.0,4402230000.0,2781126000.0,47697255150.0,-398302000.0,-57104000.0,-1696264000.0,0.0,-544271000.0,-2195427000.0,-1063115000.0,-116631000.0,2956915000.0,-96675000.0,2277658000.0,2277658000.0,2277658000.0,0.0,0.0,0.074,5205715000.0,3704700000.0,2203050000.0,0.238,11.074,20.941,21.077,4137575000.0,0.0,35.62,1.541,1.55,238072000.0,4311051000.0,30944938000.0,30944938000.0,0.0,0.199,0.529,0.578,0.12,29427000.0,5205715000.0,1.0,1339058258.0,1346968000.0,1366502000.0,22.974,11296520000.0,13831000.0,1380642000.0,414623000.0,8.387,2370330000.0
23,TJX,MRT,2015-09-30,2015-10-31,2015-10-31,2021-08-27,-545175000.0,11859496000.0,11313658750.0,7227282000.0,4632214000.0,2.677,3.241,-856290000.0,1723336000.0,1723336000.0,21605368000.0,2259422000.0,1.528,1.726,1614529000.0,0.0,1614529000.0,1614529000.0,0.0,604519000.0,0.0,0.011,0.385,3666573000.0,4271092000.0,0.141,4271092000.0,3666573000.0,3622134000.0,1.67,1.64,1.67,4350461000.0,4295262000.0,4350461000.0,49070389975.0,13.0,11.489,1983102000.0,1.477,1.0,8681448000.0,0.287,342058000.0,44439000.0,6678553000.0,6276482750.0,4441989000.0,399714000.0,399714000.0,0.0,7509035000.0,4730078000.0,2778957000.0,49357200975.0,-430289000.0,-57104000.0,-1598546000.0,0.0,-524298000.0,-2033485000.0,-1096450000.0,-183056000.0,2839392000.0,-139746000.0,2259422000.0,2259422000.0,2259422000.0,0.0,0.0,0.075,5014875000.0,3666573000.0,2696601000.0,0.231,11.345,21.845,21.913,4066987000.0,0.0,36.595,1.63,1.622,273856000.0,4226107000.0,30286816000.0,30286816000.0,0.0,0.2,0.526,0.584,0.121,2047000.0,5014875000.0,1.0,1348741658.0,1342308000.0,1361688000.0,22.563,11517438000.0,33195000.0,1362712000.0,333423000.0,8.58,2497204000.0
24,TJX,MRT,2015-06-30,2015-08-01,2015-08-01,2021-08-27,-536947000.0,11200546000.0,11246796750.0,6668639000.0,4531907000.0,2.658,3.162,-891282000.0,1910770000.0,1910770000.0,21302098000.0,2267123000.0,1.603,1.619,1614055000.0,0.0,1614055000.0,1614055000.0,0.0,595782000.0,0.0,0.011,0.368,3681518000.0,4277300000.0,0.143,4277300000.0,3681518000.0,3640044000.0,1.655,1.635,1.655,4276067000.0,4301098750.0,4276067000.0,46868428747.0,13.0,10.957,1957292000.0,1.448,1.0,8597289000.0,0.288,308539000.0,41474000.0,6434431000.0,6197324500.0,3749636000.0,327506000.0,327506000.0,0.0,6924479000.0,4160861000.0,2763618000.0,47504481747.0,-272560000.0,0.0,-1541474000.0,0.0,-504515000.0,-1937974000.0,-1002109000.0,-110827000.0,2848574000.0,-181051000.0,2267123000.0,2267123000.0,2267123000.0,0.0,0.0,0.076,4915771000.0,3681518000.0,2258997000.0,0.222,11.109,20.954,21.094,3995978000.0,0.0,34.91,1.589,1.579,260952000.0,4138644000.0,29899387000.0,29899387000.0,0.0,0.202,0.527,0.594,0.123,-18234000.0,4915771000.0,1.0,1360770030.0,1352164000.0,1370644000.0,22.112,10892007000.0,33798000.0,1372921000.0,328993000.0,8.055,2507778000.0
25,TJX,MRT,2015-03-31,2015-05-02,2015-05-02,2021-08-27,-507394000.0,11205843000.0,11177159500.0,6724521000.0,4481322000.0,2.635,3.148,-919395000.0,2259965000.0,2259965000.0,21018763000.0,2235412000.0,1.626,1.612,1613581000.0,0.0,1613581000.0,1613581000.0,0.0,593360000.0,0.0,0.011,0.35,3626284000.0,4219644000.0,0.143,4219644000.0,3626284000.0,3584468000.0,1.625,1.6,1.625,4290290000.0,4300745000.0,4290290000.0,43931781317.0,12.0,10.411,2053562000.0,1.507,1.0,8434105000.0,0.286,309311000.0,41816000.0,6113612000.0,6145232750.0,3531600000.0,328826000.0,328826000.0,0.0,6915553000.0,4136536000.0,2779017000.0,44801692317.0,200669000.0,0.0,-1550803000.0,333118000.0,-484159000.0,-1605306000.0,-1032846000.0,-113451000.0,2972957000.0,-134136000.0,2235412000.0,2235412000.0,2235412000.0,0.0,0.0,0.076,4790991000.0,3643114000.0,2153296000.0,0.215,10.443,20.042,20.169,3936731000.0,0.0,32.775,1.521,1.516,263466000.0,4117299000.0,29452868000.0,29452868000.0,0.0,0.2,0.52,0.59,0.123,-21281000.0,4790991000.0,1.0,1366947134.0,1362738000.0,1382412000.0,21.613,10896532000.0,34403000.0,1349056000.0,528858000.0,7.996,2587985000.0
26,TJX,MRT,2014-12-31,2015-01-31,2015-01-31,2021-08-27,-554385000.0,10988750000.0,10983183250.0,6577444000.0,4411306000.0,2.648,3.078,-911522000.0,2493775000.0,2493775000.0,20776522000.0,2215128000.0,1.674,1.577,1623864000.0,0.0,1623864000.0,1623864000.0,0.0,588975000.0,0.0,0.01,0.335,3589671000.0,4178646000.0,0.144,4178646000.0,3589671000.0,3549884000.0,1.6,1.575,1.6,4264230000.0,4299046000.0,4264230000.0,44896280486.0,13.0,10.744,2096847000.0,1.514,1.0,8301885000.0,0.285,309870000.0,39787000.0,5879335000.0,6023718000.0,3217923000.0,282623000.0,282623000.0,0.0,6724520000.0,3929634000.0,2794886000.0,45426088486.0,344029000.0,0.0,-1507699000.0,333118000.0,-465902000.0,-1559542000.0,-954637000.0,-43115000.0,3008369000.0,-150161000.0,2215128000.0,2215128000.0,2215128000.0,0.0,0.0,0.076,4695384000.0,3606501000.0,2007511000.0,0.209,10.653,20.507,20.606,3868365000.0,0.0,32.97,1.562,1.571,213824000.0,4133882000.0,29078407000.0,29078407000.0,0.0,0.202,0.515,0.596,0.123,-7049000.0,4695384000.0,1.0,1377800682.0,1385382000.0,1407090000.0,20.989,10678880000.0,35007000.0,1334756000.0,408886000.0,7.708,2647810000.0
27,TJX,MRT,2014-09-30,2014-11-01,2014-11-01,2021-08-27,-244471000.0,11592048000.0,10786251250.0,7154622000.0,4437426000.0,2.65,3.146,-893294000.0,2153625000.0,2153625000.0,20467785000.0,2149190000.0,1.63,1.65,1623817000.0,0.0,1623817000.0,1623817000.0,0.0,579703000.0,0.0,0.01,0.32,3494329000.0,4074032000.0,0.143,4074032000.0,3494329000.0,3456035000.0,1.535,1.51,1.535,4373808000.0,4290461750.0,4373808000.0,43317504088.0,12.0,10.633,1899341000.0,1.366,1.0,8115456000.0,0.284,310738000.0,38294000.0,6361920000.0,5927624750.0,3958648000.0,277225000.0,277225000.0,0.0,7218240000.0,4389582000.0,2828658000.0,43877065088.0,142873000.0,2653000.0,-1568048000.0,333118000.0,-448485000.0,-1616067000.0,-967996000.0,-74702000.0,2792635000.0,-65699000.0,2149190000.0,2149190000.0,2149190000.0,0.0,0.0,0.075,4604297000.0,3511159000.0,2554416000.0,0.208,10.032,20.416,20.625,3849804000.0,0.0,31.66,1.535,1.54,260940000.0,3929379000.0,28583241000.0,28583241000.0,0.0,0.199,0.501,0.589,0.122,5643000.0,4604297000.0,1.0,1385883294.0,1390284000.0,1412244000.0,20.559,11281310000.0,148743000.0,1306845000.0,511685000.0,8.114,2765040000.0
28,TJX,MRT,2014-06-30,2014-08-02,2014-08-02,2021-08-27,-167495000.0,10921997000.0,10555549000.0,6593763000.0,4328234000.0,2.671,3.079,-874779000.0,2183330000.0,2183330000.0,20198621000.0,2176888000.0,1.724,1.555,1623769000.0,0.0,1623769000.0,1623769000.0,0.0,574504000.0,0.0,0.011,0.305,3413932000.0,3988436000.0,0.141,3988436000.0,3413932000.0,3376307000.0,1.55,1.515,1.55,4274652000.0,4227952500.0,4274652000.0,36828710656.0,11.0,9.234,2002783000.0,1.442,1.0,8000430000.0,0.284,311443000.0,37625000.0,6226064000.0,5731011500.0,3388182000.0,285003000.0,285003000.0,0.0,6647345000.0,3824929000.0,2822416000.0,37613761656.0,324532000.0,2653000.0,-1530651000.0,333118000.0,-430760000.0,-1575303000.0,-968004000.0,-93225000.0,2877562000.0,-9723000.0,2176888000.0,2176888000.0,2176888000.0,0.0,0.0,0.077,4569668000.0,3430762000.0,2148432000.0,0.197,8.799,17.279,17.326,3776037000.0,0.0,26.855,1.334,1.322,242549000.0,3749205000.0,28199051000.0,28199051000.0,0.0,0.206,0.515,0.596,0.121,15279000.0,4569668000.0,1.0,1400624154.0,1388434000.0,1410400000.0,20.31,10610554000.0,141731000.0,1199419000.0,501258000.0,7.642,2768834000.0
29,TJX,MRT,2014-03-31,2014-05-03,2014-05-03,2021-08-27,-161823000.0,10429938000.0,10306560500.0,6235550000.0,4194388000.0,2.69,3.055,-901524000.0,2059296000.0,2059296000.0,19849504000.0,2138823000.0,1.683,1.435,1274245000.0,0.0,1274245000.0,1274245000.0,0.0,562435000.0,0.0,0.01,0.29,3353529000.0,3915964000.0,0.141,3915964000.0,3353529000.0,3318135000.0,1.51,1.48,1.51,4283494000.0,4121824250.0,4283494000.0,40205499536.0,12.0,10.267,1901144000.0,1.356,1.0,7874759000.0,0.284,312074000.0,35394000.0,5627553000.0,5570597250.0,3208460000.0,259887000.0,259887000.0,0.0,6146444000.0,3705260000.0,2441184000.0,41081029536.0,69461000.0,2653000.0,-1396199000.0,0.0,-412725000.0,-1731746000.0,-968463000.0,-66939000.0,2802668000.0,-32998000.0,2138823000.0,2138823000.0,2138823000.0,0.0,0.0,0.077,4521230000.0,3353529000.0,1956384000.0,0.192,9.591,19.207,19.331,3645570000.0,0.0,29.19,1.482,1.476,255775000.0,3745005000.0,27724263000.0,27724263000.0,0.0,0.208,0.519,0.602,0.121,1159000.0,4521230000.0,1.0,1407366548.0,1402054000.0,1425804000.0,19.774,10117864000.0,162718000.0,1179312000.0,691352000.0,7.216,2530290000.0
30,TJX,MRT,2013-12-31,2014-02-01,2014-02-01,2021-08-27,-199532000.0,10201022000.0,10159167000.0,6067998000.0,4133024000.0,2.699,2.964,-946678000.0,2149746000.0,2149746000.0,19605037000.0,2137396000.0,1.725,1.412,1274216000.0,0.0,1274216000.0,1274216000.0,0.0,548823000.0,0.0,0.01,0.275,3350570000.0,3899393000.0,0.142,3899393000.0,3350570000.0,3319489000.0,1.5,1.47,1.5,4229893000.0,3991617000.0,4229893000.0,40057799634.0,12.0,10.273,1653788000.0,1.159,1.0,7817659000.0,0.285,312687000.0,31081000.0,5494962000.0,5491981500.0,2966490000.0,294702000.0,294702000.0,0.0,5971129000.0,3517843000.0,2453286000.0,40794365634.0,337789000.0,2653000.0,-1324601000.0,499555000.0,-393755000.0,-1143803000.0,-1045768000.0,-101743000.0,2600466000.0,-73106000.0,2137396000.0,2137396000.0,2137396000.0,0.0,0.0,0.078,4467089000.0,3350570000.0,1771294000.0,0.183,9.644,19.086,19.12,3594501000.0,0.0,28.68,1.488,1.492,210094000.0,3724408000.0,27422696000.0,27422696000.0,0.0,0.21,0.535,0.61,0.122,-6466000.0,4467089000.0,1.0,1422397686.0,1426940000.0,1452752000.0,19.218,9888335000.0,133147000.0,1182093000.0,510786000.0,6.93,2550155000.0
31,TJX,MRT,2013-09-30,2013-11-02,2013-11-02,2021-08-27,-228767000.0,10669239000.0,9986875250.0,6623575000.0,4045664000.0,2.737,2.898,-961914000.0,2010752000.0,2010752000.0,19469263000.0,2159948000.0,1.638,1.587,1274186000.0,0.0,1274186000.0,1274186000.0,0.0,543844000.0,0.0,0.009,0.26,3377039000.0,3920883000.0,0.143,3920883000.0,3377039000.0,3348390000.0,1.51,1.48,1.51,4123771000.0,3850628000.0,4123771000.0,42958902606.0,13.0,10.956,1647215000.0,1.157,1.0,7868460000.0,0.288,313465000.0,28649000.0,5575467000.0,5217637250.0,3663171000.0,251276000.0,251276000.0,0.0,6545468000.0,4043741000.0,2501727000.0,43543544606.0,368837000.0,-190374000.0,-1188256000.0,499555000.0,-374574000.0,-991232000.0,-1223601000.0,-81001000.0,2609129000.0,-25459000.0,2159948000.0,2159948000.0,2159948000.0,0.0,0.0,0.079,4491421000.0,3377039000.0,2346366000.0,0.172,10.559,20.16,20.159,3540532000.0,0.0,30.44,1.593,1.585,250886000.0,3641340000.0,27337723000.0,27337723000.0,0.0,0.216,0.561,0.647,0.124,-8191000.0,4491421000.0,1.0,1430471242.0,1423190000.0,1448216000.0,19.209,10355774000.0,102446000.0,1188442000.0,425282000.0,7.276,2579834000.0
32,TJX,MRT,2013-06-30,2013-08-03,2013-08-03,2021-08-27,-260103000.0,9926043000.0,9612587750.0,5950244000.0,3975799000.0,2.785,2.69,-1036329000.0,1858798000.0,1858798000.0,19100871000.0,1998844000.0,1.728,1.578,1274156000.0,0.0,1274156000.0,1274156000.0,0.0,528438000.0,0.0,0.009,0.245,3242854000.0,3771292000.0,0.141,3771292000.0,3242854000.0,3217487000.0,1.385,1.36,1.385,3850139000.0,3686283250.0,3850139000.0,38101662534.0,12.0,10.103,1522930000.0,1.064,1.0,7665889000.0,0.286,314113000.0,25367000.0,5584407000.0,4955213000.0,3188489000.0,231213000.0,231213000.0,0.0,6075904000.0,3442881000.0,2633023000.0,38817371534.0,238396000.0,-190374000.0,-1238870000.0,499555000.0,-355473000.0,-1030778000.0,-1267049000.0,-77489000.0,2559259000.0,-23036000.0,1998844000.0,1998844000.0,1998844000.0,0.0,0.0,0.075,4423035000.0,3242854000.0,1940245000.0,0.177,10.082,19.42,19.469,3377839000.0,0.0,26.965,1.45,1.442,221164000.0,3395006000.0,26766760000.0,26766760000.0,0.0,0.208,0.542,0.654,0.121,-1386000.0,4423035000.0,1.0,1439546506.0,1431412000.0,1457198000.0,18.7,9611930000.0,91559000.0,1218643000.0,396784000.0,6.715,2507363000.0
33,TJX,MRT,2013-03-31,2013-05-04,2013-05-04,2021-08-27,-229248000.0,9840364000.0,9290237250.0,5976143000.0,3864221000.0,2.828,2.615,-962482000.0,1989835000.0,1989835000.0,18789205000.0,1940377000.0,1.708,1.615,1274126000.0,0.0,1274126000.0,1274126000.0,0.0,518834000.0,0.0,0.009,0.23,3153461000.0,3672295000.0,0.14,3672295000.0,3153461000.0,3127831000.0,1.335,1.31,1.335,3762665000.0,3571252750.0,3762665000.0,34831939150.0,11.0,9.485,1669429000.0,1.16,1.0,7480690000.0,0.285,312948000.0,25630000.0,5313090000.0,4658359750.0,3091473000.0,238043000.0,238043000.0,0.0,6077699000.0,3498617000.0,2579082000.0,35869344150.0,426144000.0,-190374000.0,-1210256000.0,498099000.0,-336373000.0,-984654000.0,-1196966000.0,-81253000.0,2631911000.0,-24147000.0,1940377000.0,1940377000.0,1940377000.0,0.0,0.0,0.074,4327229000.0,3153461000.0,1846568000.0,0.172,9.533,18.486,18.558,3273322000.0,0.0,24.775,1.365,1.357,257985000.0,3272140000.0,26269895000.0,26269895000.0,0.0,0.209,0.543,0.677,0.12,-4400000.0,4327229000.0,1.0,1447804002.0,1439056000.0,1465110000.0,18.255,9527416000.0,107699000.0,1187454000.0,578213000.0,6.621,2477526000.0
34,TJX,MRT,2012-12-31,2013-02-02,2013-02-02,2021-08-27,-213392000.0,9511855000.0,8955916000.0,5711543000.0,3800312000.0,2.89,2.499,-978228000.0,1811957000.0,1811957000.0,18521400000.0,1906687000.0,1.519,1.595,774552000.0,0.0,774552000.0,774552000.0,0.0,508929000.0,0.0,0.01,0.22,3106526000.0,3615455000.0,0.14,3615455000.0,3106526000.0,3077351000.0,1.3,1.275,1.3,3665937000.0,3463539750.0,3665937000.0,32167765536.0,10.0,8.897,2077492000.0,1.416,1.0,7356972000.0,0.284,316269000.0,29175000.0,4397585000.0,4428732500.0,3014214000.0,235853000.0,235853000.0,0.0,5845918000.0,3760596000.0,2085322000.0,33035147536.0,304845000.0,-190374000.0,-1211311000.0,-1456000.0,-323922000.0,-1475587000.0,-1286954000.0,-152842000.0,3055720000.0,11666000.0,1906687000.0,1906687000.0,1906687000.0,0.0,0.0,0.074,4250446000.0,3106526000.0,1930568000.0,0.169,9.011,17.326,17.423,3223242000.0,0.0,22.65,1.277,1.284,222788000.0,3155427000.0,25878372000.0,25878372000.0,0.0,0.213,0.551,0.701,0.12,1944000.0,4250446000.0,1.0,1458505410.0,1467176000.0,1495110000.0,17.638,9195586000.0,96219000.0,1170664000.0,513298000.0,6.268,1950947000.0
35,TJX,MRT,2012-09-30,2012-10-27,2012-10-27,2021-08-27,-164914000.0,9172089000.0,8648353500.0,5694665000.0,3477424000.0,2.875,2.369,-928155000.0,1641915000.0,1641915000.0,17891243000.0,1777157000.0,1.582,1.646,774533000.0,0.0,774533000.0,774533000.0,0.0,501125000.0,0.0,0.01,0.21,2904412000.0,3405537000.0,0.137,3405537000.0,2904412000.0,2871243000.0,1.198,1.173,1.198,3466392000.0,3349378000.0,3466392000.0,29147147080.0,10.0,8.559,2237012000.0,1.529,1.0,6973073000.0,0.28,179946000.0,33169000.0,4525770000.0,4409018250.0,3297119000.0,200986000.0,200986000.0,0.0,5705697000.0,3598991000.0,2106706000.0,29981373080.0,684983000.0,0.0,-1198549000.0,-2162000.0,-311814000.0,-1457860000.0,-1014036000.0,-124988000.0,3165167000.0,-8288000.0,1777157000.0,1777157000.0,1777157000.0,0.0,0.0,0.071,4068661000.0,2904412000.0,2059200000.0,0.175,8.649,16.87,16.999,3055669000.0,0.0,20.365,1.206,1.198,238251000.0,2902053000.0,24864316000.0,24864316000.0,0.0,0.205,0.531,0.659,0.117,7995000.0,4068661000.0,1.0,1472200986.0,1463150000.0,1491482000.0,16.994,8992143000.0,84638000.0,1094086000.0,438067000.0,6.146,2095674000.0
36,TJX,MRT,2012-06-30,2012-07-28,2012-07-28,2021-08-27,-198981000.0,8636641000.0,8488076250.0,5340790000.0,3295851000.0,2.857,2.3,-803026000.0,1620402000.0,1620402000.0,17491757000.0,1722093000.0,1.656,1.548,786176000.0,11662000.0,774514000.0,786176000.0,0.0,495720000.0,0.0,0.009,0.2,2822157000.0,3317877000.0,0.137,3317877000.0,2822157000.0,2786526000.0,1.152,1.127,1.152,3390017000.0,3278612000.0,3390017000.0,32343760004.0,11.0,9.748,2095027000.0,1.422,1.0,6754774000.0,0.279,179932000.0,35631000.0,4396994000.0,4478293500.0,3007731000.0,176295000.0,176295000.0,0.0,5246624000.0,3225489000.0,2021135000.0,33120559004.0,642639000.0,0.0,-1077037000.0,-2855000.0,-299107000.0,-1331567000.0,-890959000.0,-99585000.0,2898053000.0,-32888000.0,1722093000.0,1722093000.0,1722093000.0,0.0,0.0,0.071,3932617000.0,2822157000.0,1863108000.0,0.174,9.77,19.233,19.401,2855827000.0,0.0,22.35,1.366,1.358,202140000.0,2852898000.0,24246531000.0,24246531000.0,0.0,0.203,0.525,0.63,0.116,13598000.0,3932617000.0,1.0,1481904206.0,1473660000.0,1502486000.0,16.453,8456709000.0,83528000.0,1064433000.0,399242000.0,5.739,2115301000.0
37,TJX,MRT,2012-03-31,2012-04-28,2012-04-28,2021-08-27,-153295000.0,8503079000.0,8353197500.0,5231816000.0,3271263000.0,2.846,2.244,-831538000.0,1563691000.0,1563691000.0,17192719000.0,1649339000.0,1.66,1.552,786892000.0,3030000.0,783862000.0,786892000.0,0.0,490111000.0,0.0,0.009,0.19,2698731000.0,3188842000.0,0.134,3188842000.0,2698731000.0,2663173000.0,1.098,1.073,1.098,3331813000.0,3207355000.0,3331813000.0,30985449109.0,11.0,9.717,1645960000.0,1.109,1.0,6576527000.0,0.277,179983000.0,35558000.0,4394581000.0,4513277500.0,2909805000.0,174872000.0,174872000.0,0.0,5171266000.0,3151716000.0,2019550000.0,31704968109.0,186545000.0,0.0,-1112420000.0,-2077000.0,-287162000.0,-1367324000.0,-912212000.0,-92326000.0,2477498000.0,-11417000.0,1649339000.0,1649339000.0,1649339000.0,0.0,0.0,0.069,3877796000.0,2698731000.0,1757871000.0,0.173,9.516,19.223,19.335,2827728000.0,0.0,21.23,1.334,1.326,232884000.0,2744156000.0,23769246000.0,23769246000.0,0.0,0.197,0.514,0.598,0.114,25715000.0,3877796000.0,1.0,1493404056.0,1484466000.0,1512032000.0,16.012,8323096000.0,108495000.0,1013834000.0,558092000.0,5.607,2080100000.0
38,TJX,MRT,2011-12-31,2012-01-28,2012-01-28,2021-08-27,-192575000.0,8281605000.0,8223545250.0,5132632000.0,3148973000.0,2.82,2.108,-803330000.0,1507112000.0,1507112000.0,16854249000.0,1496090000.0,1.675,1.581,787593000.0,2970000.0,784623000.0,787593000.0,0.0,485701000.0,0.0,0.011,0.18,2447062000.0,2932763000.0,0.126,2932763000.0,2447062000.0,2411414000.0,0.985,0.965,0.985,3209290000.0,3155250250.0,3209290000.0,25239278884.0,10.0,8.606,1112704000.0,0.731,1.0,6337206000.0,0.273,179935000.0,35648000.0,4318728000.0,4443386000.0,2950523000.0,94691000.0,94691000.0,0.0,5072315000.0,3063423000.0,2008892000.0,25407929884.0,-234639000.0,0.0,-1101813000.0,-2727000.0,-275016000.0,-1335712000.0,-811041000.0,-19363000.0,1916034000.0,-3920000.0,1496090000.0,1496090000.0,1496090000.0,0.0,0.0,0.065,3890144000.0,2447062000.0,1645324000.0,0.183,7.917,16.983,17.099,2715125000.0,0.0,16.843,1.096,1.105,204304000.0,2655163000.0,23191455000.0,23191455000.0,0.0,0.182,0.474,0.551,0.106,18032000.0,3890144000.0,1.0,1508560480.0,1522218000.0,1547544000.0,15.235,8101670000.0,105869000.0,915324000.0,412925000.0,5.322,2069209000.0
39,TJX,MRT,2011-09-30,2011-10-29,2011-10-29,2021-08-27,-82685000.0,8530980000.0,8146084750.0,5418051000.0,3112929000.0,2.801,2.11,-817555000.0,956932000.0,956932000.0,16636053000.0,1355190000.0,1.603,1.68,788281000.0,2912000.0,785369000.0,788281000.0,0.0,473926000.0,0.0,0.011,0.17,2226495000.0,2700421000.0,0.118,2700421000.0,2226495000.0,2190773000.0,0.885,0.87,0.885,3183328000.0,3127902500.0,3183328000.0,22810977446.0,10.0,8.447,890564000.0,0.59,1.0,6177370000.0,0.271,179958000.0,35722000.0,4802871000.0,4290503750.0,3706022000.0,71737000.0,71737000.0,0.0,5347652000.0,3379500000.0,1968152000.0,22999786446.0,-382133000.0,0.0,-1120331000.0,-2627000.0,-262805000.0,-1349343000.0,-759077000.0,59543000.0,1708119000.0,18168000.0,1355190000.0,1355190000.0,1355190000.0,-3611000.0,0.0,0.059,3954486000.0,2222884000.0,2048362000.0,0.192,7.225,16.972,17.054,2708284000.0,0.0,15.092,1.008,0.998,235975000.0,2511733000.0,22813423000.0,22813423000.0,0.0,0.166,0.433,0.519,0.098,24942000.0,3954486000.0,1.0,1523921580.0,1508546000.0,1532104000.0,15.123,8351022000.0,81202000.0,835583000.0,462384000.0,5.536,2038551000.0
40,TJX,MRT,2011-06-30,2011-07-30,2011-07-30,2021-08-27,-46473000.0,8097126000.0,8058876750.0,5029069000.0,3068057000.0,2.798,2.033,-819495000.0,977763000.0,977763000.0,16475870000.0,1321012000.0,1.576,1.608,788954000.0,2854000.0,786100000.0,788954000.0,0.0,467263000.0,0.0,0.012,0.16,2160827000.0,2628090000.0,0.117,2628090000.0,2160827000.0,2124138000.0,0.847,0.835,0.847,3104989000.0,3109401000.0,3104989000.0,20764196326.0,10.0,7.901,816738000.0,0.535,1.0,6070272000.0,0.269,180043000.0,36689000.0,4536930000.0,4145802250.0,3368082000.0,82096000.0,82096000.0,0.0,4992137000.0,3191344000.0,1800793000.0,21351728326.0,-402406000.0,0.0,-1103518000.0,-2529000.0,-250826000.0,-1324485000.0,-757843000.0,62717000.0,1636233000.0,43689000.0,1321012000.0,1321012000.0,1321012000.0,-3611000.0,0.0,0.059,3913056000.0,2157216000.0,1922305000.0,0.189,6.877,16.163,16.322,2660433000.0,0.0,13.825,0.947,0.937,218083000.0,2770482000.0,22546142000.0,22546142000.0,0.0,0.164,0.425,0.521,0.096,27638000.0,3913056000.0,1.0,1544428812.0,1527430000.0,1550502000.0,14.761,7917083000.0,66413000.0,803126000.0,302886000.0,5.183,1837725000.0
41,TJX,MRT,2011-03-31,2011-04-30,2011-04-30,2021-08-27,-30800000.0,7984470000.0,7956272500.0,5008421000.0,2976049000.0,2.783,2.013,-784093000.0,1377146000.0,1377146000.0,16219045000.0,1277658000.0,1.615,1.556,789614000.0,2798000.0,786816000.0,789614000.0,0.0,460667000.0,0.0,0.011,0.15,2098900000.0,2559567000.0,0.116,2559567000.0,2098900000.0,2061048000.0,0.807,0.795,0.807,3123394000.0,3076574250.0,3123394000.0,19941919571.0,10.0,7.791,808066000.0,0.521,1.0,5926903000.0,0.268,180068000.0,37852000.0,4115015000.0,3997432750.0,3014809000.0,85349000.0,85349000.0,0.0,4861076000.0,3101855000.0,1759221000.0,20893426571.0,-456124000.0,0.0,-1133426000.0,-2434000.0,-238851000.0,-1347821000.0,-739842000.0,45316000.0,1592159000.0,39380000.0,1277658000.0,1277658000.0,1277658000.0,-3611000.0,0.0,0.058,3831614000.0,2095289000.0,1786417000.0,0.186,6.689,16.353,16.611,2574896000.0,0.0,13.405,0.943,0.939,231119000.0,2768087000.0,22145948000.0,22145948000.0,0.0,0.161,0.415,0.525,0.095,30859000.0,3843164000.0,1.0,1558629360.0,1551912000.0,1576018000.0,14.27,7804402000.0,72932000.0,783390000.0,352170000.0,5.029,1906566000.0
42,TJX,MRT,2010-12-31,2011-01-29,2011-01-29,2021-08-27,-91755000.0,7971763000.0,7898782500.0,5099527000.0,2872236000.0,2.778,1.937,-707134000.0,1741751000.0,1741751000.0,16040461000.0,1343141000.0,1.628,1.572,790244000.0,2727000.0,787517000.0,790244000.0,0.0,458052000.0,0.0,0.012,0.142,2206840000.0,2664892000.0,0.121,2664892000.0,2206840000.0,2167703000.0,0.84,0.825,0.84,3099899000.0,3055570250.0,3099899000.0,18335481519.0,8.0,6.88,1269347000.0,0.793,1.0,5901732000.0,0.269,179936000.0,39137000.0,3707199000.0,3848348000.0,2765464000.0,76261000.0,76261000.0,0.0,4871864000.0,3133121000.0,1738743000.0,18883715519.0,127144000.0,0.0,-1017221000.0,-2355000.0,-229329000.0,-1223928000.0,-647613000.0,60586000.0,1976481000.0,22204000.0,1343141000.0,1343141000.0,1343141000.0,-3611000.0,0.0,0.061,3698503000.0,2203229000.0,1683929000.0,0.169,6.092,14.059,14.199,2460782000.0,0.0,11.928,0.861,0.87,200147000.0,2801997000.0,21942193000.0,21942193000.0,0.0,0.17,0.44,0.573,0.101,30709000.0,3710053000.0,1.0,1583208176.0,1600582000.0,1625652000.0,13.709,7791827000.0,66072000.0,824562000.0,340419000.0,4.868,1966406000.0
43,TJX,MRT,2010-09-30,2010-10-30,2010-10-30,2021-08-27,-101494000.0,8182148000.0,7771836000.0,5296642000.0,2885506000.0,2.773,1.929,-650685000.0,1339065000.0,1339065000.0,15732890000.0,1403725000.0,1.64,1.631,790831000.0,2627000.0,788204000.0,790831000.0,0.0,457347000.0,0.0,0.012,0.135,2303987000.0,2761334000.0,0.128,2761334000.0,2303987000.0,2263001000.0,0.863,0.847,0.863,3109322000.0,3002914500.0,3109322000.0,17797581982.0,8.0,6.445,1431212000.0,0.888,1.0,5819323000.0,0.27,179897000.0,40986000.0,4224065000.0,3813326750.0,3272960000.0,129967000.0,129967000.0,0.0,5072826000.0,3229952000.0,1842874000.0,18386343982.0,-106583000.0,0.0,-1102136000.0,-202309000.0,-220301000.0,-1502686000.0,-696120000.0,-45659000.0,2081897000.0,10326000.0,1403725000.0,1403725000.0,1403725000.0,0.0,0.0,0.065,3515336000.0,2303987000.0,1974272000.0,0.156,5.913,13.098,13.294,2481968000.0,0.0,11.473,0.853,0.858,229318000.0,2815014000.0,21552213000.0,21552213000.0,0.0,0.181,0.467,0.604,0.107,34078000.0,3526886000.0,1.0,1602644932.0,1611876000.0,1637136000.0,13.371,8002251000.0,34867000.0,859276000.0,307810000.0,4.965,2066690000.0
44,TJX,MRT,2010-06-30,2010-07-31,2010-07-31,2021-08-27,-132733000.0,7686709000.0,7722065000.0,4948919000.0,2737790000.0,2.755,1.841,-592501000.0,1380169000.0,1380169000.0,15528665000.0,1379215000.0,1.664,1.585,791407000.0,2529000.0,788878000.0,791407000.0,0.0,453029000.0,0.0,0.012,0.128,2276022000.0,2729051000.0,0.128,2729051000.0,2276022000.0,2231889000.0,0.835,0.82,0.835,2973682000.0,2960710750.0,2973682000.0,15897997886.0,7.0,5.825,1640660000.0,1.016,1.0,5742647000.0,0.27,179875000.0,44133000.0,3943452000.0,3783543750.0,2884602000.0,139229000.0,139229000.0,0.0,4713027000.0,2974620000.0,1738407000.0,16939295886.0,-46726000.0,0.0,-1081161000.0,-393553000.0,-211186000.0,-1659615000.0,-597656000.0,423000.0,2233161000.0,-22616000.0,1379215000.0,1379215000.0,1379215000.0,0.0,0.0,0.065,3466625000.0,2276022000.0,1847547000.0,0.153,5.696,12.282,12.431,2350380000.0,0.0,10.38,0.796,0.788,171203000.0,2705754000.0,21271312000.0,21271312000.0,0.0,0.179,0.466,0.602,0.107,28070000.0,3478175000.0,1.0,1631916752.0,1614832000.0,1638968000.0,13.172,7506834000.0,95950000.0,852674000.0,237621000.0,4.649,1974299000.0
45,TJX,MRT,2010-03-31,2010-05-01,2010-05-01,2021-08-27,-137298000.0,7754510000.0,7759387750.0,5105417000.0,2649093000.0,2.7,1.862,-511927000.0,1833270000.0,1833270000.0,15343757000.0,1335792000.0,1.694,1.551,791972000.0,2434000.0,789538000.0,791972000.0,0.0,444684000.0,0.0,0.01,0.12,2191753000.0,2636437000.0,0.126,2636437000.0,2191753000.0,2148643000.0,0.8,0.787,0.8,3039378000.0,2925268250.0,3039378000.0,18148870079.0,8.0,6.884,1926384000.0,1.18,1.0,5607003000.0,0.268,179901000.0,43110000.0,3518676000.0,3850769000.0,2615079000.0,126071000.0,126071000.0,0.0,4715132000.0,3014635000.0,1700497000.0,18970953079.0,820775000.0,0.0,-894853000.0,4178000.0,-201346000.0,-1063186000.0,-575448000.0,-57943000.0,2438311000.0,21098000.0,1335792000.0,1335792000.0,1335792000.0,0.0,0.0,0.064,3415250000.0,2191753000.0,1684956000.0,0.15,6.242,14.202,14.481,2267031000.0,0.0,11.585,0.906,0.903,168043000.0,2768697000.0,20950760000.0,20950760000.0,0.0,0.172,0.457,0.569,0.105,23251000.0,3415250000.0,1.0,1637544504.0,1632212000.0,1657600000.0,12.836,7574609000.0,122539000.0,812851000.0,470630000.0,4.641,2090782000.0
46,TJX,MRT,2009-12-31,2010-01-30,2010-01-30,2021-08-27,-134124000.0,7463977000.0,7555477000.0,4803856000.0,2660121000.0,2.685,1.729,-429282000.0,1614607000.0,1614607000.0,14968429000.0,1213572000.0,1.659,1.583,792524000.0,2355000.0,790169000.0,792524000.0,0.0,435218000.0,0.0,0.012,0.117,1991071000.0,2426289000.0,0.12,2426289000.0,1991071000.0,1951562000.0,0.725,0.71,0.725,2889276000.0,2749292250.0,2889276000.0,15500901178.0,8.0,6.389,1842644000.0,1.103,1.0,5320015000.0,0.262,179794000.0,39509000.0,3567114000.0,3859825250.0,2532318000.0,130636000.0,130636000.0,0.0,4574701000.0,2894986000.0,1679715000.0,15953125178.0,1161080000.0,0.0,-774900000.0,378516000.0,-197662000.0,-583754000.0,-560277000.0,-125417000.0,2271926000.0,33185000.0,1213572000.0,1213572000.0,1213572000.0,0.0,0.0,0.06,3328944000.0,1991071000.0,1507892000.0,0.161,5.521,13.146,13.107,2287097000.0,0.0,9.502,0.786,0.783,148126000.0,2614014000.0,20288444000.0,20288444000.0,0.0,0.161,0.441,0.516,0.098,37651000.0,3328944000.0,1.0,1678834536.0,1671184000.0,1710478000.0,12.14,7284183000.0,122462000.0,737990000.0,329184000.0,4.359,1908870000.0
47,TJX,MRT,2009-09-30,2009-10-31,2009-10-31,2021-08-27,-119636000.0,7983064000.0,7234043250.0,5330657000.0,2652407000.0,2.727,1.743,-458872000.0,1445648000.0,1445648000.0,14777636000.0,1069270000.0,1.642,1.715,993424000.0,202667000.0,790757000.0,993424000.0,0.0,419622000.0,0.0,0.012,0.115,1750123000.0,2169745000.0,0.11,2169745000.0,1750123000.0,1717081000.0,0.635,0.623,0.635,2940507000.0,2560612500.0,2940507000.0,15616587173.0,9.0,7.197,1258086000.0,0.746,1.0,4949087000.0,0.251,179767000.0,33042000.0,4104933000.0,3857073000.0,3267667000.0,76643000.0,76643000.0,0.0,5042557000.0,3246140000.0,1796417000.0,15830944173.0,1058297000.0,843000.0,-459383000.0,472629000.0,-193016000.0,-171309000.0,-523186000.0,-58719000.0,1716958000.0,35834000.0,1069270000.0,1069270000.0,1069270000.0,0.0,0.0,0.054,3198964000.0,1750123000.0,1838558000.0,0.181,5.384,14.805,14.705,2274305000.0,0.0,9.338,0.803,0.798,163555000.0,2605715000.0,19726723000.0,19726723000.0,0.0,0.148,0.418,0.454,0.089,38301000.0,3222464000.0,1.0,1695415708.0,1686616000.0,1712368000.0,11.696,7803297000.0,117787000.0,647811000.0,280687000.0,4.627,2084517000.0
48,TJX,MRT,2009-06-30,2009-08-01,2009-08-01,2021-08-27,-115791000.0,7836000000.0,6935381250.0,5211702000.0,2624298000.0,2.775,1.67,-487564000.0,1426895000.0,1426895000.0,14512447000.0,957320000.0,1.614,1.767,1212538000.0,421206000.0,791332000.0,1212538000.0,0.0,411332000.0,0.0,0.012,0.112,1576892000.0,1988224000.0,0.103,1988224000.0,1576892000.0,1551066000.0,0.573,0.555,0.573,2831912000.0,2357088250.0,2831912000.0,15106204560.0,10.0,7.598,903322000.0,0.533,1.0,4730860000.0,0.246,179779000.0,25826000.0,4212353000.0,3798959500.0,3100175000.0,134627000.0,134627000.0,0.0,5004088000.0,3229511000.0,1774577000.0,14982323560.0,909402000.0,0.0,-427977000.0,769891000.0,-188244000.0,157525000.0,-603483000.0,-115487000.0,1390886000.0,-35526000.0,957320000.0,957320000.0,957320000.0,18268000.0,0.0,0.05,3135700000.0,1595160000.0,1740443000.0,0.195,5.291,15.65,15.807,2243568000.0,0.0,9.057,0.779,0.798,145387000.0,2308281000.0,19243307000.0,19243307000.0,0.0,0.138,0.406,0.415,0.082,41332000.0,3166200000.0,1.0,1654134536.0,1695564000.0,1721812000.0,11.349,7656221000.0,108852000.0,593746000.0,229991000.0,4.515,1982191000.0
49,TJX,MRT,2009-03-31,2009-05-02,2009-05-02,2021-08-27,-188834000.0,6938867000.0,6674520000.0,4406913000.0,2531954000.0,2.854,1.415,-538619000.0,1012495000.0,1012495000.0,14425588000.0,895982000.0,1.324,1.971,1136376000.0,744445000.0,391931000.0,1136376000.0,0.0,406178000.0,0.0,0.016,0.11,1482708000.0,1888886000.0,0.099,1888886000.0,1482708000.0,1463490000.0,0.538,0.515,0.538,2335474000.0,2177503750.0,2335474000.0,11830619769.0,8.0,6.263,713525000.0,0.432,1.0,4624586000.0,0.243,179593000.0,19218000.0,3554901000.0,3737112000.0,2817711000.0,56747000.0,56747000.0,0.0,4603393000.0,3328254000.0,1275139000.0,11505337769.0,314380000.0,0.0,-475420000.0,372246000.0,-183687000.0,-280556000.0,-581006000.0,-42353000.0,1252144000.0,-76202000.0,895982000.0,895982000.0,895982000.0,30118000.0,0.0,0.047,3111760000.0,1512826000.0,1551403000.0,0.204,4.926,12.841,12.951,2167627000.0,0.0,6.968,0.604,0.604,150406000.0,2099106000.0,19050174000.0,19050174000.0,0.0,0.134,0.411,0.397,0.078,41933000.0,3142260000.0,1.0,1651286368.0,1650176000.0,1727680000.0,11.544,6759274000.0,138487000.0,567508000.0,199196000.0,4.096,1078659000.0
50,TJX,MRT,2008-12-31,2009-01-31,2009-01-31,2021-08-27,-217781000.0,6178242000.0,6601478750.0,3626129000.0,2552113000.0,2.878,1.273,-582932000.0,453527000.0,453527000.0,14429185000.0,880617000.0,1.31,1.894,778809000.0,395027000.0,383782000.0,778809000.0,0.0,401707000.0,0.0,0.022,0.105,1430962000.0,1832669000.0,0.096,1832669000.0,1430962000.0,1416671000.0,0.525,0.5,0.525,2134557000.0,2128147000.0,2134557000.0,8573400402.0,6.0,4.678,571640000.0,0.341,1.0,4570320000.0,0.241,179528000.0,14291000.0,3556105000.0,3798109750.0,2619336000.0,0.0,0.0,0.0,4043685000.0,2767891000.0,1275794000.0,8085323402.0,-279085000.0,0.0,-608943000.0,-2008000.0,-176749000.0,-768821000.0,-568587000.0,14379000.0,1154572000.0,-96249000.0,880617000.0,880617000.0,880617000.0,34269000.0,0.0,0.046,3105089000.0,1465231000.0,1276098000.0,0.2,3.788,9.181,9.248,2201204000.0,0.0,4.855,0.426,0.428,143500000.0,1939516000.0,18999505000.0,18999505000.0,0.0,0.133,0.414,0.377,0.075,32350000.0,3135589000.0,1.0,1665360124.0,1676304000.0,1769020000.0,11.334,5998714000.0,135675000.0,536054000.0,127008000.0,3.579,858238000.0
51,TJX,MRT,2008-09-30,2008-10-25,2008-10-25,2021-08-27,-92102000.0,6788416000.0,6706901750.0,4262434000.0,2525982000.0,2.814,1.274,-563917000.0,387351000.0,387351000.0,14269809000.0,931070000.0,1.322,2.192,875428000.0,108062000.0,767366000.0,875428000.0,0.0,398081000.0,0.0,0.017,0.1,1518696000.0,1916777000.0,0.102,1916777000.0,1518696000.0,1510107000.0,0.547,0.517,0.547,2126410000.0,2127319000.0,2126410000.0,10247376419.0,7.0,5.346,959612000.0,0.575,1.0,4606300000.0,0.244,179459000.0,8589000.0,3872479000.0,3854151750.0,3279305000.0,0.0,0.0,0.0,4662006000.0,3224555000.0,1437451000.0,9910683419.0,-780000.0,-843000.0,-796325000.0,103962000.0,-170361000.0,-843029000.0,-577632000.0,-14227000.0,1523529000.0,-103648000.0,931070000.0,931070000.0,931070000.0,43151000.0,0.0,0.049,3044453000.0,1561847000.0,1758242000.0,0.183,4.661,10.644,10.8,2180339000.0,0.0,5.907,0.525,0.522,166553000.0,1802172000.0,18876109000.0,18876109000.0,0.0,0.139,0.438,0.394,0.08,33479000.0,3070353000.0,1.0,1677644252.0,1668428000.0,1762996000.0,11.314,6608957000.0,97706000.0,579037000.0,99795000.0,3.961,1037879000.0
52,TJX,MRT,2008-06-30,2008-07-26,2008-07-26,2021-08-27,-33483000.0,6792555000.0,6745357250.0,4166239000.0,2626316000.0,2.783,1.254,-568995000.0,517493000.0,517493000.0,14213426000.0,944682000.0,1.396,2.214,854186000.0,2090000.0,852096000.0,854186000.0,0.0,388047000.0,0.0,0.012,0.095,1517831000.0,1905878000.0,0.102,1905878000.0,1517831000.0,1511638000.0,0.547,0.517,0.547,2113574000.0,2131118000.0,2113574000.0,13946418451.0,9.0,7.318,1049848000.0,0.623,1.0,4559871000.0,0.243,179980000.0,6193000.0,3964963000.0,3911347750.0,3104817000.0,0.0,0.0,0.0,4678981000.0,2984305000.0,1694676000.0,13790043451.0,-16293000.0,0.0,-868108000.0,-1929000.0,-164052000.0,-1016952000.0,-581881000.0,-14037000.0,1618843000.0,-36303000.0,944682000.0,944682000.0,944682000.0,26683000.0,0.0,0.05,3015357000.0,1544514000.0,1746079000.0,0.174,6.525,14.598,14.84,2263181000.0,0.0,8.117,0.735,0.729,141826000.0,1727646000.0,18773297000.0,18773297000.0,0.0,0.14,0.443,0.388,0.081,34932000.0,3034257000.0,1.0,1698804244.0,1685156000.0,1781692000.0,11.14,6612575000.0,93851000.0,566956000.0,98548000.0,3.924,1181934000.0
53,TJX,MRT,2008-03-31,2008-04-26,2008-04-26,2021-08-27,-30999000.0,6646702000.0,6702197250.0,4052239000.0,2594463000.0,2.765,1.256,-542607000.0,698115000.0,698115000.0,14043680000.0,803491000.0,1.436,2.109,854490000.0,2048000.0,852442000.0,854490000.0,0.0,378546000.0,0.0,0.011,0.09,1280297000.0,1658843000.0,0.09,1658843000.0,1280297000.0,1278145000.0,0.46,0.438,0.46,2138047000.0,2141294000.0,2138047000.0,14219513617.0,11.0,8.572,1078715000.0,0.634,1.0,4488520000.0,0.242,181443000.0,2152000.0,3798892000.0,3886827750.0,2899795000.0,0.0,0.0,0.0,4508655000.0,2822742000.0,1685913000.0,14096657617.0,-83095000.0,0.0,-980769000.0,-1891000.0,-158193000.0,-1127166000.0,-555507000.0,-13653000.0,1621322000.0,-21744000.0,803491000.0,803491000.0,803491000.0,14833000.0,0.0,0.043,3193390000.0,1295130000.0,1678302000.0,0.196,6.593,17.544,17.902,2222158000.0,0.0,8.235,0.761,0.757,172772000.0,1744345000.0,18532200000.0,18532200000.0,0.0,0.12,0.375,0.329,0.069,41449000.0,3016372000.0,1.0,1711798132.0,1702480000.0,1801604000.0,10.885,6465259000.0,100913000.0,474654000.0,106390000.0,3.798,1229497000.0
54,TJX,MRT,2007-12-31,2008-01-26,2008-01-26,2021-08-27,-28685000.0,6599934000.0,6662450500.0,3992294000.0,2607640000.0,2.752,1.203,-526987000.0,732612000.0,732612000.0,13883952000.0,771750000.0,1.446,2.097,855468000.0,2008000.0,853460000.0,855468000.0,0.0,369396000.0,0.0,0.011,0.085,1247807000.0,1617203000.0,0.088,1617203000.0,1247807000.0,1249405000.0,0.435,0.415,0.435,2131245000.0,2211784000.0,2131245000.0,13680749990.0,11.0,8.46,847787000.0,0.478,1.0,4452774000.0,0.243,181524000.0,-1598000.0,3780273000.0,3895664500.0,2737378000.0,0.0,0.0,0.0,4468689000.0,2760993000.0,1707696000.0,13206672990.0,-124057000.0,0.0,-806099000.0,-1854000.0,-151492000.0,-952689000.0,-539901000.0,-13667000.0,1374774000.0,-6241000.0,771750000.0,771750000.0,771750000.0,10682000.0,0.0,0.042,3194285000.0,1258489000.0,1516754000.0,0.195,6.197,17.113,17.368,2235135000.0,0.0,7.555,0.72,0.73,143289000.0,1731980000.0,18336726000.0,18336726000.0,0.0,0.116,0.349,0.32,0.068,50614000.0,2997263000.0,1.0,1748070548.0,1772200000.0,1872184000.0,10.347,6418410000.0,163465000.0,477655000.0,71147000.0,3.622,1231301000.0
55,TJX,MRT,2007-09-30,2007-10-27,2007-10-27,2021-08-27,-12864000.0,6942238000.0,6533892000.0,4285743000.0,2656495000.0,2.736,1.219,-492251000.0,388131000.0,388131000.0,13554258000.0,676063000.0,1.368,2.242,862208000.0,1968000.0,860240000.0,862208000.0,0.0,363880000.0,0.0,0.011,0.08,1105537000.0,1469417000.0,0.082,1469417000.0,1105537000.0,1106350000.0,0.377,0.362,0.377,2141606000.0,2251503000.0,2141606000.0,13075813587.0,12.0,8.899,821780000.0,0.468,1.0,4321994000.0,0.242,182966000.0,-813000.0,4101263000.0,3818854750.0,3364500000.0,0.0,0.0,0.0,4800632000.0,3132086000.0,1668546000.0,12773997587.0,46495000.0,0.0,-607670000.0,-1818000.0,-144025000.0,-745221000.0,-509224000.0,-17673000.0,1314031000.0,-13091000.0,676063000.0,676063000.0,676063000.0,50005000.0,0.0,0.038,3166452000.0,1155542000.0,1819194000.0,0.212,5.965,18.895,19.052,2236566000.0,0.0,7.183,0.715,0.706,192483000.0,1717452000.0,17876252000.0,17876252000.0,0.0,0.103,0.3,0.289,0.062,48115000.0,2945570000.0,1.0,1778489048.0,1757024000.0,1858136000.0,10.174,6759272000.0,105579000.0,430287000.0,0.0,3.847,1153657000.0
56,TJX,MRT,2007-06-30,2007-07-28,2007-07-28,2021-08-27,-24983000.0,6619915000.0,6374767500.0,4125648000.0,2494267000.0,2.775,1.202,-415642000.0,533786000.0,533786000.0,13407736000.0,657214000.0,1.437,2.073,835602000.0,1929000.0,833673000.0,835602000.0,0.0,361712000.0,0.0,0.011,0.075,1083266000.0,1444978000.0,0.082,1444978000.0,1083266000.0,1080348000.0,0.362,0.347,0.362,2154278000.0,2259569500.0,2154278000.0,12465070624.0,12.0,8.626,817372000.0,0.456,1.0,4282741000.0,0.242,182865000.0,2918000.0,3866883000.0,3760550250.0,3050201000.0,0.0,0.0,0.0,4465637000.0,2871983000.0,1593654000.0,12422510624.0,260069000.0,0.0,-281308000.0,-142653000.0,-135796000.0,-552471000.0,-432628000.0,-17686000.0,1233014000.0,12154000.0,657214000.0,657214000.0,657214000.0,48412000.0,0.0,0.037,3151063000.0,1131678000.0,1714717000.0,0.207,5.766,18.902,18.86,2107879000.0,0.0,6.827,0.702,0.692,147502000.0,1734639000.0,17690477000.0,17690477000.0,0.0,0.103,0.291,0.288,0.061,53547000.0,2930181000.0,1.0,1819481600.0,1791936000.0,1893276000.0,9.872,6437050000.0,94369000.0,423134000.0,5323000.0,3.592,1253665000.0
57,TJX,MRT,2007-03-31,2007-04-28,2007-04-28,2021-08-27,-30278000.0,6487715000.0,6218916750.0,4057462000.0,2430253000.0,2.788,1.334,-377136000.0,781210000.0,781210000.0,13164362000.0,736338000.0,1.614,1.681,823770000.0,1891000.0,821879000.0,823770000.0,0.0,357612000.0,0.0,0.01,0.07,1228038000.0,1585650000.0,0.091,1585650000.0,1228038000.0,1218307000.0,0.407,0.388,0.407,2420007000.0,2189670500.0,2420007000.0,12823257195.0,10.0,8.087,801712000.0,0.442,1.0,4176476000.0,0.241,182886000.0,9731000.0,3834239000.0,3730641000.0,2829303000.0,0.0,0.0,0.0,4067708000.0,2513150000.0,1554558000.0,12870045195.0,501328000.0,0.0,-160263000.0,-1746000.0,-127003000.0,-282805000.0,-394136000.0,-17700000.0,1178848000.0,-579000.0,736338000.0,736338000.0,736338000.0,49080000.0,0.0,0.042,2899358000.0,1277118000.0,1561987000.0,0.172,5.318,17.478,17.426,2051982000.0,0.0,7.093,0.742,0.742,155233000.0,1962808000.0,17340838000.0,17340838000.0,0.0,0.118,0.336,0.329,0.071,58458000.0,2874394000.0,1.0,1814599252.0,1814260000.0,1916104000.0,9.558,6304829000.0,35804000.0,481969000.0,40818000.0,3.475,1544312000.0
58,TJX,MRT,2006-12-31,2007-01-27,2007-01-27,2021-08-27,-33989000.0,6085700000.0,6001890000.0,3748813000.0,2336887000.0,2.85,1.261,-378011000.0,856669000.0,856669000.0,12969996000.0,738039000.0,1.573,1.657,809881000.0,1854000.0,808027000.0,809881000.0,0.0,353110000.0,0.0,0.009,0.068,1230641000.0,1583751000.0,0.093,1583751000.0,1230641000.0,1215075000.0,0.407,0.388,0.407,2290121000.0,2066879000.0,2290121000.0,13903139936.0,11.0,8.779,834735000.0,0.46,1.0,4134017000.0,0.242,182898000.0,15566000.0,3473034000.0,3681171250.0,2581969000.0,0.0,0.0,0.0,3795579000.0,2382980000.0,1412599000.0,13425418936.0,391020000.0,0.0,-297037000.0,-1712000.0,-122927000.0,-418044000.0,-395024000.0,-17713000.0,1212746000.0,-8658000.0,738039000.0,738039000.0,738039000.0,49133000.0,0.0,0.043,2854243000.0,1279774000.0,1372352000.0,0.167,5.862,18.191,18.12,2038376000.0,0.0,7.375,0.785,0.783,115245000.0,1870460000.0,17104013000.0,17104013000.0,0.0,0.123,0.357,0.334,0.072,66172000.0,2849283000.0,1.0,1820395788.0,1816176000.0,1920180000.0,9.418,5902802000.0,35825000.0,477036000.0,21525000.0,3.25,1365833000.0
59,TJX,MRT,2006-09-30,2006-10-28,2006-10-28,2021-08-27,-32773000.0,6305740000.0,5854541250.0,3939595000.0,2366145000.0,2.89,1.201,-376620000.0,341636000.0,341636000.0,12837282000.0,821280000.0,1.442,1.901,819357000.0,1817000.0,817540000.0,819357000.0,0.0,342920000.0,0.0,0.009,0.065,1239372000.0,1582292000.0,0.094,1582292000.0,1239372000.0,1217856000.0,0.45,0.422,0.45,2173872000.0,1967512250.0,2173872000.0,13635914353.0,11.0,8.618,751599000.0,0.415,1.0,4084911000.0,0.241,183120000.0,21516000.0,3868045000.0,3663973250.0,3246287000.0,0.0,0.0,0.0,4131868000.0,2732296000.0,1399572000.0,12954561353.0,140617000.0,0.0,-241906000.0,-246913000.0,-118653000.0,-606100000.0,-375932000.0,688000.0,1128219000.0,-5570000.0,821280000.0,821280000.0,821280000.0,339000.0,0.0,0.049,2845200000.0,1239711000.0,1717088000.0,0.144,5.959,15.774,16.011,2055593000.0,0.0,7.205,0.766,0.771,161570000.0,1751546000.0,16922193000.0,16922193000.0,0.0,0.14,0.417,0.338,0.073,74467000.0,2845200000.0,1.0,1797996024.0,1810176000.0,1917964000.0,9.348,6122620000.0,16284000.0,396576000.0,14089000.0,3.382,1207299000.0
60,TJX,MRT,2006-06-30,2006-07-29,2006-07-29,2021-08-27,-36571000.0,5996512000.0,5729654750.0,3652816000.0,2343696000.0,2.878,1.037,-446514000.0,273717000.0,273717000.0,12575213000.0,745993000.0,1.33,2.199,955070000.0,142653000.0,812417000.0,955070000.0,0.0,330174000.0,0.0,0.01,0.062,1124504000.0,1454678000.0,0.088,1454678000.0,1124504000.0,1099653000.0,0.407,0.383,0.407,1874682000.0,1833644500.0,1874682000.0,11727848348.0,10.0,8.062,730080000.0,0.404,1.0,3915949000.0,0.237,183217000.0,24851000.0,3747246000.0,3563708000.0,2923434000.0,0.0,0.0,0.0,4121830000.0,2747402000.0,1374428000.0,11192602348.0,92028000.0,0.0,-447885000.0,-70850000.0,-115071000.0,-633806000.0,-445839000.0,675000.0,1176594000.0,-4921000.0,745993000.0,745993000.0,745993000.0,132000.0,0.0,0.045,2791313000.0,1124636000.0,1561525000.0,0.152,5.97,15.004,15.043,2019883000.0,0.0,6.122,0.679,0.671,119482000.0,1461754000.0,16491162000.0,16491162000.0,0.0,0.13,0.407,0.316,0.068,83433000.0,2791313000.0,1.0,1828109816.0,1808528000.0,1909940000.0,9.119,5813295000.0,24340000.0,353660000.0,0.0,3.214,905414000.0
61,TJX,MRT,2006-03-31,2006-04-29,2006-04-29,2021-08-27,-41118000.0,5619608000.0,5628604000.0,3257761000.0,2361847000.0,2.874,1.051,-481631000.0,279882000.0,279882000.0,12348751000.0,718651000.0,1.395,1.913,815128000.0,1746000.0,813382000.0,815128000.0,0.0,321504000.0,0.0,0.01,0.06,1076962000.0,1398466000.0,0.086,1398466000.0,1076962000.0,1049607000.0,0.39,0.367,0.39,1928841000.0,1768247750.0,1928841000.0,11466348158.0,11.0,8.199,540097000.0,0.294,1.0,3826618000.0,0.237,183363000.0,27355000.0,3636360000.0,3475618750.0,2555286000.0,0.0,0.0,0.0,3690767000.0,2335131000.0,1355636000.0,11123135158.0,102132000.0,0.0,-390447000.0,67823000.0,-111307000.0,-433931000.0,-480967000.0,664000.0,1021728000.0,-4698000.0,718651000.0,718651000.0,718651000.0,-536000.0,0.0,0.044,2750192000.0,1076426000.0,1450895000.0,0.154,5.767,15.478,15.468,2022033000.0,0.0,6.032,0.688,0.685,153865000.0,1512932000.0,16175369000.0,16175369000.0,0.0,0.128,0.406,0.31,0.067,86607000.0,2750192000.0,1.0,1843868240.0,1835680000.0,1939788000.0,8.812,5436245000.0,22997000.0,330956000.0,0.0,2.961,922630000.0
62,TJX,MRT,2005-12-31,2006-01-28,2006-01-28,2021-08-27,-44296000.0,5496305000.0,5518091750.0,3140127000.0,2356178000.0,2.892,1.014,-486260000.0,465649000.0,465649000.0,12214671000.0,690423000.0,1.394,1.904,808862000.0,1712000.0,807150000.0,808862000.0,0.0,314285000.0,0.0,0.009,0.056,1038590000.0,1352875000.0,0.085,1352875000.0,1038590000.0,1008958000.0,0.37,0.352,0.37,1892654000.0,1692796750.0,1892654000.0,12317597655.0,12.0,9.105,671759000.0,0.36,1.0,3741272000.0,0.234,183425000.0,29632000.0,3404242000.0,3346221000.0,2365861000.0,0.0,0.0,0.0,3603651000.0,2251851000.0,1351800000.0,11466561655.0,158462000.0,0.0,-501301000.0,102847000.0,-105251000.0,-503705000.0,-485608000.0,652000.0,1158019000.0,-10244000.0,690423000.0,690423000.0,690423000.0,-589000.0,0.0,0.043,2703271000.0,1038001000.0,1313472000.0,0.151,6.058,16.608,16.818,2013046000.0,0.0,6.223,0.719,0.728,140747000.0,1475983000.0,15955943000.0,15955943000.0,0.0,0.125,0.408,0.31,0.065,91190000.0,2703271000.0,1.0,1842758000.0,1866148000.0,1966000000.0,8.55,5312880000.0,15641000.0,318535000.0,0.0,2.847,888276000.0
63,TJX,MRT,2005-09-30,2005-10-29,2005-10-29,2021-08-27,-36357000.0,5806194000.0,5412883750.0,3516153000.0,2290041000.0,2.885,0.887,-544197000.0,201019000.0,201019000.0,12021379000.0,524210000.0,1.169,2.544,1052055000.0,451340000.0,600715000.0,1052055000.0,0.0,306912000.0,0.0,0.01,0.052,880642000.0,1187554000.0,0.076,1187554000.0,880642000.0,851523000.0,0.28,0.273,0.28,1638401000.0,1656272250.0,1638401000.0,10586434955.0,12.0,8.914,344610000.0,0.187,1.0,3596601000.0,0.23,183498000.0,29119000.0,3466984000.0,3265292250.0,2913469000.0,0.0,0.0,0.0,4167793000.0,3006748000.0,1161045000.0,9751759955.0,57608000.0,0.0,-539804000.0,348113000.0,-99470000.0,-288139000.0,-543545000.0,652000.0,888807000.0,485000.0,524210000.0,524210000.0,524210000.0,518000.0,0.0,0.034,2715441000.0,881160000.0,1473777000.0,0.186,5.952,18.603,18.688,1988864000.0,0.0,5.232,0.624,0.619,173516000.0,1214068000.0,15617980000.0,15617980000.0,0.0,0.097,0.316,0.27,0.056,149026000.0,2715441000.0,1.0,1863690388.0,1847744000.0,1945980000.0,8.452,5622696000.0,5917000.0,327313000.0,47196000.0,3.043,509405000.0
64,TJX,MRT,2005-06-30,2005-07-30,2005-07-30,2021-08-27,-32843000.0,5592309000.0,5284789750.0,3384043000.0,2208266000.0,2.913,0.863,-510033000.0,181689000.0,181689000.0,11806468000.0,569740000.0,1.188,2.467,1016364000.0,416143000.0,600221000.0,1016364000.0,0.0,299997000.0,0.0,0.008,0.049,947465000.0,1247462000.0,0.081,1247462000.0,947465000.0,921331000.0,0.297,0.292,0.297,1613095000.0,1634302500.0,1613095000.0,11617919484.0,12.0,9.313,401940000.0,0.215,1.0,3586950000.0,0.233,183548000.0,26134000.0,3394889000.0,3167222500.0,2814691000.0,0.0,0.0,0.0,3979214000.0,2848547000.0,1130667000.0,11059843484.0,46104000.0,0.0,-572775000.0,307984000.0,-93548000.0,-355317000.0,-509380000.0,653000.0,911973000.0,-1172000.0,569740000.0,569740000.0,569740000.0,518000.0,0.0,0.037,2638967000.0,947983000.0,1518950000.0,0.165,6.856,19.412,19.79,1900689000.0,0.0,5.878,0.718,0.714,120932000.0,1180015000.0,15393418000.0,15393418000.0,0.0,0.108,0.349,0.299,0.062,129286000.0,2638967000.0,1.0,1881725816.0,1868824000.0,1971268000.0,8.237,5408761000.0,3160000.0,351591000.0,44735000.0,2.894,535496000.0
65,TJX,MRT,2005-03-31,2005-04-30,2005-04-30,2021-08-27,-25870000.0,5177559000.0,5040054250.0,2995309000.0,2182250000.0,3.008,0.853,-466872000.0,177750000.0,177750000.0,11627814000.0,577168000.0,1.231,2.182,735826000.0,136602000.0,599224000.0,735826000.0,0.0,290507000.0,0.0,0.008,0.045,959932000.0,1250439000.0,0.082,1250439000.0,959932000.0,934722000.0,0.297,0.293,0.297,1627037000.0,1614229500.0,1627037000.0,11280764838.0,12.0,9.021,603731000.0,0.316,1.0,3532025000.0,0.233,183616000.0,25210000.0,3118769000.0,3070897000.0,2460401000.0,0.0,0.0,0.0,3550522000.0,2433250000.0,1117272000.0,10887835838.0,-63760000.0,0.0,-611046000.0,28502000.0,-87584000.0,-667106000.0,-466220000.0,652000.0,1070603000.0,-1037000.0,577168000.0,577168000.0,577168000.0,518000.0,0.0,0.038,2571575000.0,960450000.0,1328875000.0,0.152,6.692,18.864,19.066,1885031000.0,0.0,5.662,0.718,0.713,132210000.0,1182476000.0,15159839000.0,15159839000.0,0.0,0.115,0.358,0.313,0.063,112204000.0,2571575000.0,1.0,1922796616.0,1907916000.0,1988460000.0,7.946,4993943000.0,403000.0,357554000.0,51879000.0,2.617,562059000.0
66,TJX,MRT,2004-12-31,2005-01-29,2005-01-29,2021-08-27,-26245000.0,5075473000.0,4872832750.0,2905120000.0,2170353000.0,3.05,0.893,-429133000.0,307187000.0,307187000.0,11357391000.0,609699000.0,1.318,1.906,700116000.0,101576000.0,598540000.0,700116000.0,0.0,279059000.0,0.0,0.007,0.043,1015033000.0,1294092000.0,0.087,1294092000.0,1015033000.0,989276000.0,0.312,0.302,0.312,1746556000.0,1603845500.0,1746556000.0,12525895390.0,12.0,9.679,647676000.0,0.331,1.0,3503355000.0,0.236,183763000.0,25757000.0,3080527000.0,3048457250.0,2352032000.0,0.0,0.0,0.0,3328917000.0,2204112000.0,1124805000.0,11969714390.0,60784000.0,0.0,-497719000.0,-6462000.0,-83418000.0,-584577000.0,-428481000.0,652000.0,1076809000.0,-2967000.0,609699000.0,609699000.0,609699000.0,518000.0,0.0,0.041,2487804000.0,1015551000.0,1276035000.0,0.138,6.853,19.632,19.904,1861127000.0,0.0,6.21,0.805,0.817,119611000.0,1292102000.0,14860746000.0,14860746000.0,0.0,0.125,0.38,0.333,0.068,97099000.0,2487804000.0,1.0,1927490240.0,1955236000.0,2038644000.0,7.6,4891710000.0,0.0,379577000.0,61833000.0,2.502,701008000.0
67,TJX,MRT,2004-09-30,2004-10-30,2004-10-30,2021-08-27,-21569000.0,5293818000.0,4703156250.0,3259238000.0,2034580000.0,3.123,0.8,-384129000.0,143411000.0,143411000.0,11137200000.0,676995000.0,1.258,2.414,699592000.0,101541000.0,598051000.0,699592000.0,0.0,272413000.0,0.0,0.007,0.04,1121741000.0,1394154000.0,0.095,1394154000.0,1121741000.0,1095215000.0,0.343,0.323,0.343,1550522000.0,1555303500.0,1550522000.0,12284665628.0,11.0,8.812,749345000.0,0.387,1.0,3552771000.0,0.242,183636000.0,26526000.0,3074705000.0,3022025000.0,2777366000.0,0.0,0.0,0.0,3743296000.0,2591658000.0,1151638000.0,11720239628.0,55789000.0,-57138000.0,-546732000.0,-6433000.0,-79315000.0,-629928000.0,-440627000.0,640000.0,1133474000.0,-7130000.0,676995000.0,676995000.0,676995000.0,0.0,0.0,0.046,2431030000.0,1121741000.0,1569982000.0,0.117,7.559,17.312,17.478,1739003000.0,0.0,5.995,0.798,0.791,142640000.0,1101532000.0,14689971000.0,14689971000.0,0.0,0.144,0.435,0.371,0.076,93080000.0,2431030000.0,1.0,1955002440.0,1938052000.0,2027680000.0,7.58,5110182000.0,4785000.0,418220000.0,176354000.0,2.637,667580000.0
68,TJX,MRT,2004-06-30,2004-07-31,2004-07-31,2021-08-27,-14650000.0,4613367000.0,4491746000.0,2679305000.0,1934062000.0,3.175,0.779,-359084000.0,135585000.0,135585000.0,10808144000.0,658973000.0,1.35,2.01,700011000.0,106507000.0,593504000.0,700011000.0,0.0,261951000.0,0.0,0.006,0.038,1094744000.0,1356695000.0,0.095,1356695000.0,1094744000.0,1068122000.0,0.33,0.312,0.33,1532803000.0,1523992750.0,1532803000.0,12072566940.0,11.0,8.899,717539000.0,0.365,1.0,3451929000.0,0.242,183592000.0,26622000.0,3009587000.0,2997357000.0,2216980000.0,0.0,0.0,0.0,3080564000.0,1984614000.0,1095950000.0,11616032940.0,91577000.0,-57138000.0,-474781000.0,-16404000.0,-75074000.0,-563707000.0,-415595000.0,627000.0,1076623000.0,-5744000.0,658973000.0,658973000.0,658973000.0,0.0,0.0,0.046,2357185000.0,1094744000.0,1142024000.0,0.115,7.578,17.627,17.78,1644682000.0,0.0,5.867,0.815,0.81,99567000.0,1068795000.0,14260073000.0,14260073000.0,0.0,0.147,0.432,0.365,0.077,96581000.0,2357185000.0,1.0,1979724404.0,1967948000.0,2064356000.0,7.246,4429775000.0,6183000.0,409149000.0,156140000.0,2.251,694691000.0
69,TJX,MRT,2004-03-31,2004-05-01,2004-05-01,2021-08-27,-15339000.0,4508673000.0,4362723250.0,2582853000.0,1925820000.0,3.184,0.797,-384675000.0,241510000.0,241510000.0,10505995000.0,663993000.0,1.474,1.844,698044000.0,6489000.0,691555000.0,698044000.0,0.0,250185000.0,0.0,0.006,0.035,1102723000.0,1352908000.0,0.097,1352908000.0,1102723000.0,1075866000.0,0.33,0.315,0.33,1585501000.0,1479029750.0,1585501000.0,12717270870.0,12.0,9.4,646991000.0,0.325,1.0,3385975000.0,0.244,183654000.0,26857000.0,3029010000.0,2975037000.0,2010178000.0,0.0,0.0,0.0,2923172000.0,1752543000.0,1170629000.0,12264892870.0,70058000.0,-57138000.0,-429622000.0,-16377000.0,-70746000.0,-514193000.0,-441196000.0,617000.0,1031666000.0,-6219000.0,663993000.0,663993000.0,663993000.0,0.0,0.0,0.048,2283252000.0,1102723000.0,1083982000.0,0.106,7.736,18.471,18.614,1626867000.0,0.0,6.143,0.883,0.879,106793000.0,1118352000.0,13891970000.0,13891970000.0,0.0,0.152,0.449,0.371,0.079,94586000.0,2283252000.0,1.0,1996726556.0,1988180000.0,2086344000.0,6.987,4325019000.0,7581000.0,411873000.0,136854000.0,2.175,830310000.0
70,TJX,MRT,2003-12-31,2004-01-31,2004-01-31,2021-08-27,-13584000.0,4396767000.0,4243034250.0,2451748000.0,1945019000.0,3.141,0.763,-409037000.0,246403000.0,246403000.0,10101279000.0,609412000.0,1.45,1.832,698781000.0,6460000.0,692321000.0,698781000.0,0.0,238385000.0,0.0,0.006,0.034,1013990000.0,1252375000.0,0.094,1252375000.0,1013990000.0,986738000.0,0.3,0.29,0.3,1552388000.0,1424926750.0,1552388000.0,12179003470.0,12.0,9.725,358911000.0,0.177,1.0,3226659000.0,0.242,183827000.0,27252000.0,2974798000.0,2911283750.0,1941698000.0,0.0,0.0,0.0,2844379000.0,1690520000.0,1153859000.0,11570313470.0,-245927000.0,-57138000.0,-461587000.0,-16348000.0,-68889000.0,-544272000.0,-465569000.0,606000.0,767948000.0,-4034000.0,609412000.0,609412000.0,609412000.0,0.0,0.0,0.046,2212669000.0,1013990000.0,960382000.0,0.113,7.453,18.986,19.158,1639937000.0,0.0,5.747,0.868,0.877,90902000.0,1079100000.0,13327938000.0,13327938000.0,0.0,0.144,0.428,0.348,0.076,89245000.0,2212669000.0,1.0,2013103692.0,2033436000.0,2125204000.0,6.554,4212940000.0,8979000.0,377326000.0,123817000.0,2.072,761228000.0
71,TJX,MRT,2003-09-30,2003-10-25,2003-10-25,2021-08-27,-9972000.0,4448177000.0,4128964750.0,2586485000.0,1861692000.0,3.083,0.704,-427590000.0,87622000.0,87622000.0,9690614000.0,573929000.0,1.36,2.121,696312000.0,6431000.0,689881000.0,696312000.0,0.0,225191000.0,0.0,0.006,0.033,963711000.0,1188902000.0,0.093,1188902000.0,963711000.0,936372000.0,0.28,0.27,0.28,1425279000.0,1389116500.0,1425279000.0,11141182067.0,12.0,9.371,456526000.0,0.226,1.0,3037208000.0,0.239,179419000.0,27339000.0,2976033000.0,2784920000.0,2242904000.0,0.0,0.0,0.0,3022898000.0,1901415000.0,1121483000.0,10475587067.0,-64317000.0,0.0,-437549000.0,-16321000.0,-67048000.0,-520918000.0,-426995000.0,595000.0,884116000.0,-520000.0,573929000.0,573929000.0,573929000.0,0.0,0.0,0.045,2073497000.0,963711000.0,1156506000.0,0.118,7.35,18.252,18.455,1569738000.0,0.0,5.168,0.823,0.822,113471000.0,945183000.0,12727822000.0,12727822000.0,0.0,0.139,0.413,0.346,0.076,18630000.0,2073497000.0,1.0,2027206012.0,2023616000.0,,6.29,4268758000.0,12408000.0,362443000.0,90374000.0,2.109,685070000.0
72,TJX,MRT,2003-06-30,2003-07-26,2003-07-26,2021-08-27,-12039000.0,4097276000.0,4006408000.0,2314663000.0,1782613000.0,3.091,0.663,-425967000.0,44008000.0,44008000.0,9452701000.0,538451000.0,1.392,2.028,709603000.0,16403000.0,693200000.0,709603000.0,0.0,218519000.0,0.0,0.006,0.031,902923000.0,1121442000.0,0.091,1121442000.0,902923000.0,875501000.0,0.26,0.25,0.26,1352951000.0,1373366000.0,1352951000.0,10673864501.0,12.0,9.518,276225000.0,0.135,1.0,2932619000.0,0.237,179329000.0,27422000.0,2920307000.0,2710653750.0,2017932000.0,0.0,0.0,0.0,2744325000.0,1663235000.0,1081090000.0,10133517501.0,-248636000.0,0.0,-454992000.0,-1295000.0,-65160000.0,-521447000.0,-425382000.0,585000.0,702192000.0,-3999000.0,538451000.0,538451000.0,538451000.0,0.0,0.0,0.043,2029696000.0,902923000.0,1040425000.0,0.119,7.49,18.82,19.087,1489736000.0,0.0,4.963,0.818,0.817,86527000.0,870954000.0,12385320000.0,12385320000.0,0.0,0.134,0.392,0.333,0.073,15600000.0,2029696000.0,1.0,2042018640.0,2039712000.0,,6.072,3917947000.0,11259000.0,337050000.0,68774000.0,1.921,651428000.0
73,TJX,MRT,2003-03-31,2003-04-26,2003-04-26,2021-08-27,-5079000.0,4029917000.0,3937235250.0,2299848000.0,1730069000.0,3.074,0.662,-413226000.0,171452000.0,171452000.0,9204379000.0,544816000.0,1.422,1.944,711799000.0,16494000.0,695305000.0,711799000.0,0.0,213977000.0,0.0,0.007,0.03,911440000.0,1125417000.0,0.093,1125417000.0,911440000.0,885283000.0,0.26,0.25,0.26,1369089000.0,1366066750.0,1369089000.0,9663244154.0,11.0,8.586,237540000.0,0.115,1.0,2899846000.0,0.24,179256000.0,26157000.0,2773997000.0,2606964500.0,1882582000.0,0.0,0.0,0.0,2660828000.0,1617011000.0,1043817000.0,9445462154.0,-345407000.0,0.0,-514264000.0,-1269000.0,-63412000.0,-578945000.0,-412652000.0,574000.0,650766000.0,-4576000.0,544816000.0,544816000.0,544816000.0,0.0,0.0,0.045,1988406000.0,911440000.0,997874000.0,0.115,6.899,17.337,17.654,1439294000.0,0.0,4.59,0.78,0.784,95011000.0,866624000.0,12104225000.0,12104225000.0,0.0,0.138,0.399,0.35,0.075,14871000.0,1988406000.0,1.0,2057834892.0,2066588000.0,,5.857,3850661000.0,10110000.0,340467000.0,55998000.0,1.863,682837000.0
74,TJX,MRT,2002-12-31,2003-01-25,2003-01-25,2021-08-27,-3164000.0,3940489000.0,3872792750.0,2240540000.0,1699949000.0,3.094,0.662,-396724000.0,492330000.0,492330000.0,9079579000.0,578388000.0,1.484,1.796,710112000.0,16348000.0,693764000.0,710112000.0,0.0,207876000.0,0.0,0.006,0.028,963097000.0,1170973000.0,0.098,1170973000.0,963097000.0,937724000.0,0.273,0.263,0.273,1409147000.0,1369649250.0,1409147000.0,10569985733.0,11.0,9.027,511836000.0,0.24,1.0,2901628000.0,0.242,179183000.0,25373000.0,2469343000.0,2498550250.0,1563450000.0,0.0,0.0,0.0,2531342000.0,1509745000.0,1021597000.0,10013492733.0,-446000.0,0.0,-447818000.0,-1244000.0,-60025000.0,-509087000.0,-396160000.0,564000.0,908560000.0,-3759000.0,578388000.0,578388000.0,578388000.0,0.0,0.0,0.048,1938531000.0,963097000.0,817633000.0,0.103,7.106,17.313,17.454,1407574000.0,0.0,4.765,0.836,0.847,75515000.0,899448000.0,11981207000.0,11981207000.0,0.0,0.149,0.422,0.385,0.08,14964000.0,1938531000.0,1.0,2101467520.0,2128964000.0,2218580000.0,5.628,3761306000.0,8961000.0,359336000.0,41969000.0,1.767,730795000.0
75,TJX,MRT,2002-09-30,2002-10-26,2002-10-26,2021-08-27,-3920000.0,3957950000.0,3786606250.0,2368910000.0,1589040000.0,3.086,0.645,-432788000.0,151939000.0,151939000.0,8839308000.0,579405000.0,1.43,1.905,708432000.0,1321000.0,707111000.0,708432000.0,0.0,205434000.0,0.0,0.005,0.026,966290000.0,1171724000.0,0.1,1171724000.0,966290000.0,939618000.0,0.269,0.25,0.269,1362277000.0,1352537000.0,1362277000.0,11342814956.0,12.0,9.68,574125000.0,0.272,1.0,2845130000.0,0.243,179138000.0,26672000.0,2678968000.0,2459334250.0,2001514000.0,0.0,0.0,0.0,2595673000.0,1656337000.0,939336000.0,10928704956.0,75851000.0,0.0,-440170000.0,-1225000.0,-56534000.0,-497929000.0,-432234000.0,544000.0,1006913000.0,-899000.0,579405000.0,579405000.0,579405000.0,0.0,0.0,0.05,1878840000.0,966290000.0,984473000.0,0.097,8.022,18.862,19.229,1335791000.0,0.0,5.173,0.935,0.935,94724000.0,849719000.0,11684438000.0,11684438000.0,0.0,0.153,0.428,0.393,0.083,23803000.0,1878840000.0,1.0,2112847744.0,2112847744.0,,5.53,3778812000.0,14136000.0,360213000.0,91216000.0,1.788,712573000.0
76,TJX,MRT,2002-06-30,2002-07-27,2002-07-27,2021-08-27,-6513000.0,3820585000.0,3706837750.0,2289525000.0,1531060000.0,3.07,0.613,-437043000.0,292644000.0,292644000.0,8609168000.0,541548000.0,1.477,1.886,706754000.0,1295000.0,705459000.0,706754000.0,0.0,205710000.0,0.0,0.005,0.024,929869000.0,1135579000.0,0.1,1135579000.0,929869000.0,901973000.0,0.249,0.248,0.249,1323754000.0,1325630000.0,1323754000.0,9806759801.0,11.0,8.636,591648000.0,0.274,1.0,2772089000.0,0.244,179120000.0,27896000.0,2505550000.0,2360866500.0,1771378000.0,0.0,0.0,0.0,2496831000.0,1550025000.0,946806000.0,9618534801.0,154027000.0,0.0,-383213000.0,-4091000.0,-53005000.0,-440309000.0,-437384000.0,402000.0,1028691000.0,3029000.0,541548000.0,541548000.0,541548000.0,40000000.0,0.0,0.048,1802220000.0,969869000.0,962945000.0,0.096,7.266,17.761,17.892,1267153000.0,0.0,4.455,0.845,0.845,69905000.0,803965000.0,11381257000.0,11381257000.0,0.0,0.146,0.409,0.394,0.082,25979000.0,1802220000.0,1.0,2159042604.0,2159042604.0,,5.271,3641465000.0,19925000.0,360425000.0,77853000.0,1.687,739500000.0
77,TJX,MRT,2002-03-31,2002-04-27,2002-04-27,2021-08-27,-6809000.0,3772147000.0,3612130500.0,2268072000.0,1504075000.0,3.074,0.64,-454896000.0,516859000.0,516859000.0,8425136000.0,523829000.0,1.574,1.727,705084000.0,1269000.0,703815000.0,705084000.0,0.0,204821000.0,0.0,0.004,0.022,899520000.0,1104341000.0,0.099,1104341000.0,899520000.0,871899000.0,0.239,0.238,0.239,1383419000.0,1296888750.0,1383419000.0,12045983667.0,13.0,10.908,598192000.0,0.277,1.0,2678654000.0,0.241,179141000.0,27621000.0,2340340000.0,2349680250.0,1528766000.0,0.0,0.0,0.0,2388728000.0,1440891000.0,947837000.0,11835136667.0,212172000.0,0.0,-322834000.0,-15017000.0,-49294000.0,-387145000.0,-457180000.0,262000.0,1053088000.0,3409000.0,523829000.0,523829000.0,523829000.0,40000000.0,0.0,0.047,1739134000.0,939520000.0,858211000.0,0.092,8.555,22.594,22.924,1220453000.0,0.0,5.479,1.066,1.066,80434000.0,1124810000.0,11103790000.0,11103790000.0,0.0,0.145,0.404,0.383,0.081,31379000.0,1739134000.0,1.0,2160189216.0,2160189216.0,,5.14,3593006000.0,36115000.0,348070000.0,115128000.0,1.663,827181000.0
78,TJX,MRT,2001-12-31,2002-01-26,2002-01-26,2021-08-27,-6755000.0,3595743000.0,3507425500.0,2115926000.0,1479817000.0,3.053,0.609,-449444000.0,492776000.0,492776000.0,8122922000.0,500397000.0,1.609,1.682,703623000.0,1244000.0,702379000.0,703623000.0,0.0,204081000.0,0.0,0.004,0.022,859687000.0,1063768000.0,0.099,1063768000.0,859687000.0,834044000.0,0.228,0.225,0.228,1340698000.0,1254532000.0,1340698000.0,11534825120.0,13.0,10.843,463002000.0,0.21,1.0,2586076000.0,0.241,179101000.0,25643000.0,2312479000.0,2325178750.0,1456976000.0,0.0,0.0,0.0,2255045000.0,1315010000.0,940035000.0,10909542120.0,360241000.0,0.0,-358961000.0,307514000.0,-48290000.0,-99737000.0,-454846000.0,125000.0,912446000.0,2378000.0,500397000.0,500397000.0,500397000.0,40000000.0,0.0,0.047,1686389000.0,899687000.0,761546000.0,0.096,8.137,21.802,21.93,1191002000.0,0.0,5.0,1.019,1.028,69209000.0,1080569000.0,10708998000.0,10708998000.0,0.0,0.143,0.399,0.37,0.08,33316000.0,1686389000.0,1.0,2181908424.0,2202588000.0,2225072000.0,4.862,3416642000.0,38578000.0,333647000.0,41950000.0,1.551,800916000.0
79,TJX,MRT,2001-09-30,2001-10-27,2001-10-27,2021-08-27,-3253000.0,3638876000.0,3341560500.0,2267698000.0,1371178000.0,3.068,0.572,-372798000.0,76088000.0,76088000.0,7765354000.0,480256000.0,1.26,1.9,702590000.0,352504000.0,350086000.0,702590000.0,0.0,197182000.0,0.0,0.005,0.021,812864000.0,1010046000.0,0.099,1010046000.0,812864000.0,788725000.0,0.216,0.233,0.216,1254649000.0,1224035500.0,1254649000.0,10225375854.0,13.0,10.124,348074000.0,0.159,1.0,2486237000.0,0.243,180576000.0,24139000.0,2285097000.0,2183171000.0,1990920000.0,0.0,0.0,0.0,2384227000.0,1799705000.0,584522000.0,9660741854.0,20607000.0,0.0,-308032000.0,35885000.0,-47219000.0,-319366000.0,-382911000.0,0.0,720872000.0,2012000.0,480256000.0,480256000.0,480256000.0,40000000.0,0.0,0.047,1633373000.0,852864000.0,882631000.0,0.097,7.7,20.116,20.382,1093514000.0,0.0,4.402,0.942,0.942,94130000.0,985377000.0,10251591000.0,10251591000.0,0.0,0.144,0.392,0.372,0.079,36014000.0,1633373000.0,1.0,2194376344.0,2194376344.0,,4.672,3458300000.0,65096000.0,308469000.0,71321000.0,1.576,467993000.0
80,TJX,MRT,2001-06-30,2001-07-28,2001-07-28,2021-08-27,-2961000.0,3441756000.0,3262662250.0,2165316000.0,1276440000.0,3.056,0.545,-313774000.0,138617000.0,138617000.0,7513106000.0,529032000.0,1.587,1.847,704455000.0,4114000.0,700341000.0,704455000.0,0.0,192797000.0,0.0,0.005,0.021,870809000.0,1063606000.0,0.107,1063606000.0,870809000.0,845828000.0,0.236,0.234,0.236,1208789000.0,1184643250.0,1208789000.0,9559748873.0,11.0,8.988,470281000.0,0.212,1.0,2458127000.0,0.247,182064000.0,24981000.0,2460805000.0,2110168250.0,1854626000.0,0.0,0.0,0.0,2232967000.0,1364725000.0,868242000.0,9182657873.0,99217000.0,0.0,-358181000.0,52636000.0,-46162000.0,-351707000.0,-330056000.0,0.0,784055000.0,-3075000.0,529032000.0,529032000.0,529032000.0,0.0,0.0,0.053,1587318000.0,870809000.0,898675000.0,0.089,7.597,17.357,17.532,1017460000.0,0.0,4.138,0.921,0.921,68743000.0,937784000.0,9971233000.0,9971233000.0,0.0,0.162,0.447,0.413,0.087,28666000.0,1587318000.0,1.0,2219373504.0,2219373504.0,,4.493,3259692000.0,37509000.0,316796000.0,40787000.0,1.469,800591000.0
81,TJX,MRT,2001-03-31,2001-04-28,2001-04-28,2021-08-27,-4059000.0,3353327000.0,3157321750.0,2169080000.0,1184247000.0,3.085,0.544,-267836000.0,304687000.0,304687000.0,7320700000.0,531157000.0,1.663,1.762,681778000.0,13723000.0,668055000.0,681778000.0,0.0,183874000.0,0.0,0.005,0.02,875735000.0,1059609000.0,0.109,1059609000.0,875735000.0,851368000.0,0.235,0.233,0.235,1213992000.0,1131931750.0,1213992000.0,9053069014.0,10.0,8.544,284070000.0,0.127,1.0,2421085000.0,0.249,183502000.0,24367000.0,2242334000.0,1968370750.0,1642749000.0,0.0,0.0,0.0,2139335000.0,1304582000.0,834753000.0,8827159014.0,68678000.0,0.0,-395668000.0,250846000.0,-45275000.0,-190097000.0,-291054000.0,0.0,551906000.0,-2077000.0,531157000.0,531157000.0,531157000.0,0.0,0.0,0.055,1545350000.0,875735000.0,745050000.0,0.085,7.271,16.619,16.84,925599000.0,0.0,3.958,0.906,0.906,73638000.0,941094000.0,9741785000.0,9741785000.0,0.0,0.168,0.469,0.445,0.09,21642000.0,1545350000.0,1.0,2230488696.0,2230488696.0,,4.368,3169825000.0,48450000.0,320211000.0,97514000.0,1.421,864498000.0
82,TJX,MRT,2000-12-31,2001-01-27,2001-01-27,2021-08-27,-3288000.0,2932283000.0,3078941500.0,1765944000.0,1166339000.0,3.111,0.53,-257005000.0,132535000.0,132535000.0,7188124000.0,538066000.0,1.437,1.406,358445000.0,39073000.0,319372000.0,358445000.0,0.0,175781000.0,0.0,0.005,0.019,887846000.0,1063627000.0,0.111,1063627000.0,887846000.0,864942000.0,0.235,0.233,0.235,1218712000.0,1100657750.0,1218712000.0,9049185062.0,10.0,8.508,299758000.0,0.13,1.0,2390882000.0,0.25,184986000.0,22904000.0,1744448000.0,1806699750.0,1452877000.0,0.0,0.0,0.0,1713571000.0,1228759000.0,484812000.0,8474154062.0,-239224000.0,0.0,-418004000.0,-61203000.0,-44693000.0,-523900000.0,-270922000.0,0.0,556763000.0,-1165000.0,538066000.0,538066000.0,538066000.0,0.0,0.0,0.056,1503036000.0,887846000.0,645672000.0,0.081,6.953,15.749,16.122,907983000.0,0.0,3.789,0.885,0.91,61845000.0,941621000.0,9579006000.0,9579006000.0,0.0,0.175,0.489,0.491,0.093,15941000.0,1503036000.0,1.0,2236662240.0,2299524000.0,2313568000.0,4.166,2747297000.0,47391000.0,326876000.0,0.0,1.195,537185000.0
83,TJX,MRT,2000-09-30,2000-10-28,2000-10-28,2021-08-27,-1929000.0,3323283000.0,3047111500.0,2123853000.0,1199430000.0,3.07,0.488,-237418000.0,55481000.0,55481000.0,6993176000.0,525240000.0,1.236,2.029,630512000.0,311155000.0,319357000.0,630512000.0,0.0,175640000.0,0.0,0.006,0.019,883578000.0,1059218000.0,0.113,1059218000.0,883578000.0,864531000.0,0.224,0.222,0.224,1097080000.0,1075786750.0,1097080000.0,7750081899.0,9.0,7.317,368984000.0,0.164,1.0,2361461000.0,0.252,186411000.0,19047000.0,1993086000.0,1739312000.0,1949730000.0,0.0,0.0,0.0,2226203000.0,1718817000.0,507386000.0,7172560899.0,30920000.0,0.0,-582069000.0,300550000.0,-44348000.0,-325867000.0,-248461000.0,0.0,606402000.0,-1154000.0,525240000.0,525240000.0,525240000.0,0.0,0.0,0.056,1463286000.0,898175000.0,881224000.0,0.085,6.538,13.656,14.23,878262000.0,0.0,3.188,0.767,0.767,70719000.0,819236000.0,9354637000.0,9354637000.0,0.0,0.172,0.488,0.508,0.094,12788000.0,1463286000.0,1.0,2250215184.0,2250215184.0,,4.157,3136872000.0,40955000.0,339291000.0,88633000.0,1.394,405036000.0
84,TJX,MRT,2000-06-30,2000-07-29,2000-07-29,2021-08-27,-1943000.0,3020394000.0,2950929500.0,1868008000.0,1152386000.0,3.093,0.426,-236881000.0,39400000.0,39400000.0,6831698000.0,518683000.0,1.232,2.027,616921000.0,297569000.0,319352000.0,616921000.0,0.0,167365000.0,0.0,0.009,0.018,866046000.0,1033411000.0,0.113,1033411000.0,866046000.0,852104000.0,0.214,0.214,0.214,997943000.0,1098371000.0,997943000.0,4929533236.0,6.0,4.77,372087000.0,0.159,1.0,2296582000.0,0.252,187912000.0,13942000.0,1893615000.0,1595427250.0,1690933000.0,0.0,0.0,0.0,2022451000.0,1516388000.0,506063000.0,4735616236.0,-7787000.0,0.0,-664503000.0,335347000.0,-44134000.0,-373290000.0,-245148000.0,0.0,608968000.0,1683000.0,518683000.0,518683000.0,518683000.0,0.0,0.0,0.057,1415939000.0,880643000.0,767008000.0,0.084,4.745,9.13,9.457,859114000.0,0.0,2.024,0.519,0.519,57411000.0,717912000.0,9128280000.0,9128280000.0,0.0,0.176,0.472,0.543,0.095,12917000.0,1415939000.0,1.0,2340020376.0,2340020376.0,,3.901,2832482000.0,34988000.0,333421000.0,21449000.0,1.21,351620000.0
85,TJX,MRT,2000-03-31,2000-04-29,2000-04-29,2021-08-27,-1547000.0,3039806000.0,2906702750.0,1917392000.0,1122414000.0,3.087,0.458,-249446000.0,236009000.0,236009000.0,6714648000.0,520531000.0,1.324,1.792,429926000.0,110573000.0,319353000.0,429926000.0,0.0,163853000.0,0.0,0.008,0.018,861766000.0,1025619000.0,0.114,1025619000.0,861766000.0,850934000.0,0.211,0.21,0.211,1088896000.0,1153246000.0,1088896000.0,5756120256.0,7.0,5.612,397772000.0,0.167,1.0,2258309000.0,0.252,189356000.0,10832000.0,1595650000.0,1465822000.0,1560315000.0,0.0,0.0,0.0,1950910000.0,1448717000.0,502193000.0,5708153256.0,-73353000.0,0.0,-625802000.0,196999000.0,-43717000.0,-472520000.0,-248974000.0,0.0,647218000.0,923000.0,520531000.0,520531000.0,520531000.0,0.0,0.0,0.058,1381946000.0,876363000.0,837362000.0,0.085,5.242,10.966,11.368,843687000.0,0.0,2.399,0.636,0.636,63763000.0,797568000.0,8972957000.0,8972957000.0,0.0,0.179,0.451,0.588,0.096,11736000.0,1381946000.0,1.0,2379636584.0,2379636584.0,,3.771,2850450000.0,29021000.0,330403000.0,112716000.0,1.198,468675000.0
86,TJX,MRT,1999-12-31,2000-01-29,2000-01-29,2021-08-27,-1433000.0,2804963000.0,2875070000.0,1700565000.0,1104398000.0,3.059,0.445,-238569000.0,371759000.0,371759000.0,6579400000.0,521668000.0,1.432,1.506,419726000.0,100359000.0,319367000.0,419726000.0,0.0,160466000.0,0.0,0.008,0.017,856128000.0,1016594000.0,0.116,1016594000.0,856128000.0,848783000.0,0.207,0.205,0.207,1119228000.0,1182727000.0,1119228000.0,5361448615.0,6.0,5.274,356655000.0,0.142,1.0,2215947000.0,0.252,190844000.0,7345000.0,1474897000.0,1355013250.0,1229587000.0,0.0,0.0,0.0,1685735000.0,1187189000.0,498546000.0,5057418615.0,-89485000.0,0.0,-595248000.0,197365000.0,-42739000.0,-440622000.0,-244417000.0,0.0,595224000.0,330000.0,521668000.0,521668000.0,521668000.0,0.0,0.0,0.059,1354665000.0,861282000.0,615671000.0,0.082,4.519,9.695,9.849,834585000.0,0.0,2.039,0.575,0.583,55461000.0,820682000.0,8795347000.0,8795347000.0,0.0,0.181,0.441,0.632,0.097,11736000.0,1354665000.0,1.0,2480646776.0,2516617160.0,2542326112.0,3.495,2614119000.0,23143000.0,327115000.0,0.0,1.039,513376000.0
87,TJX,MRT,1999-09-30,1999-10-30,1999-10-30,2021-08-27,-1480000.0,2938555000.0,2860790750.0,1837871000.0,1100684000.0,2.989,0.471,-237900000.0,24561000.0,24561000.0,6378473000.0,511610000.0,1.127,1.475,328591000.0,208510000.0,120081000.0,328591000.0,0.0,151951000.0,0.0,0.005,0.016,827458000.0,979409000.0,0.115,979409000.0,827458000.0,823158000.0,0.2,0.198,0.2,1187417000.0,1208084000.0,1187417000.0,8777774172.0,11.0,8.962,264372000.0,0.105,1.0,2172378000.0,0.254,193981000.0,4300000.0,1417547000.0,1236908250.0,1677584000.0,0.0,0.0,0.0,1751138000.0,1631057000.0,120081000.0,8544742172.0,-131130000.0,0.0,-437778000.0,85381000.0,-40362000.0,-392759000.0,-240963000.0,0.0,502272000.0,320000.0,511610000.0,511553000.0,511553000.0,0.0,0.0,0.06,1339766000.0,832612000.0,747043000.0,0.08,7.196,16.704,16.956,823940000.0,57000.0,3.391,0.999,0.999,60725000.0,878816000.0,8550851000.0,8550851000.0,0.0,0.179,0.423,0.669,0.097,13821000.0,1339766000.0,1.0,2519643840.0,2519643840.0,,3.394,2744574000.0,32428000.0,311548000.0,66481000.0,1.089,206814000.0
88,TJX,MRT,1999-06-30,1999-07-31,1999-07-31,2021-08-27,-1268000.0,2843487000.0,2822931250.0,1775717000.0,1067770000.0,2.955,0.479,-229749000.0,47187000.0,47187000.0,6212704000.0,484512000.0,1.179,1.336,280219000.0,160098000.0,120121000.0,280219000.0,0.0,146846000.0,0.0,0.004,0.016,791491000.0,938337000.0,0.112,938337000.0,791491000.0,789958000.0,0.19,0.188,0.19,1217443000.0,1193418250.0,1217443000.0,10424826476.0,13.0,11.11,360765000.0,0.142,1.0,2129671000.0,0.255,195402000.0,1533000.0,1375194000.0,1191795250.0,1603339000.0,0.0,0.0,0.0,1626044000.0,1505923000.0,120121000.0,10502600476.0,-10830000.0,0.0,-363573000.0,30281000.0,-39706000.0,-372998000.0,-228666000.0,0.0,590514000.0,320000.0,484512000.0,483477000.0,483477000.0,9048000.0,0.0,0.058,1323978000.0,805693000.0,740941000.0,0.084,8.627,21.723,21.75,795181000.0,1035000.0,4.133,1.259,1.259,54370000.0,902722000.0,8342375000.0,8342375000.0,0.0,0.171,0.405,0.664,0.095,13821000.0,1323978000.0,1.0,2541464120.0,2541464120.0,,3.283,2648085000.0,29914000.0,305446000.0,22056000.0,1.042,269794000.0
89,TJX,MRT,1999-03-31,1999-05-01,1999-05-01,2021-08-27,-933000.0,2913275000.0,2765181500.0,1881080000.0,1032195000.0,2.931,0.469,-212008000.0,309362000.0,309362000.0,6045946000.0,453507000.0,1.266,1.414,231588000.0,11301000.0,220287000.0,231588000.0,0.0,141132000.0,0.0,0.004,0.015,746783000.0,887915000.0,0.11,887915000.0,746783000.0,745789000.0,0.176,0.174,0.176,1206820000.0,1170025750.0,1206820000.0,10475971621.0,14.0,11.798,374378000.0,0.145,1.0,2057814000.0,0.254,196918000.0,994000.0,1152415000.0,1182031500.0,1463962000.0,0.0,0.0,0.0,1706455000.0,1486168000.0,220287000.0,10716177621.0,-18029000.0,0.0,-335401000.0,-19123000.0,-39286000.0,-393810000.0,-210925000.0,0.0,586386000.0,320000.0,453507000.0,451234000.0,451234000.0,9048000.0,0.0,0.056,1296829000.0,760985000.0,771730000.0,0.085,8.88,23.749,23.658,763843000.0,2273000.0,4.164,1.322,1.322,57341000.0,888769000.0,8103760000.0,8103760000.0,0.0,0.163,0.386,0.632,0.092,13821000.0,1296829000.0,1.0,2573684208.0,2573684208.0,,3.149,2716357000.0,27439000.0,292282000.0,101741000.0,1.055,394912000.0
90,TJX,MRT,1998-12-31,1999-01-30,1999-01-30,2021-08-27,-1529000.0,2747846000.0,2728766750.0,1743105000.0,1004741000.0,2.913,0.48,-207742000.0,461244000.0,461244000.0,5957415000.0,424154000.0,1.334,1.251,221038000.0,694000.0,220344000.0,221038000.0,0.0,136469000.0,0.0,0.004,0.014,696650000.0,833119000.0,0.105,833119000.0,696650000.0,694964000.0,0.165,0.159,0.165,1220656000.0,1153639750.0,1220656000.0,9640430892.0,14.0,11.571,434707000.0,0.171,1.0,1991686000.0,0.251,198317000.0,1686000.0,1002477000.0,1165281000.0,1186068000.0,0.0,0.0,0.0,1527190000.0,1306846000.0,220344000.0,9552925892.0,56875000.0,0.0,-323802000.0,-23360000.0,-40411000.0,-387573000.0,-198321000.0,0.0,642449000.0,320000.0,424154000.0,420631000.0,420631000.0,9048000.0,0.0,0.053,1285988000.0,705698000.0,617159000.0,0.085,7.826,22.711,22.394,756602000.0,3523000.0,3.695,1.202,1.183,67345000.0,900044000.0,7949101000.0,7949101000.0,0.0,0.154,0.365,0.598,0.088,13821000.0,1285988000.0,1.0,2585365600.0,2544584648.0,2677183600.0,3.124,2549529000.0,22386000.0,270810000.0,0.0,1.002,436259000.0
91,TJX,MRT,1998-09-30,1998-10-31,1998-10-31,2021-08-27,-3146000.0,2787117000.0,2694213250.0,1819782000.0,967335000.0,2.936,0.448,-199629000.0,155691000.0,155691000.0,5965577000.0,395873000.0,1.266,1.469,243196000.0,22618000.0,220578000.0,243196000.0,0.0,132757000.0,0.0,0.006,0.014,668163000.0,800920000.0,0.101,800920000.0,668163000.0,666825000.0,0.154,0.149,0.154,1128754000.0,1139498750.0,1128754000.0,6150853873.0,9.0,7.68,395317000.0,0.157,1.0,1943933000.0,0.246,199742000.0,1338000.0,1237095000.0,1171604250.0,1501362000.0,0.0,0.0,0.0,1658363000.0,1437785000.0,220578000.0,5958946873.0,12089000.0,0.0,-350262000.0,-2194000.0,-39110000.0,-391566000.0,-191291000.0,0.0,594946000.0,0.0,395873000.0,391408000.0,391408000.0,9048000.0,0.0,0.049,1266722000.0,677211000.0,709302000.0,0.091,5.279,15.224,15.373,739929000.0,4465000.0,2.368,0.753,0.753,104392000.0,776539000.0,7909510000.0,7909510000.0,0.0,0.145,0.343,0.57,0.084,0.0,1266722000.0,1.0,2516978616.0,2516978616.0,,3.142,2587375000.0,7072000.0,270952000.0,83134000.0,1.028,381997000.0
92,TJX,MRT,1998-06-30,1998-08-01,1998-08-01,2021-08-27,-1862000.0,2612488000.0,2667761000.0,1673093000.0,939395000.0,2.913,0.443,-205651000.0,58017000.0,58017000.0,5899412000.0,376419000.0,1.32,1.325,249924000.0,29282000.0,220642000.0,249924000.0,0.0,129843000.0,0.0,0.004,0.013,638045000.0,767888000.0,0.099,767888000.0,638045000.0,634560000.0,0.144,0.138,0.144,1123873000.0,1139573750.0,1123873000.0,7376620050.0,12.0,9.606,335201000.0,0.132,1.0,1871218000.0,0.241,201235000.0,3485000.0,1336139000.0,1181448500.0,1469956000.0,0.0,0.0,0.0,1488615000.0,1267021000.0,221594000.0,7453314050.0,-80215000.0,-4385000.0,-375762000.0,-19033000.0,-40271000.0,-435066000.0,-186001000.0,0.0,540852000.0,0.0,376419000.0,369489000.0,369489000.0,0.0,0.0,0.048,1231396000.0,639822000.0,639188000.0,0.09,6.632,20.172,20.399,715323000.0,6930000.0,2.938,0.959,0.959,81493000.0,747703000.0,7770630000.0,7770630000.0,0.0,0.139,0.324,0.54,0.082,0.0,1231396000.0,1.0,2537298400.0,2537298400.0,,3.063,2411253000.0,0.0,258141000.0,33313000.0,0.95,406072000.0
93,TJX,MRT,1998-03-31,1998-05-02,1998-05-02,2021-08-27,-490000.0,2767616000.0,2662450500.0,1847110000.0,920506000.0,2.856,0.447,-197960000.0,327391000.0,327391000.0,5804183000.0,344121000.0,1.317,1.425,250697000.0,29751000.0,220946000.0,250697000.0,0.0,127565000.0,0.0,0.005,0.013,586954000.0,714519000.0,0.094,714519000.0,586954000.0,583349000.0,0.129,0.124,0.129,1141276000.0,1150828500.0,1141276000.0,7185832234.0,12.0,10.057,332604000.0,0.13,1.0,1800583000.0,0.237,202785000.0,3605000.0,1085413000.0,1182995750.0,1381321000.0,0.0,0.0,0.0,1626340000.0,1402724000.0,223616000.0,7345817234.0,-69736000.0,-33190000.0,-329028000.0,-22446000.0,-41711000.0,-393185000.0,-207115000.0,0.0,530564000.0,0.0,344121000.0,333828000.0,333828000.0,0.0,0.0,0.044,1211852000.0,588731000.0,739880000.0,0.101,6.436,22.005,22.287,694876000.0,10293000.0,2.875,0.966,0.966,90691000.0,806387000.0,7604766000.0,7604766000.0,0.0,0.125,0.29,0.496,0.077,0.0,1211852000.0,1.0,2555066864.0,2555066864.0,,2.976,2564831000.0,0.0,239228000.0,87768000.0,1.004,444386000.0
94,TJX,MRT,1997-12-31,1998-01-31,1998-01-31,2021-08-27,3317000.0,2609632000.0,2667679250.0,1682631000.0,927001000.0,2.77,0.453,-192382000.0,404369000.0,404369000.0,5676541000.0,304815000.0,1.382,1.242,244384000.0,23360000.0,221024000.0,244384000.0,0.0,124891000.0,0.0,0.006,0.012,524996000.0,649887000.0,0.088,649887000.0,524996000.0,520494000.0,0.114,0.109,0.114,1164092000.0,1157508250.0,1164092000.0,5569661237.0,11.0,8.57,191112000.0,0.074,1.0,1712528000.0,0.232,204220000.0,4502000.0,1027770000.0,1182238750.0,1190170000.0,0.0,0.0,0.0,1445540000.0,1217657000.0,227883000.0,5467887237.0,-70363000.0,-33190000.0,-229727000.0,-27179000.0,-41527000.0,-298433000.0,-209875000.0,0.0,383494000.0,0.0,304815000.0,293147000.0,293147000.0,0.0,0.0,0.04,1185755000.0,526773000.0,582791000.0,0.105,4.697,18.652,18.575,686136000.0,11668000.0,2.118,0.74,0.737,60735000.0,729408000.0,7389069000.0,7389069000.0,0.0,0.11,0.253,0.444,0.071,0.0,1185755000.0,1.0,2582237184.0,2571792368.0,2796897472.0,2.873,2405412000.0,0.0,215679000.0,6859000.0,0.935,464974000.0
95,TJX,MRT,1997-09-30,1997-10-25,1997-10-25,2021-08-27,0.0,2681308000.0,2655574250.0,1742735000.0,938573000.0,,0.437,-181193000.0,143602000.0,143602000.0,,,1.346,1.375,245376000.0,2199000.0,243177000.0,245376000.0,0.0,125065000.0,0.0,0.006,0.011,,,,,,,,,,1129054000.0,1148281750.0,1129054000.0,,,,169665000.0,0.066,1.0,,,211568000.0,,1276472000.0,1165198000.0,1459607000.0,0.0,0.0,0.0,1552254000.0,1295042000.0,257212000.0,4689988285.0,-92433000.0,189610000.0,-156221000.0,-390298000.0,-42569000.0,-589088000.0,24114000.0,0.0,350858000.0,0.0,,,,,,,,,646906000.0,,4.154,,,692802000.0,,1.816,,,110117000.0,639944000.0,,,,,,,,0.0,,1.0,2582237184.0,2582237184.0,,,2469740000.0,0.0,,71142000.0,0.956,447693000.0
96,TJX,MRT,1997-06-30,1997-07-26,1997-07-26,2021-08-27,0.0,2591246000.0,2694646250.0,1669914000.0,921332000.0,,,,138232000.0,138232000.0,,,1.431,1.217,268944000.0,25682000.0,243262000.0,268944000.0,0.0,,0.0,0.006,0.01,,,,,,,,,,1168892000.0,1092683500.0,1168892000.0,,,,,,1.0,,,213079000.0,,1342328000.0,1256232000.0,1421529000.0,0.0,0.0,0.0,1422354000.0,1166551000.0,255803000.0,,,,,,,,,,,,,,,,,,,,576964000.0,,,,,660923000.0,,1.797,,,75691000.0,546344000.0,,,,,,,,,,1.0,,,,,2378167000.0,0.0,,16561000.0,,503363000.0
97,TJX,MRT,1997-03-31,1997-04-26,1997-04-26,2021-08-27,0.0,2788531000.0,,1889538000.0,898993000.0,,,,397127000.0,397127000.0,,,1.382,1.387,273129000.0,28866000.0,244263000.0,273129000.0,0.0,,0.0,0.006,0.009,,,,,,,,,,1167995000.0,,1167995000.0,,,,,,1.0,,,214560000.0,,1082385000.0,,1384397000.0,0.0,0.0,0.0,1620536000.0,1367588000.0,252948000.0,,,,,,,,,,,,,,,,,,,,713699000.0,,,,,643247000.0,,1.406,,,91528000.0,506450000.0,,,,,,,,,,1.0,,,,,2573971000.0,0.0,,51736000.0,,521950000.0
98,TJX,MRT,1996-12-31,1997-01-25,1997-01-25,2021-08-27,0.0,2561212000.0,,1662342000.0,898870000.0,,0.468,-119153000.0,474732000.0,474732000.0,5198783000.0,363123000.0,1.406,1.272,271550000.0,27140000.0,244410000.0,271550000.0,0.0,126830000.0,0.0,0.007,0.009,552787000.0,679617000.0,0.102,679617000.0,552787000.0,515437000.0,0.145,0.13,0.145,1127186000.0,,1127186000.0,,,,545310000.0,0.227,1.0,1490627000.0,0.223,216127000.0,37350000.0,959607000.0,,1059505000.0,0.0,0.0,0.0,1434026000.0,1182296000.0,251730000.0,,265506000.0,173473000.0,34395000.0,-502066000.0,-35019000.0,-502690000.0,54320000.0,0.0,664463000.0,0.0,363123000.0,349382000.0,349382000.0,-154917000.0,0.0,0.052,1087137000.0,403490000.0,533945000.0,0.062,,,8.89,640484000.0,13741000.0,1.289,,0.464,57275000.0,468593000.0,6689410000.0,6689410000.0,0.0,,,,0.083,0.0,1087137000.0,1.0,,2407415232.0,2805200800.0,2.779,2345085000.0,0.0,152314000.0,7320000.0,0.974,480046000.0
99,TJX,MRT,1996-09-30,1996-10-26,1996-10-26,2021-08-27,0.0,2837596000.0,,1796892000.0,1040704000.0,,,,236035000.0,236035000.0,,,1.317,2.13,635070000.0,94708000.0,540362000.0,635070000.0,0.0,,0.0,0.009,0.011,,,,,,,,,,906661000.0,,906661000.0,,,,,,1.0,,,231335000.0,,1640608000.0,,1335099000.0,0.0,0.0,0.0,1930935000.0,1364688000.0,566247000.0,,,,,,,,,,,,,,,,,,,,616200000.0,,,,,724310000.0,,1.262,,,90695000.0,267336000.0,,,,,,,,,,1.0,,,,,2606261000.0,0.0,,54815000.0,,432204000.0
100,TJX,MRT,1995-12-31,1996-01-27,1996-01-27,2021-08-27,,,,,,,,-105864000.0,,,3143257000.0,26261000.0,,,,,,,,79232000.0,,0.031,0.018,101654000.0,180886000.0,0.046,180886000.0,101654000.0,63468000.0,0.007,0.007,0.007,,,,,,,148690000.0,0.064,1.0,831858000.0,0.209,,38186000.0,,,,,,,,,,,167657000.0,-375733000.0,1040000.0,508814000.0,-44886000.0,464968000.0,-481597000.0,0.0,254554000.0,0.0,26261000.0,16854000.0,16854000.0,21990000.0,0.0,0.004,704876000.0,126982000.0,,2.571,,,82.031,,9407000.0,0.574,,0.335,,,3975115000.0,3975115000.0,0.0,,,,0.026,0.0,669876000.0,1.0,,2317285632.0,2326255200.0,1.715,,,37207000.0,,,
