None,ticker,dimension,calendardate,datekey,reportperiod,lastupdated,accoci,assets,assetsavg,assetsc,assetsnc,assetturnover,bvps,capex,cashneq,cashnequsd,cor,consolinc,currentratio,de,debt,debtc,debtnc,debtusd,deferredrev,depamor,deposits,divyield,dps,ebit,ebitda,ebitdamargin,ebitdausd,ebitusd,ebt,eps,epsdil,epsusd,equity,equityavg,equityusd,ev,evebit,evebitda,fcf,fcfps,fxusd,gp,grossmargin,intangibles,intexp,invcap,invcapavg,inventory,investments,investmentsc,investmentsnc,liabilities,liabilitiesc,liabilitiesnc,marketcap,ncf,ncfbus,ncfcommon,ncfdebt,ncfdiv,ncff,ncfi,ncfinv,ncfo,ncfx,netinc,netinccmn,netinccmnusd,netincdis,netincnci,netmargin,opex,opinc,payables,payoutratio,pb,pe,pe1,ppnenet,prefdivis,price,ps,ps1,receivables,retearn,revenue,revenueusd,rnd,roa,roe,roic,ros,sbcomp,sgna,sharefactor,sharesbas,shareswa,shareswadil,sps,tangibles,taxassets,taxexp,taxliabilities,tbvps,workingcapital
0,BMS,MRY,2018-12-31,2018-12-31,2018-12-31,2021-09-13,-525500000.0,3571000000.0,3638400000.0,1234600000.0,2336400000.0,1.124,13.359,-139900000.0,76100000.0,76100000.0,3284800000.0,225700000.0,1.76,1.937,1360600000.0,12000000.0,1348600000.0,1360600000.0,0.0,167600000.0,0.0,0.027,1.24,361800000.0,529400000.0,0.129,529400000.0,361800000.0,285700000.0,2.48,2.47,2.48,1215900000.0,1202500000.0,1215900000.0,5559379152.0,15.0,10.501,321600000.0,3.533,1.0,805100000.0,0.197,966600000.0,76100000.0,3187300000.0,3381625000.0,619500000.0,0.0,0.0,0.0,2355100000.0,701600000.0,1653500000.0,4177679152.0,5000000.0,0.0,0.0,-198500000.0,-113800000.0,-318100000.0,-139900000.0,0.0,461500000.0,1500000.0,225700000.0,225700000.0,225700000.0,0.0,0.0,0.055,446100000.0,359000000.0,515900000.0,0.5,3.436,18.51,18.508,1250300000.0,0.0,45.9,1.021,1.021,443300000.0,2456700000.0,4089900000.0,4089900000.0,38000000.0,0.062,0.188,0.107,0.088,19600000.0,377900000.0,1.0,91016975.0,91016975.0,,44.936,2604400000.0,0.0,60000000.0,200000000.0,28.614,533000000.0
1,BMS,MRY,2017-12-31,2017-12-31,2017-12-31,2021-09-13,-394500000.0,3699900000.0,3796425000.0,1237100000.0,2462800000.0,1.066,13.228,-174000000.0,71100000.0,71100000.0,3260000000.0,94000000.0,1.857,2.08,1563400000.0,21000000.0,1542400000.0,1563400000.0,0.0,169800000.0,0.0,0.025,1.2,118500000.0,288300000.0,0.071,288300000.0,118500000.0,52700000.0,1.03,1.02,1.03,1201200000.0,1250900000.0,1201200000.0,5846371762.0,49.0,20.279,205000000.0,2.258,1.0,786200000.0,0.194,995000000.0,65800000.0,3531100000.0,3478525000.0,620200000.0,0.0,0.0,0.0,2498700000.0,666100000.0,1832600000.0,4339571762.0,-3100000.0,-3900000.0,-103800000.0,16200000.0,-111200000.0,-207300000.0,-177900000.0,0.0,379000000.0,3100000.0,94000000.0,94000000.0,94000000.0,0.0,0.0,0.023,664200000.0,122000000.0,477200000.0,1.165,3.613,46.166,46.398,1318100000.0,0.0,47.79,1.073,1.073,448700000.0,2324800000.0,4046200000.0,4046200000.0,42900000.0,0.025,0.075,0.034,0.029,17400000.0,385200000.0,1.0,90805017.0,90805017.0,,44.559,2704900000.0,0.0,-41300000.0,184000000.0,29.788,571000000.0
2,BMS,MRY,2016-12-31,2016-12-31,2016-12-31,2021-09-13,-447800000.0,3715700000.0,3702300000.0,1165500000.0,2550200000.0,1.082,13.442,-196700000.0,74200000.0,74200000.0,3137900000.0,236200000.0,2.023,1.95,1545100000.0,17300000.0,1527800000.0,1545100000.0,0.0,162100000.0,0.0,0.024,1.16,411100000.0,573200000.0,0.143,573200000.0,411100000.0,350900000.0,2.51,2.48,2.51,1259700000.0,1268125000.0,1259700000.0,5905479100.0,14.0,10.303,240700000.0,2.569,1.0,866500000.0,0.216,1184000000.0,60200000.0,3426500000.0,3388050000.0,549400000.0,0.0,0.0,0.0,2456000000.0,576100000.0,1879900000.0,4481279100.0,15000000.0,-114500000.0,-143900000.0,157100000.0,-113900000.0,-110400000.0,-311200000.0,0.0,437400000.0,-800000.0,236200000.0,236200000.0,236200000.0,0.0,0.0,0.059,455200000.0,411300000.0,378000000.0,0.462,3.557,18.972,19.052,1283800000.0,0.0,47.82,1.119,1.119,461900000.0,2341700000.0,4004400000.0,4004400000.0,46500000.0,0.064,0.186,0.121,0.103,13600000.0,390500000.0,1.0,93711399.0,93711399.0,,42.731,2531700000.0,0.0,114700000.0,250900000.0,27.016,589400000.0
3,BMS,MRY,2015-12-31,2015-12-31,2015-12-31,2021-09-13,-509900000.0,3489800000.0,3520550000.0,1119000000.0,2370800000.0,1.156,12.581,-209800000.0,59200000.0,59200000.0,3198000000.0,239300000.0,1.9,1.89,1389300000.0,35400000.0,1353900000.0,1389300000.0,0.0,158100000.0,0.0,0.025,1.12,413000000.0,571100000.0,0.14,571100000.0,413000000.0,361300000.0,2.47,2.44,2.47,1207400000.0,1280175000.0,1207400000.0,5510436230.0,13.0,9.649,342600000.0,3.57,1.0,873400000.0,0.215,1099300000.0,51700000.0,3131500000.0,3186625000.0,525900000.0,0.0,0.0,0.0,2282400000.0,589100000.0,1693300000.0,4289036230.0,12100000.0,-52800000.0,-150100000.0,3700000.0,-109700000.0,-265300000.0,-262600000.0,0.0,552400000.0,-12400000.0,239300000.0,239300000.0,239300000.0,2600000.0,0.0,0.059,463800000.0,409600000.0,334800000.0,0.453,3.552,17.923,18.093,1206300000.0,0.0,44.69,1.053,1.053,451300000.0,2216000000.0,4071400000.0,4071400000.0,44100000.0,0.068,0.187,0.13,0.101,16500000.0,420000000.0,1.0,95973064.0,95973064.0,,42.422,2390500000.0,0.0,122000000.0,207600000.0,24.908,529900000.0
4,BMS,MRY,2014-12-31,2014-12-31,2014-12-31,2021-09-13,-291700000.0,3610800000.0,3983200000.0,1287800000.0,2323000000.0,1.09,14.347,-175100000.0,47100000.0,47100000.0,3484400000.0,191100000.0,2.675,1.52,1342900000.0,31300000.0,1311600000.0,1342900000.0,0.0,180600000.0,0.0,0.024,1.08,376500000.0,557100000.0,0.128,557100000.0,376500000.0,315700000.0,1.91,1.89,1.91,1433000000.0,1600075000.0,1433000000.0,5840314314.0,16.0,10.483,73000000.0,0.731,1.0,859100000.0,0.198,1131700000.0,60800000.0,3293500000.0,3522925000.0,575800000.0,0.0,0.0,0.0,2177800000.0,481400000.0,1696400000.0,4515614314.0,-94600000.0,215600000.0,-152100000.0,-102900000.0,-108400000.0,-370800000.0,40500000.0,0.0,248100000.0,-12400000.0,191100000.0,191100000.0,191100000.0,48000000.0,0.0,0.044,451400000.0,407700000.0,268200000.0,0.565,3.151,23.63,23.67,1142900000.0,0.0,45.21,1.04,1.04,496300000.0,2086800000.0,4343500000.0,4343500000.0,44100000.0,0.048,0.119,0.107,0.087,11700000.0,416600000.0,1.0,99880874.0,99880874.0,,43.487,2479100000.0,0.0,124600000.0,246700000.0,24.821,806400000.0
5,BMS,MRY,2013-12-31,2013-12-31,2013-12-31,2021-09-13,-98700000.0,4110200000.0,4189125000.0,1504500000.0,2605700000.0,1.069,16.367,-126100000.0,141700000.0,141700000.0,3601200000.0,212600000.0,2.5,1.44,1436300000.0,14900000.0,1421400000.0,1436300000.0,0.0,190300000.0,0.0,0.025,1.04,378000000.0,568300000.0,0.127,568300000.0,378000000.0,309800000.0,2.06,2.04,2.06,1684800000.0,1648950000.0,1684800000.0,5510746239.0,15.0,9.697,247100000.0,2.4,1.0,875400000.0,0.196,1242800000.0,68200000.0,3560100000.0,3642700000.0,648500000.0,0.0,0.0,0.0,2425400000.0,601900000.0,1823500000.0,4216446239.0,27600000.0,-29700000.0,-77300000.0,13400000.0,-107500000.0,-184700000.0,-155800000.0,0.0,373200000.0,-5100000.0,212600000.0,212600000.0,212600000.0,-20100000.0,0.0,0.047,525200000.0,350200000.0,362800000.0,0.505,2.503,19.833,19.883,1284300000.0,0.0,40.96,0.942,0.942,615400000.0,2005100000.0,4476600000.0,4476600000.0,40500000.0,0.051,0.129,0.104,0.084,16400000.0,448500000.0,1.0,102940582.0,102940582.0,,43.487,2867400000.0,0.0,97200000.0,302100000.0,27.855,902600000.0
6,BMS,MRY,2012-12-31,2012-12-31,2012-12-31,2021-09-13,-112900000.0,4185700000.0,4287254250.0,1525000000.0,2660700000.0,1.069,15.886,-131700000.0,114100000.0,114100000.0,3731900000.0,173800000.0,2.372,1.551,1426500000.0,8900000.0,1417600000.0,1426500000.0,0.0,204300000.0,0.0,0.03,1.0,337000000.0,541300000.0,0.118,541300000.0,337000000.0,266100000.0,1.67,1.66,1.67,1640900000.0,1619661500.0,1640900000.0,4833783567.0,14.0,8.93,289600000.0,2.804,1.0,851700000.0,0.186,1235500000.0,70900000.0,3619600000.0,3754054000.0,661900000.0,0.0,0.0,0.0,2544800000.0,643000000.0,1901800000.0,3456083567.0,4300000.0,-19100000.0,0.0,-156800000.0,-104300000.0,-265700000.0,-150800000.0,0.0,421300000.0,-500000.0,173800000.0,173800000.0,173800000.0,-24900000.0,0.0,0.038,543400000.0,308300000.0,382100000.0,0.599,2.106,19.885,20.036,1351300000.0,0.0,33.46,0.754,0.754,645200000.0,1900900000.0,4583600000.0,4583600000.0,35700000.0,0.041,0.107,0.09,0.074,17000000.0,454200000.0,1.0,103290005.0,103290005.0,,44.376,2950200000.0,0.0,92300000.0,232600000.0,28.562,882000000.0
7,BMS,MRY,2011-12-31,2011-12-31,2011-12-31,2021-09-13,-90700000.0,4320400000.0,4394498250.0,1549000000.0,2771400000.0,1.211,15.363,-131300000.0,109800000.0,109800000.0,4412500000.0,187300000.0,2.271,1.731,1569900000.0,15100000.0,1554800000.0,1569900000.0,0.0,220300000.0,0.0,0.032,0.96,365800000.0,586100000.0,0.11,586100000.0,365800000.0,289000000.0,1.73,1.73,1.73,1582100000.0,1759573750.0,1582100000.0,4606568239.0,13.0,7.86,289600000.0,2.812,1.0,910200000.0,0.171,1270900000.0,76800000.0,3827600000.0,3922793000.0,646000000.0,0.0,0.0,0.0,2738300000.0,682000000.0,2056300000.0,3097619239.0,49400000.0,-152800000.0,-161100000.0,276300000.0,-101900000.0,-80000000.0,-284100000.0,0.0,420900000.0,-7400000.0,184100000.0,184100000.0,184100000.0,0.0,3200000.0,0.035,542800000.0,367400000.0,415800000.0,0.555,1.958,16.826,17.387,1440900000.0,0.0,30.08,0.582,0.582,665400000.0,1832900000.0,5322700000.0,5322700000.0,38700000.0,0.042,0.105,0.093,0.069,14900000.0,483400000.0,1.0,102979363.0,102979363.0,,51.687,3049500000.0,0.0,104900000.0,199400000.0,29.613,867000000.0
8,BMS,MRY,2010-12-31,2010-12-31,2010-12-31,2021-09-13,91117000.0,4285831000.0,4320844500.0,1466919000.0,2818912000.0,1.119,17.373,-110900000.0,60404000.0,60404000.0,3941800000.0,211500000.0,2.172,1.255,1286472000.0,2947000.0,1283525000.0,1286472000.0,0.0,209700000.0,0.0,0.028,0.92,396200000.0,605900000.0,0.125,605900000.0,396200000.0,322700000.0,1.85,1.85,1.85,1879623000.0,1826162750.0,1879623000.0,4819675713.0,12.0,7.955,257100000.0,2.376,1.0,893200000.0,0.185,1213813000.0,73500000.0,3622827000.0,3799728500.0,673863000.0,0.0,0.0,0.0,2358399000.0,675259000.0,1683140000.0,3533573713.0,-1005300000.0,-1104500000.0,-45700000.0,21100000.0,-101900000.0,-153400000.0,-1215400000.0,0.0,368000000.0,-4500000.0,205100000.0,205100000.0,205100000.0,-1800000.0,6400000.0,0.042,492400000.0,400800000.0,548042000.0,0.497,1.88,17.229,17.654,1540753000.0,0.0,32.66,0.731,0.731,637738000.0,1751908000.0,4835000000.0,4835000000.0,34300000.0,0.047,0.112,0.104,0.082,14500000.0,459100000.0,1.0,108192704.0,108192704.0,,44.689,3072018000.0,0.0,117600000.0,179535000.0,28.394,791660000.0
9,BMS,MRY,2009-12-31,2009-12-31,2009-12-31,2021-09-13,72457000.0,3928705000.0,3411882750.0,2005348000.0,1923357000.0,1.03,16.671,-78233000.0,1065687000.0,1065687000.0,2814412000.0,152510000.0,3.821,1.152,1258836000.0,31322000.0,1227514000.0,1258836000.0,0.0,159274000.0,0.0,0.03,0.9,277073000.0,436347000.0,0.124,436347000.0,277073000.0,235021000.0,1.38,1.38,1.38,1803732000.0,1602901750.0,1803732000.0,3420678357.0,12.0,7.839,397580000.0,3.675,1.0,700174000.0,0.199,732151000.0,42052000.0,2864848000.0,2567797750.0,399067000.0,0.0,0.0,0.0,2077022000.0,524855000.0,1552167000.0,3208035357.0,1022233000.0,-30343000.0,202809000.0,547745000.0,-96595000.0,651282000.0,-108576000.0,0.0,475813000.0,3714000.0,147221000.0,147221000.0,147221000.0,0.0,5289000.0,0.042,419951000.0,280223000.0,380017000.0,0.652,1.779,21.791,21.486,1157193000.0,0.0,29.65,0.913,0.913,467988000.0,1649804000.0,3514586000.0,3514586000.0,24342000.0,0.043,0.092,0.108,0.079,18511000.0,370926000.0,1.0,108196808.0,108196808.0,,32.483,3196554000.0,0.0,87800000.0,158204000.0,29.544,1480493000.0
10,BMS,MRY,2008-12-31,2008-12-31,2008-12-31,2021-09-13,-112001000.0,2822314000.0,3167416000.0,982658000.0,1839656000.0,1.193,13.51,-118084000.0,43454000.0,43454000.0,3131341000.0,172225000.0,2.33,1.069,686589000.0,26605000.0,659984000.0,686589000.0,0.0,162004000.0,0.0,0.037,0.88,301927000.0,463931000.0,0.123,463931000.0,301927000.0,262514000.0,1.61,1.61,1.61,1346531000.0,1540621000.0,1346531000.0,3037640993.0,10.0,6.548,175466000.0,1.76,1.0,648032000.0,0.171,676239000.0,39413000.0,2367429000.0,2582727750.0,435667000.0,0.0,0.0,0.0,1439771000.0,421781000.0,1017990000.0,2360252993.0,-103955000.0,0.0,-26771000.0,-144654000.0,-90695000.0,-264107000.0,-118084000.0,0.0,293550000.0,-15314000.0,166214000.0,166214000.0,166214000.0,0.0,6011000.0,0.044,353810000.0,294222000.0,323142000.0,0.547,1.753,14.2,14.708,1135482000.0,0.0,23.68,0.625,0.625,426888000.0,1599178000.0,3779373000.0,3779373000.0,25010000.0,0.052,0.108,0.117,0.08,17849000.0,342737000.0,1.0,99672846.0,99672846.0,,37.918,2146075000.0,0.0,96300000.0,112393000.0,21.531,560877000.0
11,BMS,MRY,2007-12-31,2007-12-31,2007-12-31,2021-09-13,171162000.0,3191396000.0,3156619000.0,1136943000.0,2054453000.0,1.156,15.543,-171447000.0,147409000.0,147409000.0,2973329000.0,185305000.0,2.127,1.018,843261000.0,67805000.0,775456000.0,843261000.0,0.0,158546000.0,0.0,0.031,0.84,336122000.0,494668000.0,0.136,494668000.0,336122000.0,285854000.0,1.71,1.7,1.71,1562332000.0,1520535000.0,1562332000.0,3503573560.0,10.0,7.083,234781000.0,2.336,1.0,675952000.0,0.185,746263000.0,50268000.0,2606435000.0,2595765500.0,478727000.0,0.0,0.0,0.0,1590138000.0,534550000.0,1055588000.0,2752192560.0,35249000.0,0.0,-153953000.0,35338000.0,-89809000.0,-217396000.0,-167808000.0,0.0,406228000.0,14225000.0,181554000.0,181554000.0,181554000.0,0.0,3751000.0,0.05,336079000.0,339873000.0,384673000.0,0.491,1.762,15.159,16.012,1248456000.0,0.0,27.38,0.754,0.754,448200000.0,1523659000.0,3649281000.0,3649281000.0,25983000.0,0.058,0.119,0.129,0.092,11076000.0,341551000.0,1.0,100518355.0,100518355.0,,36.305,2445133000.0,0.0,104300000.0,158039000.0,24.325,602393000.0
12,BMS,MRY,2006-12-31,2006-12-31,2006-12-31,2021-09-13,29098000.0,3039009000.0,3085638250.0,1093712000.0,1945297000.0,1.179,14.041,-157464000.0,112160000.0,112160000.0,2942650000.0,176296000.0,1.969,1.045,789788000.0,67577000.0,722211000.0,789788000.0,0.0,152375000.0,0.0,0.022,0.76,335048000.0,487423000.0,0.134,487423000.0,335048000.0,285796000.0,1.68,1.65,1.68,1472016000.0,1452844750.0,1472016000.0,4238626299.0,13.0,8.696,191495000.0,1.827,1.0,696713000.0,0.191,705814000.0,49252000.0,2455368000.0,2549912750.0,467853000.0,0.0,0.0,0.0,1537808000.0,555455000.0,982353000.0,3562328299.0,21035000.0,-10800000.0,-17804000.0,-65749000.0,-82139000.0,-164715000.0,-166148000.0,0.0,348959000.0,2939000.0,176296000.0,176296000.0,176296000.0,0.0,0.0,0.048,358125000.0,338588000.0,383351000.0,0.452,2.42,20.207,20.226,1175959000.0,0.0,33.98,0.979,0.979,448382000.0,1431747000.0,3639363000.0,3639363000.0,25024000.0,0.057,0.121,0.131,0.092,10768000.0,336409000.0,1.0,104836030.0,104836030.0,,34.715,2333195000.0,0.0,109500000.0,137309000.0,22.256,538257000.0
13,BMS,MRY,2005-12-31,2005-12-31,2005-12-31,2021-09-13,32706000.0,2964600000.0,2977548250.0,987810000.0,1976790000.0,1.167,12.814,-185065000.0,91125000.0,91125000.0,2798326000.0,162529000.0,2.083,1.177,844121000.0,54014000.0,790107000.0,844121000.0,0.0,150779000.0,0.0,0.026,0.72,315166000.0,465945000.0,0.134,465945000.0,315166000.0,276429000.0,1.53,1.51,1.53,1349355000.0,1348533250.0,1349355000.0,3623244489.0,11.0,7.776,95352000.0,0.906,1.0,675624000.0,0.194,686999000.0,38737000.0,2556277000.0,2535630750.0,420950000.0,0.0,0.0,0.0,1587553000.0,474320000.0,1113233000.0,2934724489.0,-2773000.0,-237992000.0,-49469000.0,274798000.0,-76634000.0,150061000.0,-420072000.0,0.0,280417000.0,-13179000.0,162529000.0,162529000.0,162529000.0,0.0,0.0,0.047,354521000.0,321103000.0,327569000.0,0.471,2.175,18.057,18.216,1143539000.0,0.0,27.87,0.845,0.845,436035000.0,1337590000.0,3473950000.0,3473950000.0,23528000.0,0.055,0.121,0.124,0.091,14199000.0,330881000.0,1.0,105300484.0,105300484.0,,32.991,2277601000.0,0.0,113900000.0,173248000.0,21.63,513490000.0
14,BMS,MRY,2004-12-31,2004-12-31,2004-12-31,2021-09-13,31674000.0,2486743000.0,2398191250.0,873767000.0,1612976000.0,1.182,12.23,-121272000.0,93898000.0,93898000.0,2238694000.0,179967000.0,2.329,0.899,539628000.0,5742000.0,533886000.0,539628000.0,0.0,130846000.0,0.0,0.022,0.64,309170000.0,440016000.0,0.155,440016000.0,309170000.0,293667000.0,1.68,1.67,1.68,1307866000.0,1235319250.0,1307866000.0,3607358168.0,12.0,8.198,150273000.0,1.405,1.0,595700000.0,0.21,507577000.0,15503000.0,2049753000.0,2043111750.0,387414000.0,0.0,0.0,0.0,1175904000.0,375143000.0,800761000.0,3110849168.0,17422000.0,-37798000.0,0.0,-43081000.0,-68423000.0,-111093000.0,-150879000.0,0.0,271545000.0,7849000.0,179967000.0,179967000.0,179967000.0,0.0,0.0,0.063,286041000.0,309659000.0,277989000.0,0.381,2.379,17.286,17.315,938574000.0,0.0,29.09,1.098,1.098,356944000.0,1251695000.0,2834394000.0,2834394000.0,21138000.0,0.075,0.146,0.151,0.109,11908000.0,284991000.0,1.0,106938782.0,106938782.0,,26.505,1979166000.0,0.0,113700000.0,187033000.0,18.507,498624000.0
15,BMS,MRY,2003-12-31,2003-12-31,2003-12-31,2021-09-13,-12188000.0,2292932000.0,2292912500.0,751906000.0,1541026000.0,1.149,10.719,-106168000.0,76476000.0,76476000.0,2101537000.0,147145000.0,2.383,1.009,589914000.0,6515000.0,583399000.0,589914000.0,0.0,128189000.0,0.0,0.022,0.56,251809000.0,379998000.0,0.144,379998000.0,251809000.0,239245000.0,1.39,1.37,1.39,1138733000.0,1063101500.0,1138733000.0,3224954150.0,13.0,8.487,204963000.0,1.929,1.0,533481000.0,0.202,521742000.0,12564000.0,1969042000.0,2032128750.0,305182000.0,0.0,0.0,0.0,1148802000.0,315586000.0,833216000.0,2655991150.0,20075000.0,-12495000.0,0.0,-124921000.0,-59469000.0,-184058000.0,-118663000.0,0.0,311131000.0,11665000.0,147145000.0,147145000.0,147145000.0,0.0,0.0,0.056,280802000.0,252679000.0,222774000.0,0.403,2.332,18.05,17.986,915275000.0,0.0,25.0,1.008,1.008,333743000.0,1140151000.0,2635018000.0,2635018000.0,21454000.0,0.064,0.138,0.124,0.096,10666000.0,256689000.0,1.0,106239646.0,106239646.0,,24.803,1771190000.0,0.0,92100000.0,157816000.0,16.672,436320000.0
16,BMS,MRY,2002-12-31,2002-12-31,2002-12-31,2021-09-13,-97497000.0,2256650000.0,2084361500.0,721655000.0,1534995000.0,1.137,9.057,-90588000.0,56401000.0,56401000.0,1840115000.0,165515000.0,2.215,1.349,723507000.0,5230000.0,718277000.0,723507000.0,0.0,119231000.0,0.0,0.021,0.52,282460000.0,401691000.0,0.17,401691000.0,282460000.0,267015000.0,1.56,1.54,1.56,958974000.0,944926500.0,958974000.0,3262678224.0,12.0,8.122,196142000.0,1.852,1.0,528923000.0,0.223,524185000.0,15445000.0,2073718000.0,1917035750.0,308344000.0,0.0,0.0,0.0,1293236000.0,325853000.0,967383000.0,2627496224.0,21300000.0,-209583000.0,0.0,87967000.0,-55059000.0,32908000.0,-300171000.0,0.0,286730000.0,1833000.0,165515000.0,165515000.0,165515000.0,0.0,0.0,0.07,245565000.0,283358000.0,230468000.0,0.333,2.74,15.875,15.907,909953000.0,0.0,24.815,1.109,1.109,321790000.0,1052475000.0,2369038000.0,2369038000.0,17446000.0,0.079,0.175,0.147,0.119,15210000.0,229325000.0,1.0,105883386.0,105883386.0,,22.374,1732465000.0,0.0,101500000.0,114298000.0,16.362,395802000.0
17,BMS,MRY,2001-12-31,2001-12-31,2001-12-31,2021-09-13,-56659000.0,1922974000.0,1925614500.0,586897000.0,1336077000.0,1.191,8.392,-116614000.0,35101000.0,35101000.0,1815442000.0,140325000.0,2.464,1.168,600912000.0,5663000.0,595249000.0,600912000.0,0.0,124147000.0,0.0,0.02,0.5,257768000.0,381915000.0,0.167,381915000.0,257768000.0,227425000.0,1.33,1.32,1.33,886148000.0,848951250.0,886148000.0,3231134936.0,13.0,8.46,201325000.0,1.907,1.0,477662000.0,0.208,419100000.0,30343000.0,1831503000.0,1735887250.0,259755000.0,0.0,0.0,0.0,1034698000.0,238182000.0,796516000.0,2596485936.0,6191000.0,-72155000.0,-1226000.0,-70318000.0,-52812000.0,-123669000.0,-188769000.0,0.0,317939000.0,690000.0,140325000.0,140325000.0,140325000.0,0.0,0.0,0.061,219340000.0,258322000.0,173766000.0,0.376,2.93,18.503,18.489,852720000.0,0.0,24.59,1.132,1.132,258397000.0,942019000.0,2293104000.0,2293104000.0,10313000.0,0.073,0.165,0.148,0.112,11332000.0,207158000.0,1.0,105591132.0,105591132.0,,21.717,1503874000.0,0.0,87100000.0,126130000.0,14.242,348715000.0
18,BMS,MRY,2000-12-31,2000-12-31,2000-12-31,2021-09-13,-49855000.0,1888643000.0,1732344750.0,639959000.0,1248684000.0,1.25,7.516,-98477000.0,28910000.0,28910000.0,1717259000.0,130602000.0,1.293,1.363,672764000.0,234812000.0,437952000.0,672764000.0,0.0,108130000.0,0.0,0.029,0.48,243111000.0,351241000.0,0.162,351241000.0,243111000.0,211502000.0,1.23,1.22,1.23,798757000.0,790051500.0,798757000.0,2427993326.0,10.0,6.913,108981000.0,1.025,1.0,447324000.0,0.207,393811000.0,31609000.0,1643589000.0,1616727500.0,274323000.0,0.0,0.0,0.0,1088316000.0,495097000.0,593219000.0,1783298326.0,10723000.0,-295075000.0,-42752000.0,294184000.0,-51158000.0,200274000.0,-394634000.0,0.0,207458000.0,-2375000.0,130602000.0,130602000.0,130602000.0,0.0,0.0,0.06,203717000.0,243607000.0,207115000.0,0.39,2.233,13.654,13.642,825754000.0,0.0,16.78,0.824,0.824,301974000.0,854506000.0,2164583000.0,2164583000.0,10080000.0,0.075,0.165,0.15,0.112,6339000.0,192275000.0,1.0,106275228.0,106275228.0,,20.368,1494832000.0,0.0,80900000.0,113130000.0,14.066,144862000.0
19,BMS,MRY,1999-12-31,1999-12-31,1999-12-31,2021-09-13,-30644000.0,1532143000.0,1502947250.0,583581000.0,948562000.0,1.306,6.938,-135181000.0,18187000.0,18187000.0,1538957000.0,114775000.0,2.304,1.056,379057000.0,6790000.0,372267000.0,379057000.0,0.0,97717000.0,0.0,0.026,0.46,207093000.0,304810000.0,0.155,304810000.0,207093000.0,185875000.0,1.095,1.09,1.095,725895000.0,699000750.0,725895000.0,2173380811.0,10.0,7.13,50918000.0,0.487,1.0,423671000.0,0.216,172321000.0,21218000.0,1467424000.0,1448539250.0,274597000.0,0.0,0.0,0.0,766750000.0,253268000.0,513482000.0,1824576811.0,-5551000.0,-1424000.0,-4133000.0,1549000.0,-48126000.0,-51667000.0,-136544000.0,0.0,186099000.0,-3439000.0,114775000.0,114775000.0,114775000.0,0.0,0.0,0.058,212354000.0,211317000.0,189749000.0,0.42,2.514,15.897,15.927,776241000.0,0.0,17.44,0.93,0.93,257260000.0,775011000.0,1962628000.0,1962628000.0,11684000.0,0.076,0.164,0.143,0.106,960000.0,193793000.0,1.0,104620230.0,104620230.0,,18.76,1359822000.0,0.0,71100000.0,106503000.0,12.998,330313000.0
20,BMS,MRY,1998-12-31,1998-12-31,1998-12-31,2021-09-13,-6116000.0,1482026000.0,1438133500.0,546911000.0,935115000.0,1.314,6.568,-135840000.0,23738000.0,23738000.0,1499576000.0,101130000.0,2.227,1.1,377862000.0,6499000.0,371363000.0,377862000.0,0.0,88910000.0,0.0,0.023,0.44,186896000.0,275806000.0,0.146,275806000.0,186896000.0,165030000.0,0.955,0.95,0.955,687854000.0,667986500.0,687854000.0,2346896168.0,13.0,8.509,98800000.0,0.943,1.0,389789000.0,0.206,160819000.0,21866000.0,1429718000.0,1399327500.0,241585000.0,0.0,0.0,0.0,756310000.0,245613000.0,510697000.0,1986709168.0,9911000.0,-50206000.0,-41344000.0,56418000.0,-46701000.0,-39774000.0,-186035000.0,0.0,234640000.0,1080000.0,101130000.0,101130000.0,101130000.0,0.0,0.0,0.054,198397000.0,191392000.0,193088000.0,0.461,2.888,19.645,19.864,740101000.0,0.0,18.97,1.052,1.052,246676000.0,708362000.0,1889365000.0,1889365000.0,12224000.0,0.07,0.151,0.134,0.099,6612000.0,185841000.0,1.0,104729002.0,104729002.0,,18.041,1321207000.0,0.0,63900000.0,99076000.0,12.615,301298000.0
21,BMS,MRY,1997-12-31,1997-12-31,1997-12-31,2021-09-13,-6263000.0,1362567000.0,1326268500.0,516393000.0,846174000.0,1.415,6.036,-164868000.0,13827000.0,13827000.0,1485494000.0,101424000.0,2.056,1.077,321069000.0,4278000.0,316791000.0,321069000.0,0.0,78856000.0,0.0,0.018,0.4,183817000.0,262673000.0,0.14,262673000.0,183817000.0,164924000.0,0.955,0.94,0.955,639885000.0,614669500.0,639885000.0,2623678623.0,14.0,9.988,-21157000.0,-0.2,1.0,391743000.0,0.209,150632000.0,18893000.0,1267990000.0,1235848750.0,221576000.0,0.0,0.0,0.0,688920000.0,251187000.0,437733000.0,2335299623.0,3604000.0,30039000.0,-5051000.0,44602000.0,-42418000.0,-4651000.0,-134851000.0,0.0,143711000.0,-605000.0,101424000.0,101424000.0,101424000.0,0.0,0.0,0.054,202520000.0,189223000.0,195346000.0,0.419,3.65,23.025,23.068,685227000.0,0.0,22.03,1.244,1.244,233547000.0,626584000.0,1877237000.0,1877237000.0,12012000.0,0.076,0.165,0.149,0.098,0.0,189590000.0,1.0,106005430.0,106005430.0,,17.709,1211935000.0,0.0,63500000.0,80737000.0,11.433,265206000.0
22,BMS,MRY,1996-12-31,1996-12-31,1996-12-31,2021-09-13,6588000.0,1168795000.0,1099695000.0,466921000.0,701874000.0,1.505,5.339,-109990000.0,10223000.0,10223000.0,1273570000.0,101081000.0,2.177,1.005,245789000.0,4712000.0,241077000.0,245789000.0,0.0,66192000.0,0.0,0.02,0.36,176178000.0,242370000.0,0.146,242370000.0,176178000.0,162781000.0,0.96,0.95,0.96,567097000.0,539952500.0,567097000.0,,,,26222000.0,0.247,1.0,381861000.0,0.231,108928000.0,13397000.0,1080988000.0,999409500.0,200397000.0,0.0,0.0,0.0,569909000.0,214445000.0,355464000.0,1958583947.0,-11809000.0,-61362000.0,-8962000.0,74869000.0,-37830000.0,26548000.0,-171315000.0,0.0,136212000.0,-3254000.0,101081000.0,101081000.0,101081000.0,0.0,0.0,0.061,200977000.0,180884000.0,164638000.0,0.375,3.454,19.376,19.208,583491000.0,0.0,18.44,1.183,1.183,216740000.0,561049000.0,1655431000.0,1655431000.0,13655000.0,0.092,0.187,0.176,0.106,0.0,192819000.0,1.0,106213880.0,106213880.0,,15.586,1059867000.0,0.0,61700000.0,67593000.0,9.979,252476000.0
23,BMS,MRY,1995-12-31,1995-12-31,1995-12-31,2021-09-13,10505000.0,1030595000.0,,442274000.0,588321000.0,,,-91480000.0,22032000.0,22032000.0,1183514000.0,85210000.0,2.018,0.954,170920000.0,4485000.0,166435000.0,170920000.0,0.0,57954000.0,0.0,0.025,0.32,147659000.0,205613000.0,0.135,205613000.0,147659000.0,136110000.0,0.82,0.815,0.82,512808000.0,,512808000.0,,,,58299000.0,,1.0,339876000.0,0.223,42437000.0,11549000.0,917831000.0,,178085000.0,0.0,0.0,0.0,489351000.0,219215000.0,270136000.0,,9306000.0,-552000.0,-8395000.0,-11926000.0,-33175000.0,-50047000.0,-92029000.0,0.0,149779000.0,1603000.0,85210000.0,85210000.0,85210000.0,0.0,0.0,0.056,191574000.0,148302000.0,163692000.0,0.39,,,15.622,534551000.0,0.0,12.81,,,201725000.0,496252000.0,1523390000.0,1523390000.0,13603000.0,,,,0.097,0.0,177971000.0,1.0,,,,,988158000.0,0.0,50900000.0,71668000.0,,223059000.0
24,BMS,MRY,1994-12-31,1994-12-31,1994-12-31,2021-09-13,,,,,,,,-89470000.0,,,1077130000.0,72794000.0,,,,,,,,51828000.0,,0.022,0.27,126489000.0,178317000.0,0.128,178317000.0,126489000.0,118094000.0,0.7,,0.7,,,,,,,15347000.0,,1.0,313329000.0,0.225,,8395000.0,,,,,,,,,,,3815000.0,-31956000.0,0.0,45216000.0,-27654000.0,15997000.0,-121089000.0,0.0,104817000.0,4090000.0,72794000.0,72794000.0,72794000.0,0.0,0.0,0.052,184263000.0,129066000.0,,0.386,,,17.143,,0.0,12.0,,,,,1390459000.0,1390459000.0,13124000.0,,,,0.091,0.0,171139000.0,1.0,,,,,,,45300000.0,,,
0,BMS,MRQ,2019-03-31,2019-03-31,2019-03-31,2021-09-13,-521600000.0,3647800000.0,,1280200000.0,2367600000.0,,13.692,-28400000.0,57700000.0,57700000.0,799200000.0,60400000.0,1.934,1.922,1454600000.0,14400000.0,1440200000.0,1454600000.0,0.0,41200000.0,0.0,0.023,0.32,98900000.0,140100000.0,0.14,140100000.0,98900000.0,80400000.0,0.66,0.66,0.66,1248200000.0,,1248200000.0,6342351510.0,17.0,11.639,-26900000.0,-0.295,1.0,202200000.0,0.202,962600000.0,18500000.0,3420200000.0,,640100000.0,0.0,0.0,0.0,2399600000.0,661900000.0,1737700000.0,5057851510.0,-18400000.0,0.0,0.0,45200000.0,-30300000.0,8400000.0,-28400000.0,0.0,1500000.0,100000.0,60400000.0,60400000.0,60400000.0,0.0,0.0,0.06,105100000.0,97100000.0,465700000.0,0.485,4.052,21.207,21.176,1290200000.0,0.0,55.48,1.245,1.245,482100000.0,2487800000.0,1001400000.0,1001400000.0,9700000.0,,,,,3700000.0,97100000.0,1.0,91165312.0,91165312.0,,10.984,2685200000.0,0.0,20000000.0,219100000.0,29.454,618300000.0
1,BMS,MRQ,2018-12-31,2018-12-31,2018-12-31,2021-09-13,-525500000.0,3571000000.0,,1234600000.0,2336400000.0,,13.359,-28700000.0,76100000.0,76100000.0,802400000.0,73900000.0,1.76,1.937,1360600000.0,12000000.0,1348600000.0,1360600000.0,0.0,41100000.0,0.0,0.027,0.31,107400000.0,148500000.0,0.148,148500000.0,107400000.0,87800000.0,0.82,0.81,0.82,1215900000.0,,1215900000.0,5559379152.0,15.0,10.501,129700000.0,1.425,1.0,200400000.0,0.2,966600000.0,19600000.0,3187300000.0,,619500000.0,0.0,0.0,0.0,2355100000.0,701600000.0,1653500000.0,4177679152.0,13800000.0,0.0,0.0,-90900000.0,-28200000.0,-119200000.0,-28700000.0,0.0,158400000.0,3300000.0,73900000.0,73900000.0,73900000.0,0.0,0.0,0.074,93700000.0,106700000.0,515900000.0,0.378,3.436,18.51,18.508,1250300000.0,0.0,45.9,1.021,1.021,443300000.0,2456700000.0,1002800000.0,1002800000.0,9300000.0,,,,,5000000.0,93300000.0,1.0,91016975.0,91016975.0,,11.018,2604400000.0,0.0,13900000.0,200000000.0,28.614,533000000.0
2,BMS,MRQ,2018-09-30,2018-09-30,2018-09-30,2021-09-13,-483600000.0,3604400000.0,,1259200000.0,2345200000.0,,13.045,-30000000.0,62300000.0,62300000.0,821400000.0,57500000.0,1.785,2.036,1444000000.0,12600000.0,1431400000.0,1444000000.0,0.0,40800000.0,0.0,0.025,0.31,93600000.0,134400000.0,0.131,134400000.0,93600000.0,74700000.0,0.63,0.63,0.63,1187300000.0,,1187300000.0,5891243920.0,46.0,19.93,112300000.0,1.234,1.0,205000000.0,0.2,971800000.0,18900000.0,3308800000.0,,627700000.0,0.0,0.0,0.0,2417100000.0,705500000.0,1711600000.0,4423343920.0,11300000.0,0.0,0.0,-73500000.0,-28200000.0,-101800000.0,-30000000.0,0.0,142300000.0,800000.0,57500000.0,57500000.0,57500000.0,0.0,0.0,0.056,111900000.0,93100000.0,513400000.0,0.492,3.726,39.814,39.836,1253700000.0,0.0,48.6,1.081,1.081,483100000.0,2391100000.0,1026400000.0,1026400000.0,9300000.0,,,,,4900000.0,90900000.0,1.0,91015307.0,91015307.0,,11.277,2632600000.0,0.0,17200000.0,190900000.0,28.925,553700000.0
3,BMS,MRQ,2018-06-30,2018-06-30,2018-06-30,2021-09-13,-468600000.0,3624400000.0,,1241800000.0,2382600000.0,,12.845,-35100000.0,51000000.0,51000000.0,831600000.0,46700000.0,1.857,2.101,1518900000.0,17200000.0,1501700000.0,1518900000.0,0.0,42500000.0,0.0,0.029,0.31,79400000.0,121900000.0,0.118,121900000.0,79400000.0,60700000.0,0.51,0.51,0.51,1168600000.0,,1168600000.0,5350348456.0,41.0,17.693,71400000.0,0.785,1.0,201700000.0,0.195,979300000.0,18700000.0,3444300000.0,,615800000.0,0.0,0.0,0.0,2455800000.0,668700000.0,1787100000.0,3840148456.0,-8700000.0,0.0,0.0,-46400000.0,-28200000.0,-74600000.0,-35100000.0,0.0,106500000.0,-5500000.0,46700000.0,46700000.0,46700000.0,0.0,0.0,0.045,123000000.0,78700000.0,484300000.0,0.608,3.286,35.166,35.175,1272600000.0,0.0,42.21,0.937,0.937,480800000.0,2362200000.0,1033300000.0,1033300000.0,9400000.0,,,,,4900000.0,96800000.0,1.0,90977220.0,90977220.0,,11.358,2645100000.0,0.0,14000000.0,183600000.0,29.074,573100000.0
4,BMS,MRQ,2018-03-31,2018-03-31,2018-03-31,2021-09-13,-375900000.0,3753800000.0,,1285200000.0,2468600000.0,,13.61,-46100000.0,59700000.0,59700000.0,829400000.0,47600000.0,1.883,2.032,1569900000.0,25700000.0,1544200000.0,1569900000.0,0.0,43200000.0,0.0,0.028,0.31,81400000.0,124600000.0,0.121,124600000.0,81400000.0,62500000.0,0.52,0.52,0.52,1238200000.0,,1238200000.0,5451555022.0,50.0,19.414,8200000.0,0.09,1.0,198000000.0,0.193,995200000.0,18900000.0,3586100000.0,,628100000.0,0.0,0.0,0.0,2515600000.0,682700000.0,1832900000.0,3959255022.0,-11400000.0,0.0,0.0,12300000.0,-29200000.0,-22500000.0,-46100000.0,0.0,54300000.0,2900000.0,47600000.0,47600000.0,47600000.0,0.0,0.0,0.046,117500000.0,80500000.0,487200000.0,0.596,3.198,43.749,43.52,1325800000.0,0.0,43.52,0.971,0.971,499800000.0,2344000000.0,1027400000.0,1027400000.0,10000000.0,,,,,4800000.0,96900000.0,1.0,90975529.0,90975529.0,,11.293,2758600000.0,0.0,14900000.0,196100000.0,30.322,602500000.0
5,BMS,MRQ,2017-12-31,2017-12-31,2017-12-31,2021-09-13,-394500000.0,3699900000.0,,1237100000.0,2462800000.0,,13.228,-37500000.0,71100000.0,71100000.0,809800000.0,-40700000.0,1.857,2.08,1563400000.0,21000000.0,1542400000.0,1563400000.0,0.0,42300000.0,0.0,0.025,0.3,-127600000.0,-85300000.0,-0.085,-85300000.0,-127600000.0,-144700000.0,-0.44,-0.44,-0.44,1201200000.0,,1201200000.0,5846371762.0,49.0,20.279,42000000.0,0.463,1.0,193800000.0,0.193,995000000.0,17100000.0,3531100000.0,,620200000.0,0.0,0.0,0.0,2498700000.0,666100000.0,1832600000.0,4339571762.0,26400000.0,0.0,0.0,13400000.0,-27200000.0,-13800000.0,-37500000.0,0.0,79500000.0,-1800000.0,-40700000.0,-40700000.0,-40700000.0,0.0,0.0,-0.041,312900000.0,-119100000.0,477200000.0,-0.682,3.613,46.166,46.398,1318100000.0,0.0,47.79,1.073,1.073,448700000.0,2324800000.0,1003600000.0,1003600000.0,9300000.0,,,,,4400000.0,94700000.0,1.0,90805017.0,90805017.0,,11.052,2704900000.0,0.0,-104000000.0,184000000.0,29.788,571000000.0
6,BMS,MRQ,2017-09-30,2017-09-30,2017-09-30,2021-09-13,-383600000.0,3876700000.0,,1264900000.0,2611800000.0,,14.051,-39800000.0,44700000.0,44700000.0,827100000.0,55600000.0,1.797,2.038,1551500000.0,20900000.0,1530600000.0,1551500000.0,0.0,42500000.0,0.0,0.026,0.3,98700000.0,141200000.0,0.136,141200000.0,98700000.0,82000000.0,0.61,0.61,0.61,1275900000.0,,1275900000.0,5618761202.0,16.0,10.812,59200000.0,0.652,1.0,208000000.0,0.201,1193500000.0,16700000.0,3486300000.0,,627200000.0,0.0,0.0,0.0,2600800000.0,703700000.0,1897100000.0,4137961202.0,-10300000.0,-3900000.0,-54900000.0,15500000.0,-27300000.0,-66700000.0,-43700000.0,0.0,99000000.0,1100000.0,55600000.0,55600000.0,55600000.0,0.0,0.0,0.054,111000000.0,97000000.0,506700000.0,0.492,3.243,21.199,21.495,1323400000.0,0.0,45.57,1.027,1.027,493600000.0,2393000000.0,1035100000.0,1035100000.0,10000000.0,,,,,4200000.0,95900000.0,1.0,90804503.0,90804503.0,,11.399,2683200000.0,0.0,26400000.0,277000000.0,29.549,561200000.0
7,BMS,MRQ,2017-06-30,2017-06-30,2017-06-30,2021-09-13,-417500000.0,3830300000.0,,1240200000.0,2590100000.0,,13.754,-55100000.0,55000000.0,55000000.0,826000000.0,28000000.0,1.784,2.029,1535800000.0,19000000.0,1516800000.0,1535800000.0,0.0,43200000.0,0.0,0.026,0.3,57100000.0,100300000.0,0.099,100300000.0,57100000.0,41100000.0,0.31,0.3,0.31,1264700000.0,,1264700000.0,5755131854.0,16.0,10.749,50900000.0,0.554,1.0,186100000.0,0.184,1185500000.0,16000000.0,3430500000.0,,608500000.0,0.0,0.0,0.0,2565600000.0,695100000.0,1870500000.0,4252731854.0,4200000.0,0.0,0.0,-19900000.0,-27600000.0,-47500000.0,-55100000.0,0.0,106000000.0,800000.0,28000000.0,28000000.0,28000000.0,0.0,0.0,0.028,130400000.0,55700000.0,507000000.0,0.968,3.363,20.426,20.647,1311600000.0,0.0,46.25,1.057,1.057,475300000.0,2365000000.0,1012100000.0,1012100000.0,11100000.0,,,,,4400000.0,98600000.0,1.0,91950959.0,91950959.0,,11.007,2644800000.0,0.0,13100000.0,261100000.0,28.763,545100000.0
8,BMS,MRQ,2017-03-31,2017-03-31,2017-03-31,2021-09-13,-415800000.0,3778800000.0,,1196000000.0,2582800000.0,,13.648,-41600000.0,50800000.0,50800000.0,797100000.0,51100000.0,1.912,1.995,1553200000.0,16500000.0,1536700000.0,1553200000.0,0.0,41800000.0,0.0,0.024,0.3,90300000.0,132100000.0,0.133,132100000.0,90300000.0,74300000.0,0.55,0.55,0.55,1261800000.0,,1261800000.0,5988029866.0,15.0,10.595,52900000.0,0.572,1.0,198300000.0,0.199,1189500000.0,16000000.0,3466200000.0,,580300000.0,0.0,0.0,0.0,2517000000.0,625500000.0,1891500000.0,4517129866.0,-23400000.0,0.0,-48900000.0,7200000.0,-29100000.0,-79300000.0,-41600000.0,0.0,94500000.0,3000000.0,51100000.0,51100000.0,51100000.0,0.0,0.0,0.051,109900000.0,88400000.0,449800000.0,0.545,3.58,19.546,19.781,1302400000.0,0.0,48.86,1.12,1.12,475700000.0,2364800000.0,995400000.0,995400000.0,12500000.0,,,,,4400000.0,96000000.0,1.0,92450468.0,92450468.0,,10.767,2589300000.0,0.0,23200000.0,271000000.0,28.007,570500000.0
9,BMS,MRQ,2016-12-31,2016-12-31,2016-12-31,2021-09-13,-447800000.0,3715700000.0,,1165500000.0,2550200000.0,,13.442,-75000000.0,74200000.0,74200000.0,772100000.0,60500000.0,2.023,1.95,1545100000.0,17300000.0,1527800000.0,1545100000.0,0.0,40700000.0,0.0,0.024,0.29,105400000.0,146100000.0,0.148,146100000.0,105400000.0,89700000.0,0.65,0.64,0.65,1259700000.0,,1259700000.0,5905479100.0,14.0,10.303,14000000.0,0.149,1.0,215900000.0,0.219,1184000000.0,15700000.0,3426500000.0,,549400000.0,0.0,0.0,0.0,2456000000.0,576100000.0,1879900000.0,4481279100.0,-4900000.0,0.0,-48500000.0,57800000.0,-27000000.0,-17200000.0,-75000000.0,0.0,89000000.0,-1700000.0,60500000.0,60500000.0,60500000.0,0.0,0.0,0.061,109200000.0,106700000.0,378000000.0,0.446,3.557,18.972,19.052,1283800000.0,0.0,47.82,1.119,1.119,461900000.0,2341700000.0,988000000.0,988000000.0,11800000.0,,,,,4100000.0,94900000.0,1.0,93711399.0,93711399.0,,10.543,2531700000.0,0.0,29200000.0,250900000.0,27.016,589400000.0
10,BMS,MRQ,2016-09-30,2016-09-30,2016-09-30,2021-09-13,-435100000.0,3753100000.0,,1199000000.0,2554100000.0,,13.546,-44000000.0,79100000.0,79100000.0,802400000.0,68600000.0,1.919,1.925,1503300000.0,17400000.0,1485900000.0,1503300000.0,0.0,40100000.0,0.0,0.023,0.29,116800000.0,156900000.0,0.153,156900000.0,116800000.0,101700000.0,0.73,0.72,0.73,1283000000.0,,1283000000.0,6323404284.0,16.0,11.182,151400000.0,1.599,1.0,224800000.0,0.219,1198800000.0,15100000.0,3353600000.0,,568600000.0,0.0,0.0,0.0,2470100000.0,624900000.0,1845200000.0,4831204284.0,17300000.0,-7200000.0,-51100000.0,-47700000.0,-27300000.0,-126000000.0,-51200000.0,0.0,195400000.0,-900000.0,68600000.0,68600000.0,68600000.0,0.0,0.0,0.067,108600000.0,116200000.0,422600000.0,0.397,3.766,20.779,20.82,1268900000.0,0.0,51.01,1.208,1.208,474700000.0,2308500000.0,1027200000.0,1027200000.0,11600000.0,,,,,4400000.0,95800000.0,1.0,94710925.0,94710925.0,,10.846,2554300000.0,0.0,33100000.0,240100000.0,26.969,574100000.0
11,BMS,MRQ,2016-06-30,2016-06-30,2016-06-30,2021-09-13,-426200000.0,3767300000.0,,1219000000.0,2548300000.0,,13.702,-47200000.0,61800000.0,61800000.0,804300000.0,50900000.0,2.075,1.904,1554000000.0,21700000.0,1532300000.0,1554000000.0,0.0,40500000.0,0.0,0.022,0.29,89600000.0,130100000.0,0.127,130100000.0,89600000.0,75600000.0,0.54,0.53,0.54,1297400000.0,,1297400000.0,6282162619.0,16.0,11.356,53200000.0,0.562,1.0,217000000.0,0.212,1205700000.0,14000000.0,3466300000.0,,551000000.0,0.0,0.0,0.0,2469900000.0,587500000.0,1882400000.0,4875462619.0,11700000.0,-107300000.0,0.0,92600000.0,-27500000.0,65200000.0,-154500000.0,0.0,100400000.0,600000.0,50900000.0,50900000.0,50900000.0,0.0,0.0,0.05,128000000.0,89000000.0,379100000.0,0.537,3.758,21.535,21.726,1258100000.0,0.0,51.49,1.222,1.222,521500000.0,2267500000.0,1021300000.0,1021300000.0,11600000.0,,,,,5100000.0,100400000.0,1.0,94687563.0,94687563.0,,10.786,2561600000.0,0.0,24700000.0,229700000.0,27.053,631500000.0
12,BMS,MRQ,2016-03-31,2016-03-31,2016-03-31,2021-09-13,-462800000.0,3573100000.0,,1164600000.0,2408500000.0,,13.015,-30500000.0,50100000.0,50100000.0,759100000.0,56200000.0,2.062,1.899,1456800000.0,19600000.0,1437200000.0,1456800000.0,0.0,40800000.0,0.0,0.022,0.29,99300000.0,140100000.0,0.145,140100000.0,99300000.0,83900000.0,0.59,0.59,0.59,1232400000.0,,1232400000.0,6232998245.0,15.0,10.842,22100000.0,0.233,1.0,208800000.0,0.216,1109200000.0,15400000.0,3305800000.0,,545500000.0,0.0,0.0,0.0,2340700000.0,564800000.0,1775900000.0,4902898245.0,-9100000.0,0.0,-44300000.0,54400000.0,-32100000.0,-32400000.0,-30500000.0,0.0,52600000.0,1200000.0,56200000.0,56200000.0,56200000.0,0.0,0.0,0.058,109400000.0,99400000.0,366900000.0,0.492,3.978,20.336,20.629,1222600000.0,0.0,51.78,1.226,1.226,489600000.0,2244400000.0,967900000.0,967900000.0,11500000.0,,,,,0.0,99400000.0,1.0,94687104.0,94687104.0,,10.222,2463900000.0,0.0,27700000.0,225700000.0,26.021,599800000.0
13,BMS,MRQ,2015-12-31,2015-12-31,2015-12-31,2021-09-13,-509900000.0,3489800000.0,,1119000000.0,2370800000.0,,12.581,-71300000.0,59200000.0,59200000.0,769800000.0,56800000.0,1.9,1.89,1389300000.0,35400000.0,1353900000.0,1389300000.0,0.0,40000000.0,0.0,0.025,0.28,98400000.0,138400000.0,0.141,138400000.0,98400000.0,85200000.0,0.59,0.58,0.59,1207400000.0,,1207400000.0,5510436230.0,13.0,9.649,69100000.0,0.72,1.0,212900000.0,0.217,1099300000.0,13200000.0,3131500000.0,,525900000.0,0.0,0.0,0.0,2282400000.0,589100000.0,1693300000.0,4289036230.0,-19400000.0,-66400000.0,-45800000.0,53500000.0,-27500000.0,-22300000.0,-137700000.0,0.0,140400000.0,200000.0,56800000.0,56800000.0,56800000.0,0.0,0.0,0.058,115700000.0,97200000.0,334800000.0,0.475,3.552,17.923,18.093,1206300000.0,0.0,44.69,1.053,1.053,451300000.0,2216000000.0,982700000.0,982700000.0,10300000.0,,,,,3100000.0,107900000.0,1.0,95973064.0,95973064.0,,10.239,2390500000.0,0.0,28400000.0,207600000.0,24.908,529900000.0
14,BMS,MRQ,2015-09-30,2015-09-30,2015-09-30,2021-09-13,-488200000.0,3447900000.0,,1220200000.0,2227700000.0,,12.888,-49600000.0,78600000.0,78600000.0,796500000.0,62500000.0,2.158,1.773,1300000000.0,6400000.0,1293600000.0,1300000000.0,0.0,38000000.0,0.0,0.028,0.28,106600000.0,144600000.0,0.142,144600000.0,106600000.0,94000000.0,0.65,0.64,0.65,1243300000.0,,1243300000.0,5113450506.0,12.0,8.879,143900000.0,1.492,1.0,221800000.0,0.218,1053900000.0,12600000.0,3050000000.0,,538200000.0,0.0,0.0,0.0,2204600000.0,565400000.0,1639200000.0,3817350506.0,-9200000.0,0.0,-20900000.0,-94800000.0,-27000000.0,-142800000.0,-49600000.0,0.0,193500000.0,-10300000.0,62500000.0,62500000.0,62500000.0,0.0,0.0,0.061,116000000.0,105800000.0,348700000.0,0.431,3.07,15.8,15.956,1130600000.0,0.0,39.57,0.922,0.922,461800000.0,2186600000.0,1018300000.0,1018300000.0,11000000.0,,,,,4400000.0,101800000.0,1.0,96470824.0,96470824.0,,10.556,2394000000.0,0.0,31500000.0,258200000.0,24.816,654800000.0
15,BMS,MRQ,2015-06-30,2015-06-30,2015-06-30,2021-09-13,-371600000.0,3573800000.0,,1290600000.0,2283200000.0,,13.769,-53400000.0,87800000.0,87800000.0,809100000.0,65600000.0,2.569,1.664,1383900000.0,26100000.0,1357800000.0,1383900000.0,0.0,40400000.0,0.0,0.024,0.28,111400000.0,151800000.0,0.147,151800000.0,111400000.0,98600000.0,0.68,0.67,0.68,1341700000.0,,1341700000.0,5711936694.0,15.0,10.587,79900000.0,0.82,1.0,221200000.0,0.215,1094900000.0,12800000.0,3272600000.0,,557000000.0,0.0,0.0,0.0,2232100000.0,502400000.0,1729700000.0,4385836694.0,27500000.0,13600000.0,-45900000.0,13100000.0,-27200000.0,-64400000.0,-39800000.0,0.0,133300000.0,-1600000.0,65600000.0,65600000.0,65600000.0,0.0,0.0,0.064,112000000.0,109200000.0,299300000.0,0.412,3.269,22.365,22.505,1146100000.0,0.0,45.01,1.039,1.039,498300000.0,2151500000.0,1030300000.0,1030300000.0,11500000.0,,,,,5100000.0,103900000.0,1.0,97441384.0,97441384.0,,10.574,2478900000.0,0.0,33000000.0,257400000.0,25.44,788200000.0
16,BMS,MRQ,2015-03-31,2015-03-31,2015-03-31,2021-09-13,-387600000.0,3570700000.0,,1299700000.0,2271000000.0,,13.629,-35500000.0,60300000.0,60300000.0,822600000.0,54400000.0,2.551,1.688,1386400000.0,29300000.0,1357100000.0,1386400000.0,0.0,39700000.0,0.0,0.024,0.28,96600000.0,136300000.0,0.131,136300000.0,96600000.0,83500000.0,0.55,0.55,0.55,1328300000.0,,1328300000.0,5813693221.0,15.0,10.603,49700000.0,0.51,1.0,217500000.0,0.209,1095000000.0,13100000.0,3292400000.0,,570900000.0,0.0,0.0,0.0,2242400000.0,509400000.0,1733000000.0,4513593221.0,13200000.0,0.0,-37500000.0,31900000.0,-28000000.0,-35800000.0,-35500000.0,0.0,85200000.0,-700000.0,54400000.0,54400000.0,54400000.0,2600000.0,0.0,0.052,120100000.0,97400000.0,310900000.0,0.509,3.398,22.993,23.389,1124500000.0,0.0,46.31,1.052,1.052,568600000.0,2113400000.0,1040100000.0,1040100000.0,11300000.0,,,,,3900000.0,106400000.0,1.0,97464764.0,97464764.0,,10.672,2475700000.0,0.0,29100000.0,266800000.0,25.401,790300000.0
17,BMS,MRQ,2014-12-31,2014-12-31,2014-12-31,2021-09-13,-291700000.0,3610800000.0,,1287800000.0,2323000000.0,,14.347,-70300000.0,47100000.0,47100000.0,844200000.0,59100000.0,2.675,1.52,1342900000.0,31300000.0,1311600000.0,1342900000.0,0.0,41600000.0,0.0,0.024,0.27,101600000.0,143200000.0,0.136,143200000.0,101600000.0,88700000.0,0.6,0.59,0.6,1433000000.0,,1433000000.0,5840314314.0,16.0,10.483,-13700000.0,-0.137,1.0,208500000.0,0.198,1131700000.0,12900000.0,3293500000.0,,575800000.0,0.0,0.0,0.0,2177800000.0,481400000.0,1696400000.0,4515614314.0,-79000000.0,135800000.0,-68000000.0,-112700000.0,-26800000.0,-207400000.0,65500000.0,0.0,56600000.0,-3700000.0,59100000.0,59100000.0,59100000.0,-1900000.0,0.0,0.056,110000000.0,98500000.0,268200000.0,0.45,3.151,23.63,23.67,1142900000.0,0.0,45.21,1.04,1.04,496300000.0,2086800000.0,1052700000.0,1052700000.0,10700000.0,,,,,2900000.0,101000000.0,1.0,99880874.0,99880874.0,,10.54,2479100000.0,0.0,29600000.0,246700000.0,24.821,806400000.0
18,BMS,MRQ,2014-09-30,2014-09-30,2014-09-30,2021-09-13,-162700000.0,4020800000.0,,1650800000.0,2370000000.0,,15.969,-43300000.0,126100000.0,126100000.0,877500000.0,17000000.0,2.635,1.521,1450800000.0,17900000.0,1432900000.0,1450800000.0,0.0,44200000.0,0.0,0.028,0.27,64000000.0,108200000.0,0.099,108200000.0,64000000.0,50000000.0,0.17,0.17,0.17,1595000000.0,,1595000000.0,5151217678.0,14.0,9.163,77800000.0,0.779,1.0,220700000.0,0.201,1153800000.0,14000000.0,3565300000.0,,594900000.0,0.0,0.0,0.0,2425800000.0,626400000.0,1799400000.0,3797417678.0,-1100000.0,0.0,0.0,-27800000.0,-27000000.0,-54800000.0,-43300000.0,0.0,121100000.0,-14100000.0,17000000.0,17000000.0,17000000.0,44500000.0,0.0,0.015,113400000.0,107300000.0,321000000.0,1.588,2.381,20.178,20.551,1128800000.0,0.0,38.02,0.868,0.868,562000000.0,2054900000.0,1098200000.0,1098200000.0,11200000.0,,,,,1500000.0,104600000.0,1.0,99879476.0,99879476.0,,10.995,2867000000.0,0.0,33000000.0,294600000.0,28.705,1024400000.0
19,BMS,MRQ,2014-06-30,2014-06-30,2014-06-30,2021-09-13,-71000000.0,4153000000.0,,1594400000.0,2558600000.0,,16.81,-30500000.0,127200000.0,127200000.0,878600000.0,65800000.0,2.589,1.45,1481000000.0,15900000.0,1465100000.0,1481000000.0,0.0,47200000.0,0.0,0.026,0.27,113400000.0,160600000.0,0.146,160600000.0,113400000.0,96400000.0,0.66,0.65,0.66,1695300000.0,,1695300000.0,5408497577.0,13.0,9.066,27400000.0,0.272,1.0,219000000.0,0.2,1235700000.0,17000000.0,3655200000.0,,684100000.0,0.0,0.0,0.0,2457700000.0,615900000.0,1841800000.0,4100697577.0,-25000000.0,0.0,-40900000.0,19200000.0,-27100000.0,-55200000.0,-30500000.0,0.0,57900000.0,2800000.0,65800000.0,65800000.0,65800000.0,-5100000.0,0.0,0.06,112400000.0,106600000.0,390600000.0,0.409,2.419,18.209,18.482,1236400000.0,0.0,40.66,0.932,0.932,669500000.0,2065000000.0,1097600000.0,1097600000.0,11100000.0,,,,,4200000.0,104400000.0,1.0,100853359.0,100853359.0,,10.883,2917300000.0,0.0,30600000.0,287500000.0,28.926,978500000.0
20,BMS,MRQ,2014-03-31,2014-03-31,2014-03-31,2021-09-13,-87400000.0,4148200000.0,,1582700000.0,2565500000.0,,16.489,-31000000.0,152200000.0,152200000.0,884100000.0,49200000.0,2.454,1.474,1460000000.0,18500000.0,1441500000.0,1460000000.0,0.0,47600000.0,0.0,0.027,0.27,97500000.0,145100000.0,0.133,145100000.0,97500000.0,80600000.0,0.48,0.48,0.48,1677000000.0,,1677000000.0,5285388207.0,13.0,9.092,-18500000.0,-0.182,1.0,210900000.0,0.193,1233300000.0,16900000.0,3577700000.0,,665900000.0,0.0,0.0,0.0,2471200000.0,645000000.0,1826200000.0,3990788207.0,10500000.0,79800000.0,-43200000.0,18400000.0,-27500000.0,-53400000.0,48800000.0,0.0,12500000.0,2600000.0,49200000.0,49200000.0,49200000.0,10500000.0,0.0,0.045,115600000.0,95300000.0,395000000.0,0.562,2.38,18.78,19.141,1242700000.0,0.0,39.24,0.868,0.868,654100000.0,2026800000.0,1095000000.0,1095000000.0,11100000.0,,,,,3100000.0,106600000.0,1.0,101702044.0,101702044.0,,10.767,2914900000.0,0.0,31400000.0,315200000.0,28.661,937700000.0
21,BMS,MRQ,2013-12-31,2013-12-31,2013-12-31,2021-09-13,-98700000.0,4110200000.0,,1504500000.0,2605700000.0,,16.367,-46500000.0,141700000.0,141700000.0,877900000.0,56200000.0,2.5,1.44,1436300000.0,14900000.0,1421400000.0,1436300000.0,0.0,46800000.0,0.0,0.025,0.26,101500000.0,148300000.0,0.137,148300000.0,101500000.0,83900000.0,0.54,0.54,0.54,1684800000.0,,1684800000.0,5510746239.0,15.0,9.697,64300000.0,0.625,1.0,207400000.0,0.191,1242800000.0,17600000.0,3560100000.0,,648500000.0,0.0,0.0,0.0,2425400000.0,601900000.0,1823500000.0,4216446239.0,-13900000.0,-3800000.0,-41700000.0,-1900000.0,-26700000.0,-70100000.0,-50300000.0,0.0,110800000.0,-4300000.0,56200000.0,56200000.0,56200000.0,-5900000.0,0.0,0.052,113200000.0,94200000.0,362800000.0,0.481,2.503,19.833,19.883,1284300000.0,0.0,40.96,0.942,0.942,615400000.0,2005100000.0,1085300000.0,1085300000.0,10400000.0,,,,,1300000.0,105000000.0,1.0,102940582.0,102940582.0,,10.543,2867400000.0,0.0,27700000.0,302100000.0,27.855,902600000.0
22,BMS,MRQ,2013-09-30,2013-09-30,2013-09-30,2021-09-13,-106800000.0,4195400000.0,,1594400000.0,2601000000.0,,16.395,-30600000.0,155600000.0,155600000.0,897300000.0,54000000.0,2.399,1.486,1449900000.0,27500000.0,1422400000.0,1449900000.0,0.0,46500000.0,0.0,0.026,0.26,96100000.0,142600000.0,0.127,142600000.0,96100000.0,79100000.0,0.52,0.52,0.52,1687400000.0,,1687400000.0,5322389522.0,15.0,9.752,129400000.0,1.257,1.0,224200000.0,0.2,1253300000.0,17000000.0,3571900000.0,,670100000.0,0.0,0.0,0.0,2508000000.0,664500000.0,1843500000.0,4014989522.0,5400000.0,-56500000.0,0.0,-44400000.0,-26800000.0,-72000000.0,-87100000.0,0.0,160000000.0,4500000.0,54000000.0,54000000.0,54000000.0,-5100000.0,0.0,0.048,136600000.0,87600000.0,393200000.0,0.5,2.379,20.433,20.532,1287600000.0,0.0,39.01,0.923,0.923,654800000.0,1975900000.0,1121500000.0,1121500000.0,10700000.0,,,,,4500000.0,112800000.0,1.0,102922059.0,102922059.0,,10.897,2942100000.0,0.0,25100000.0,298200000.0,28.586,929900000.0
23,BMS,MRQ,2013-06-30,2013-06-30,2013-06-30,2021-09-13,-171100000.0,4145500000.0,,1614400000.0,2531100000.0,,15.476,-22100000.0,150200000.0,150200000.0,1045300000.0,53100000.0,2.521,1.603,1457600000.0,7300000.0,1450300000.0,1457600000.0,0.0,47800000.0,0.0,0.026,0.26,97500000.0,145300000.0,0.112,145300000.0,97500000.0,80500000.0,0.51,0.51,0.51,1592400000.0,,1592400000.0,5425873623.0,15.0,9.963,71900000.0,0.699,1.0,251800000.0,0.194,1199600000.0,17000000.0,3613000000.0,,669500000.0,0.0,0.0,0.0,2553100000.0,640300000.0,1912800000.0,4027173623.0,-2500000.0,30400000.0,0.0,-69600000.0,-26800000.0,-96400000.0,8300000.0,0.0,94000000.0,-8400000.0,53100000.0,53100000.0,53100000.0,0.0,0.0,0.041,161500000.0,90300000.0,390300000.0,0.51,2.529,21.207,21.272,1274700000.0,0.0,39.14,0.891,0.891,685400000.0,1949100000.0,1297100000.0,1297100000.0,11700000.0,,,,,6100000.0,132100000.0,1.0,102891508.0,102891508.0,,12.606,2945900000.0,0.0,27400000.0,253800000.0,28.631,974100000.0
24,BMS,MRQ,2013-03-31,2013-03-31,2013-03-31,2021-09-13,-100300000.0,4305400000.0,,1666100000.0,2639300000.0,,15.837,-26900000.0,152700000.0,152700000.0,1013200000.0,49300000.0,2.597,1.639,1551400000.0,8600000.0,1542800000.0,1551400000.0,0.0,49200000.0,0.0,0.025,0.26,88000000.0,137200000.0,0.109,137200000.0,88000000.0,71400000.0,0.48,0.47,0.48,1631200000.0,,1631200000.0,5469413325.0,16.0,10.221,-18500000.0,-0.18,1.0,241800000.0,0.193,1236700000.0,16600000.0,3825800000.0,,698000000.0,0.0,0.0,0.0,2674200000.0,641600000.0,2032600000.0,4157013325.0,38600000.0,200000.0,-35600000.0,129300000.0,-27200000.0,53800000.0,-26700000.0,0.0,8400000.0,3100000.0,49300000.0,49300000.0,49300000.0,0.0,0.0,0.039,149700000.0,92100000.0,406600000.0,0.542,2.548,23.211,23.195,1330900000.0,0.0,40.36,0.917,0.917,709700000.0,1923300000.0,1255000000.0,1255000000.0,11300000.0,,,,,4500000.0,130600000.0,1.0,102998348.0,102998348.0,,12.185,3068700000.0,0.0,22100000.0,253300000.0,29.794,1024500000.0
25,BMS,MRQ,2012-12-31,2012-12-31,2012-12-31,2021-09-13,-112900000.0,4185700000.0,,1525000000.0,2660700000.0,,15.886,-43300000.0,114100000.0,114100000.0,538000000.0,40100000.0,2.372,1.551,1426500000.0,8900000.0,1417600000.0,1426500000.0,0.0,47100000.0,0.0,0.03,0.25,73600000.0,120700000.0,0.178,120700000.0,73600000.0,57500000.0,0.39,0.39,0.39,1640900000.0,,1640900000.0,4833783567.0,14.0,8.93,87800000.0,0.85,1.0,140300000.0,0.207,1235500000.0,16100000.0,3619600000.0,,661900000.0,0.0,0.0,0.0,2544800000.0,643000000.0,1901800000.0,3456083567.0,-9200000.0,0.0,0.0,-70800000.0,-26000000.0,-96600000.0,-43300000.0,0.0,131100000.0,-400000.0,40100000.0,40100000.0,40100000.0,-24900000.0,0.0,0.059,93200000.0,47100000.0,382100000.0,0.641,2.106,19.885,20.036,1351300000.0,0.0,33.46,0.754,0.754,645200000.0,1900900000.0,678300000.0,678300000.0,4200000.0,,,,,4200000.0,72600000.0,1.0,103290005.0,103290005.0,,6.567,2950200000.0,0.0,17400000.0,232600000.0,28.562,882000000.0
26,BMS,MRQ,2012-09-30,2012-09-30,2012-09-30,2021-09-13,-117900000.0,4276900000.0,,1589500000.0,2687400000.0,,15.662,-33100000.0,123300000.0,123300000.0,1040700000.0,47400000.0,2.277,1.644,1501000000.0,6600000.0,1494400000.0,1501000000.0,0.0,50200000.0,0.0,0.031,0.25,91200000.0,141400000.0,0.11,141400000.0,91200000.0,74200000.0,0.46,0.45,0.46,1617600000.0,,1617600000.0,4687938436.0,15.0,8.835,113800000.0,1.102,1.0,247100000.0,0.192,1241400000.0,17000000.0,3715100000.0,,653600000.0,0.0,0.0,0.0,2659300000.0,698100000.0,1961200000.0,3250238436.0,-3900000.0,-19100000.0,0.0,-71100000.0,-26100000.0,-100300000.0,-52200000.0,0.0,146900000.0,1700000.0,47400000.0,47400000.0,47400000.0,0.0,0.0,0.037,157200000.0,89900000.0,407300000.0,0.543,2.009,20.768,20.841,1364800000.0,0.0,31.47,0.628,0.628,687500000.0,1887300000.0,1287800000.0,1287800000.0,10200000.0,,,,,4400000.0,128400000.0,1.0,103280535.0,103280535.0,,12.469,3035500000.0,0.0,26800000.0,214800000.0,29.391,891400000.0
27,BMS,MRQ,2012-06-30,2012-06-30,2012-06-30,2021-09-13,-137800000.0,4295300000.0,,1609900000.0,2685400000.0,,15.279,-32900000.0,127200000.0,127200000.0,1079400000.0,42300000.0,2.319,1.727,1564900000.0,15500000.0,1549400000.0,1564900000.0,0.0,52000000.0,0.0,0.031,0.25,83800000.0,135800000.0,0.103,135800000.0,83800000.0,66500000.0,0.41,0.4,0.41,1575200000.0,,1575200000.0,4685915219.0,14.0,8.534,61600000.0,0.598,1.0,233300000.0,0.178,1240300000.0,17300000.0,3798600000.0,,645600000.0,0.0,0.0,0.0,2720100000.0,694100000.0,2026000000.0,3230947219.0,14200000.0,0.0,0.0,-19300000.0,-26100000.0,-45300000.0,-32900000.0,0.0,94500000.0,-2100000.0,42300000.0,42300000.0,42300000.0,0.0,0.0,0.032,150500000.0,82800000.0,413600000.0,0.61,2.051,19.581,19.835,1371900000.0,0.0,31.34,0.616,0.616,703300000.0,1866200000.0,1312700000.0,1312700000.0,10400000.0,,,,,3300000.0,124000000.0,1.0,103093402.0,103093402.0,,12.733,3055000000.0,0.0,24200000.0,209300000.0,29.633,915800000.0
28,BMS,MRQ,2012-03-31,2012-03-31,2012-03-31,2021-09-13,-48445000.0,4391117000.0,,1631085000.0,2760032000.0,,15.956,-22400000.0,112985000.0,112985000.0,1073800000.0,44000000.0,2.37,1.669,1567953000.0,15785000.0,1552168000.0,1567953000.0,0.0,55000000.0,0.0,0.03,0.25,88400000.0,143400000.0,0.11,143400000.0,88400000.0,67900000.0,0.42,0.42,0.42,1644946000.0,,1644946000.0,4788892143.0,14.0,8.34,26400000.0,0.256,1.0,231000000.0,0.177,1275014000.0,20500000.0,3882916000.0,,681271000.0,0.0,0.0,0.0,2746171000.0,688155000.0,2058016000.0,3328787143.0,3200000.0,0.0,0.0,4400000.0,-26100000.0,-23500000.0,-22400000.0,0.0,48800000.0,300000.0,44000000.0,44000000.0,44000000.0,0.0,0.0,0.034,142500000.0,88500000.0,429134000.0,0.595,2.024,18.807,19.22,1422673000.0,0.0,32.29,0.628,0.628,702107000.0,1850371000.0,1304800000.0,1304800000.0,10900000.0,,,,,5100000.0,129200000.0,1.0,103090342.0,103090342.0,,12.657,3116103000.0,0.0,23900000.0,208419000.0,30.227,942930000.0
29,BMS,MRQ,2011-12-31,2011-12-31,2011-12-31,2021-09-13,-90700000.0,4320400000.0,,1549000000.0,2771400000.0,,15.363,-42800000.0,109800000.0,109800000.0,1051500000.0,22700000.0,2.271,1.731,1569900000.0,15100000.0,1554800000.0,1569900000.0,0.0,53600000.0,0.0,0.032,0.24,56400000.0,110000000.0,0.087,110000000.0,56400000.0,34400000.0,0.22,0.22,0.22,1582100000.0,,1582100000.0,4606568239.0,13.0,7.86,127600000.0,1.239,1.0,218700000.0,0.172,1270900000.0,22000000.0,3827600000.0,,646000000.0,0.0,0.0,0.0,2738300000.0,682000000.0,2056300000.0,3097619239.0,11900000.0,-50100000.0,0.0,-43000000.0,-25100000.0,-68900000.0,-92900000.0,0.0,170400000.0,3300000.0,22800000.0,22800000.0,22800000.0,0.0,-100000.0,0.018,164000000.0,54700000.0,415800000.0,1.091,1.958,16.826,17.387,1440900000.0,0.0,30.08,0.582,0.582,665400000.0,1832900000.0,1270200000.0,1270200000.0,10500000.0,,,,,2600000.0,118900000.0,1.0,102979363.0,102979363.0,,12.335,3049500000.0,0.0,11600000.0,199400000.0,29.613,867000000.0
30,BMS,MRQ,2011-09-30,2011-09-30,2011-09-30,2021-09-13,9106000.0,4344220000.0,,1579881000.0,2764339000.0,,16.27,-27900000.0,97933000.0,97933000.0,1134200000.0,56200000.0,2.399,1.582,1606882000.0,15154000.0,1591728000.0,1606882000.0,0.0,54600000.0,0.0,0.032,0.24,105300000.0,159900000.0,0.118,159900000.0,105300000.0,86900000.0,0.53,0.53,0.53,1682464000.0,,1682464000.0,4440757949.0,11.0,7.028,140700000.0,1.361,1.0,223700000.0,0.165,1229665000.0,18400000.0,3964858000.0,,685112000.0,0.0,0.0,0.0,2661756000.0,658646000.0,2003110000.0,3030922949.0,25200000.0,-86900000.0,-38000000.0,125800000.0,-25100000.0,-26600000.0,-114800000.0,0.0,168600000.0,-2000000.0,55900000.0,55900000.0,55900000.0,0.0,300000.0,0.041,119500000.0,104200000.0,519216000.0,0.453,1.801,14.119,14.729,1473439000.0,0.0,29.31,0.572,0.572,701968000.0,1835502000.0,1357900000.0,1357900000.0,10600000.0,,,,,4500000.0,111600000.0,1.0,103409176.0,103409176.0,,13.131,3114555000.0,0.0,31000000.0,215700000.0,30.119,921235000.0
31,BMS,MRQ,2011-06-30,2011-06-30,2011-06-30,2021-09-13,162664000.0,4503290000.0,,1677325000.0,2825965000.0,,17.913,-33341000.0,72733000.0,72733000.0,1132200000.0,55600000.0,2.405,1.359,1482568000.0,22350000.0,1460218000.0,1482568000.0,0.0,56507000.0,0.0,0.028,0.24,104400000.0,160907000.0,0.117,160907000.0,104400000.0,86300000.0,0.51,0.51,0.51,1886877000.0,,1886877000.0,4922793033.0,12.0,7.668,56871000.0,0.54,1.0,238000000.0,0.174,1228692000.0,18100000.0,3986991000.0,,740376000.0,0.0,0.0,0.0,2563829000.0,697442000.0,1866387000.0,3558191033.0,16639000.0,26000.0,-68755000.0,60202000.0,-25596000.0,-33943000.0,-33315000.0,0.0,90212000.0,-6315000.0,54300000.0,54300000.0,54300000.0,0.0,1300000.0,0.04,132700000.0,105300000.0,558712000.0,0.471,1.886,16.16,16.806,1527220000.0,0.0,33.78,0.679,0.679,762275000.0,1804975000.0,1370200000.0,1370200000.0,10000000.0,,,,,3551000.0,126700000.0,1.0,105334252.0,105334252.0,,13.008,3274598000.0,0.0,32000000.0,194085000.0,31.088,979883000.0
32,BMS,MRQ,2011-03-31,2011-03-31,2011-03-31,2021-09-13,126462000.0,4410083000.0,,1592204000.0,2817879000.0,,17.627,-27259000.0,56065000.0,56065000.0,1094575000.0,52796000.0,2.469,1.311,1420667000.0,3362000.0,1417305000.0,1420667000.0,0.0,55593000.0,0.0,0.028,0.24,99846000.0,155439000.0,0.117,155439000.0,99846000.0,81510000.0,0.47,0.47,0.47,1886854000.0,,1886854000.0,4738154834.0,11.0,7.269,-35571000.0,-0.332,1.0,229853000.0,0.174,1217982000.0,18336000.0,3911723000.0,,722508000.0,0.0,0.0,0.0,2473328000.0,644980000.0,1828348000.0,3512086834.0,-4339000.0,-15826000.0,-54345000.0,133298000.0,-26104000.0,49443000.0,-43085000.0,0.0,-8312000.0,-2385000.0,51210000.0,51210000.0,51210000.0,0.0,1586000.0,0.039,126701000.0,103152000.0,522620000.0,0.511,1.861,15.573,16.083,1531813000.0,0.0,32.81,0.684,0.684,712296000.0,1776655000.0,1324428000.0,1324428000.0,7587000.0,,,,,4249000.0,126175000.0,1.0,107043183.0,107043183.0,,12.373,3192101000.0,0.0,30300000.0,199802000.0,29.821,947224000.0
33,BMS,MRQ,2010-12-31,2010-12-31,2010-12-31,2021-09-13,91117000.0,4285831000.0,,1466919000.0,2818912000.0,,17.373,-47928000.0,60404000.0,60404000.0,1017580000.0,54706000.0,2.172,1.255,1286472000.0,2947000.0,1283525000.0,1286472000.0,0.0,53523000.0,0.0,0.028,0.23,102137000.0,155660000.0,0.125,155660000.0,102137000.0,83659000.0,0.48,0.48,0.48,1879623000.0,,1879623000.0,4819675713.0,12.0,7.955,66409000.0,0.614,1.0,231135000.0,0.185,1213813000.0,18478000.0,3622827000.0,,673863000.0,0.0,0.0,0.0,2358399000.0,675259000.0,1683140000.0,3533573713.0,-32111000.0,26530000.0,-16475000.0,-92226000.0,-25250000.0,-133879000.0,-21398000.0,0.0,114337000.0,8829000.0,53259000.0,53259000.0,53259000.0,-18000.0,1447000.0,0.043,126885000.0,104250000.0,548042000.0,0.479,1.88,17.229,17.654,1540753000.0,0.0,32.66,0.731,0.731,637738000.0,1751908000.0,1248715000.0,1248715000.0,9454000.0,,,,,4058000.0,121682000.0,1.0,108192704.0,108192704.0,,11.542,3072018000.0,0.0,30400000.0,179535000.0,28.394,791660000.0
34,BMS,MRQ,2010-09-30,2010-09-30,2010-09-30,2021-09-13,93193000.0,4326943000.0,,1531028000.0,2795915000.0,,17.098,-24535000.0,92498000.0,92498000.0,1052084000.0,62768000.0,2.246,1.294,1378600000.0,4052000.0,1374548000.0,1378600000.0,0.0,54393000.0,0.0,0.029,0.23,115564000.0,169957000.0,0.131,169957000.0,115564000.0,97219000.0,0.55,0.55,0.55,1865955000.0,,1865955000.0,4859662642.0,14.0,8.832,100416000.0,0.92,1.0,242257000.0,0.187,1192575000.0,18345000.0,3738651000.0,,656477000.0,0.0,0.0,0.0,2415160000.0,681819000.0,1733341000.0,3464995642.0,12212000.0,91081000.0,-29225000.0,-99750000.0,-25545000.0,-171040000.0,66546000.0,0.0,124951000.0,-8245000.0,61419000.0,61419000.0,61419000.0,833000.0,1349000.0,0.047,122988000.0,119269000.0,545518000.0,0.418,1.857,19.467,19.844,1539826000.0,0.0,31.75,0.771,0.771,668107000.0,1724158000.0,1294341000.0,1294341000.0,10496000.0,,,,,4048000.0,114040000.0,1.0,109133721.0,109133721.0,,11.86,3134368000.0,0.0,35800000.0,170658000.0,28.72,849209000.0
35,BMS,MRQ,2010-06-30,2010-06-30,2010-06-30,2021-09-13,25170000.0,4326584000.0,,1482596000.0,2843988000.0,,16.382,-21092000.0,80286000.0,80286000.0,1036248000.0,61577000.0,2.182,1.398,1474953000.0,14152000.0,1460801000.0,1474953000.0,0.0,59067000.0,0.0,0.034,0.23,111679000.0,170746000.0,0.134,170746000.0,111679000.0,93139000.0,0.54,0.54,0.54,1786666000.0,,1786666000.0,4416386402.0,14.0,8.99,104397000.0,0.957,1.0,233967000.0,0.184,1178808000.0,18540000.0,3862912000.0,,617796000.0,0.0,0.0,0.0,2497260000.0,679531000.0,1817729000.0,2944731402.0,16444000.0,0.0,0.0,-59595000.0,-25184000.0,-83228000.0,-21092000.0,0.0,125489000.0,-4725000.0,59639000.0,59639000.0,59639000.0,-1961000.0,1938000.0,0.047,121479000.0,112488000.0,525928000.0,0.426,1.648,19.321,19.565,1532424000.0,0.0,27.0,0.719,0.719,645464000.0,1688568000.0,1270215000.0,1270215000.0,8725000.0,,,,,2960000.0,116391000.0,1.0,109064126.0,109064126.0,,11.646,3147776000.0,0.0,33500000.0,176630000.0,28.862,803065000.0
36,BMS,MRQ,2010-03-31,2010-03-31,2010-03-31,2021-09-13,50792000.0,4344020000.0,,1457499000.0,2886521000.0,,16.259,-17345000.0,63842000.0,63842000.0,835888000.0,32449000.0,2.154,1.427,1535497000.0,24745000.0,1510752000.0,1535497000.0,0.0,42717000.0,0.0,0.032,0.23,66820000.0,109537000.0,0.107,109537000.0,66820000.0,48683000.0,0.28,0.28,0.28,1772407000.0,,1772407000.0,3323977460.0,12.0,7.495,-14122000.0,-0.13,1.0,185841000.0,0.182,1164438000.0,18137000.0,3974524000.0,,607849000.0,0.0,0.0,0.0,2529458000.0,676713000.0,1852745000.0,3130828460.0,-1001845000.0,-1222111000.0,0.0,272671000.0,-25921000.0,234747000.0,-1239456000.0,0.0,3223000.0,-359000.0,30783000.0,30783000.0,30783000.0,0.0,1666000.0,0.03,121048000.0,64793000.0,539574000.0,0.821,1.766,22.158,21.924,1578003000.0,0.0,28.72,0.848,0.848,681717000.0,1654666000.0,1021729000.0,1021729000.0,5625000.0,,,,,3434000.0,106987000.0,1.0,109012133.0,109012133.0,,9.373,3179582000.0,0.0,17900000.0,157217000.0,29.167,780786000.0
37,BMS,MRQ,2009-12-31,2009-12-31,2009-12-31,2021-09-13,72457000.0,3928705000.0,,2005348000.0,1923357000.0,,16.671,-26333000.0,1065687000.0,1065687000.0,728237000.0,27029000.0,3.821,1.152,1258836000.0,31322000.0,1227514000.0,1258836000.0,0.0,40898000.0,0.0,0.03,0.225,59123000.0,100021000.0,0.11,100021000.0,59123000.0,42350000.0,0.23,0.23,0.23,1803732000.0,,1803732000.0,3420678357.0,12.0,7.839,53595000.0,0.495,1.0,177647000.0,0.196,732151000.0,16773000.0,2864848000.0,,399067000.0,0.0,0.0,0.0,2077022000.0,524855000.0,1552167000.0,3208035357.0,-38325000.0,294000.0,1000.0,-64092000.0,-25083000.0,-89393000.0,-26039000.0,0.0,79928000.0,-2821000.0,26150000.0,26150000.0,26150000.0,0.0,879000.0,0.029,113364000.0,64283000.0,380017000.0,0.978,1.779,21.791,21.486,1157193000.0,0.0,29.65,0.913,0.913,467988000.0,1649804000.0,905884000.0,905884000.0,5930000.0,,,,,4885000.0,97639000.0,1.0,108196808.0,108196808.0,,8.373,3196554000.0,0.0,16200000.0,158204000.0,29.544,1480493000.0
38,BMS,MRQ,2009-09-30,2009-09-30,2009-09-30,2021-09-13,39630000.0,4010581000.0,,2073699000.0,1936882000.0,,16.34,-7001000.0,1104012000.0,1104012000.0,718814000.0,38436000.0,3.811,1.245,1316655000.0,27014000.0,1289641000.0,1316655000.0,0.0,40236000.0,0.0,0.035,0.225,70735000.0,110971000.0,0.123,110971000.0,70735000.0,57340000.0,0.33,0.33,0.33,1764628000.0,,1764628000.0,3310187353.0,12.0,7.617,121631000.0,1.126,1.0,180116000.0,0.2,729869000.0,13395000.0,2949199000.0,,427403000.0,0.0,0.0,0.0,2197187000.0,544156000.0,1653031000.0,2798158353.0,1023950000.0,57000.0,202808000.0,723402000.0,-25050000.0,901275000.0,-6944000.0,0.0,128632000.0,987000.0,35840000.0,35840000.0,35840000.0,0.0,2596000.0,0.04,111658000.0,68458000.0,397428000.0,0.682,1.586,18.137,17.507,1168806000.0,0.0,25.91,0.805,0.805,470287000.0,1648737000.0,898930000.0,898930000.0,5837000.0,,,,,4088000.0,95814000.0,1.0,107995305.0,107995305.0,,8.324,3280712000.0,0.0,21500000.0,153636000.0,30.378,1529543000.0
39,BMS,MRQ,2009-06-30,2009-06-30,2009-06-30,2021-09-13,-15895000.0,2931468000.0,,1017541000.0,1913927000.0,,14.912,-22921000.0,80062000.0,80062000.0,688000000.0,49697000.0,2.085,0.938,592091000.0,32925000.0,559166000.0,592091000.0,0.0,39775000.0,0.0,0.035,0.225,83182000.0,122957000.0,0.142,122957000.0,83182000.0,77321000.0,0.47,0.47,0.47,1490092000.0,,1490092000.0,3062273694.0,11.0,6.892,96025000.0,0.961,1.0,178379000.0,0.206,709960000.0,5861000.0,2245617000.0,,413535000.0,0.0,0.0,0.0,1398126000.0,487920000.0,910206000.0,2518077694.0,6866000.0,-30694000.0,0.0,-42134000.0,-23236000.0,-65782000.0,-53615000.0,0.0,118946000.0,7317000.0,48521000.0,48521000.0,48521000.0,0.0,1176000.0,0.056,94822000.0,83557000.0,348629000.0,0.479,1.69,15.477,15.949,1174724000.0,0.0,25.2,0.707,0.707,453918000.0,1637947000.0,866379000.0,866379000.0,6533000.0,,,,,4702000.0,88718000.0,1.0,99923718.0,99923718.0,,8.67,2221508000.0,0.0,28800000.0,148704000.0,22.232,529621000.0
40,BMS,MRQ,2009-03-31,2009-03-31,2009-03-31,2021-09-13,-122029000.0,2776777000.0,,961605000.0,1815172000.0,,13.549,-21978000.0,73196000.0,73196000.0,679361000.0,37348000.0,2.216,1.025,617392000.0,32643000.0,584749000.0,617392000.0,0.0,38365000.0,0.0,0.042,0.225,64033000.0,102398000.0,0.121,102398000.0,64033000.0,58010000.0,0.36,0.36,0.36,1353155000.0,,1353155000.0,2737442116.0,9.0,6.106,126329000.0,1.265,1.0,164032000.0,0.194,675488000.0,6023000.0,2211527000.0,,403169000.0,0.0,0.0,0.0,1386814000.0,433958000.0,952856000.0,2094307116.0,29742000.0,0.0,0.0,-69431000.0,-23226000.0,-94818000.0,-21978000.0,0.0,148307000.0,-1769000.0,36710000.0,36710000.0,36710000.0,0.0,638000.0,0.044,100107000.0,63925000.0,311823000.0,0.625,1.548,13.041,13.442,1114473000.0,0.0,20.97,0.57,0.57,417499000.0,1612660000.0,843393000.0,843393000.0,6042000.0,,,,,4836000.0,88755000.0,1.0,99871584.0,99871584.0,,8.445,2101289000.0,0.0,21300000.0,140913000.0,21.04,527647000.0
41,BMS,MRQ,2008-12-31,2008-12-31,2008-12-31,2021-09-13,-112001000.0,2822314000.0,,982658000.0,1839656000.0,,13.51,-32547000.0,43454000.0,43454000.0,721273000.0,34444000.0,2.33,1.069,686589000.0,26605000.0,659984000.0,686589000.0,0.0,37528000.0,0.0,0.037,0.22,60742000.0,98270000.0,0.113,98270000.0,60742000.0,51705000.0,0.32,0.32,0.32,1346531000.0,,1346531000.0,3037640993.0,10.0,6.548,54463000.0,0.546,1.0,146601000.0,0.169,676239000.0,9037000.0,2367429000.0,,435667000.0,0.0,0.0,0.0,1439771000.0,421781000.0,1017990000.0,2360252993.0,-105470000.0,0.0,0.0,-136194000.0,-22666000.0,-159584000.0,-32547000.0,0.0,87010000.0,-349000.0,33205000.0,33205000.0,33205000.0,0.0,1239000.0,0.038,98336000.0,48265000.0,323142000.0,0.688,1.753,14.2,14.708,1135482000.0,0.0,23.68,0.625,0.625,426888000.0,1599178000.0,867874000.0,867874000.0,6023000.0,,,,,4835000.0,79976000.0,1.0,99672846.0,99672846.0,,8.707,2146075000.0,0.0,18500000.0,112393000.0,21.531,560877000.0
42,BMS,MRQ,2008-09-30,2008-09-30,2008-09-30,2021-09-13,110569000.0,3200688000.0,,1236864000.0,1963824000.0,,15.589,-28144000.0,148924000.0,148924000.0,818333000.0,46207000.0,2.156,1.034,826312000.0,79462000.0,746850000.0,826312000.0,0.0,40724000.0,0.0,0.033,0.22,80005000.0,120729000.0,0.123,120729000.0,80005000.0,69763000.0,0.43,0.43,0.43,1553632000.0,,1553632000.0,3303996615.0,10.0,6.86,50453000.0,0.506,1.0,165925000.0,0.169,719186000.0,10242000.0,2585115000.0,,518921000.0,0.0,0.0,0.0,1606518000.0,573775000.0,1032743000.0,2611993615.0,-22089000.0,0.0,0.0,-23624000.0,-22660000.0,-46235000.0,-28144000.0,0.0,78597000.0,-26307000.0,44263000.0,44263000.0,44263000.0,0.0,1944000.0,0.045,83976000.0,81949000.0,395949000.0,0.512,1.681,14.863,15.789,1191060000.0,0.0,26.21,0.683,0.683,497631000.0,1588639000.0,984258000.0,984258000.0,6222000.0,,,,,4260000.0,85782000.0,1.0,99656376.0,99664000.0,101015000.0,9.876,2481502000.0,0.0,25500000.0,185590000.0,24.899,663089000.0
43,BMS,MRQ,2008-06-30,2008-06-30,2008-06-30,2021-09-13,258165000.0,3380839000.0,,1288387000.0,2092452000.0,,16.807,-29290000.0,171013000.0,171013000.0,807422000.0,47901000.0,2.068,0.992,863016000.0,122562000.0,740454000.0,863016000.0,0.0,41914000.0,0.0,0.038,0.22,85018000.0,126932000.0,0.13,126932000.0,85018000.0,73913000.0,0.45,0.45,0.45,1674667000.0,,1674667000.0,2952762963.0,9.0,6.166,43060000.0,0.432,1.0,172537000.0,0.176,770129000.0,11105000.0,2679777000.0,,526868000.0,0.0,0.0,0.0,1660717000.0,622936000.0,1037781000.0,2234163963.0,13817000.0,0.0,0.0,-14321000.0,-22655000.0,-36980000.0,-29290000.0,0.0,72350000.0,7737000.0,46413000.0,46413000.0,46413000.0,0.0,1488000.0,0.047,86031000.0,86506000.0,401169000.0,0.489,1.334,12.95,13.755,1262716000.0,0.0,22.42,0.596,0.596,518135000.0,1567036000.0,979959000.0,979959000.0,6937000.0,,,,,4133000.0,88235000.0,1.0,99650489.0,99643000.0,100829000.0,9.835,2610710000.0,0.0,27500000.0,182414000.0,26.201,665451000.0
44,BMS,MRQ,2008-03-31,2008-03-31,2008-03-31,2021-09-13,199696000.0,3265823000.0,,1208289000.0,2057534000.0,,15.858,-28103000.0,157196000.0,157196000.0,784313000.0,43673000.0,2.254,1.031,875795000.0,60019000.0,815776000.0,875795000.0,0.0,41838000.0,0.0,0.033,0.22,76162000.0,118000000.0,0.125,118000000.0,76162000.0,67133000.0,0.41,0.41,0.41,1587654000.0,,1587654000.0,3229361092.0,10.0,6.687,27490000.0,0.275,1.0,162969000.0,0.172,749809000.0,9029000.0,2698590000.0,,498198000.0,0.0,0.0,0.0,1637390000.0,536023000.0,1101367000.0,2533509092.0,9787000.0,0.0,-26771000.0,29485000.0,-22714000.0,-21308000.0,-28103000.0,0.0,55593000.0,3605000.0,42333000.0,42333000.0,42333000.0,0.0,1340000.0,0.045,85467000.0,77502000.0,377407000.0,0.537,1.596,14.425,15.412,1248678000.0,0.0,25.43,0.687,0.69,484161000.0,1543278000.0,947282000.0,947282000.0,5828000.0,,,,,4621000.0,88744000.0,1.0,99626783.0,100117000.0,100919000.0,9.462,2516014000.0,0.0,24800000.0,188863000.0,25.131,672266000.0
45,BMS,MRQ,2007-12-31,2007-12-31,2007-12-31,2021-09-13,171162000.0,3191396000.0,,1136943000.0,2054453000.0,,15.543,-39355000.0,147409000.0,147409000.0,751696000.0,46484000.0,2.127,1.018,843261000.0,67805000.0,775456000.0,843261000.0,0.0,39286000.0,0.0,0.031,0.21,76653000.0,115939000.0,0.127,115939000.0,76653000.0,64633000.0,0.37,0.38,0.37,1562332000.0,,1562332000.0,3503573560.0,10.0,7.083,74369000.0,0.74,1.0,160976000.0,0.176,746263000.0,12020000.0,2606435000.0,,478727000.0,0.0,0.0,0.0,1590138000.0,534550000.0,1055588000.0,2752192560.0,-18072000.0,97000.0,3113000.0,-76792000.0,-22647000.0,-96326000.0,-35619000.0,0.0,113724000.0,149000.0,42733000.0,42733000.0,42733000.0,0.0,3751000.0,0.047,83384000.0,77592000.0,384673000.0,0.568,1.762,15.159,16.012,1248456000.0,0.0,27.38,0.754,0.754,448200000.0,1523659000.0,912672000.0,912672000.0,6782000.0,,,,,4359000.0,85541000.0,1.0,100518355.0,100518355.0,,9.08,2445133000.0,0.0,21900000.0,158039000.0,24.325,602393000.0
46,BMS,MRQ,2007-09-30,2007-09-30,2007-09-30,2021-09-13,132003000.0,3199445000.0,,1176317000.0,2023128000.0,,14.669,-44275000.0,165481000.0,165481000.0,744747000.0,41039000.0,2.162,1.115,916862000.0,74779000.0,842083000.0,916862000.0,0.0,40134000.0,0.0,0.028,0.21,77844000.0,117978000.0,0.13,117978000.0,77844000.0,64739000.0,0.4,0.4,0.4,1495438000.0,,1495438000.0,3595899214.0,11.0,7.342,60245000.0,0.591,1.0,160912000.0,0.178,738672000.0,13105000.0,2668100000.0,,479783000.0,0.0,0.0,0.0,1667233000.0,544054000.0,1123179000.0,2925798214.0,12165000.0,0.0,-117880000.0,86288000.0,-21437000.0,-52836000.0,-44275000.0,0.0,104520000.0,4756000.0,41039000.0,41039000.0,41039000.0,0.0,0.0,0.045,81934000.0,78978000.0,381526000.0,0.525,1.956,16.216,16.827,1239212000.0,0.0,29.11,0.804,0.816,470556000.0,1503573000.0,905659000.0,905659000.0,6501000.0,,,,,4481000.0,84041000.0,1.0,100508355.0,101945000.0,102935000.0,8.884,2460773000.0,0.0,23700000.0,149734000.0,24.138,632263000.0
47,BMS,MRQ,2007-06-30,2007-06-30,2007-06-30,2021-09-13,88180000.0,3146425000.0,,1162509000.0,1983916000.0,,14.782,-47858000.0,153316000.0,153316000.0,744907000.0,49526000.0,2.184,1.015,823417000.0,74940000.0,748477000.0,823417000.0,0.0,39449000.0,0.0,0.024,0.21,91579000.0,131028000.0,0.142,131028000.0,91579000.0,78926000.0,0.47,0.47,0.47,1544915000.0,,1544915000.0,4182033501.0,12.0,8.329,67017000.0,0.641,1.0,176913000.0,0.192,722766000.0,12653000.0,2561395000.0,,470415000.0,0.0,0.0,0.0,1568549000.0,532365000.0,1036184000.0,3470447501.0,10468000.0,0.0,-5036000.0,-36875000.0,-22996000.0,-66117000.0,-47858000.0,0.0,114875000.0,9568000.0,49526000.0,49526000.0,49526000.0,0.0,0.0,0.054,84245000.0,92668000.0,366983000.0,0.447,2.246,18.522,18.536,1215217000.0,0.0,33.18,0.955,0.954,474608000.0,1483971000.0,921820000.0,921820000.0,6475000.0,,,,,4017000.0,86493000.0,1.0,104594560.0,104511000.0,105593000.0,8.82,2423659000.0,0.0,29400000.0,156157000.0,23.19,630144000.0
48,BMS,MRQ,2007-03-31,2007-03-31,2007-03-31,2021-09-13,48910000.0,3089210000.0,,1145414000.0,1943796000.0,,14.083,-39959000.0,142848000.0,142848000.0,731979000.0,48256000.0,2.114,1.067,854434000.0,80271000.0,774163000.0,854434000.0,0.0,39677000.0,0.0,0.023,0.21,90046000.0,129723000.0,0.143,129723000.0,90046000.0,77556000.0,0.46,0.45,0.46,1479455000.0,,1479455000.0,4169933711.0,12.0,8.282,33150000.0,0.316,1.0,177151000.0,0.195,711790000.0,12490000.0,2547132000.0,,469004000.0,0.0,0.0,0.0,1578732000.0,541874000.0,1036858000.0,3492305711.0,30688000.0,-97000.0,-34150000.0,62717000.0,-22729000.0,-2117000.0,-40056000.0,0.0,73109000.0,-248000.0,48256000.0,48256000.0,48256000.0,0.0,0.0,0.053,86516000.0,90635000.0,370044000.0,0.457,2.361,18.701,18.654,1188805000.0,0.0,33.39,0.958,0.962,462802000.0,1457441000.0,909130000.0,909130000.0,6225000.0,,,,,-1781000.0,85476000.0,1.0,104591366.0,105053000.0,106535000.0,8.654,2377420000.0,0.0,29300000.0,149781000.0,22.631,603540000.0
49,BMS,MRQ,2006-12-31,2006-12-31,2006-12-31,2021-09-13,29098000.0,3039009000.0,,1093712000.0,1945297000.0,,14.041,-43688000.0,112160000.0,112160000.0,731565000.0,41605000.0,1.969,1.045,789788000.0,67577000.0,722211000.0,789788000.0,0.0,34300000.0,0.0,0.022,0.19,76729000.0,111029000.0,0.123,111029000.0,76729000.0,65005000.0,0.4,0.39,0.4,1472016000.0,,1472016000.0,4238626299.0,13.0,8.696,16756000.0,0.16,1.0,169032000.0,0.188,705814000.0,11724000.0,2455368000.0,,467853000.0,0.0,0.0,0.0,1537808000.0,555455000.0,982353000.0,3562328299.0,6733000.0,0.0,-1000.0,4560000.0,-20527000.0,-15906000.0,-41572000.0,0.0,60444000.0,3767000.0,41605000.0,41605000.0,41605000.0,0.0,0.0,0.046,91210000.0,77822000.0,383351000.0,0.475,2.42,20.207,20.226,1175959000.0,0.0,33.98,0.979,0.979,448382000.0,1431747000.0,900597000.0,900597000.0,6145000.0,,,,,3264000.0,86663000.0,1.0,104836030.0,104836030.0,,8.591,2333195000.0,0.0,23400000.0,137309000.0,22.256,538257000.0
50,BMS,MRQ,2006-09-30,2006-09-30,2006-09-30,2021-09-13,75840000.0,3095242000.0,,1095355000.0,1999887000.0,,14.245,-34364000.0,105427000.0,105427000.0,729262000.0,47981000.0,1.924,1.054,781725000.0,68656000.0,713069000.0,781725000.0,0.0,40083000.0,0.0,0.023,0.19,90234000.0,130317000.0,0.144,130317000.0,90234000.0,78581000.0,0.46,0.45,0.46,1493400000.0,,1493400000.0,4180290946.0,12.0,8.321,86008000.0,0.82,1.0,174070000.0,0.193,703415000.0,11653000.0,2498819000.0,,470735000.0,0.0,0.0,0.0,1574008000.0,569306000.0,1004702000.0,3444911946.0,-5018000.0,0.0,1000.0,-70934000.0,-20527000.0,-91460000.0,-34364000.0,0.0,120372000.0,434000.0,47981000.0,47981000.0,47981000.0,0.0,0.0,0.053,82851000.0,91219000.0,396806000.0,0.413,2.307,19.182,19.105,1158503000.0,0.0,32.86,0.949,0.949,469073000.0,1410669000.0,903332000.0,903332000.0,6088000.0,,,,,3035000.0,81191000.0,1.0,104836030.0,104836000.0,106688000.0,8.617,2391827000.0,0.0,30600000.0,180207000.0,22.815,526049000.0
51,BMS,MRQ,2006-06-30,2006-06-30,2006-06-30,2021-09-13,76645000.0,3111798000.0,,1100703000.0,2011095000.0,,13.96,-42622000.0,110445000.0,110445000.0,747521000.0,48907000.0,1.985,1.108,845824000.0,69241000.0,776583000.0,845824000.0,0.0,39128000.0,0.0,0.024,0.19,93284000.0,132412000.0,0.142,132412000.0,93284000.0,80207000.0,0.47,0.46,0.47,1463449000.0,,1463449000.0,3984747813.0,12.0,8.079,76483000.0,0.73,1.0,186264000.0,0.199,706971000.0,13077000.0,2585570000.0,,454661000.0,0.0,0.0,0.0,1621159000.0,554636000.0,1066523000.0,3210008813.0,-4537000.0,-10800000.0,0.0,-45690000.0,-21158000.0,-66744000.0,-53422000.0,0.0,119105000.0,-3476000.0,48907000.0,48907000.0,48907000.0,0.0,0.0,0.052,91970000.0,94294000.0,386760000.0,0.404,2.193,18.262,18.226,1162497000.0,0.0,30.62,0.892,0.892,487870000.0,1383215000.0,933785000.0,933785000.0,6650000.0,,,,,2708000.0,84852000.0,1.0,104833730.0,104829000.0,106665000.0,8.908,2404827000.0,0.0,31300000.0,174364000.0,22.94,546067000.0
52,BMS,MRQ,2006-03-31,2006-03-31,2006-03-31,2021-09-13,64292000.0,3096504000.0,,1087002000.0,2009502000.0,,13.172,-36790000.0,114982000.0,114982000.0,734302000.0,37803000.0,2.119,1.218,889721000.0,63223000.0,826498000.0,889721000.0,0.0,38864000.0,0.0,0.023,0.19,74801000.0,113665000.0,0.126,113665000.0,74801000.0,62003000.0,0.36,0.35,0.36,1382514000.0,,1382514000.0,4063147998.0,12.0,8.498,12248000.0,0.117,1.0,167347000.0,0.186,698432000.0,12798000.0,2659894000.0,,451470000.0,0.0,0.0,0.0,1684016000.0,512917000.0,1171099000.0,3310151998.0,23857000.0,0.0,-17804000.0,46315000.0,-19927000.0,9395000.0,-36790000.0,0.0,49038000.0,2214000.0,37803000.0,37803000.0,37803000.0,0.0,0.0,0.042,92094000.0,75253000.0,349134000.0,0.528,2.394,19.691,19.862,1154046000.0,0.0,31.58,0.934,0.935,471232000.0,1355466000.0,901649000.0,901649000.0,6141000.0,,,,,1761000.0,83703000.0,1.0,104817986.0,104959000.0,106739000.0,8.59,2398072000.0,0.0,24200000.0,200736000.0,22.848,574085000.0
53,BMS,MRQ,2005-12-31,2005-12-31,2005-12-31,2021-09-13,32706000.0,2964600000.0,,987810000.0,1976790000.0,,12.814,-62850000.0,91125000.0,91125000.0,712329000.0,44901000.0,2.083,1.177,844121000.0,54014000.0,790107000.0,844121000.0,0.0,33228000.0,0.0,0.026,0.18,92768000.0,125996000.0,0.141,125996000.0,92768000.0,82201000.0,0.43,0.42,0.43,1349355000.0,,1349355000.0,3623244489.0,11.0,7.776,-36123000.0,-0.343,1.0,179719000.0,0.201,686999000.0,10567000.0,2556277000.0,,420950000.0,0.0,0.0,0.0,1587553000.0,474320000.0,1113233000.0,2934724489.0,-59554000.0,-913000.0,0.0,16408000.0,-18954000.0,-2546000.0,-65442000.0,0.0,26727000.0,-18293000.0,44901000.0,44901000.0,44901000.0,0.0,0.0,0.05,85111000.0,94608000.0,327569000.0,0.419,2.175,18.057,18.216,1143539000.0,0.0,27.87,0.845,0.845,436035000.0,1337590000.0,892048000.0,892048000.0,5761000.0,,,,,3630000.0,80369000.0,1.0,105300484.0,105300484.0,,8.471,2277601000.0,0.0,37300000.0,173248000.0,21.63,513490000.0
54,BMS,MRQ,2005-09-30,2005-09-30,2005-09-30,2021-09-13,67023000.0,3007552000.0,,1055096000.0,1952456000.0,,12.776,-37224000.0,150679000.0,150679000.0,697410000.0,44168000.0,2.148,1.198,839199000.0,54080000.0,785119000.0,839199000.0,0.0,38158000.0,0.0,0.028,0.18,82998000.0,121156000.0,0.139,121156000.0,82998000.0,73168000.0,0.42,0.41,0.42,1357706000.0,,1357706000.0,3366268982.0,11.0,7.431,106596000.0,1.003,1.0,172735000.0,0.199,717808000.0,9830000.0,2486981000.0,,410905000.0,0.0,0.0,0.0,1626768000.0,491283000.0,1135485000.0,2640624982.0,30528000.0,-6804000.0,-49469000.0,-6753000.0,-19135000.0,-75307000.0,-39364000.0,0.0,143820000.0,1379000.0,44168000.0,44168000.0,44168000.0,0.0,0.0,0.051,88033000.0,84702000.0,351987000.0,0.429,1.945,16.007,16.039,1105954000.0,0.0,24.7,0.798,0.794,452338000.0,1311643000.0,870145000.0,870145000.0,5933000.0,,,,,2943000.0,82848000.0,1.0,106907894.0,106267000.0,107637000.0,8.188,2289744000.0,0.0,29000000.0,200677000.0,21.547,563813000.0
55,BMS,MRQ,2005-06-30,2005-06-30,2005-06-30,2021-09-13,49160000.0,2971963000.0,,1028936000.0,1943027000.0,,12.73,-41725000.0,120151000.0,120151000.0,711988000.0,41236000.0,2.376,1.161,845795000.0,30920000.0,814875000.0,845795000.0,0.0,39290000.0,0.0,0.026,0.18,78038000.0,117328000.0,0.133,117328000.0,78038000.0,68136000.0,0.38,0.38,0.38,1364225000.0,,1364225000.0,3571158770.0,12.0,8.118,38094000.0,0.355,1.0,167900000.0,0.191,711834000.0,9902000.0,2552794000.0,,412401000.0,0.0,0.0,0.0,1583729000.0,432979000.0,1150750000.0,2844004770.0,-10556000.0,-7864000.0,0.0,-25349000.0,-19291000.0,-44640000.0,-49589000.0,0.0,79819000.0,3854000.0,41236000.0,41236000.0,41236000.0,0.0,0.0,0.047,88799000.0,79101000.0,328673000.0,0.474,2.085,17.275,17.346,1098489000.0,0.0,26.54,0.903,0.903,457226000.0,1286610000.0,879888000.0,879888000.0,5986000.0,,,,,3504000.0,81459000.0,1.0,107159185.0,107164000.0,108540000.0,8.211,2260129000.0,0.0,26900000.0,191256000.0,21.09,595957000.0
56,BMS,MRQ,2005-03-31,2005-03-31,2005-03-31,2021-09-13,29855000.0,2966078000.0,,1069682000.0,1896396000.0,,12.361,-43266000.0,130707000.0,130707000.0,676599000.0,32224000.0,2.359,1.222,857861000.0,15982000.0,841879000.0,857861000.0,0.0,40103000.0,0.0,0.021,0.18,61362000.0,101465000.0,0.122,101465000.0,61362000.0,52924000.0,0.3,0.3,0.3,1322847000.0,,1322847000.0,3777133936.0,13.0,8.696,-13215000.0,-0.123,1.0,155270000.0,0.187,693395000.0,8438000.0,2546471000.0,,450501000.0,0.0,0.0,0.0,1616851000.0,453366000.0,1163485000.0,3331403936.0,36809000.0,-222411000.0,0.0,290492000.0,-19254000.0,272554000.0,-265677000.0,0.0,30051000.0,-119000.0,32224000.0,32224000.0,32224000.0,0.0,0.0,0.039,92578000.0,62692000.0,329403000.0,0.6,2.518,19.693,19.696,1084987000.0,0.0,31.12,1.117,1.117,453398000.0,1264665000.0,831869000.0,831869000.0,5848000.0,,,,,4122000.0,86205000.0,1.0,107050255.0,107020000.0,108411000.0,7.773,2272683000.0,0.0,20700000.0,228886000.0,21.236,616316000.0
57,BMS,MRQ,2004-12-31,2004-12-31,2004-12-31,2021-09-13,31674000.0,2486743000.0,,873767000.0,1612976000.0,,12.23,-22225000.0,93898000.0,93898000.0,575087000.0,47342000.0,2.329,0.899,539628000.0,5742000.0,533886000.0,539628000.0,0.0,30901000.0,0.0,0.022,0.16,82159000.0,113060000.0,0.156,113060000.0,82159000.0,77242000.0,0.44,0.44,0.44,1307866000.0,,1307866000.0,3607358168.0,12.0,8.198,51789000.0,0.484,1.0,150484000.0,0.207,507577000.0,4917000.0,2049753000.0,,387414000.0,0.0,0.0,0.0,1175904000.0,375143000.0,800761000.0,3110849168.0,5043000.0,0.0,0.0,-42944000.0,-17115000.0,-60061000.0,-17165000.0,0.0,74014000.0,8255000.0,47342000.0,47342000.0,47342000.0,0.0,0.0,0.065,68194000.0,82290000.0,277989000.0,0.364,2.379,17.286,17.315,938574000.0,0.0,29.09,1.098,1.098,356944000.0,1251695000.0,725571000.0,725571000.0,5014000.0,,,,,3138000.0,73478000.0,1.0,106938782.0,106938782.0,,6.785,1979166000.0,0.0,29900000.0,187033000.0,18.507,498624000.0
58,BMS,MRQ,2004-09-30,2004-09-30,2004-09-30,2021-09-13,-5153000.0,2413969000.0,,818123000.0,1595846000.0,,11.603,-30074000.0,88855000.0,88855000.0,565054000.0,43827000.0,2.568,0.943,585364000.0,5411000.0,579953000.0,585364000.0,0.0,32484000.0,0.0,0.023,0.16,75588000.0,108072000.0,0.152,108072000.0,75588000.0,71527000.0,0.41,0.41,0.41,1240756000.0,,1240756000.0,3332543406.0,11.0,7.893,14996000.0,0.14,1.0,146808000.0,0.206,507640000.0,4061000.0,2084292000.0,,345314000.0,0.0,0.0,0.0,1170390000.0,318546000.0,851844000.0,2842369406.0,10861000.0,658000.0,0.0,12472000.0,-17108000.0,-4516000.0,-29416000.0,0.0,45070000.0,-277000.0,43827000.0,43827000.0,43827000.0,0.0,0.0,0.062,71061000.0,75747000.0,237003000.0,0.39,2.291,16.642,16.613,930808000.0,0.0,26.58,1.025,1.025,345014000.0,1221468000.0,711862000.0,711862000.0,5369000.0,,,,,1320000.0,69626000.0,1.0,106936396.0,106934000.0,108053000.0,6.657,1906329000.0,0.0,27700000.0,181933000.0,17.827,499577000.0
59,BMS,MRQ,2004-06-30,2004-06-30,2004-06-30,2021-09-13,-11681000.0,2367786000.0,,804855000.0,1562931000.0,,11.294,-35148000.0,77994000.0,77994000.0,558474000.0,45771000.0,2.439,0.959,568168000.0,6424000.0,561744000.0,568168000.0,0.0,32966000.0,0.0,0.021,0.16,78796000.0,111762000.0,0.157,111762000.0,78796000.0,74871000.0,0.43,0.42,0.43,1207302000.0,,1207302000.0,3531214091.0,13.0,8.698,55034000.0,0.515,1.0,154450000.0,0.217,509008000.0,3925000.0,2019005000.0,,337844000.0,0.0,0.0,0.0,1157750000.0,329947000.0,827803000.0,3020615091.0,7877000.0,-31391000.0,0.0,2095000.0,-17111000.0,-15016000.0,-66539000.0,0.0,90182000.0,-750000.0,45771000.0,45771000.0,45771000.0,0.0,0.0,0.064,75530000.0,78920000.0,239451000.0,0.372,2.502,18.683,18.586,931763000.0,0.0,28.25,1.109,1.109,353551000.0,1194749000.0,712924000.0,712924000.0,5695000.0,,,,,3633000.0,71906000.0,1.0,106924428.0,106893000.0,107963000.0,6.67,1858778000.0,0.0,29100000.0,176500000.0,17.389,474908000.0
60,BMS,MRQ,2004-03-31,2004-03-31,2004-03-31,2021-09-13,-4085000.0,2324267000.0,,763244000.0,1561023000.0,,11.099,-33825000.0,70117000.0,70117000.0,540079000.0,43027000.0,2.487,0.958,580716000.0,6257000.0,574459000.0,580716000.0,0.0,34495000.0,0.0,0.022,0.16,72627000.0,107122000.0,0.157,107122000.0,72627000.0,70027000.0,0.4,0.4,0.4,1185353000.0,,1185353000.0,3290680728.0,12.0,8.366,28454000.0,0.266,1.0,143958000.0,0.21,508586000.0,2600000.0,2019397000.0,,321645000.0,0.0,0.0,0.0,1136056000.0,306883000.0,829173000.0,2777242728.0,-6359000.0,-7065000.0,0.0,-14704000.0,-17089000.0,-31500000.0,-37759000.0,0.0,62279000.0,621000.0,43027000.0,43027000.0,43027000.0,0.0,0.0,0.063,71256000.0,72702000.0,211954000.0,0.4,2.343,17.953,17.808,911311000.0,0.0,26.0,1.036,1.036,333872000.0,1166089000.0,684037000.0,684037000.0,5060000.0,,,,,3817000.0,69981000.0,1.0,106817028.0,106799000.0,107531000.0,6.405,1815681000.0,0.0,27000000.0,183046000.0,17.001,456361000.0
61,BMS,MRQ,2003-12-31,2003-12-31,2003-12-31,2021-09-13,-12188000.0,2292932000.0,,751906000.0,1541026000.0,,10.719,-30329000.0,76476000.0,76476000.0,529917000.0,38166000.0,2.383,1.009,589914000.0,6515000.0,583399000.0,589914000.0,0.0,30461000.0,0.0,0.022,0.14,64788000.0,95249000.0,0.143,95249000.0,64788000.0,62066000.0,0.36,0.36,0.36,1138733000.0,,1138733000.0,3224954150.0,13.0,8.487,68250000.0,0.642,1.0,134394000.0,0.202,521742000.0,2722000.0,1969042000.0,,305182000.0,0.0,0.0,0.0,1148802000.0,315586000.0,833216000.0,2655991150.0,-10129000.0,-11310000.0,0.0,-59503000.0,-14873000.0,-74257000.0,-41639000.0,0.0,98579000.0,7188000.0,38166000.0,38166000.0,38166000.0,0.0,0.0,0.057,69411000.0,64983000.0,222774000.0,0.389,2.332,18.05,17.986,915275000.0,0.0,25.0,1.008,1.008,333743000.0,1140151000.0,664311000.0,664311000.0,5150000.0,,,,,2486000.0,63478000.0,1.0,106239646.0,106239646.0,,6.253,1771190000.0,0.0,23900000.0,157816000.0,16.672,436320000.0
62,BMS,MRQ,2003-09-30,2003-09-30,2003-09-30,2021-09-13,-64822000.0,2255398000.0,,768055000.0,1487343000.0,,10.002,-28984000.0,86605000.0,86605000.0,530329000.0,34712000.0,2.31,1.118,655568000.0,6805000.0,648763000.0,655568000.0,0.0,32155000.0,0.0,0.025,0.14,59693000.0,91848000.0,0.139,91848000.0,59693000.0,56512000.0,0.33,0.32,0.33,1062515000.0,,1062515000.0,2959061312.0,11.0,7.608,46506000.0,0.438,1.0,131654000.0,0.199,523466000.0,3181000.0,1968419000.0,,324308000.0,0.0,0.0,0.0,1187637000.0,332476000.0,855161000.0,2352895312.0,1049000.0,0.0,0.0,-27870000.0,-14872000.0,-42742000.0,-28984000.0,0.0,75490000.0,-2715000.0,34712000.0,34712000.0,34712000.0,0.0,0.0,0.052,71674000.0,59980000.0,237333000.0,0.424,2.214,15.453,15.436,899498000.0,0.0,22.15,0.905,0.905,319793000.0,1116858000.0,661983000.0,661983000.0,5202000.0,,,,,2003000.0,62892000.0,1.0,106225522.0,106226000.0,107796000.0,6.232,1731932000.0,0.0,21800000.0,140076000.0,16.304,435579000.0
63,BMS,MRQ,2003-06-30,2003-06-30,2003-06-30,2021-09-13,-56920000.0,2328779000.0,,788766000.0,1540013000.0,,9.891,-20617000.0,85556000.0,85556000.0,533932000.0,38793000.0,2.398,1.212,691722000.0,7622000.0,684100000.0,691722000.0,0.0,32376000.0,0.0,0.023,0.14,66728000.0,99104000.0,0.148,99104000.0,66728000.0,63493000.0,0.37,0.36,0.37,1050577000.0,,1050577000.0,3137259368.0,11.0,7.827,62667000.0,0.59,1.0,136233000.0,0.203,525053000.0,3235000.0,2080969000.0,,325114000.0,0.0,0.0,0.0,1272983000.0,328923000.0,944060000.0,2485113368.0,15374000.0,-535000.0,0.0,-36846000.0,-14869000.0,-51604000.0,-21152000.0,0.0,83284000.0,4846000.0,38793000.0,38793000.0,38793000.0,0.0,0.0,0.058,69324000.0,66909000.0,233352000.0,0.378,2.365,15.445,15.446,907415000.0,0.0,23.4,0.978,0.978,340240000.0,1097018000.0,670165000.0,670165000.0,6046000.0,,,,,2707000.0,64489000.0,1.0,106201426.0,106212000.0,107658000.0,6.31,1803726000.0,0.0,24700000.0,135402000.0,16.982,459843000.0
64,BMS,MRQ,2003-03-31,2003-03-31,2003-03-31,2021-09-13,-82675000.0,2294541000.0,,761654000.0,1532887000.0,,9.298,-26238000.0,70182000.0,70182000.0,507359000.0,35474000.0,2.432,1.289,722328000.0,4493000.0,717835000.0,722328000.0,0.0,33197000.0,0.0,0.025,0.14,60600000.0,93797000.0,0.147,93797000.0,60600000.0,57174000.0,0.33,0.33,0.33,1000581000.0,,1000581000.0,2900521989.0,10.0,7.149,27540000.0,0.256,1.0,131200000.0,0.205,523392000.0,3426000.0,2110085000.0,,330988000.0,0.0,0.0,0.0,1289405000.0,313210000.0,976195000.0,2233415989.0,13781000.0,-650000.0,0.0,-702000.0,-14855000.0,-15455000.0,-26888000.0,0.0,53778000.0,2346000.0,35474000.0,35474000.0,35474000.0,0.0,0.0,0.056,70393000.0,60807000.0,226109000.0,0.424,2.232,13.447,13.481,909641000.0,0.0,21.03,0.91,0.922,322121000.0,1073094000.0,638559000.0,638559000.0,5056000.0,,,,,3470000.0,65830000.0,1.0,106201426.0,107614000.0,106047000.0,5.934,1771149000.0,0.0,21700000.0,139061000.0,16.458,448444000.0
65,BMS,MRQ,2002-12-31,2002-12-31,2002-12-31,2021-09-13,-97497000.0,2256650000.0,,721655000.0,1534995000.0,,9.057,-31176000.0,56401000.0,56401000.0,494188000.0,43281000.0,2.215,1.349,723507000.0,5230000.0,718277000.0,723507000.0,0.0,30553000.0,0.0,0.021,0.13,73653000.0,104206000.0,0.165,104206000.0,73653000.0,69881000.0,0.405,0.4,0.405,958974000.0,,958974000.0,3262678224.0,12.0,8.122,50431000.0,0.476,1.0,136380000.0,0.216,524185000.0,3772000.0,2073718000.0,,308344000.0,0.0,0.0,0.0,1293236000.0,325853000.0,967383000.0,2627496224.0,-3069000.0,-67723000.0,0.0,27491000.0,-13787000.0,13731000.0,-98899000.0,0.0,81607000.0,492000.0,43281000.0,43281000.0,43281000.0,0.0,0.0,0.069,62535000.0,73845000.0,230468000.0,0.321,2.74,15.875,15.907,909953000.0,0.0,24.815,1.109,1.109,321790000.0,1052475000.0,630568000.0,630568000.0,4358000.0,,,,,3844000.0,59324000.0,1.0,105883386.0,105883386.0,,5.955,1732465000.0,0.0,26600000.0,114298000.0,16.362,395802000.0
66,BMS,MRQ,2002-09-30,2002-09-30,2002-09-30,2021-09-13,-57265000.0,2161185000.0,,679342000.0,1481843000.0,,9.02,-26918000.0,59470000.0,59470000.0,468740000.0,43348000.0,2.42,1.224,694652000.0,2285000.0,692367000.0,694652000.0,0.0,30063000.0,0.0,0.021,0.13,73675000.0,103738000.0,0.173,103738000.0,73675000.0,69848000.0,0.41,0.405,0.41,969672000.0,,969672000.0,3118319634.0,11.0,7.904,46193000.0,0.43,1.0,132279000.0,0.22,508791000.0,3827000.0,2006832000.0,,288026000.0,0.0,0.0,0.0,1187300000.0,280744000.0,906556000.0,2615319634.0,10785000.0,-141922000.0,0.0,120365000.0,-13764000.0,106574000.0,-168840000.0,0.0,73111000.0,-60000.0,43348000.0,43348000.0,43348000.0,0.0,0.0,0.072,58295000.0,73984000.0,201318000.0,0.317,2.697,16.212,16.197,873703000.0,0.0,24.7,1.139,1.156,294901000.0,1022979000.0,601019000.0,601019000.0,4772000.0,,,,,3574000.0,54478000.0,1.0,105883386.0,107498000.0,105884000.0,5.591,1652394000.0,0.0,26500000.0,151200000.0,15.371,398598000.0
67,BMS,MRQ,2002-06-30,2002-06-30,2002-06-30,2021-09-13,-53569000.0,1984840000.0,,660240000.0,1324600000.0,,8.913,-17206000.0,48685000.0,48685000.0,444734000.0,43993000.0,2.376,1.098,551685000.0,2435000.0,549250000.0,551685000.0,0.0,29209000.0,0.0,0.021,0.13,74767000.0,103976000.0,0.178,103976000.0,74767000.0,70993000.0,0.415,0.41,0.415,943786000.0,,943786000.0,3041813418.0,11.0,7.843,51949000.0,0.491,1.0,140040000.0,0.239,417859000.0,3774000.0,1792122000.0,,285206000.0,0.0,0.0,0.0,1036450000.0,277859000.0,758591000.0,2514730418.0,10365000.0,27000.0,0.0,-29232000.0,-13744000.0,-42976000.0,-17179000.0,0.0,69155000.0,1365000.0,43993000.0,43993000.0,43993000.0,0.0,0.0,0.075,65016000.0,75024000.0,209517000.0,0.313,2.665,16.326,16.323,830552000.0,0.0,23.75,1.107,1.107,290823000.0,993397000.0,584774000.0,584774000.0,4724000.0,,,,,4054000.0,60438000.0,1.0,105883386.0,105884000.0,107546000.0,5.523,1566981000.0,0.0,27000000.0,146715000.0,14.799,382381000.0
68,BMS,MRQ,2002-03-31,2002-03-31,2002-03-31,2021-09-13,-59007000.0,1934771000.0,,610480000.0,1324291000.0,,8.463,-15288000.0,38320000.0,38320000.0,432453000.0,34893000.0,2.487,1.127,565403000.0,5540000.0,559863000.0,565403000.0,0.0,29406000.0,0.0,0.019,0.13,60365000.0,89771000.0,0.162,89771000.0,60365000.0,56293000.0,0.33,0.325,0.33,907274000.0,,907274000.0,3443192015.0,13.0,9.04,47569000.0,0.444,1.0,120224000.0,0.218,420888000.0,4072000.0,1795471000.0,,263757000.0,0.0,0.0,0.0,1022511000.0,245495000.0,777016000.0,2877381015.0,3219000.0,35000.0,0.0,-30657000.0,-13764000.0,-44421000.0,-15253000.0,0.0,62857000.0,36000.0,34893000.0,34893000.0,34893000.0,0.0,0.0,0.063,59719000.0,60505000.0,177125000.0,0.394,3.171,19.772,19.764,837841000.0,0.0,27.175,1.268,1.284,273273000.0,963148000.0,552677000.0,552677000.0,3592000.0,,,,,3738000.0,55085000.0,1.0,105883386.0,107206000.0,105840000.0,5.155,1513883000.0,0.0,21400000.0,154127000.0,14.121,364985000.0
69,BMS,MRQ,2001-12-31,2001-12-31,2001-12-31,2021-09-13,-56659000.0,1922974000.0,,586897000.0,1336077000.0,,8.392,-25677000.0,35101000.0,35101000.0,437989000.0,39088000.0,2.464,1.168,600912000.0,5663000.0,595249000.0,600912000.0,0.0,29373000.0,0.0,0.02,0.125,67689000.0,97062000.0,0.174,97062000.0,67689000.0,63288000.0,0.37,0.365,0.37,886148000.0,,886148000.0,3231134936.0,13.0,8.46,69312000.0,0.656,1.0,120581000.0,0.216,419100000.0,4401000.0,1831503000.0,,259755000.0,0.0,0.0,0.0,1034698000.0,238182000.0,796516000.0,2596485936.0,891000.0,459000.0,0.0,-56075000.0,-13198000.0,-68586000.0,-25218000.0,0.0,94989000.0,-294000.0,39088000.0,39088000.0,39088000.0,0.0,0.0,0.07,52734000.0,67847000.0,173766000.0,0.338,2.93,18.503,18.489,852720000.0,0.0,24.59,1.132,1.132,258397000.0,942019000.0,558570000.0,558570000.0,2083000.0,,,,,9932000.0,50644000.0,1.0,105591132.0,105591132.0,,5.29,1503874000.0,0.0,24200000.0,126130000.0,14.242,348715000.0
70,BMS,MRQ,2001-09-30,2001-09-30,2001-09-30,2021-09-13,-58346000.0,1977319000.0,,643257000.0,1334062000.0,,8.044,-31010000.0,34210000.0,34210000.0,458000000.0,36061000.0,2.328,1.308,668859000.0,5473000.0,663386000.0,668859000.0,0.0,31442000.0,0.0,0.025,0.125,65578000.0,97020000.0,0.169,97020000.0,65578000.0,58561000.0,0.34,0.34,0.34,855920000.0,,855920000.0,2691296805.0,11.0,7.1,48015000.0,0.451,1.0,117570000.0,0.204,475826000.0,7017000.0,1859881000.0,,276834000.0,0.0,0.0,0.0,1119422000.0,276261000.0,843161000.0,2105098805.0,-682000.0,-72009000.0,-1226000.0,36745000.0,-13209000.0,23710000.0,-103019000.0,0.0,79025000.0,-398000.0,36061000.0,36061000.0,36061000.0,0.0,0.0,0.063,51816000.0,65754000.0,194237000.0,0.368,2.459,15.63,15.627,858236000.0,0.0,19.925,0.913,0.919,301430000.0,916129000.0,575570000.0,575570000.0,3042000.0,,,,,0.0,47476000.0,1.0,105651132.0,106406000.0,105642000.0,5.409,1501493000.0,0.0,22500000.0,153867000.0,14.111,366996000.0
71,BMS,MRQ,2001-06-30,2001-06-30,2001-06-30,2021-09-13,-59504000.0,1886342000.0,,643474000.0,1242868000.0,,7.888,-28760000.0,34892000.0,34892000.0,459245000.0,35489000.0,1.447,1.262,621090000.0,181957000.0,439133000.0,621090000.0,0.0,31385000.0,0.0,0.024,0.125,65633000.0,97018000.0,0.167,97018000.0,65633000.0,57389000.0,0.335,0.335,0.335,833136000.0,,833136000.0,2742962734.0,11.0,7.422,48486000.0,0.459,1.0,122324000.0,0.21,412654000.0,8244000.0,1615271000.0,,284427000.0,0.0,0.0,0.0,1051373000.0,444615000.0,606758000.0,2121196734.0,-271000.0,-405000.0,0.0,-35686000.0,-13202000.0,-49368000.0,-29137000.0,0.0,77246000.0,988000.0,35489000.0,35489000.0,35489000.0,0.0,0.0,0.061,56570000.0,65754000.0,205693000.0,0.373,2.546,16.219,16.198,830214000.0,0.0,20.085,0.933,0.933,293165000.0,893277000.0,581569000.0,581569000.0,2704000.0,,,,,480000.0,52944000.0,1.0,105610990.0,105624000.0,105844000.0,5.506,1473688000.0,0.0,21900000.0,128911000.0,13.952,198859000.0
72,BMS,MRQ,2001-03-31,2001-03-31,2001-03-31,2021-09-13,-49717000.0,1915823000.0,,665062000.0,1250761000.0,,7.748,-31167000.0,35163000.0,35163000.0,460208000.0,29687000.0,1.379,1.333,656929000.0,207048000.0,449881000.0,656929000.0,0.0,31947000.0,0.0,0.029,0.125,58868000.0,90815000.0,0.157,90815000.0,58868000.0,48187000.0,0.28,0.28,0.28,820601000.0,,820601000.0,2391187830.0,10.0,6.602,35512000.0,0.335,1.0,117187000.0,0.203,418365000.0,10681000.0,1636894000.0,,297128000.0,0.0,0.0,0.0,1093604000.0,482330000.0,611274000.0,1747333830.0,6253000.0,-200000.0,0.0,-15302000.0,-13203000.0,-29425000.0,-31395000.0,0.0,66679000.0,394000.0,29687000.0,29687000.0,29687000.0,0.0,0.0,0.051,58220000.0,58967000.0,223556000.0,0.446,2.129,13.375,13.343,832396000.0,0.0,16.545,0.784,0.786,300921000.0,870990000.0,577395000.0,577395000.0,2484000.0,,,,,920000.0,56094000.0,1.0,105610990.0,105918000.0,105918000.0,5.451,1497458000.0,0.0,18500000.0,126312000.0,14.138,182732000.0
73,BMS,MRQ,2000-12-31,2000-12-31,2000-12-31,2021-09-13,-49855000.0,1888643000.0,,639959000.0,1248684000.0,,7.516,-24587000.0,28910000.0,28910000.0,455025000.0,33444000.0,1.293,1.363,672764000.0,234812000.0,437952000.0,672764000.0,0.0,28145000.0,0.0,0.029,0.12,66069000.0,94214000.0,0.165,94214000.0,66069000.0,54744000.0,0.32,0.315,0.32,798757000.0,,798757000.0,2427993326.0,10.0,6.913,32172000.0,0.303,1.0,116830000.0,0.204,393811000.0,11325000.0,1643589000.0,,274323000.0,0.0,0.0,0.0,1088316000.0,495097000.0,593219000.0,1783298326.0,1403000.0,-972000.0,-17687000.0,454000.0,-12781000.0,-29122000.0,-26677000.0,0.0,56759000.0,443000.0,33444000.0,33444000.0,33444000.0,0.0,0.0,0.058,50609000.0,66221000.0,207115000.0,0.375,2.233,13.654,13.642,825754000.0,0.0,16.78,0.824,0.824,301974000.0,854506000.0,571855000.0,571855000.0,2682000.0,,,,,5498000.0,47487000.0,1.0,106275228.0,106275228.0,,5.381,1494832000.0,0.0,21300000.0,113130000.0,14.066,144862000.0
74,BMS,MRQ,2000-09-30,2000-09-30,2000-09-30,2021-09-13,-42693000.0,1879267000.0,,648133000.0,1231134000.0,,7.483,-22247000.0,27507000.0,27507000.0,433904000.0,32165000.0,1.501,1.339,672202000.0,171380000.0,500822000.0,672202000.0,0.0,27384000.0,0.0,0.03,0.12,60143000.0,87527000.0,0.161,87527000.0,60143000.0,51965000.0,0.305,0.3,0.305,802785000.0,,802785000.0,2093096925.0,9.0,6.178,45519000.0,0.424,1.0,108876000.0,0.201,339131000.0,8178000.0,1752947000.0,,293197000.0,0.0,0.0,0.0,1075045000.0,431884000.0,643161000.0,1707440925.0,-1205000.0,-290826000.0,0.0,257907000.0,-12753000.0,245103000.0,-313047000.0,0.0,67766000.0,-1027000.0,32165000.0,32165000.0,32165000.0,0.0,0.0,0.059,48592000.0,60284000.0,202075000.0,0.393,2.127,13.089,13.061,862003000.0,0.0,16.065,0.801,0.809,287727000.0,833792000.0,542780000.0,542780000.0,2374000.0,,,,,0.0,46020000.0,1.0,106283282.0,107286000.0,107286000.0,5.059,1540136000.0,0.0,19800000.0,111390000.0,14.355,216249000.0
75,BMS,MRQ,2000-06-30,2000-06-30,2000-06-30,2021-09-13,-37786000.0,1588665000.0,,626209000.0,962456000.0,,7.417,-24024000.0,28712000.0,28712000.0,423267000.0,35350000.0,2.503,1.014,414368000.0,4607000.0,409761000.0,414368000.0,0.0,26199000.0,0.0,0.028,0.12,63433000.0,89632000.0,0.167,89632000.0,63433000.0,57050000.0,0.335,0.33,0.335,788280000.0,,788280000.0,2167722498.0,9.0,6.544,8734000.0,0.082,1.0,114065000.0,0.212,167461000.0,6383000.0,1556658000.0,,280655000.0,0.0,0.0,0.0,799136000.0,250202000.0,548934000.0,1787585498.0,8200000.0,78000.0,0.0,14017000.0,-12754000.0,415000.0,-23937000.0,0.0,32758000.0,-1036000.0,35350000.0,35350000.0,35350000.0,0.0,0.0,0.066,50475000.0,63590000.0,190986000.0,0.358,2.268,13.81,13.731,773604000.0,0.0,16.82,0.859,0.859,281352000.0,814380000.0,537332000.0,537332000.0,2448000.0,,,,,848000.0,47914000.0,1.0,106277378.0,106278000.0,107234000.0,5.056,1421204000.0,0.0,21700000.0,109524000.0,13.373,376007000.0
76,BMS,MRQ,2000-03-31,2000-03-31,2000-03-31,2021-09-13,-32913000.0,1572804000.0,,604711000.0,968093000.0,,7.203,-27619000.0,20512000.0,20512000.0,405063000.0,29643000.0,2.238,1.04,400649000.0,5424000.0,395225000.0,400649000.0,0.0,26402000.0,0.0,0.025,0.12,53466000.0,79868000.0,0.156,79868000.0,53466000.0,47743000.0,0.275,0.275,0.275,770384000.0,,770384000.0,2319195935.0,10.0,7.178,22556000.0,0.211,1.0,107553000.0,0.21,169047000.0,5723000.0,1513716000.0,,288048000.0,0.0,0.0,0.0,801256000.0,270178000.0,531078000.0,1958325935.0,2325000.0,-3355000.0,-25065000.0,21806000.0,-12870000.0,-16122000.0,-30973000.0,0.0,50175000.0,-755000.0,29643000.0,29643000.0,29643000.0,0.0,0.0,0.058,54041000.0,53512000.0,201423000.0,0.436,2.542,15.582,15.496,776692000.0,0.0,18.44,0.967,0.974,260660000.0,791784000.0,512616000.0,512616000.0,2576000.0,,,,,-7000.0,50854000.0,1.0,106199888.0,106950000.0,107374000.0,4.793,1403757000.0,0.0,18100000.0,122219000.0,13.125,334533000.0
77,BMS,MRQ,1999-12-31,1999-12-31,1999-12-31,2021-09-13,-30644000.0,1532143000.0,,583581000.0,948562000.0,,6.938,-41759000.0,18187000.0,18187000.0,425596000.0,33294000.0,2.304,1.056,379057000.0,6790000.0,372267000.0,379057000.0,0.0,22435000.0,0.0,0.026,0.115,59352000.0,81787000.0,0.152,81787000.0,59352000.0,53794000.0,0.315,0.315,0.315,725895000.0,,725895000.0,2173380811.0,10.0,7.13,6528000.0,0.062,1.0,112948000.0,0.21,172321000.0,5558000.0,1467424000.0,,274597000.0,0.0,0.0,0.0,766750000.0,253268000.0,513482000.0,1824576811.0,-6809000.0,0.0,-4090000.0,5386000.0,-12031000.0,-11745000.0,-41747000.0,0.0,48287000.0,-1604000.0,33294000.0,33294000.0,33294000.0,0.0,0.0,0.062,52237000.0,60711000.0,189749000.0,0.365,2.514,15.897,15.927,776241000.0,0.0,17.44,0.93,0.93,257260000.0,775011000.0,538544000.0,538544000.0,2867000.0,,,,,960000.0,48578000.0,1.0,104620230.0,104620230.0,,5.148,1359822000.0,0.0,20500000.0,106503000.0,12.998,330313000.0
78,BMS,MRQ,1999-09-30,1999-09-30,1999-09-30,2021-09-13,-26220000.0,1532117000.0,,596938000.0,935179000.0,,6.756,-36047000.0,24996000.0,24996000.0,386256000.0,31152000.0,2.244,1.094,373800000.0,6993000.0,366807000.0,373800000.0,0.0,24721000.0,0.0,0.027,0.115,55270000.0,79991000.0,0.163,79991000.0,55270000.0,49952000.0,0.3,0.295,0.3,713146000.0,,713146000.0,2128136696.0,11.0,7.325,19663000.0,0.186,1.0,105962000.0,0.215,153173000.0,5318000.0,1461707000.0,,279447000.0,0.0,0.0,0.0,780201000.0,266041000.0,514160000.0,1772266696.0,5502000.0,0.0,0.0,-1936000.0,-12032000.0,-13968000.0,-36014000.0,0.0,55710000.0,-226000.0,31152000.0,31152000.0,31152000.0,0.0,0.0,0.063,49756000.0,56206000.0,208564000.0,0.383,2.485,16.56,16.527,758269000.0,0.0,16.94,0.92,0.928,256077000.0,753748000.0,492218000.0,492218000.0,2661000.0,,,,,0.0,46317000.0,1.0,104620230.0,105556000.0,105556000.0,4.663,1378944000.0,0.0,18800000.0,107172000.0,13.064,330897000.0
79,BMS,MRQ,1999-06-30,1999-06-30,1999-06-30,2021-09-13,-25884000.0,1499232000.0,,580574000.0,918658000.0,,6.598,-27681000.0,19494000.0,19494000.0,372956000.0,31591000.0,2.292,1.105,375364000.0,6198000.0,369166000.0,375364000.0,0.0,24948000.0,0.0,0.023,0.115,56489000.0,81437000.0,0.169,81437000.0,56489000.0,51291000.0,0.3,0.3,0.3,694362000.0,,694362000.0,2441458732.0,13.0,8.615,18597000.0,0.177,1.0,108303000.0,0.225,154740000.0,5198000.0,1447018000.0,,267329000.0,0.0,0.0,0.0,767288000.0,253344000.0,513944000.0,2079374732.0,-6364000.0,0.0,-43000.0,-12302000.0,-12031000.0,-24376000.0,-27662000.0,0.0,46278000.0,-604000.0,31591000.0,31591000.0,31591000.0,0.0,0.0,0.066,50838000.0,57465000.0,195554000.0,0.383,2.995,20.167,20.281,744282000.0,0.0,19.875,1.095,1.101,258905000.0,734628000.0,481259000.0,481259000.0,3653000.0,,,,,0.0,48049000.0,1.0,104622628.0,105232000.0,105232000.0,4.573,1344492000.0,0.0,19700000.0,108262000.0,12.776,327230000.0
80,BMS,MRQ,1999-03-31,1999-03-31,1999-03-31,2021-09-13,-20838000.0,1448297000.0,,529270000.0,919027000.0,,6.334,-29694000.0,25858000.0,25858000.0,354149000.0,18738000.0,2.273,1.131,387942000.0,5727000.0,382215000.0,387942000.0,0.0,25613000.0,0.0,0.029,0.115,35982000.0,61595000.0,0.137,61595000.0,35982000.0,30838000.0,0.18,0.18,0.18,662600000.0,,662600000.0,1978913413.0,11.0,7.182,6130000.0,0.059,1.0,96458000.0,0.214,159567000.0,5144000.0,1418008000.0,,222305000.0,0.0,0.0,0.0,749141000.0,232806000.0,516335000.0,1624789413.0,2120000.0,-1424000.0,0.0,10401000.0,-12032000.0,-1578000.0,-31121000.0,0.0,35824000.0,-1005000.0,18738000.0,18738000.0,18738000.0,0.0,0.0,0.042,59523000.0,36935000.0,180339000.0,0.639,2.452,16.386,16.521,743141000.0,0.0,15.53,0.86,0.86,245163000.0,697777000.0,450607000.0,450607000.0,2503000.0,,,,,0.0,50849000.0,1.0,104622628.0,104606000.0,105136000.0,4.308,1288730000.0,0.0,12100000.0,97884000.0,12.32,296464000.0
81,BMS,MRQ,1998-12-31,1998-12-31,1998-12-31,2021-09-13,-6116000.0,1482026000.0,,546911000.0,935115000.0,,6.568,-42252000.0,23738000.0,23738000.0,401489000.0,25540000.0,2.227,1.1,377862000.0,6499000.0,371363000.0,377862000.0,0.0,20620000.0,0.0,0.023,0.11,46872000.0,67492000.0,0.135,67492000.0,46872000.0,41340000.0,0.245,0.245,0.245,687854000.0,,687854000.0,2346896168.0,13.0,8.509,39967000.0,0.382,1.0,100293000.0,0.2,160819000.0,5532000.0,1429718000.0,,241585000.0,0.0,0.0,0.0,756310000.0,245613000.0,510697000.0,1986709168.0,177000.0,-3887000.0,-5651000.0,-5933000.0,-11521000.0,-36805000.0,-46128000.0,0.0,82219000.0,891000.0,25540000.0,25540000.0,25540000.0,0.0,0.0,0.051,51329000.0,48964000.0,193088000.0,0.449,2.888,19.645,19.864,740101000.0,0.0,18.97,1.052,1.052,246676000.0,708362000.0,501782000.0,501782000.0,3209000.0,,,,,6612000.0,47788000.0,1.0,104729002.0,104729002.0,,4.791,1321207000.0,0.0,15800000.0,99076000.0,12.615,301298000.0
82,BMS,MRQ,1998-09-30,1998-09-30,1998-09-30,2021-09-13,-7794000.0,1417297000.0,,500941000.0,916356000.0,,6.142,-20179000.0,23561000.0,23561000.0,365808000.0,27241000.0,2.217,1.112,383748000.0,4301000.0,379447000.0,383748000.0,0.0,22565000.0,0.0,0.025,0.11,50308000.0,72873000.0,0.157,72873000.0,50308000.0,44841000.0,0.255,0.255,0.255,654733000.0,,654733000.0,2224878835.0,12.0,7.97,40736000.0,0.382,1.0,99689000.0,0.214,162865000.0,5467000.0,1388644000.0,,206777000.0,0.0,0.0,0.0,727866000.0,225975000.0,501891000.0,1871502835.0,8800000.0,0.0,-35693000.0,15226000.0,-11694000.0,-32161000.0,-20181000.0,0.0,60915000.0,227000.0,27241000.0,27241000.0,27241000.0,0.0,0.0,0.059,48049000.0,51640000.0,165746000.0,0.431,2.858,17.829,17.797,716013000.0,0.0,17.53,1.016,1.014,231842000.0,671268000.0,465497000.0,465497000.0,2994000.0,,,,,0.0,45055000.0,1.0,106760002.0,106606000.0,106606000.0,4.367,1254432000.0,0.0,17600000.0,90638000.0,11.767,274966000.0
83,BMS,MRQ,1998-06-30,1998-06-30,1998-06-30,2021-09-13,-8310000.0,1430722000.0,,509836000.0,920886000.0,,6.273,-28599000.0,14761000.0,14761000.0,369449000.0,27639000.0,2.143,1.073,368137000.0,3892000.0,364245000.0,368137000.0,0.0,22822000.0,0.0,0.021,0.11,50766000.0,73588000.0,0.156,73588000.0,50766000.0,45139000.0,0.26,0.255,0.26,673850000.0,,673850000.0,2547440441.0,14.0,9.37,31067000.0,0.289,1.0,101146000.0,0.215,167191000.0,5627000.0,1378944000.0,,217865000.0,0.0,0.0,0.0,723134000.0,237963000.0,485171000.0,2182174441.0,-8643000.0,-7451000.0,0.0,-20592000.0,-11742000.0,-32334000.0,-36052000.0,0.0,59666000.0,77000.0,27639000.0,27639000.0,27639000.0,0.0,0.0,0.059,49294000.0,51852000.0,179748000.0,0.423,3.238,21.157,21.072,715387000.0,0.0,20.44,1.184,1.192,235595000.0,655208000.0,470595000.0,470595000.0,3113000.0,,,,,0.0,46370000.0,1.0,106760002.0,107420000.0,107420000.0,4.381,1263531000.0,0.0,17500000.0,90817000.0,11.763,271873000.0
84,BMS,MRQ,1998-03-31,1998-03-31,1998-03-31,2021-09-13,-8211000.0,1422489000.0,,516252000.0,906237000.0,,6.109,-44810000.0,23404000.0,23404000.0,360652000.0,21928000.0,2.26,1.12,388670000.0,4146000.0,384524000.0,388670000.0,0.0,22903000.0,0.0,0.018,0.11,41068000.0,63971000.0,0.142,63971000.0,41068000.0,35828000.0,0.205,0.205,0.205,655509000.0,,655509000.0,2716281445.0,14.0,10.075,-12970000.0,-0.121,1.0,90839000.0,0.201,159299000.0,5240000.0,1400004000.0,,219737000.0,0.0,0.0,0.0,734370000.0,228452000.0,505918000.0,2409039445.0,9577000.0,-38868000.0,0.0,67717000.0,-11744000.0,61526000.0,-83674000.0,0.0,31840000.0,-115000.0,21928000.0,21928000.0,21928000.0,0.0,0.0,0.049,49536000.0,41303000.0,177768000.0,0.537,3.675,23.277,23.144,707382000.0,0.0,22.565,1.3,1.307,227041000.0,636768000.0,451491000.0,451491000.0,2908000.0,,,,,0.0,46628000.0,1.0,106760002.0,107308000.0,107308000.0,4.207,1263190000.0,0.0,13900000.0,85515000.0,11.772,287800000.0
85,BMS,MRQ,1997-12-31,1997-12-31,1997-12-31,2021-09-13,-6263000.0,1362567000.0,,516393000.0,846174000.0,,6.036,-49174000.0,13827000.0,13827000.0,353834000.0,28161000.0,2.056,1.077,321069000.0,4278000.0,316791000.0,321069000.0,0.0,18129000.0,0.0,0.018,0.1,50579000.0,68708000.0,0.151,68708000.0,50579000.0,45861000.0,0.265,0.26,0.265,639885000.0,,639885000.0,2623678623.0,14.0,9.988,-31072000.0,-0.293,1.0,101063000.0,0.222,150632000.0,4718000.0,1267990000.0,,221576000.0,0.0,0.0,0.0,688920000.0,251187000.0,437733000.0,2335299623.0,-5480000.0,9000000.0,-1321000.0,28166000.0,-10595000.0,16249000.0,-40171000.0,0.0,18102000.0,340000.0,28161000.0,28161000.0,28161000.0,0.0,0.0,0.062,48050000.0,53013000.0,195346000.0,0.377,3.65,23.025,23.068,685227000.0,0.0,22.03,1.244,1.244,233547000.0,626584000.0,454897000.0,454897000.0,2759000.0,,,,,0.0,44373000.0,1.0,106005430.0,106005430.0,,4.291,1211935000.0,0.0,17700000.0,80737000.0,11.433,265206000.0
86,BMS,MRQ,1997-09-30,1997-09-30,1997-09-30,2021-09-13,-6042000.0,1319432000.0,,501214000.0,818218000.0,,5.719,-43378000.0,19307000.0,19307000.0,372489000.0,25412000.0,1.996,1.086,307686000.0,4989000.0,302697000.0,307686000.0,0.0,19478000.0,0.0,0.017,0.1,46115000.0,65593000.0,0.141,65593000.0,46115000.0,41212000.0,0.24,0.235,0.24,617332000.0,,617332000.0,2669531496.0,14.0,10.225,20186000.0,0.187,1.0,93044000.0,0.2,149350000.0,4903000.0,1207359000.0,,205736000.0,0.0,0.0,0.0,670157000.0,251102000.0,419055000.0,2371871496.0,2718000.0,0.0,0.0,-6519000.0,-10600000.0,-17118000.0,-43370000.0,0.0,63564000.0,-358000.0,25412000.0,25412000.0,25412000.0,0.0,0.0,0.055,46056000.0,46988000.0,193777000.0,0.417,3.842,22.94,22.716,655715000.0,0.0,22.375,1.277,1.301,229518000.0,602489000.0,465533000.0,465533000.0,2537000.0,,,,,0.0,43519000.0,1.0,106005430.0,107952000.0,107952000.0,4.312,1170082000.0,0.0,15800000.0,73170000.0,10.839,250112000.0
87,BMS,MRQ,1997-06-30,1997-06-30,1997-06-30,2021-09-13,-1346000.0,1299004000.0,,500130000.0,798874000.0,,5.631,-44337000.0,16589000.0,16589000.0,379113000.0,27993000.0,2.125,1.088,314249000.0,6174000.0,308075000.0,314249000.0,0.0,20794000.0,0.0,0.018,0.1,50547000.0,71341000.0,0.148,71341000.0,50547000.0,45693000.0,0.265,0.26,0.265,607216000.0,,607216000.0,2620199155.0,14.0,10.288,27783000.0,0.258,1.0,102221000.0,0.212,150937000.0,4854000.0,1210326000.0,,200589000.0,0.0,0.0,0.0,660558000.0,235401000.0,425157000.0,2292377155.0,-1508000.0,21914000.0,-3730000.0,-38017000.0,-10603000.0,-52350000.0,-22422000.0,0.0,72120000.0,1144000.0,27993000.0,27993000.0,27993000.0,0.0,0.0,0.058,50383000.0,51838000.0,179331000.0,0.377,3.775,22.471,22.294,634648000.0,0.0,21.625,1.263,1.285,243475000.0,587677000.0,481334000.0,481334000.0,3282000.0,,,,,0.0,47310000.0,1.0,106005880.0,107828000.0,107828000.0,4.464,1148067000.0,0.0,17700000.0,73405000.0,10.647,264729000.0
88,BMS,MRQ,1997-03-31,1997-03-31,1997-03-31,2021-09-13,-656000.0,1324071000.0,,537898000.0,786173000.0,,5.508,-27979000.0,18097000.0,18097000.0,380058000.0,19858000.0,2.19,1.178,345919000.0,6480000.0,339439000.0,345919000.0,0.0,20455000.0,0.0,0.019,0.1,36576000.0,57031000.0,0.12,57031000.0,36576000.0,32158000.0,0.185,0.185,0.185,594245000.0,,594245000.0,2353470767.0,13.0,9.614,-38054000.0,-0.353,1.0,95415000.0,0.201,148557000.0,4418000.0,1257720000.0,,216252000.0,0.0,0.0,0.0,699774000.0,245616000.0,454158000.0,2117904767.0,7874000.0,-875000.0,0.0,60972000.0,-10620000.0,48568000.0,-28888000.0,0.0,-10075000.0,-1731000.0,19858000.0,19858000.0,19858000.0,0.0,0.0,0.042,57822000.0,37593000.0,187074000.0,0.541,3.564,21.341,21.213,620783000.0,0.0,19.94,1.213,1.232,257868000.0,570287000.0,475473000.0,475473000.0,3434000.0,,,,,0.0,54388000.0,1.0,106213880.0,107878000.0,107878000.0,4.408,1175514000.0,0.0,12300000.0,77742000.0,10.897,292282000.0
89,BMS,MRQ,1996-12-31,1996-12-31,1996-12-31,2021-09-13,6588000.0,1168795000.0,,466921000.0,701874000.0,,5.339,-35066000.0,10223000.0,10223000.0,324409000.0,30132000.0,2.177,1.005,245789000.0,4712000.0,241077000.0,245789000.0,0.0,14728000.0,0.0,0.02,0.09,52391000.0,67119000.0,0.154,67119000.0,52391000.0,48932000.0,0.295,0.285,0.295,567097000.0,,567097000.0,,,,4828000.0,0.045,1.0,110477000.0,0.254,108928000.0,3459000.0,1080988000.0,,200397000.0,0.0,0.0,0.0,569909000.0,214445000.0,355464000.0,1958583947.0,-11312000.0,-11200000.0,0.0,6005000.0,-9425000.0,-3223000.0,-46241000.0,0.0,39894000.0,-1742000.0,30132000.0,30132000.0,30132000.0,0.0,0.0,0.069,51511000.0,58966000.0,164638000.0,0.305,3.454,19.376,19.208,583491000.0,0.0,18.44,1.183,1.183,216740000.0,561049000.0,434886000.0,434886000.0,3422000.0,,,,,0.0,53586000.0,1.0,106213880.0,106213880.0,,4.094,1059867000.0,0.0,18800000.0,67593000.0,9.979,252476000.0
90,BMS,MRQ,1996-09-30,1996-09-30,1996-09-30,2021-09-13,,,,,,,,-27215000.0,,,330479000.0,24033000.0,,,,,,,,16950000.0,,0.021,0.09,42238000.0,59188000.0,0.14,59188000.0,42238000.0,38533000.0,0.225,0.225,0.225,,,,,,,10912000.0,0.102,1.0,92610000.0,0.219,,3705000.0,,,,,,,,,,,-5511000.0,479000.0,-8962000.0,1045000.0,-9467000.0,-17384000.0,-26740000.0,0.0,38127000.0,486000.0,24033000.0,24033000.0,24033000.0,0.0,0.0,0.057,49488000.0,43122000.0,,0.4,,,,,0.0,16.94,,,,,423089000.0,423089000.0,3772000.0,,,,,0.0,45716000.0,1.0,,106576000.0,106576000.0,3.97,,,14500000.0,,,
91,BMS,MRQ,1996-06-30,1996-06-30,1996-06-30,2021-09-13,,,,,,,,-22745000.0,,,315961000.0,25216000.0,,,,,,,,17570000.0,,0.019,0.09,43900000.0,61470000.0,0.149,61470000.0,43900000.0,40416000.0,0.235,0.235,0.235,,,,,,,8305000.0,0.078,1.0,95984000.0,0.233,,3484000.0,,,,,,,,,,,4639000.0,-63393000.0,0.0,68550000.0,-9477000.0,59188000.0,-86134000.0,0.0,31050000.0,535000.0,25216000.0,25216000.0,25216000.0,0.0,0.0,0.061,50935000.0,45049000.0,,0.383,,,,,0.0,17.438,,,,,411945000.0,411945000.0,2816000.0,,,,,0.0,48376000.0,1.0,,106674000.0,106674000.0,3.862,,,15200000.0,,,
92,BMS,MRQ,1996-03-31,1996-03-31,1996-03-31,2021-09-13,,,,,,,,-24964000.0,,,302721000.0,21700000.0,,,,,,,,16944000.0,,0.021,0.09,37649000.0,54593000.0,0.142,54593000.0,37649000.0,34900000.0,0.205,0.205,0.205,,,,,,,2177000.0,0.02,1.0,82790000.0,0.215,,2749000.0,,,,,,,,,,,375000.0,12752000.0,0.0,-731000.0,-9461000.0,-12033000.0,-12200000.0,0.0,27141000.0,-2533000.0,21700000.0,21700000.0,21700000.0,0.0,0.0,0.056,48786000.0,34004000.0,,0.439,,,,,0.0,15.5,,,,,385511000.0,385511000.0,3645000.0,,,,,0.0,45141000.0,1.0,,106404000.0,106404000.0,3.623,,,13200000.0,,,
93,BMS,MRQ,1995-12-31,1995-12-31,1995-12-31,2021-09-13,10505000.0,1030595000.0,,442274000.0,588321000.0,,,,22032000.0,22032000.0,,,2.018,0.954,170920000.0,4485000.0,166435000.0,170920000.0,0.0,,0.0,0.025,0.08,,,,,,,,,,512808000.0,,512808000.0,,,,,,1.0,,,42437000.0,,917831000.0,,178085000.0,0.0,0.0,0.0,489351000.0,219215000.0,270136000.0,,,,,,,,,,,,,,,,,,,,163692000.0,,,,15.622,534551000.0,,12.81,,,201725000.0,496252000.0,,,,,,,,,,1.0,,,,,988158000.0,0.0,,71668000.0,,223059000.0
0,BMS,MRT,2019-03-31,2019-03-31,2019-03-31,2021-09-13,-521600000.0,3647800000.0,3611900000.0,1280200000.0,2367600000.0,1.125,13.692,-122200000.0,57700000.0,57700000.0,3254600000.0,238500000.0,1.934,1.922,1454600000.0,14400000.0,1440200000.0,1454600000.0,0.0,165600000.0,0.0,0.023,1.25,379300000.0,544900000.0,0.134,544900000.0,379300000.0,303600000.0,2.62,2.61,2.62,1248200000.0,1205000000.0,1248200000.0,6342351510.0,17.0,11.639,286500000.0,3.143,1.0,809300000.0,0.199,962600000.0,75700000.0,3420200000.0,3340150000.0,640100000.0,0.0,0.0,0.0,2399600000.0,661900000.0,1737700000.0,5057851510.0,-2000000.0,0.0,0.0,-165600000.0,-114900000.0,-287200000.0,-122200000.0,0.0,408700000.0,-1300000.0,238500000.0,238500000.0,238500000.0,0.0,0.0,0.059,433700000.0,375600000.0,465700000.0,0.477,4.052,21.207,21.176,1290200000.0,0.0,55.48,1.245,1.245,482100000.0,2487800000.0,4063900000.0,4063900000.0,37700000.0,0.066,0.198,0.114,0.093,18500000.0,378100000.0,1.0,91165312.0,91165312.0,,44.577,2685200000.0,0.0,65100000.0,219100000.0,29.454,618300000.0
1,BMS,MRT,2018-12-31,2018-12-31,2018-12-31,2021-09-13,-525500000.0,3571000000.0,3638400000.0,1234600000.0,2336400000.0,1.124,13.359,-139900000.0,76100000.0,76100000.0,3284800000.0,225700000.0,1.76,1.937,1360600000.0,12000000.0,1348600000.0,1360600000.0,0.0,167600000.0,0.0,0.027,1.24,361800000.0,529400000.0,0.129,529400000.0,361800000.0,285700000.0,2.48,2.47,2.48,1215900000.0,1202500000.0,1215900000.0,5559379152.0,15.0,10.501,321600000.0,3.533,1.0,805100000.0,0.197,966600000.0,76100000.0,3187300000.0,3381625000.0,619500000.0,0.0,0.0,0.0,2355100000.0,701600000.0,1653500000.0,4177679152.0,5000000.0,0.0,0.0,-198500000.0,-113800000.0,-318100000.0,-139900000.0,0.0,461500000.0,1500000.0,225700000.0,225700000.0,225700000.0,0.0,0.0,0.055,446100000.0,359000000.0,515900000.0,0.5,3.436,18.51,18.508,1250300000.0,0.0,45.9,1.021,1.021,443300000.0,2456700000.0,4089900000.0,4089900000.0,38000000.0,0.062,0.188,0.107,0.088,19600000.0,377900000.0,1.0,91016975.0,91016975.0,,44.936,2604400000.0,0.0,60000000.0,200000000.0,28.614,533000000.0
2,BMS,MRT,2018-09-30,2018-09-30,2018-09-30,2021-09-13,-483600000.0,3604400000.0,3670625000.0,1259200000.0,2345200000.0,1.114,13.045,-148700000.0,62300000.0,62300000.0,3292200000.0,111100000.0,1.785,2.036,1444000000.0,12600000.0,1431400000.0,1444000000.0,0.0,168800000.0,0.0,0.025,1.23,126800000.0,295600000.0,0.072,295600000.0,126800000.0,53200000.0,1.22,1.22,1.22,1187300000.0,1198825000.0,1187300000.0,5891243920.0,46.0,19.93,233900000.0,2.57,1.0,798500000.0,0.195,971800000.0,73600000.0,3308800000.0,3467575000.0,627700000.0,0.0,0.0,0.0,2417100000.0,705500000.0,1711600000.0,4423343920.0,17600000.0,0.0,0.0,-94200000.0,-112800000.0,-212700000.0,-148700000.0,0.0,382600000.0,-3600000.0,111100000.0,111100000.0,111100000.0,0.0,0.0,0.027,665300000.0,133200000.0,513400000.0,1.008,3.726,39.814,39.836,1253700000.0,0.0,48.6,1.081,1.081,483100000.0,2391100000.0,4090700000.0,4090700000.0,38000000.0,0.03,0.093,0.037,0.031,19000000.0,379300000.0,1.0,91015307.0,91015307.0,,44.945,2632600000.0,0.0,-57900000.0,190900000.0,28.925,553700000.0
3,BMS,MRT,2018-06-30,2018-06-30,2018-06-30,2021-09-13,-468600000.0,3624400000.0,3738700000.0,1241800000.0,2382600000.0,1.096,12.845,-158500000.0,51000000.0,51000000.0,3297900000.0,109200000.0,1.857,2.101,1518900000.0,17200000.0,1501700000.0,1518900000.0,0.0,170500000.0,0.0,0.029,1.22,131900000.0,302400000.0,0.074,302400000.0,131900000.0,60500000.0,1.2,1.2,1.2,1168600000.0,1220975000.0,1168600000.0,5350348456.0,41.0,17.693,180800000.0,1.987,1.0,801500000.0,0.196,979300000.0,71400000.0,3444300000.0,3511950000.0,615800000.0,0.0,0.0,0.0,2455800000.0,668700000.0,1787100000.0,3840148456.0,-4000000.0,-3900000.0,-54900000.0,-5200000.0,-111900000.0,-177600000.0,-162400000.0,0.0,339300000.0,-3300000.0,109200000.0,109200000.0,109200000.0,0.0,0.0,0.027,664400000.0,137100000.0,484300000.0,1.017,3.286,35.166,35.175,1272600000.0,0.0,42.21,0.937,0.937,480800000.0,2362200000.0,4099400000.0,4099400000.0,38700000.0,0.029,0.089,0.038,0.032,18300000.0,384300000.0,1.0,90977220.0,90977220.0,,45.06,2645100000.0,0.0,-48700000.0,183600000.0,29.074,573100000.0
4,BMS,MRT,2018-03-31,2018-03-31,2018-03-31,2021-09-13,-375900000.0,3753800000.0,3790175000.0,1285200000.0,2468600000.0,1.076,13.61,-178500000.0,59700000.0,59700000.0,3292300000.0,90500000.0,1.883,2.032,1569900000.0,25700000.0,1544200000.0,1569900000.0,0.0,171200000.0,0.0,0.028,1.21,109600000.0,280800000.0,0.069,280800000.0,109600000.0,40900000.0,1.0,0.99,1.0,1238200000.0,1245000000.0,1238200000.0,5451555022.0,50.0,19.414,160300000.0,1.762,1.0,785900000.0,0.193,995200000.0,68700000.0,3586100000.0,3508500000.0,628100000.0,0.0,0.0,0.0,2515600000.0,682700000.0,1832900000.0,3959255022.0,8900000.0,-3900000.0,-54900000.0,21300000.0,-111300000.0,-150500000.0,-182400000.0,0.0,338800000.0,3000000.0,90500000.0,90500000.0,90500000.0,0.0,0.0,0.022,671800000.0,114100000.0,487200000.0,1.21,3.198,43.749,43.52,1325800000.0,0.0,43.52,0.971,0.971,499800000.0,2344000000.0,4078200000.0,4078200000.0,40400000.0,0.024,0.073,0.031,0.027,17800000.0,386100000.0,1.0,90975529.0,90975529.0,,44.827,2758600000.0,0.0,-49600000.0,196100000.0,30.322,602500000.0
5,BMS,MRT,2017-12-31,2017-12-31,2017-12-31,2021-09-13,-394500000.0,3699900000.0,3796425000.0,1237100000.0,2462800000.0,1.066,13.228,-174000000.0,71100000.0,71100000.0,3260000000.0,94000000.0,1.857,2.08,1563400000.0,21000000.0,1542400000.0,1563400000.0,0.0,169800000.0,0.0,0.025,1.2,118500000.0,288300000.0,0.071,288300000.0,118500000.0,52700000.0,1.03,1.02,1.03,1201200000.0,1250900000.0,1201200000.0,5846371762.0,49.0,20.279,205000000.0,2.258,1.0,786200000.0,0.194,995000000.0,65800000.0,3531100000.0,3478525000.0,620200000.0,0.0,0.0,0.0,2498700000.0,666100000.0,1832600000.0,4339571762.0,-3100000.0,-3900000.0,-103800000.0,16200000.0,-111200000.0,-207300000.0,-177900000.0,0.0,379000000.0,3100000.0,94000000.0,94000000.0,94000000.0,0.0,0.0,0.023,664200000.0,122000000.0,477200000.0,1.165,3.613,46.166,46.398,1318100000.0,0.0,47.79,1.073,1.073,448700000.0,2324800000.0,4046200000.0,4046200000.0,42900000.0,0.025,0.075,0.034,0.029,17400000.0,385200000.0,1.0,90805017.0,90805017.0,,44.559,2704900000.0,0.0,-41300000.0,184000000.0,29.788,571000000.0
6,BMS,MRT,2017-09-30,2017-09-30,2017-09-30,2021-09-13,-383600000.0,3876700000.0,3800375000.0,1264900000.0,2611800000.0,1.061,14.051,-211500000.0,44700000.0,44700000.0,3222300000.0,195200000.0,1.797,2.038,1551500000.0,20900000.0,1530600000.0,1551500000.0,0.0,168200000.0,0.0,0.026,1.19,351500000.0,519700000.0,0.129,519700000.0,351500000.0,287100000.0,2.12,2.1,2.12,1275900000.0,1265525000.0,1275900000.0,5618761202.0,16.0,10.812,177000000.0,1.949,1.0,808300000.0,0.201,1193500000.0,64400000.0,3486300000.0,3452375000.0,627200000.0,0.0,0.0,0.0,2600800000.0,703700000.0,1897100000.0,4137961202.0,-34400000.0,-3900000.0,-152300000.0,60600000.0,-111000000.0,-210700000.0,-215400000.0,0.0,388500000.0,3200000.0,195200000.0,195200000.0,195200000.0,0.0,0.0,0.048,460500000.0,347800000.0,506700000.0,0.561,3.243,21.199,21.495,1323400000.0,0.0,45.57,1.027,1.027,493600000.0,2393000000.0,4030600000.0,4030600000.0,45400000.0,0.051,0.154,0.102,0.087,17100000.0,385400000.0,1.0,90804503.0,90804503.0,,44.388,2683200000.0,0.0,91900000.0,277000000.0,29.549,561200000.0
7,BMS,MRT,2017-06-30,2017-06-30,2017-06-30,2021-09-13,-417500000.0,3830300000.0,3769475000.0,1240200000.0,2590100000.0,1.067,13.754,-215700000.0,55000000.0,55000000.0,3197600000.0,208200000.0,1.784,2.029,1535800000.0,19000000.0,1516800000.0,1535800000.0,0.0,165800000.0,0.0,0.026,1.18,369600000.0,535400000.0,0.133,535400000.0,369600000.0,306800000.0,2.24,2.21,2.24,1264700000.0,1267300000.0,1264700000.0,5755131854.0,16.0,10.749,269200000.0,2.928,1.0,825100000.0,0.205,1185500000.0,62800000.0,3430500000.0,3419200000.0,608500000.0,0.0,0.0,0.0,2565600000.0,695100000.0,1870500000.0,4252731854.0,-6800000.0,-7200000.0,-148500000.0,-2600000.0,-111000000.0,-270000000.0,-222900000.0,0.0,484900000.0,1200000.0,208200000.0,208200000.0,208200000.0,0.0,0.0,0.052,458100000.0,367000000.0,507000000.0,0.527,3.363,20.426,20.647,1311600000.0,0.0,46.25,1.057,1.057,475300000.0,2365000000.0,4022700000.0,4022700000.0,47000000.0,0.055,0.164,0.108,0.092,17300000.0,385300000.0,1.0,91950959.0,91950959.0,,43.748,2644800000.0,0.0,98600000.0,261100000.0,28.763,545100000.0
8,BMS,MRT,2017-03-31,2017-03-31,2017-03-31,2021-09-13,-415800000.0,3778800000.0,3753725000.0,1196000000.0,2582800000.0,1.074,13.648,-207800000.0,50800000.0,50800000.0,3175900000.0,231100000.0,1.912,1.995,1553200000.0,16500000.0,1536700000.0,1553200000.0,0.0,163100000.0,0.0,0.024,1.17,402100000.0,565200000.0,0.14,565200000.0,402100000.0,341300000.0,2.47,2.44,2.47,1261800000.0,1275475000.0,1261800000.0,5988029866.0,15.0,10.595,271500000.0,2.937,1.0,856000000.0,0.212,1189500000.0,60800000.0,3466200000.0,3428150000.0,580300000.0,0.0,0.0,0.0,2517000000.0,625500000.0,1891500000.0,4517129866.0,700000.0,-114500000.0,-148500000.0,109900000.0,-110900000.0,-157300000.0,-322300000.0,0.0,479300000.0,1000000.0,231100000.0,231100000.0,231100000.0,0.0,0.0,0.057,455700000.0,400300000.0,449800000.0,0.474,3.58,19.546,19.781,1302400000.0,0.0,48.86,1.12,1.12,475700000.0,2364800000.0,4031900000.0,4031900000.0,47500000.0,0.062,0.181,0.117,0.1,18000000.0,387100000.0,1.0,92450468.0,92450468.0,,43.611,2589300000.0,0.0,110200000.0,271000000.0,28.007,570500000.0
9,BMS,MRT,2016-12-31,2016-12-31,2016-12-31,2021-09-13,-447800000.0,3715700000.0,3702300000.0,1165500000.0,2550200000.0,1.082,13.442,-196700000.0,74200000.0,74200000.0,3137900000.0,236200000.0,2.023,1.95,1545100000.0,17300000.0,1527800000.0,1545100000.0,0.0,162100000.0,0.0,0.024,1.16,411100000.0,573200000.0,0.143,573200000.0,411100000.0,350900000.0,2.51,2.48,2.51,1259700000.0,1268125000.0,1259700000.0,5905479100.0,14.0,10.303,240700000.0,2.569,1.0,866500000.0,0.216,1184000000.0,60200000.0,3426500000.0,3388050000.0,549400000.0,0.0,0.0,0.0,2456000000.0,576100000.0,1879900000.0,4481279100.0,15000000.0,-114500000.0,-143900000.0,157100000.0,-113900000.0,-110400000.0,-311200000.0,0.0,437400000.0,-800000.0,236200000.0,236200000.0,236200000.0,0.0,0.0,0.059,455200000.0,411300000.0,378000000.0,0.462,3.557,18.972,19.052,1283800000.0,0.0,47.82,1.119,1.119,461900000.0,2341700000.0,4004400000.0,4004400000.0,46500000.0,0.064,0.186,0.121,0.103,13600000.0,390500000.0,1.0,93711399.0,93711399.0,,42.731,2531700000.0,0.0,114700000.0,250900000.0,27.016,589400000.0
10,BMS,MRT,2016-09-30,2016-09-30,2016-09-30,2021-09-13,-435100000.0,3753100000.0,3645825000.0,1199000000.0,2554100000.0,1.097,13.546,-193000000.0,79100000.0,79100000.0,3135600000.0,232500000.0,1.919,1.925,1503300000.0,17400000.0,1485900000.0,1503300000.0,0.0,161400000.0,0.0,0.023,1.15,404100000.0,565500000.0,0.141,565500000.0,404100000.0,346400000.0,2.45,2.42,2.45,1283000000.0,1255050000.0,1283000000.0,6323404284.0,16.0,11.182,295800000.0,3.123,1.0,863500000.0,0.216,1198800000.0,57700000.0,3353600000.0,3314300000.0,568600000.0,0.0,0.0,0.0,2470100000.0,624900000.0,1845200000.0,4831204284.0,500000.0,-180900000.0,-141200000.0,152800000.0,-114400000.0,-115500000.0,-373900000.0,0.0,488800000.0,1100000.0,232500000.0,232500000.0,232500000.0,0.0,0.0,0.058,461700000.0,401800000.0,422600000.0,0.469,3.766,20.779,20.82,1268900000.0,0.0,51.01,1.208,1.208,474700000.0,2308500000.0,3999100000.0,3999100000.0,45000000.0,0.064,0.185,0.122,0.101,12600000.0,403500000.0,1.0,94710925.0,94710925.0,,42.224,2554300000.0,0.0,113900000.0,240100000.0,26.969,574100000.0
11,BMS,MRT,2016-06-30,2016-06-30,2016-06-30,2021-09-13,-426200000.0,3767300000.0,3569525000.0,1219000000.0,2548300000.0,1.118,13.702,-198600000.0,61800000.0,61800000.0,3129700000.0,226400000.0,2.075,1.904,1554000000.0,21700000.0,1532300000.0,1554000000.0,0.0,159300000.0,0.0,0.022,1.14,393900000.0,553200000.0,0.139,553200000.0,393900000.0,338700000.0,2.37,2.34,2.37,1297400000.0,1245125000.0,1297400000.0,6282162619.0,16.0,11.356,288300000.0,3.045,1.0,860500000.0,0.216,1205700000.0,55200000.0,3466300000.0,3238400000.0,551000000.0,0.0,0.0,0.0,2469900000.0,587500000.0,1882400000.0,4875462619.0,-26000000.0,-173700000.0,-111000000.0,105700000.0,-114100000.0,-132300000.0,-372300000.0,0.0,486900000.0,-8300000.0,226400000.0,226400000.0,226400000.0,0.0,0.0,0.057,469100000.0,391400000.0,379100000.0,0.481,3.758,21.535,21.726,1258100000.0,0.0,51.49,1.222,1.222,521500000.0,2267500000.0,3990200000.0,3990200000.0,44400000.0,0.063,0.182,0.122,0.099,12600000.0,409500000.0,1.0,94687563.0,94687563.0,,42.141,2561600000.0,0.0,112300000.0,229700000.0,27.053,631500000.0
12,BMS,MRT,2016-03-31,2016-03-31,2016-03-31,2021-09-13,-462800000.0,3573100000.0,3521150000.0,1164600000.0,2408500000.0,1.136,13.015,-204800000.0,50100000.0,50100000.0,3134500000.0,241100000.0,2.062,1.899,1456800000.0,19600000.0,1437200000.0,1456800000.0,0.0,159200000.0,0.0,0.022,1.13,415700000.0,574900000.0,0.144,574900000.0,415700000.0,361700000.0,2.51,2.48,2.51,1232400000.0,1256200000.0,1232400000.0,6232998245.0,15.0,10.842,315000000.0,3.327,1.0,864700000.0,0.216,1109200000.0,54000000.0,3305800000.0,3189975000.0,545500000.0,0.0,0.0,0.0,2340700000.0,564800000.0,1775900000.0,4902898245.0,-10200000.0,-52800000.0,-156900000.0,26200000.0,-113800000.0,-261900000.0,-257600000.0,0.0,519800000.0,-10500000.0,241100000.0,241100000.0,241100000.0,0.0,0.0,0.06,453100000.0,411600000.0,366900000.0,0.45,3.978,20.336,20.629,1222600000.0,0.0,51.78,1.226,1.226,489600000.0,2244400000.0,3999200000.0,3999200000.0,44300000.0,0.068,0.192,0.13,0.104,12600000.0,413000000.0,1.0,94687104.0,94687104.0,,42.236,2463900000.0,0.0,120600000.0,225700000.0,26.021,599800000.0
13,BMS,MRT,2015-12-31,2015-12-31,2015-12-31,2021-09-13,-509900000.0,3489800000.0,3520550000.0,1119000000.0,2370800000.0,1.156,12.581,-209800000.0,59200000.0,59200000.0,3198000000.0,239300000.0,1.9,1.89,1389300000.0,35400000.0,1353900000.0,1389300000.0,0.0,158100000.0,0.0,0.025,1.12,413000000.0,571100000.0,0.14,571100000.0,413000000.0,361300000.0,2.47,2.44,2.47,1207400000.0,1280175000.0,1207400000.0,5510436230.0,13.0,9.649,342600000.0,3.57,1.0,873400000.0,0.215,1099300000.0,51700000.0,3131500000.0,3186625000.0,525900000.0,0.0,0.0,0.0,2282400000.0,589100000.0,1693300000.0,4289036230.0,12100000.0,-52800000.0,-150100000.0,3700000.0,-109700000.0,-265300000.0,-262600000.0,0.0,552400000.0,-12400000.0,239300000.0,239300000.0,239300000.0,2600000.0,0.0,0.059,463800000.0,409600000.0,334800000.0,0.453,3.552,17.923,18.093,1206300000.0,0.0,44.69,1.053,1.053,451300000.0,2216000000.0,4071400000.0,4071400000.0,44100000.0,0.068,0.187,0.13,0.101,16500000.0,420000000.0,1.0,95973064.0,95973064.0,,42.422,2390500000.0,0.0,122000000.0,207600000.0,24.908,529900000.0
14,BMS,MRT,2015-09-30,2015-09-30,2015-09-30,2021-09-13,-488200000.0,3447900000.0,3550800000.0,1220200000.0,2227700000.0,1.166,12.888,-208800000.0,78600000.0,78600000.0,3272400000.0,241600000.0,2.158,1.773,1300000000.0,6400000.0,1293600000.0,1300000000.0,0.0,159700000.0,0.0,0.028,1.11,416200000.0,575900000.0,0.139,575900000.0,416200000.0,364800000.0,2.48,2.45,2.48,1243300000.0,1336575000.0,1243300000.0,5113450506.0,12.0,8.879,259800000.0,2.693,1.0,869000000.0,0.21,1053900000.0,51400000.0,3050000000.0,3227125000.0,538200000.0,0.0,0.0,0.0,2204600000.0,565400000.0,1639200000.0,3817350506.0,-47500000.0,149400000.0,-172300000.0,-162500000.0,-109000000.0,-450400000.0,-59400000.0,0.0,468600000.0,-16300000.0,241600000.0,241600000.0,241600000.0,700000.0,0.0,0.058,458100000.0,410900000.0,348700000.0,0.448,3.07,15.8,15.956,1130600000.0,0.0,39.57,0.922,0.922,461800000.0,2186600000.0,4141400000.0,4141400000.0,44500000.0,0.068,0.181,0.129,0.1,16300000.0,413100000.0,1.0,96470824.0,96470824.0,,42.929,2394000000.0,0.0,123200000.0,258200000.0,24.816,654800000.0
15,BMS,MRT,2015-06-30,2015-06-30,2015-06-30,2021-09-13,-371600000.0,3573800000.0,3694025000.0,1290600000.0,2283200000.0,1.143,13.769,-202500000.0,87800000.0,87800000.0,3353400000.0,196100000.0,2.569,1.664,1383900000.0,26100000.0,1357800000.0,1383900000.0,0.0,165900000.0,0.0,0.024,1.1,373600000.0,539500000.0,0.128,539500000.0,373600000.0,320800000.0,2.0,1.98,2.0,1341700000.0,1424500000.0,1341700000.0,5711936694.0,15.0,10.587,193700000.0,1.988,1.0,867900000.0,0.206,1094900000.0,52800000.0,3272600000.0,3355950000.0,557000000.0,0.0,0.0,0.0,2232100000.0,502400000.0,1729700000.0,4385836694.0,-39400000.0,149400000.0,-151400000.0,-95500000.0,-109000000.0,-362400000.0,-53100000.0,0.0,396200000.0,-20100000.0,196100000.0,196100000.0,196100000.0,45200000.0,0.0,0.046,455500000.0,412400000.0,299300000.0,0.55,3.269,22.365,22.505,1146100000.0,0.0,45.01,1.039,1.039,498300000.0,2151500000.0,4221300000.0,4221300000.0,44700000.0,0.053,0.138,0.111,0.089,13400000.0,415900000.0,1.0,97441384.0,97441384.0,,43.321,2478900000.0,0.0,124700000.0,257400000.0,25.44,788200000.0
16,BMS,MRT,2015-03-31,2015-03-31,2015-03-31,2021-09-13,-387600000.0,3570700000.0,3838825000.0,1299700000.0,2271000000.0,1.117,13.629,-179600000.0,60300000.0,60300000.0,3422900000.0,196300000.0,2.551,1.688,1386400000.0,29300000.0,1357100000.0,1386400000.0,0.0,172700000.0,0.0,0.024,1.09,375600000.0,548300000.0,0.128,548300000.0,375600000.0,318600000.0,1.98,1.96,1.98,1328300000.0,1512900000.0,1328300000.0,5813693221.0,15.0,10.603,141200000.0,1.449,1.0,865700000.0,0.202,1095000000.0,57000000.0,3292400000.0,3451600000.0,570900000.0,0.0,0.0,0.0,2242400000.0,509400000.0,1733000000.0,4513593221.0,-91900000.0,135800000.0,-146400000.0,-89400000.0,-108900000.0,-353200000.0,-43800000.0,0.0,320800000.0,-15700000.0,196300000.0,196300000.0,196300000.0,40100000.0,0.0,0.046,455900000.0,409800000.0,310900000.0,0.551,3.398,22.993,23.389,1124500000.0,0.0,46.31,1.052,1.052,568600000.0,2113400000.0,4288600000.0,4288600000.0,44300000.0,0.051,0.13,0.109,0.088,12500000.0,416400000.0,1.0,97464764.0,97464764.0,,44.002,2475700000.0,0.0,122300000.0,266800000.0,25.401,790300000.0
17,BMS,MRT,2014-12-31,2014-12-31,2014-12-31,2021-09-13,-291700000.0,3610800000.0,3983200000.0,1287800000.0,2323000000.0,1.09,14.347,-175100000.0,47100000.0,47100000.0,3484400000.0,191100000.0,2.675,1.52,1342900000.0,31300000.0,1311600000.0,1342900000.0,0.0,180600000.0,0.0,0.024,1.08,376500000.0,557100000.0,0.128,557100000.0,376500000.0,315700000.0,1.91,1.89,1.91,1433000000.0,1600075000.0,1433000000.0,5840314314.0,16.0,10.483,73000000.0,0.731,1.0,859100000.0,0.198,1131700000.0,60800000.0,3293500000.0,3522925000.0,575800000.0,0.0,0.0,0.0,2177800000.0,481400000.0,1696400000.0,4515614314.0,-94600000.0,215600000.0,-152100000.0,-102900000.0,-108400000.0,-370800000.0,40500000.0,0.0,248100000.0,-12400000.0,191100000.0,191100000.0,191100000.0,48000000.0,0.0,0.044,451400000.0,407700000.0,268200000.0,0.565,3.151,23.63,23.67,1142900000.0,0.0,45.21,1.04,1.04,496300000.0,2086800000.0,4343500000.0,4343500000.0,44100000.0,0.048,0.119,0.107,0.087,11700000.0,416600000.0,1.0,99880874.0,99880874.0,,43.487,2479100000.0,0.0,124600000.0,246700000.0,24.821,806400000.0
18,BMS,MRT,2014-09-30,2014-09-30,2014-09-30,2021-09-13,-162700000.0,4020800000.0,4108050000.0,1650800000.0,2370000000.0,1.065,15.969,-151300000.0,126100000.0,126100000.0,3518100000.0,188200000.0,2.635,1.521,1450800000.0,17900000.0,1432900000.0,1450800000.0,0.0,185800000.0,0.0,0.028,1.07,376400000.0,562200000.0,0.128,562200000.0,376400000.0,310900000.0,1.85,1.84,1.85,1595000000.0,1663025000.0,1595000000.0,5151217678.0,14.0,9.163,151000000.0,1.512,1.0,858000000.0,0.196,1153800000.0,65500000.0,3565300000.0,3589575000.0,594900000.0,0.0,0.0,0.0,2425800000.0,626400000.0,1799400000.0,3797417678.0,-29500000.0,76000000.0,-125800000.0,7900000.0,-108300000.0,-233500000.0,-75300000.0,0.0,302300000.0,-13000000.0,188200000.0,188200000.0,188200000.0,44000000.0,0.0,0.043,454600000.0,403400000.0,321000000.0,0.578,2.381,20.178,20.551,1128800000.0,0.0,38.02,0.868,0.868,562000000.0,2054900000.0,4376100000.0,4376100000.0,43800000.0,0.046,0.113,0.105,0.086,10100000.0,420600000.0,1.0,99879476.0,99879476.0,,43.814,2867000000.0,0.0,122700000.0,294600000.0,28.705,1024400000.0
19,BMS,MRT,2014-06-30,2014-06-30,2014-06-30,2021-09-13,-71000000.0,4153000000.0,4151700000.0,1594400000.0,2558600000.0,1.06,16.81,-138600000.0,127200000.0,127200000.0,3537900000.0,225200000.0,2.589,1.45,1481000000.0,15900000.0,1465100000.0,1481000000.0,0.0,188100000.0,0.0,0.026,1.06,408500000.0,596600000.0,0.136,596600000.0,408500000.0,340000000.0,2.2,2.19,2.2,1695300000.0,1686125000.0,1695300000.0,5408497577.0,13.0,9.066,202600000.0,2.009,1.0,861500000.0,0.196,1235700000.0,68500000.0,3655200000.0,3591225000.0,684100000.0,0.0,0.0,0.0,2457700000.0,615900000.0,1841800000.0,4100697577.0,-23000000.0,19500000.0,-125800000.0,-8700000.0,-108100000.0,-250700000.0,-119100000.0,0.0,341200000.0,5600000.0,225200000.0,225200000.0,225200000.0,-5600000.0,0.0,0.051,477800000.0,383700000.0,390600000.0,0.482,2.419,18.209,18.482,1236400000.0,0.0,40.66,0.932,0.932,669500000.0,2065000000.0,4399400000.0,4399400000.0,43300000.0,0.054,0.134,0.114,0.093,13100000.0,428800000.0,1.0,100853359.0,100853359.0,,43.622,2917300000.0,0.0,114800000.0,287500000.0,28.926,978500000.0
20,BMS,MRT,2014-03-31,2014-03-31,2014-03-31,2021-09-13,-87400000.0,4148200000.0,4149825000.0,1582700000.0,2565500000.0,1.108,16.489,-130200000.0,152200000.0,152200000.0,3704600000.0,212500000.0,2.454,1.474,1460000000.0,18500000.0,1441500000.0,1460000000.0,0.0,188700000.0,0.0,0.027,1.05,392600000.0,581300000.0,0.126,581300000.0,392600000.0,324100000.0,2.05,2.05,2.05,1677000000.0,1660400000.0,1677000000.0,5285388207.0,13.0,9.092,247100000.0,2.43,1.0,894300000.0,0.194,1233300000.0,68500000.0,3577700000.0,3580675000.0,665900000.0,0.0,0.0,0.0,2471200000.0,645000000.0,1826200000.0,3990788207.0,-500000.0,49900000.0,-84900000.0,-97500000.0,-107800000.0,-291900000.0,-80300000.0,0.0,377300000.0,-5600000.0,212500000.0,212500000.0,212500000.0,-500000.0,0.0,0.046,526900000.0,367400000.0,395000000.0,0.512,2.38,18.78,19.141,1242700000.0,0.0,39.24,0.868,0.868,654100000.0,2026800000.0,4598900000.0,4598900000.0,43900000.0,0.051,0.128,0.11,0.085,15000000.0,456500000.0,1.0,101702044.0,101702044.0,,45.219,2914900000.0,0.0,111600000.0,315200000.0,28.661,937700000.0
21,BMS,MRT,2013-12-31,2013-12-31,2013-12-31,2021-09-13,-98700000.0,4110200000.0,4189125000.0,1504500000.0,2605700000.0,1.069,16.367,-126100000.0,141700000.0,141700000.0,3601200000.0,212600000.0,2.5,1.44,1436300000.0,14900000.0,1421400000.0,1436300000.0,0.0,190300000.0,0.0,0.025,1.04,378000000.0,568300000.0,0.127,568300000.0,378000000.0,309800000.0,2.06,2.04,2.06,1684800000.0,1648950000.0,1684800000.0,5510746239.0,15.0,9.697,247100000.0,2.4,1.0,875400000.0,0.196,1242800000.0,68200000.0,3560100000.0,3642700000.0,648500000.0,0.0,0.0,0.0,2425400000.0,601900000.0,1823500000.0,4216446239.0,27600000.0,-29700000.0,-77300000.0,13400000.0,-107500000.0,-184700000.0,-155800000.0,0.0,373200000.0,-5100000.0,212600000.0,212600000.0,212600000.0,-20100000.0,0.0,0.047,525200000.0,350200000.0,362800000.0,0.505,2.503,19.833,19.883,1284300000.0,0.0,40.96,0.942,0.942,615400000.0,2005100000.0,4476600000.0,4476600000.0,40500000.0,0.051,0.129,0.104,0.084,16400000.0,448500000.0,1.0,102940582.0,102940582.0,,43.487,2867400000.0,0.0,97200000.0,302100000.0,27.855,902600000.0
22,BMS,MRT,2013-09-30,2013-09-30,2013-09-30,2021-09-13,-106800000.0,4195400000.0,4208000000.0,1594400000.0,2601000000.0,1.034,16.395,-122900000.0,155600000.0,155600000.0,3493800000.0,196500000.0,2.399,1.486,1449900000.0,27500000.0,1422400000.0,1449900000.0,0.0,190600000.0,0.0,0.026,1.03,355200000.0,545800000.0,0.125,545800000.0,355200000.0,288500000.0,1.9,1.89,1.9,1687400000.0,1637975000.0,1687400000.0,5322389522.0,15.0,9.752,270600000.0,2.629,1.0,858100000.0,0.197,1253300000.0,66700000.0,3571900000.0,3657575000.0,670100000.0,0.0,0.0,0.0,2508000000.0,664500000.0,1843500000.0,4014989522.0,32300000.0,-25900000.0,-35600000.0,-55500000.0,-106800000.0,-211200000.0,-148800000.0,0.0,393500000.0,-1200000.0,196500000.0,196500000.0,196500000.0,-30000000.0,0.0,0.045,541000000.0,317100000.0,393200000.0,0.542,2.379,20.433,20.532,1287600000.0,0.0,39.01,0.923,0.923,654800000.0,1975900000.0,4351900000.0,4351900000.0,37900000.0,0.047,0.12,0.097,0.082,19300000.0,448100000.0,1.0,102922059.0,102922059.0,,42.283,2942100000.0,0.0,92000000.0,298200000.0,28.586,929900000.0
23,BMS,MRT,2013-06-30,2013-06-30,2013-06-30,2021-09-13,-171100000.0,4145500000.0,4228375000.0,1614400000.0,2531100000.0,1.069,15.476,-125400000.0,150200000.0,150200000.0,3637200000.0,189900000.0,2.521,1.603,1457600000.0,7300000.0,1450300000.0,1457600000.0,0.0,194300000.0,0.0,0.026,1.02,350300000.0,544600000.0,0.121,544600000.0,350300000.0,283600000.0,1.84,1.82,1.84,1592400000.0,1620525000.0,1592400000.0,5425873623.0,15.0,9.963,255000000.0,2.478,1.0,881000000.0,0.195,1199600000.0,66700000.0,3613000000.0,3693375000.0,669500000.0,0.0,0.0,0.0,2553100000.0,640300000.0,1912800000.0,4027173623.0,23000000.0,11500000.0,-35600000.0,-82200000.0,-106100000.0,-239500000.0,-113900000.0,0.0,380400000.0,-4000000.0,189900000.0,189900000.0,189900000.0,-24900000.0,0.0,0.042,561600000.0,319400000.0,390300000.0,0.554,2.529,21.207,21.272,1274700000.0,0.0,39.14,0.891,0.891,685400000.0,1949100000.0,4518200000.0,4518200000.0,37400000.0,0.045,0.117,0.095,0.078,19200000.0,463700000.0,1.0,102891508.0,102891508.0,,43.912,2945900000.0,0.0,93700000.0,253800000.0,28.631,974100000.0
24,BMS,MRT,2013-03-31,2013-03-31,2013-03-31,2021-09-13,-100300000.0,4305400000.0,4265825000.0,1666100000.0,2639300000.0,1.063,15.837,-136200000.0,152700000.0,152700000.0,3671300000.0,179100000.0,2.597,1.639,1551400000.0,8600000.0,1542800000.0,1551400000.0,0.0,198500000.0,0.0,0.025,1.01,336600000.0,535100000.0,0.118,535100000.0,336600000.0,269600000.0,1.74,1.71,1.74,1631200000.0,1616225000.0,1631200000.0,5469413325.0,16.0,10.221,244700000.0,2.376,1.0,862500000.0,0.19,1236700000.0,67000000.0,3825800000.0,3739775000.0,698000000.0,0.0,0.0,0.0,2674200000.0,641600000.0,2032600000.0,4157013325.0,39700000.0,-18900000.0,-35600000.0,-31900000.0,-105400000.0,-188400000.0,-155100000.0,0.0,380900000.0,2300000.0,179100000.0,179100000.0,179100000.0,-24900000.0,0.0,0.04,550600000.0,311900000.0,406600000.0,0.58,2.548,23.211,23.195,1330900000.0,0.0,40.36,0.917,0.917,709700000.0,1923300000.0,4533800000.0,4533800000.0,36100000.0,0.042,0.111,0.09,0.074,16400000.0,455600000.0,1.0,102998348.0,102998348.0,,44.018,3068700000.0,0.0,90500000.0,253300000.0,29.794,1024500000.0
25,BMS,MRT,2012-12-31,2012-12-31,2012-12-31,2021-09-13,-112900000.0,4185700000.0,4287254250.0,1525000000.0,2660700000.0,1.069,15.886,-131700000.0,114100000.0,114100000.0,3731900000.0,173800000.0,2.372,1.551,1426500000.0,8900000.0,1417600000.0,1426500000.0,0.0,204300000.0,0.0,0.03,1.0,337000000.0,541300000.0,0.118,541300000.0,337000000.0,266100000.0,1.67,1.66,1.67,1640900000.0,1619661500.0,1640900000.0,4833783567.0,14.0,8.93,289600000.0,2.804,1.0,851700000.0,0.186,1235500000.0,70900000.0,3619600000.0,3754054000.0,661900000.0,0.0,0.0,0.0,2544800000.0,643000000.0,1901800000.0,3456083567.0,4300000.0,-19100000.0,0.0,-156800000.0,-104300000.0,-265700000.0,-150800000.0,0.0,421300000.0,-500000.0,173800000.0,173800000.0,173800000.0,-24900000.0,0.0,0.038,543400000.0,308300000.0,382100000.0,0.599,2.106,19.885,20.036,1351300000.0,0.0,33.46,0.754,0.754,645200000.0,1900900000.0,4583600000.0,4583600000.0,35700000.0,0.041,0.107,0.09,0.074,17000000.0,454200000.0,1.0,103290005.0,103290005.0,,44.376,2950200000.0,0.0,92300000.0,232600000.0,28.562,882000000.0
26,BMS,MRT,2012-09-30,2012-09-30,2012-09-30,2021-09-13,-117900000.0,4276900000.0,4320929250.0,1589500000.0,2687400000.0,1.198,15.662,-131200000.0,123300000.0,123300000.0,4245400000.0,156400000.0,2.277,1.644,1501000000.0,6600000.0,1494400000.0,1501000000.0,0.0,210800000.0,0.0,0.031,0.99,319800000.0,530600000.0,0.103,530600000.0,319800000.0,243000000.0,1.51,1.49,1.51,1617600000.0,1604961500.0,1617600000.0,4687938436.0,15.0,8.835,329400000.0,3.189,1.0,930100000.0,0.18,1241400000.0,76800000.0,3715100000.0,3806054000.0,653600000.0,0.0,0.0,0.0,2659300000.0,698100000.0,1961200000.0,3250238436.0,25400000.0,-69200000.0,0.0,-129000000.0,-103400000.0,-238000000.0,-200400000.0,0.0,460600000.0,3200000.0,156500000.0,156500000.0,156500000.0,0.0,-100000.0,0.03,614200000.0,315900000.0,407300000.0,0.656,2.009,20.768,20.841,1364800000.0,0.0,31.47,0.628,0.628,687500000.0,1887300000.0,5175500000.0,5175500000.0,42000000.0,0.036,0.098,0.084,0.062,15400000.0,500500000.0,1.0,103280535.0,103280535.0,,50.111,3035500000.0,0.0,86500000.0,214800000.0,29.391,891400000.0
27,BMS,MRT,2012-06-30,2012-06-30,2012-06-30,2021-09-13,-137800000.0,4295300000.0,4337759250.0,1609900000.0,2685400000.0,1.209,15.279,-126000000.0,127200000.0,127200000.0,4338900000.0,165200000.0,2.319,1.727,1564900000.0,15500000.0,1549400000.0,1564900000.0,0.0,215200000.0,0.0,0.031,0.98,333900000.0,549100000.0,0.105,549100000.0,333900000.0,255700000.0,1.58,1.57,1.58,1575200000.0,1621177500.0,1575200000.0,4685915219.0,14.0,8.534,356300000.0,3.456,1.0,906700000.0,0.173,1240300000.0,78200000.0,3798600000.0,3868493500.0,645600000.0,0.0,0.0,0.0,2720100000.0,694100000.0,2026000000.0,3230947219.0,54500000.0,-137000000.0,-38000000.0,67900000.0,-102400000.0,-164300000.0,-263000000.0,0.0,482300000.0,-500000.0,165000000.0,165000000.0,165000000.0,0.0,200000.0,0.031,576500000.0,330200000.0,413600000.0,0.62,2.051,19.581,19.835,1371900000.0,0.0,31.34,0.616,0.616,703300000.0,1866200000.0,5245600000.0,5245600000.0,42400000.0,0.038,0.102,0.086,0.064,15500000.0,483700000.0,1.0,103093402.0,103093402.0,,50.882,3055000000.0,0.0,90700000.0,209300000.0,29.633,915800000.0
28,BMS,MRT,2012-03-31,2012-03-31,2012-03-31,2021-09-13,-48445000.0,4391117000.0,4389756750.0,1631085000.0,2760032000.0,1.208,15.956,-126441000.0,112985000.0,112985000.0,4391700000.0,178500000.0,2.37,1.669,1567953000.0,15785000.0,1552168000.0,1567953000.0,0.0,219707000.0,0.0,0.03,0.97,354500000.0,574207000.0,0.108,574207000.0,354500000.0,275500000.0,1.68,1.68,1.68,1644946000.0,1699096750.0,1644946000.0,4788892143.0,14.0,8.34,351571000.0,3.41,1.0,911400000.0,0.172,1275014000.0,79000000.0,3882916000.0,3915591250.0,681271000.0,0.0,0.0,0.0,2746171000.0,688155000.0,2058016000.0,3328787143.0,56939000.0,-136974000.0,-106755000.0,147402000.0,-101896000.0,-152943000.0,-263415000.0,0.0,478012000.0,-4715000.0,177000000.0,177000000.0,177000000.0,0.0,1500000.0,0.033,558700000.0,352700000.0,429134000.0,0.577,2.024,18.807,19.22,1422673000.0,0.0,32.29,0.628,0.628,702107000.0,1850371000.0,5303100000.0,5303100000.0,42000000.0,0.04,0.104,0.091,0.067,15751000.0,486400000.0,1.0,103090342.0,103090342.0,,51.441,3116103000.0,0.0,98500000.0,208419000.0,30.227,942930000.0
29,BMS,MRT,2011-12-31,2011-12-31,2011-12-31,2021-09-13,-90700000.0,4320400000.0,4394498250.0,1549000000.0,2771400000.0,1.211,15.363,-131300000.0,109800000.0,109800000.0,4412500000.0,187300000.0,2.271,1.731,1569900000.0,15100000.0,1554800000.0,1569900000.0,0.0,220300000.0,0.0,0.032,0.96,365800000.0,586100000.0,0.11,586100000.0,365800000.0,289000000.0,1.73,1.73,1.73,1582100000.0,1759573750.0,1582100000.0,4606568239.0,13.0,7.86,289600000.0,2.812,1.0,910200000.0,0.171,1270900000.0,76800000.0,3827600000.0,3922793000.0,646000000.0,0.0,0.0,0.0,2738300000.0,682000000.0,2056300000.0,3097619239.0,49400000.0,-152800000.0,-161100000.0,276300000.0,-101900000.0,-80000000.0,-284100000.0,0.0,420900000.0,-7400000.0,184100000.0,184100000.0,184100000.0,0.0,3200000.0,0.035,542800000.0,367400000.0,415800000.0,0.555,1.958,16.826,17.387,1440900000.0,0.0,30.08,0.582,0.582,665400000.0,1832900000.0,5322700000.0,5322700000.0,38700000.0,0.042,0.105,0.093,0.069,14900000.0,483400000.0,1.0,102979363.0,102979363.0,,51.687,3049500000.0,0.0,104900000.0,199400000.0,29.613,867000000.0
30,BMS,MRT,2011-09-30,2011-09-30,2011-09-30,2021-09-13,9106000.0,4344220000.0,4385856000.0,1579881000.0,2764339000.0,1.209,16.27,-136428000.0,97933000.0,97933000.0,4378555000.0,219302000.0,2.399,1.582,1606882000.0,15154000.0,1591728000.0,1606882000.0,0.0,220223000.0,0.0,0.032,0.95,411683000.0,631906000.0,0.119,631906000.0,411683000.0,338369000.0,1.99,1.99,1.99,1682464000.0,1833954500.0,1682464000.0,4440757949.0,11.0,7.028,228409000.0,2.209,1.0,922688000.0,0.174,1229665000.0,73314000.0,3964858000.0,3871599750.0,685112000.0,0.0,0.0,0.0,2661756000.0,658646000.0,2003110000.0,3030922949.0,5389000.0,-76170000.0,-177575000.0,227074000.0,-102050000.0,-144979000.0,-212598000.0,0.0,364837000.0,-1871000.0,214669000.0,214669000.0,214669000.0,-18000.0,4633000.0,0.04,505786000.0,416902000.0,519216000.0,0.477,1.801,14.119,14.729,1473439000.0,0.0,29.31,0.572,0.572,701968000.0,1835502000.0,5301243000.0,5301243000.0,37641000.0,0.049,0.117,0.106,0.078,16358000.0,486157000.0,1.0,103409176.0,103409176.0,,51.265,3114555000.0,0.0,123700000.0,215700000.0,30.119,921235000.0
31,BMS,MRT,2011-06-30,2011-06-30,2011-06-30,2021-09-13,162664000.0,4503290000.0,4381536750.0,1677325000.0,2825965000.0,1.195,17.913,-133063000.0,72733000.0,72733000.0,4296439000.0,225870000.0,2.405,1.359,1482568000.0,22350000.0,1460218000.0,1482568000.0,0.0,220016000.0,0.0,0.028,0.94,421947000.0,641963000.0,0.123,641963000.0,421947000.0,348688000.0,2.01,2.01,2.01,1886877000.0,1879827250.0,1886877000.0,4922793033.0,12.0,7.668,188125000.0,1.786,1.0,941245000.0,0.18,1228692000.0,73259000.0,3986991000.0,3815048000.0,740376000.0,0.0,0.0,0.0,2563829000.0,697442000.0,1866387000.0,3558191033.0,-7599000.0,101811000.0,-168800000.0,1524000.0,-102495000.0,-289419000.0,-31252000.0,0.0,321188000.0,-8116000.0,220188000.0,220188000.0,220188000.0,815000.0,5682000.0,0.042,509274000.0,431971000.0,558712000.0,0.468,1.886,16.16,16.806,1527220000.0,0.0,33.78,0.679,0.679,762275000.0,1804975000.0,5237684000.0,5237684000.0,37537000.0,0.05,0.117,0.111,0.081,15906000.0,488597000.0,1.0,105334252.0,105334252.0,,49.724,3274598000.0,0.0,128500000.0,194085000.0,31.088,979883000.0
32,BMS,MRT,2011-03-31,2011-03-31,2011-03-31,2021-09-13,126462000.0,4410083000.0,4337360250.0,1592204000.0,2817879000.0,1.185,17.627,-120814000.0,56065000.0,56065000.0,4200487000.0,231847000.0,2.469,1.311,1420667000.0,3362000.0,1417305000.0,1420667000.0,0.0,222576000.0,0.0,0.028,0.93,429226000.0,651802000.0,0.127,651802000.0,429226000.0,355527000.0,2.04,2.04,2.04,1886854000.0,1854774500.0,1886854000.0,4738154834.0,11.0,7.269,235651000.0,2.201,1.0,937212000.0,0.182,1217982000.0,73699000.0,3911723000.0,3784028250.0,722508000.0,0.0,0.0,0.0,2473328000.0,644980000.0,1828348000.0,3512086834.0,-7794000.0,101785000.0,-100045000.0,-118273000.0,-102083000.0,-338704000.0,-19029000.0,0.0,356465000.0,-6526000.0,225527000.0,225527000.0,225527000.0,-1146000.0,6320000.0,0.044,498053000.0,439159000.0,522620000.0,0.456,1.861,15.573,16.083,1531813000.0,0.0,32.81,0.684,0.684,712296000.0,1776655000.0,5137699000.0,5137699000.0,36262000.0,0.052,0.122,0.113,0.084,15315000.0,478288000.0,1.0,107043183.0,107043183.0,,47.997,3192101000.0,0.0,130000000.0,199802000.0,29.821,947224000.0
33,BMS,MRT,2010-12-31,2010-12-31,2010-12-31,2021-09-13,91117000.0,4285831000.0,4320844500.0,1466919000.0,2818912000.0,1.119,17.373,-110900000.0,60404000.0,60404000.0,3941800000.0,211500000.0,2.172,1.255,1286472000.0,2947000.0,1283525000.0,1286472000.0,0.0,209700000.0,0.0,0.028,0.92,396200000.0,605900000.0,0.125,605900000.0,396200000.0,322700000.0,1.85,1.85,1.85,1879623000.0,1826162750.0,1879623000.0,4819675713.0,12.0,7.955,257100000.0,2.376,1.0,893200000.0,0.185,1213813000.0,73500000.0,3622827000.0,3799728500.0,673863000.0,0.0,0.0,0.0,2358399000.0,675259000.0,1683140000.0,3533573713.0,-1005300000.0,-1104500000.0,-45700000.0,21100000.0,-101900000.0,-153400000.0,-1215400000.0,0.0,368000000.0,-4500000.0,205100000.0,205100000.0,205100000.0,-1800000.0,6400000.0,0.042,492400000.0,400800000.0,548042000.0,0.497,1.88,17.229,17.654,1540753000.0,0.0,32.66,0.731,0.731,637738000.0,1751908000.0,4835000000.0,4835000000.0,34300000.0,0.047,0.112,0.104,0.082,14500000.0,459100000.0,1.0,108192704.0,108192704.0,,44.689,3072018000.0,0.0,117600000.0,179535000.0,28.394,791660000.0
34,BMS,MRT,2010-09-30,2010-09-30,2010-09-30,2021-09-13,93193000.0,4326943000.0,4231563000.0,1531028000.0,2795915000.0,1.062,17.098,-89305000.0,92498000.0,92498000.0,3652457000.0,183823000.0,2.246,1.294,1378600000.0,4052000.0,1374548000.0,1378600000.0,0.0,197075000.0,0.0,0.029,0.915,353186000.0,550261000.0,0.122,550261000.0,353186000.0,281391000.0,1.6,1.6,1.6,1865955000.0,1807190000.0,1865955000.0,4859662642.0,14.0,8.832,244286000.0,2.238,1.0,839712000.0,0.187,1192575000.0,71795000.0,3738651000.0,3610233750.0,656477000.0,0.0,0.0,0.0,2415160000.0,681819000.0,1733341000.0,3464995642.0,-1011514000.0,-1130736000.0,-29224000.0,49234000.0,-101733000.0,-108914000.0,-1220041000.0,0.0,333591000.0,-16150000.0,177991000.0,177991000.0,177991000.0,-1128000.0,5832000.0,0.04,478879000.0,360833000.0,545518000.0,0.572,1.857,19.467,19.844,1539826000.0,0.0,31.75,0.771,0.771,668107000.0,1724158000.0,4492169000.0,4492169000.0,30776000.0,0.042,0.098,0.098,0.079,15327000.0,435057000.0,1.0,109133721.0,109133721.0,,41.162,3134368000.0,0.0,103400000.0,170658000.0,28.72,849209000.0
35,BMS,MRT,2010-06-30,2010-06-30,2010-06-30,2021-09-13,25170000.0,4326584000.0,4152472500.0,1482596000.0,2843988000.0,0.987,16.382,-71771000.0,80286000.0,80286000.0,3319187000.0,159491000.0,2.182,1.398,1474953000.0,14152000.0,1460801000.0,1474953000.0,0.0,182918000.0,0.0,0.034,0.91,308357000.0,491275000.0,0.12,491275000.0,308357000.0,241512000.0,1.38,1.38,1.38,1786666000.0,1781858250.0,1786666000.0,4416386402.0,14.0,8.99,265501000.0,2.434,1.0,777571000.0,0.19,1178808000.0,66845000.0,3862912000.0,3412870750.0,617796000.0,0.0,0.0,0.0,2497260000.0,679531000.0,1817729000.0,2944731402.0,224000.0,-1221760000.0,202809000.0,872386000.0,-101238000.0,963401000.0,-1293531000.0,0.0,337272000.0,-6918000.0,152412000.0,152412000.0,152412000.0,-1961000.0,7079000.0,0.037,467549000.0,310022000.0,525928000.0,0.659,1.648,19.321,19.565,1532424000.0,0.0,27.0,0.719,0.719,645464000.0,1688568000.0,4096758000.0,4096758000.0,26117000.0,0.037,0.086,0.09,0.075,15367000.0,416831000.0,1.0,109064126.0,109064126.0,,37.563,3147776000.0,0.0,89100000.0,176630000.0,28.862,803065000.0
36,BMS,MRT,2010-03-31,2010-03-31,2010-03-31,2021-09-13,50792000.0,4344020000.0,3803693500.0,1457499000.0,2886521000.0,0.971,16.259,-73600000.0,63842000.0,63842000.0,2970939000.0,147611000.0,2.154,1.427,1535497000.0,24745000.0,1510752000.0,1535497000.0,0.0,163626000.0,0.0,0.032,0.905,279860000.0,443486000.0,0.12,443486000.0,279860000.0,225694000.0,1.31,1.31,1.31,1772407000.0,1707714750.0,1772407000.0,3323977460.0,12.0,7.495,257129000.0,2.359,1.0,721983000.0,0.196,1164438000.0,54166000.0,3974524000.0,3008547000.0,607849000.0,0.0,0.0,0.0,2529458000.0,676713000.0,1852745000.0,3130828460.0,-9354000.0,-1252454000.0,202809000.0,889847000.0,-99290000.0,980847000.0,-1326054000.0,0.0,330729000.0,5124000.0,141294000.0,141294000.0,141294000.0,0.0,6317000.0,0.038,440892000.0,281091000.0,539574000.0,0.691,1.766,22.158,21.924,1578003000.0,0.0,28.72,0.848,0.848,681717000.0,1654666000.0,3692922000.0,3692922000.0,23925000.0,0.037,0.083,0.093,0.076,17109000.0,389158000.0,1.0,109012133.0,109012133.0,,33.876,3179582000.0,0.0,84400000.0,157217000.0,29.167,780786000.0
37,BMS,MRT,2009-12-31,2009-12-31,2009-12-31,2021-09-13,72457000.0,3928705000.0,3411882750.0,2005348000.0,1923357000.0,1.03,16.671,-78233000.0,1065687000.0,1065687000.0,2814412000.0,152510000.0,3.821,1.152,1258836000.0,31322000.0,1227514000.0,1258836000.0,0.0,159274000.0,0.0,0.03,0.9,277073000.0,436347000.0,0.124,436347000.0,277073000.0,235021000.0,1.38,1.38,1.38,1803732000.0,1602901750.0,1803732000.0,3420678357.0,12.0,7.839,397580000.0,3.675,1.0,700174000.0,0.199,732151000.0,42052000.0,2864848000.0,2567797750.0,399067000.0,0.0,0.0,0.0,2077022000.0,524855000.0,1552167000.0,3208035357.0,1022233000.0,-30343000.0,202809000.0,547745000.0,-96595000.0,651282000.0,-108576000.0,0.0,475813000.0,3714000.0,147221000.0,147221000.0,147221000.0,0.0,5289000.0,0.042,419951000.0,280223000.0,380017000.0,0.652,1.779,21.791,21.486,1157193000.0,0.0,29.65,0.913,0.913,467988000.0,1649804000.0,3514586000.0,3514586000.0,24342000.0,0.043,0.092,0.108,0.079,18511000.0,370926000.0,1.0,108196808.0,108196808.0,,32.483,3196554000.0,0.0,87800000.0,158204000.0,29.544,1480493000.0
38,BMS,MRT,2009-09-30,2009-09-30,2009-09-30,2021-09-13,39630000.0,4010581000.0,3135285000.0,2073699000.0,1936882000.0,1.109,16.34,-84447000.0,1104012000.0,1104012000.0,2807448000.0,159925000.0,3.811,1.245,1316655000.0,27014000.0,1289641000.0,1316655000.0,0.0,155904000.0,0.0,0.035,0.895,278692000.0,434596000.0,0.125,434596000.0,278692000.0,244376000.0,1.48,1.48,1.48,1764628000.0,1488601500.0,1764628000.0,3310187353.0,12.0,7.617,398448000.0,3.689,1.0,669128000.0,0.192,729869000.0,34316000.0,2949199000.0,2443443000.0,427403000.0,0.0,0.0,0.0,2197187000.0,544156000.0,1653031000.0,2798158353.0,955088000.0,-30637000.0,202808000.0,475643000.0,-94178000.0,581091000.0,-115084000.0,0.0,482895000.0,6186000.0,154276000.0,154276000.0,154276000.0,0.0,5649000.0,0.044,404923000.0,264205000.0,397428000.0,0.605,1.586,18.137,17.507,1168806000.0,0.0,25.91,0.805,0.805,470287000.0,1648737000.0,3476576000.0,3476576000.0,24435000.0,0.049,0.104,0.114,0.08,18461000.0,353263000.0,1.0,107995305.0,107995305.0,,32.192,3280712000.0,0.0,90100000.0,153636000.0,30.378,1529543000.0
39,BMS,MRT,2009-06-30,2009-06-30,2009-06-30,2021-09-13,-15895000.0,2931468000.0,2932811750.0,1017541000.0,1913927000.0,1.215,14.912,-105590000.0,80062000.0,80062000.0,2906967000.0,167696000.0,2.085,0.938,592091000.0,32925000.0,559166000.0,592091000.0,0.0,156392000.0,0.0,0.035,0.89,287962000.0,444354000.0,0.125,444354000.0,287962000.0,256799000.0,1.58,1.58,1.58,1490092000.0,1435852500.0,1490092000.0,3062273694.0,11.0,6.892,327270000.0,3.275,1.0,654937000.0,0.184,709960000.0,31163000.0,2245617000.0,2352422000.0,413535000.0,0.0,0.0,0.0,1398126000.0,487920000.0,910206000.0,2518077694.0,-90951000.0,-30694000.0,0.0,-271383000.0,-91788000.0,-366419000.0,-136284000.0,0.0,432860000.0,-21108000.0,162699000.0,162699000.0,162699000.0,0.0,4997000.0,0.046,377241000.0,277696000.0,348629000.0,0.563,1.69,15.477,15.949,1174724000.0,0.0,25.2,0.707,0.707,453918000.0,1637947000.0,3561904000.0,3561904000.0,24820000.0,0.055,0.113,0.122,0.081,18633000.0,343231000.0,1.0,99923718.0,99923718.0,,35.646,2221508000.0,0.0,94100000.0,148704000.0,22.232,529621000.0
40,BMS,MRT,2009-03-31,2009-03-31,2009-03-31,2021-09-13,-122029000.0,2776777000.0,3045154500.0,961605000.0,1815172000.0,1.207,13.549,-111959000.0,73196000.0,73196000.0,3026389000.0,165900000.0,2.216,1.025,617392000.0,32643000.0,584749000.0,617392000.0,0.0,158531000.0,0.0,0.042,0.885,289798000.0,448329000.0,0.122,448329000.0,289798000.0,253391000.0,1.56,1.56,1.56,1353155000.0,1481996250.0,1353155000.0,2737442116.0,9.0,6.106,274305000.0,2.747,1.0,649095000.0,0.177,675488000.0,36407000.0,2211527000.0,2460962000.0,403169000.0,0.0,0.0,0.0,1386814000.0,433958000.0,952856000.0,2094307116.0,-84000000.0,0.0,0.0,-243570000.0,-91207000.0,-337617000.0,-111959000.0,0.0,386264000.0,-20688000.0,160591000.0,160591000.0,160591000.0,0.0,5309000.0,0.044,368450000.0,280645000.0,311823000.0,0.567,1.548,13.041,13.442,1114473000.0,0.0,20.97,0.57,0.57,417499000.0,1612660000.0,3675484000.0,3675484000.0,25224000.0,0.053,0.108,0.118,0.079,18064000.0,342748000.0,1.0,99871584.0,99871584.0,,36.802,2101289000.0,0.0,92800000.0,140913000.0,21.04,527647000.0
41,BMS,MRT,2008-12-31,2008-12-31,2008-12-31,2021-09-13,-112001000.0,2822314000.0,3167416000.0,982658000.0,1839656000.0,1.193,13.51,-118084000.0,43454000.0,43454000.0,3131341000.0,172225000.0,2.33,1.069,686589000.0,26605000.0,659984000.0,686589000.0,0.0,162004000.0,0.0,0.037,0.88,301927000.0,463931000.0,0.123,463931000.0,301927000.0,262514000.0,1.61,1.61,1.61,1346531000.0,1540621000.0,1346531000.0,3037640993.0,10.0,6.548,175466000.0,1.76,1.0,648032000.0,0.171,676239000.0,39413000.0,2367429000.0,2582727750.0,435667000.0,0.0,0.0,0.0,1439771000.0,421781000.0,1017990000.0,2360252993.0,-103955000.0,0.0,-26771000.0,-144654000.0,-90695000.0,-264107000.0,-118084000.0,0.0,293550000.0,-15314000.0,166214000.0,166214000.0,166214000.0,0.0,6011000.0,0.044,353810000.0,294222000.0,323142000.0,0.547,1.753,14.2,14.708,1135482000.0,0.0,23.68,0.625,0.625,426888000.0,1599178000.0,3779373000.0,3779373000.0,25010000.0,0.052,0.108,0.117,0.08,17849000.0,342737000.0,1.0,99672846.0,99672846.0,,37.918,2146075000.0,0.0,96300000.0,112393000.0,21.531,560877000.0
42,BMS,MRT,2008-09-30,2008-09-30,2008-09-30,2021-09-13,110569000.0,3200688000.0,3259686500.0,1236864000.0,1963824000.0,1.173,15.589,-124892000.0,148924000.0,148924000.0,3161764000.0,184265000.0,2.156,1.034,826312000.0,79462000.0,746850000.0,826312000.0,0.0,163762000.0,0.0,0.033,0.87,317838000.0,481600000.0,0.126,481600000.0,317838000.0,275442000.0,1.66,1.67,1.66,1553632000.0,1594571250.0,1553632000.0,3303996615.0,10.0,6.86,195372000.0,1.96,1.0,662407000.0,0.173,719186000.0,42396000.0,2585115000.0,2642479250.0,518921000.0,0.0,0.0,0.0,1606518000.0,573775000.0,1032743000.0,2611993615.0,-16557000.0,97000.0,-23658000.0,-85252000.0,-90676000.0,-200849000.0,-121156000.0,0.0,320264000.0,-14816000.0,175742000.0,175742000.0,175742000.0,0.0,8523000.0,0.046,338858000.0,323549000.0,395949000.0,0.524,1.681,14.863,15.789,1191060000.0,0.0,26.21,0.683,0.683,497631000.0,1588639000.0,3824171000.0,3824171000.0,25769000.0,0.054,0.11,0.12,0.083,17373000.0,348302000.0,1.0,99656376.0,99664000.0,,38.371,2481502000.0,0.0,99700000.0,185590000.0,24.899,663089000.0
43,BMS,MRT,2008-06-30,2008-06-30,2008-06-30,2021-09-13,258165000.0,3380839000.0,3259375750.0,1288387000.0,2092452000.0,1.149,16.807,-141023000.0,171013000.0,171013000.0,3088178000.0,179097000.0,2.068,0.992,863016000.0,122562000.0,740454000.0,863016000.0,0.0,163172000.0,0.0,0.038,0.86,315677000.0,478849000.0,0.128,478849000.0,315677000.0,270418000.0,1.63,1.64,1.63,1674667000.0,1580022750.0,1674667000.0,2952762963.0,9.0,6.166,205164000.0,2.059,1.0,657394000.0,0.176,770129000.0,45259000.0,2679777000.0,2663225500.0,526868000.0,0.0,0.0,0.0,1660717000.0,622936000.0,1037781000.0,2234163963.0,17697000.0,97000.0,-141538000.0,24660000.0,-89453000.0,-207450000.0,-137287000.0,0.0,346187000.0,16247000.0,172518000.0,172518000.0,172518000.0,0.0,6579000.0,0.046,336816000.0,320578000.0,401169000.0,0.528,1.334,12.95,13.755,1262716000.0,0.0,22.42,0.596,0.596,518135000.0,1567036000.0,3745572000.0,3745572000.0,26048000.0,0.053,0.109,0.119,0.084,17594000.0,346561000.0,1.0,99650489.0,99643000.0,,37.59,2610710000.0,0.0,97900000.0,182414000.0,26.201,665451000.0
44,BMS,MRT,2008-03-31,2008-03-31,2008-03-31,2021-09-13,199696000.0,3265823000.0,3200772250.0,1208289000.0,2057534000.0,1.152,15.858,-159591000.0,157196000.0,157196000.0,3025663000.0,180722000.0,2.254,1.031,875795000.0,60019000.0,815776000.0,875795000.0,0.0,160707000.0,0.0,0.033,0.85,322238000.0,482945000.0,0.131,482945000.0,322238000.0,275431000.0,1.65,1.66,1.65,1587654000.0,1547584750.0,1587654000.0,3229361092.0,10.0,6.687,229121000.0,2.289,1.0,661770000.0,0.179,749809000.0,46807000.0,2698590000.0,2633630000.0,498198000.0,0.0,0.0,0.0,1637390000.0,536023000.0,1101367000.0,2533509092.0,14348000.0,97000.0,-146574000.0,2106000.0,-89794000.0,-236587000.0,-155855000.0,0.0,388712000.0,18078000.0,175631000.0,175631000.0,175631000.0,0.0,5091000.0,0.048,335030000.0,326740000.0,377407000.0,0.515,1.596,14.425,15.412,1248678000.0,0.0,25.43,0.687,0.69,484161000.0,1543278000.0,3687433000.0,3687433000.0,25586000.0,0.055,0.113,0.122,0.087,17478000.0,344819000.0,1.0,99626783.0,100117000.0,,36.831,2516014000.0,0.0,99800000.0,188863000.0,25.131,672266000.0
45,BMS,MRT,2007-12-31,2007-12-31,2007-12-31,2021-09-13,171162000.0,3191396000.0,3156619000.0,1136943000.0,2054453000.0,1.156,15.543,-171447000.0,147409000.0,147409000.0,2973329000.0,185305000.0,2.127,1.018,843261000.0,67805000.0,775456000.0,843261000.0,0.0,158546000.0,0.0,0.031,0.84,336122000.0,494668000.0,0.136,494668000.0,336122000.0,285854000.0,1.71,1.7,1.71,1562332000.0,1520535000.0,1562332000.0,3503573560.0,10.0,7.083,234781000.0,2.336,1.0,675952000.0,0.185,746263000.0,50268000.0,2606435000.0,2595765500.0,478727000.0,0.0,0.0,0.0,1590138000.0,534550000.0,1055588000.0,2752192560.0,35249000.0,0.0,-153953000.0,35338000.0,-89809000.0,-217396000.0,-167808000.0,0.0,406228000.0,14225000.0,181554000.0,181554000.0,181554000.0,0.0,3751000.0,0.05,336079000.0,339873000.0,384673000.0,0.491,1.762,15.159,16.012,1248456000.0,0.0,27.38,0.754,0.754,448200000.0,1523659000.0,3649281000.0,3649281000.0,25983000.0,0.058,0.119,0.129,0.092,11076000.0,341551000.0,1.0,100518355.0,100518355.0,,36.305,2445133000.0,0.0,104300000.0,158039000.0,24.325,602393000.0
46,BMS,MRT,2007-09-30,2007-09-30,2007-09-30,2021-09-13,132003000.0,3199445000.0,3118522250.0,1176317000.0,2023128000.0,1.166,14.669,-175780000.0,165481000.0,165481000.0,2953198000.0,180426000.0,2.162,1.115,916862000.0,74779000.0,842083000.0,916862000.0,0.0,153560000.0,0.0,0.028,0.82,336198000.0,489758000.0,0.135,489758000.0,336198000.0,286226000.0,1.73,1.71,1.73,1495438000.0,1497956000.0,1495438000.0,3595899214.0,11.0,7.342,177168000.0,1.738,1.0,684008000.0,0.188,738672000.0,49972000.0,2668100000.0,2557998750.0,479783000.0,0.0,0.0,0.0,1667233000.0,544054000.0,1123179000.0,2925798214.0,60054000.0,-97000.0,-157067000.0,116690000.0,-87689000.0,-136976000.0,-173761000.0,0.0,352948000.0,17843000.0,180426000.0,180426000.0,180426000.0,0.0,0.0,0.05,343905000.0,340103000.0,381526000.0,0.474,1.956,16.216,16.827,1239212000.0,0.0,29.11,0.804,0.816,470556000.0,1503573000.0,3637206000.0,3637206000.0,25346000.0,0.058,0.12,0.131,0.092,9981000.0,342673000.0,1.0,100508355.0,101945000.0,,35.678,2460773000.0,0.0,105800000.0,149734000.0,24.138,632263000.0
47,BMS,MRT,2007-06-30,2007-06-30,2007-06-30,2021-09-13,88180000.0,3146425000.0,3092471500.0,1162509000.0,1983916000.0,1.175,14.782,-165869000.0,153316000.0,153316000.0,2937713000.0,187368000.0,2.184,1.015,823417000.0,74940000.0,748477000.0,823417000.0,0.0,153509000.0,0.0,0.024,0.8,348588000.0,502097000.0,0.138,502097000.0,348588000.0,300068000.0,1.79,1.76,1.79,1544915000.0,1497446500.0,1544915000.0,4182033501.0,12.0,8.329,202931000.0,1.942,1.0,697166000.0,0.192,722766000.0,48520000.0,2561395000.0,2515678500.0,470415000.0,0.0,0.0,0.0,1568549000.0,532365000.0,1036184000.0,3470447501.0,42871000.0,-97000.0,-39186000.0,-40532000.0,-86779000.0,-175600000.0,-163850000.0,0.0,368800000.0,13521000.0,187368000.0,187368000.0,187368000.0,0.0,0.0,0.052,344822000.0,352344000.0,366983000.0,0.447,2.246,18.522,18.536,1215217000.0,0.0,33.18,0.955,0.954,474608000.0,1483971000.0,3634879000.0,3634879000.0,24933000.0,0.061,0.125,0.139,0.096,8535000.0,339823000.0,1.0,104594560.0,104511000.0,,34.78,2423659000.0,0.0,112700000.0,156157000.0,23.19,630144000.0
48,BMS,MRT,2007-03-31,2007-03-31,2007-03-31,2021-09-13,48910000.0,3089210000.0,3083814750.0,1145414000.0,1943796000.0,1.183,14.083,-160633000.0,142848000.0,142848000.0,2940327000.0,186749000.0,2.114,1.067,854434000.0,80271000.0,774163000.0,854434000.0,0.0,153188000.0,0.0,0.023,0.78,350293000.0,503481000.0,0.138,503481000.0,350293000.0,301349000.0,1.79,1.75,1.79,1479455000.0,1477080000.0,1479455000.0,4169933711.0,12.0,8.282,212397000.0,2.022,1.0,706517000.0,0.194,711790000.0,48944000.0,2547132000.0,2521722250.0,469004000.0,0.0,0.0,0.0,1578732000.0,541874000.0,1036858000.0,3492305711.0,27866000.0,-10897000.0,-34150000.0,-49347000.0,-84941000.0,-176227000.0,-169414000.0,0.0,373030000.0,477000.0,186749000.0,186749000.0,186749000.0,0.0,0.0,0.051,352547000.0,353970000.0,370044000.0,0.436,2.361,18.701,18.654,1188805000.0,0.0,33.39,0.958,0.962,462802000.0,1457441000.0,3646844000.0,3646844000.0,25108000.0,0.061,0.126,0.139,0.096,7226000.0,338182000.0,1.0,104591366.0,105053000.0,,34.714,2377420000.0,0.0,114600000.0,149781000.0,22.631,603540000.0
49,BMS,MRT,2006-12-31,2006-12-31,2006-12-31,2021-09-13,29098000.0,3039009000.0,3085638250.0,1093712000.0,1945297000.0,1.179,14.041,-157464000.0,112160000.0,112160000.0,2942650000.0,176296000.0,1.969,1.045,789788000.0,67577000.0,722211000.0,789788000.0,0.0,152375000.0,0.0,0.022,0.76,335048000.0,487423000.0,0.134,487423000.0,335048000.0,285796000.0,1.68,1.65,1.68,1472016000.0,1452844750.0,1472016000.0,4238626299.0,13.0,8.696,191495000.0,1.827,1.0,696713000.0,0.191,705814000.0,49252000.0,2455368000.0,2549912750.0,467853000.0,0.0,0.0,0.0,1537808000.0,555455000.0,982353000.0,3562328299.0,21035000.0,-10800000.0,-17804000.0,-65749000.0,-82139000.0,-164715000.0,-166148000.0,0.0,348959000.0,2939000.0,176296000.0,176296000.0,176296000.0,0.0,0.0,0.048,358125000.0,338588000.0,383351000.0,0.452,2.42,20.207,20.226,1175959000.0,0.0,33.98,0.979,0.979,448382000.0,1431747000.0,3639363000.0,3639363000.0,25024000.0,0.057,0.121,0.131,0.092,10768000.0,336409000.0,1.0,104836030.0,104836030.0,,34.715,2333195000.0,0.0,109500000.0,137309000.0,22.256,538257000.0
50,BMS,MRT,2006-09-30,2006-09-30,2006-09-30,2021-09-13,75840000.0,3095242000.0,3067036000.0,1095355000.0,1999887000.0,1.184,14.245,-176626000.0,105427000.0,105427000.0,2923414000.0,179592000.0,1.924,1.054,781725000.0,68656000.0,713069000.0,781725000.0,0.0,151303000.0,0.0,0.023,0.75,351087000.0,502390000.0,0.138,502390000.0,351087000.0,302992000.0,1.72,1.68,1.72,1493400000.0,1422179500.0,1493400000.0,4180290946.0,12.0,8.321,138616000.0,1.322,1.0,707400000.0,0.195,703415000.0,48095000.0,2498819000.0,2575140000.0,470735000.0,0.0,0.0,0.0,1574008000.0,569306000.0,1004702000.0,3444911946.0,-45252000.0,-11713000.0,-17803000.0,-53901000.0,-80566000.0,-151355000.0,-190018000.0,0.0,315242000.0,-19121000.0,179592000.0,179592000.0,179592000.0,0.0,0.0,0.049,352026000.0,355374000.0,396806000.0,0.436,2.307,19.182,19.105,1158503000.0,0.0,32.86,0.949,0.949,469073000.0,1410669000.0,3630814000.0,3630814000.0,24640000.0,0.059,0.126,0.136,0.097,11134000.0,330115000.0,1.0,104836030.0,104836000.0,,34.633,2391827000.0,0.0,123400000.0,180207000.0,22.815,526049000.0
51,BMS,MRT,2006-06-30,2006-06-30,2006-06-30,2021-09-13,76645000.0,3111798000.0,3045113500.0,1100703000.0,2011095000.0,1.181,13.96,-179486000.0,110445000.0,110445000.0,2891562000.0,175779000.0,1.985,1.108,845824000.0,69241000.0,776583000.0,845824000.0,0.0,149378000.0,0.0,0.024,0.74,343851000.0,493229000.0,0.137,493229000.0,343851000.0,297579000.0,1.68,1.64,1.68,1463449000.0,1388256000.0,1463449000.0,3984747813.0,12.0,8.079,159204000.0,1.519,1.0,706065000.0,0.196,706971000.0,46272000.0,2585570000.0,2572180500.0,454661000.0,0.0,0.0,0.0,1621159000.0,554636000.0,1066523000.0,3210008813.0,-9706000.0,-18517000.0,-67273000.0,10280000.0,-79174000.0,-135202000.0,-195018000.0,0.0,338690000.0,-18176000.0,175779000.0,175779000.0,175779000.0,0.0,0.0,0.049,357208000.0,348857000.0,386760000.0,0.44,2.193,18.262,18.226,1162497000.0,0.0,30.62,0.892,0.892,487870000.0,1383215000.0,3597627000.0,3597627000.0,24485000.0,0.058,0.127,0.134,0.096,11042000.0,331772000.0,1.0,104833730.0,104829000.0,,34.319,2404827000.0,0.0,121800000.0,174364000.0,22.94,546067000.0
52,BMS,MRT,2006-03-31,2006-03-31,2006-03-31,2021-09-13,64292000.0,3096504000.0,3010154750.0,1087002000.0,2009502000.0,1.177,13.172,-178589000.0,114982000.0,114982000.0,2856029000.0,168108000.0,2.119,1.218,889721000.0,63223000.0,826498000.0,889721000.0,0.0,149540000.0,0.0,0.023,0.73,328605000.0,478145000.0,0.135,478145000.0,328605000.0,285508000.0,1.59,1.56,1.59,1382514000.0,1363450000.0,1382514000.0,4063147998.0,12.0,8.498,120815000.0,1.151,1.0,687701000.0,0.194,698432000.0,43097000.0,2659894000.0,2563986500.0,451470000.0,0.0,0.0,0.0,1684016000.0,512917000.0,1171099000.0,3310151998.0,-15725000.0,-15581000.0,-67273000.0,30621000.0,-77307000.0,-113098000.0,-191185000.0,0.0,299404000.0,-10846000.0,168108000.0,168108000.0,168108000.0,0.0,0.0,0.047,354037000.0,333664000.0,349134000.0,0.459,2.394,19.691,19.862,1154046000.0,0.0,31.58,0.934,0.935,471232000.0,1355466000.0,3543730000.0,3543730000.0,23821000.0,0.056,0.123,0.128,0.093,11838000.0,328379000.0,1.0,104817986.0,104959000.0,,33.763,2398072000.0,0.0,117400000.0,200736000.0,22.848,574085000.0
53,BMS,MRT,2005-12-31,2005-12-31,2005-12-31,2021-09-13,32706000.0,2964600000.0,2977548250.0,987810000.0,1976790000.0,1.167,12.814,-185065000.0,91125000.0,91125000.0,2798326000.0,162529000.0,2.083,1.177,844121000.0,54014000.0,790107000.0,844121000.0,0.0,150779000.0,0.0,0.026,0.72,315166000.0,465945000.0,0.134,465945000.0,315166000.0,276429000.0,1.53,1.51,1.53,1349355000.0,1348533250.0,1349355000.0,3623244489.0,11.0,7.776,95352000.0,0.906,1.0,675624000.0,0.194,686999000.0,38737000.0,2556277000.0,2535630750.0,420950000.0,0.0,0.0,0.0,1587553000.0,474320000.0,1113233000.0,2934724489.0,-2773000.0,-237992000.0,-49469000.0,274798000.0,-76634000.0,150061000.0,-420072000.0,0.0,280417000.0,-13179000.0,162529000.0,162529000.0,162529000.0,0.0,0.0,0.047,354521000.0,321103000.0,327569000.0,0.471,2.175,18.057,18.216,1143539000.0,0.0,27.87,0.845,0.845,436035000.0,1337590000.0,3473950000.0,3473950000.0,23528000.0,0.055,0.121,0.124,0.091,14199000.0,330881000.0,1.0,105300484.0,105300484.0,,32.991,2277601000.0,0.0,113900000.0,173248000.0,21.63,513490000.0
54,BMS,MRT,2005-09-30,2005-09-30,2005-09-30,2021-09-13,67023000.0,3007552000.0,2858084000.0,1055096000.0,1952456000.0,1.157,12.776,-144440000.0,150679000.0,150679000.0,2661084000.0,164970000.0,2.148,1.198,839199000.0,54080000.0,785119000.0,839199000.0,0.0,148452000.0,0.0,0.028,0.7,304557000.0,453009000.0,0.137,453009000.0,304557000.0,271470000.0,1.54,1.53,1.54,1357706000.0,1338161000.0,1357706000.0,3366268982.0,11.0,7.431,183264000.0,1.725,1.0,646389000.0,0.195,717808000.0,33087000.0,2486981000.0,2408999750.0,410905000.0,0.0,0.0,0.0,1626768000.0,491283000.0,1135485000.0,2640624982.0,61824000.0,-237079000.0,-49469000.0,215446000.0,-74795000.0,92546000.0,-371795000.0,0.0,327704000.0,13369000.0,164970000.0,164970000.0,164970000.0,0.0,0.0,0.05,337604000.0,308785000.0,351987000.0,0.455,1.945,16.007,16.039,1105954000.0,0.0,24.7,0.798,0.794,452338000.0,1311643000.0,3307473000.0,3307473000.0,22781000.0,0.058,0.123,0.126,0.092,13707000.0,323990000.0,1.0,106907894.0,106267000.0,,31.124,2289744000.0,0.0,106500000.0,200677000.0,21.547,563813000.0
55,BMS,MRT,2005-06-30,2005-06-30,2005-06-30,2021-09-13,49160000.0,2971963000.0,2709688250.0,1028936000.0,1943027000.0,1.162,12.73,-137290000.0,120151000.0,120151000.0,2528728000.0,164629000.0,2.376,1.161,845795000.0,30920000.0,814875000.0,845795000.0,0.0,142778000.0,0.0,0.026,0.68,297147000.0,439925000.0,0.14,439925000.0,297147000.0,269829000.0,1.53,1.53,1.53,1364225000.0,1308923500.0,1364225000.0,3571158770.0,12.0,8.118,91664000.0,0.855,1.0,620462000.0,0.197,711834000.0,27318000.0,2552794000.0,2308327500.0,412401000.0,0.0,0.0,0.0,1583729000.0,432979000.0,1150750000.0,2844004770.0,42157000.0,-229617000.0,0.0,234671000.0,-72768000.0,163337000.0,-361847000.0,0.0,228954000.0,11713000.0,164629000.0,164629000.0,164629000.0,0.0,0.0,0.052,320632000.0,299830000.0,328673000.0,0.444,2.085,17.275,17.346,1098489000.0,0.0,26.54,0.903,0.903,457226000.0,1286610000.0,3149190000.0,3149190000.0,22217000.0,0.061,0.126,0.129,0.094,12084000.0,310768000.0,1.0,107159185.0,107164000.0,,29.387,2260129000.0,0.0,105200000.0,191256000.0,21.09,595957000.0
56,BMS,MRT,2005-03-31,2005-03-31,2005-03-31,2021-09-13,29855000.0,2966078000.0,2558644000.0,1069682000.0,1896396000.0,1.166,12.361,-130713000.0,130707000.0,130707000.0,2375214000.0,169164000.0,2.359,1.222,857861000.0,15982000.0,841879000.0,857861000.0,0.0,136454000.0,0.0,0.021,0.66,297905000.0,434359000.0,0.146,434359000.0,297905000.0,276564000.0,1.58,1.57,1.58,1322847000.0,1269692750.0,1322847000.0,3777133936.0,13.0,8.696,108604000.0,1.015,1.0,607012000.0,0.204,693395000.0,21341000.0,2546471000.0,2174880250.0,450501000.0,0.0,0.0,0.0,1616851000.0,453366000.0,1163485000.0,3331403936.0,60590000.0,-253144000.0,0.0,262115000.0,-70588000.0,192961000.0,-378797000.0,0.0,239317000.0,7109000.0,169164000.0,169164000.0,169164000.0,0.0,0.0,0.057,307363000.0,299649000.0,329403000.0,0.418,2.518,19.693,19.696,1084987000.0,0.0,31.12,1.117,1.117,453398000.0,1264665000.0,2982226000.0,2982226000.0,21926000.0,0.066,0.133,0.137,0.1,12213000.0,301215000.0,1.0,107050255.0,107020000.0,,27.866,2272683000.0,0.0,107400000.0,228886000.0,21.236,616316000.0
57,BMS,MRT,2004-12-31,2004-12-31,2004-12-31,2021-09-13,31674000.0,2486743000.0,2398191250.0,873767000.0,1612976000.0,1.182,12.23,-121272000.0,93898000.0,93898000.0,2238694000.0,179967000.0,2.329,0.899,539628000.0,5742000.0,533886000.0,539628000.0,0.0,130846000.0,0.0,0.022,0.64,309170000.0,440016000.0,0.155,440016000.0,309170000.0,293667000.0,1.68,1.67,1.68,1307866000.0,1235319250.0,1307866000.0,3607358168.0,12.0,8.198,150273000.0,1.405,1.0,595700000.0,0.21,507577000.0,15503000.0,2049753000.0,2043111750.0,387414000.0,0.0,0.0,0.0,1175904000.0,375143000.0,800761000.0,3110849168.0,17422000.0,-37798000.0,0.0,-43081000.0,-68423000.0,-111093000.0,-150879000.0,0.0,271545000.0,7849000.0,179967000.0,179967000.0,179967000.0,0.0,0.0,0.063,286041000.0,309659000.0,277989000.0,0.381,2.379,17.286,17.315,938574000.0,0.0,29.09,1.098,1.098,356944000.0,1251695000.0,2834394000.0,2834394000.0,21138000.0,0.075,0.146,0.151,0.109,11908000.0,284991000.0,1.0,106938782.0,106938782.0,,26.505,1979166000.0,0.0,113700000.0,187033000.0,18.507,498624000.0
58,BMS,MRT,2004-09-30,2004-09-30,2004-09-30,2021-09-13,-5153000.0,2413969000.0,2349738500.0,818123000.0,1595846000.0,1.18,11.603,-129376000.0,88855000.0,88855000.0,2193524000.0,170791000.0,2.568,0.943,585364000.0,5411000.0,579953000.0,585364000.0,0.0,130406000.0,0.0,0.023,0.62,291799000.0,422205000.0,0.152,422205000.0,291799000.0,278491000.0,1.6,1.59,1.6,1240756000.0,1193036000.0,1240756000.0,3332543406.0,11.0,7.893,166734000.0,1.559,1.0,579610000.0,0.209,507640000.0,13308000.0,2084292000.0,2022934000.0,345314000.0,0.0,0.0,0.0,1170390000.0,318546000.0,851844000.0,2842369406.0,2250000.0,-49108000.0,0.0,-59640000.0,-66181000.0,-125289000.0,-175353000.0,0.0,296110000.0,6782000.0,170791000.0,170791000.0,170791000.0,0.0,0.0,0.062,287258000.0,292352000.0,237003000.0,0.388,2.291,16.642,16.613,930808000.0,0.0,26.58,1.025,1.025,345014000.0,1221468000.0,2773134000.0,2773134000.0,21274000.0,0.073,0.143,0.144,0.105,11256000.0,274991000.0,1.0,106936396.0,106934000.0,,25.933,1906329000.0,0.0,107700000.0,181933000.0,17.827,499577000.0
59,BMS,MRT,2004-06-30,2004-06-30,2004-06-30,2021-09-13,-11681000.0,2367786000.0,2310095750.0,804855000.0,1562931000.0,1.179,11.294,-128286000.0,77994000.0,77994000.0,2158799000.0,161676000.0,2.439,0.959,568168000.0,6424000.0,561744000.0,568168000.0,0.0,130077000.0,0.0,0.021,0.6,275904000.0,405981000.0,0.149,405981000.0,275904000.0,263476000.0,1.52,1.5,1.52,1207302000.0,1148475750.0,1207302000.0,3531214091.0,13.0,8.698,198244000.0,1.855,1.0,564456000.0,0.207,509008000.0,12428000.0,2019005000.0,1993965750.0,337844000.0,0.0,0.0,0.0,1157750000.0,329947000.0,827803000.0,3020615091.0,-7562000.0,-49766000.0,0.0,-99982000.0,-63945000.0,-163515000.0,-174921000.0,0.0,326530000.0,4344000.0,161676000.0,161676000.0,161676000.0,0.0,0.0,0.059,287871000.0,276585000.0,239451000.0,0.395,2.502,18.683,18.586,931763000.0,0.0,28.25,1.109,1.109,353551000.0,1194749000.0,2723255000.0,2723255000.0,21107000.0,0.07,0.141,0.138,0.101,11939000.0,268257000.0,1.0,106924428.0,106893000.0,,25.476,1858778000.0,0.0,101800000.0,176500000.0,17.389,474908000.0
60,BMS,MRT,2004-03-31,2004-03-31,2004-03-31,2021-09-13,-4085000.0,2324267000.0,2300344000.0,763244000.0,1561023000.0,1.165,11.099,-113755000.0,70117000.0,70117000.0,2134257000.0,154698000.0,2.487,0.958,580716000.0,6257000.0,574459000.0,580716000.0,0.0,129487000.0,0.0,0.022,0.58,263836000.0,393323000.0,0.147,393323000.0,263836000.0,252098000.0,1.46,1.44,1.46,1185353000.0,1109294500.0,1185353000.0,3290680728.0,12.0,8.366,205877000.0,1.928,1.0,546239000.0,0.204,508586000.0,11738000.0,2019397000.0,2009456750.0,321645000.0,0.0,0.0,0.0,1136056000.0,306883000.0,829173000.0,2777242728.0,-65000.0,-18910000.0,0.0,-138923000.0,-61703000.0,-200103000.0,-129534000.0,0.0,319632000.0,9940000.0,154698000.0,154698000.0,154698000.0,0.0,0.0,0.058,281665000.0,264574000.0,211954000.0,0.397,2.343,17.953,17.808,911311000.0,0.0,26.0,1.036,1.036,333872000.0,1166089000.0,2680496000.0,2680496000.0,21458000.0,0.067,0.139,0.131,0.098,11013000.0,260840000.0,1.0,106817028.0,106799000.0,,25.099,1815681000.0,0.0,97400000.0,183046000.0,17.001,456361000.0
61,BMS,MRT,2003-12-31,2003-12-31,2003-12-31,2021-09-13,-12188000.0,2292932000.0,2292912500.0,751906000.0,1541026000.0,1.149,10.719,-106168000.0,76476000.0,76476000.0,2101537000.0,147145000.0,2.383,1.009,589914000.0,6515000.0,583399000.0,589914000.0,0.0,128189000.0,0.0,0.022,0.56,251809000.0,379998000.0,0.144,379998000.0,251809000.0,239245000.0,1.39,1.37,1.39,1138733000.0,1063101500.0,1138733000.0,3224954150.0,13.0,8.487,204963000.0,1.929,1.0,533481000.0,0.202,521742000.0,12564000.0,1969042000.0,2032128750.0,305182000.0,0.0,0.0,0.0,1148802000.0,315586000.0,833216000.0,2655991150.0,20075000.0,-12495000.0,0.0,-124921000.0,-59469000.0,-184058000.0,-118663000.0,0.0,311131000.0,11665000.0,147145000.0,147145000.0,147145000.0,0.0,0.0,0.056,280802000.0,252679000.0,222774000.0,0.403,2.332,18.05,17.986,915275000.0,0.0,25.0,1.008,1.008,333743000.0,1140151000.0,2635018000.0,2635018000.0,21454000.0,0.064,0.138,0.124,0.096,10666000.0,256689000.0,1.0,106239646.0,106239646.0,,24.803,1771190000.0,0.0,92100000.0,157816000.0,16.672,436320000.0
62,BMS,MRT,2003-09-30,2003-09-30,2003-09-30,2021-09-13,-64822000.0,2255398000.0,2283842000.0,768055000.0,1487343000.0,1.139,10.002,-107015000.0,86605000.0,86605000.0,2065808000.0,152260000.0,2.31,1.118,655568000.0,6805000.0,648763000.0,655568000.0,0.0,128281000.0,0.0,0.025,0.55,260674000.0,388955000.0,0.15,388955000.0,260674000.0,247060000.0,1.435,1.41,1.435,1062515000.0,1018161750.0,1062515000.0,2959061312.0,11.0,7.608,187144000.0,1.762,1.0,535467000.0,0.206,523466000.0,13614000.0,1968419000.0,2058297750.0,324308000.0,0.0,0.0,0.0,1187637000.0,332476000.0,855161000.0,2352895312.0,27135000.0,-68908000.0,0.0,-37927000.0,-58383000.0,-96070000.0,-175923000.0,0.0,294159000.0,4969000.0,152260000.0,152260000.0,152260000.0,0.0,0.0,0.059,273926000.0,261541000.0,237333000.0,0.383,2.214,15.453,15.436,899498000.0,0.0,22.15,0.905,0.905,319793000.0,1116858000.0,2601275000.0,2601275000.0,20662000.0,0.067,0.15,0.127,0.1,12024000.0,252535000.0,1.0,106225522.0,106226000.0,,24.488,1731932000.0,0.0,94800000.0,140076000.0,16.304,435579000.0
63,BMS,MRT,2003-06-30,2003-06-30,2003-06-30,2021-09-13,-56920000.0,2328779000.0,2260288750.0,788766000.0,1540013000.0,1.124,9.891,-104949000.0,85556000.0,85556000.0,2004219000.0,160896000.0,2.398,1.212,691722000.0,7622000.0,684100000.0,691722000.0,0.0,126189000.0,0.0,0.023,0.54,274656000.0,400845000.0,0.158,400845000.0,274656000.0,260396000.0,1.515,1.495,1.515,1050577000.0,994951000.0,1050577000.0,3137259368.0,11.0,7.827,186831000.0,1.759,1.0,536092000.0,0.211,525053000.0,14260000.0,2080969000.0,2067901000.0,325114000.0,0.0,0.0,0.0,1272983000.0,328923000.0,944060000.0,2485113368.0,36871000.0,-210830000.0,0.0,110308000.0,-57275000.0,53246000.0,-315779000.0,0.0,291780000.0,7624000.0,160896000.0,160896000.0,160896000.0,0.0,0.0,0.063,260547000.0,275545000.0,233352000.0,0.356,2.365,15.445,15.446,907415000.0,0.0,23.4,0.978,0.978,340240000.0,1097018000.0,2540311000.0,2540311000.0,20232000.0,0.071,0.162,0.133,0.108,13595000.0,244121000.0,1.0,106201426.0,106212000.0,,23.917,1803726000.0,0.0,99500000.0,135402000.0,16.982,459843000.0
64,BMS,MRT,2003-03-31,2003-03-31,2003-03-31,2021-09-13,-82675000.0,2294541000.0,2174304000.0,761654000.0,1532887000.0,1.129,9.298,-101538000.0,70182000.0,70182000.0,1915021000.0,166096000.0,2.432,1.289,722328000.0,4493000.0,717835000.0,722328000.0,0.0,123022000.0,0.0,0.025,0.53,282695000.0,405717000.0,0.165,405717000.0,282695000.0,267896000.0,1.56,1.545,1.56,1000581000.0,968253250.0,1000581000.0,2900521989.0,10.0,7.149,176113000.0,1.637,1.0,539899000.0,0.22,523392000.0,14799000.0,2110085000.0,1995689250.0,330988000.0,0.0,0.0,0.0,1289405000.0,313210000.0,976195000.0,2233415989.0,31862000.0,-210268000.0,0.0,117922000.0,-56150000.0,61874000.0,-311806000.0,0.0,277651000.0,4143000.0,166096000.0,166096000.0,166096000.0,0.0,0.0,0.068,256239000.0,283660000.0,226109000.0,0.34,2.232,13.447,13.481,909641000.0,0.0,21.03,0.91,0.922,322121000.0,1073094000.0,2454920000.0,2454920000.0,18910000.0,0.076,0.172,0.142,0.115,14942000.0,240070000.0,1.0,106201426.0,107614000.0,,22.812,1771149000.0,0.0,101800000.0,139061000.0,16.458,448444000.0
65,BMS,MRT,2002-12-31,2002-12-31,2002-12-31,2021-09-13,-97497000.0,2256650000.0,2084361500.0,721655000.0,1534995000.0,1.137,9.057,-90588000.0,56401000.0,56401000.0,1840115000.0,165515000.0,2.215,1.349,723507000.0,5230000.0,718277000.0,723507000.0,0.0,119231000.0,0.0,0.021,0.52,282460000.0,401691000.0,0.17,401691000.0,282460000.0,267015000.0,1.56,1.54,1.56,958974000.0,944926500.0,958974000.0,3262678224.0,12.0,8.122,196142000.0,1.852,1.0,528923000.0,0.223,524185000.0,15445000.0,2073718000.0,1917035750.0,308344000.0,0.0,0.0,0.0,1293236000.0,325853000.0,967383000.0,2627496224.0,21300000.0,-209583000.0,0.0,87967000.0,-55059000.0,32908000.0,-300171000.0,0.0,286730000.0,1833000.0,165515000.0,165515000.0,165515000.0,0.0,0.0,0.07,245565000.0,283358000.0,230468000.0,0.333,2.74,15.875,15.907,909953000.0,0.0,24.815,1.109,1.109,321790000.0,1052475000.0,2369038000.0,2369038000.0,17446000.0,0.079,0.175,0.147,0.119,15210000.0,229325000.0,1.0,105883386.0,105883386.0,,22.374,1732465000.0,0.0,101500000.0,114298000.0,16.362,395802000.0
66,BMS,MRT,2002-09-30,2002-09-30,2002-09-30,2021-09-13,-57265000.0,2161185000.0,2000942500.0,679342000.0,1481843000.0,1.148,9.02,-85089000.0,59470000.0,59470000.0,1783916000.0,161322000.0,2.42,1.224,694652000.0,2285000.0,692367000.0,694652000.0,0.0,118051000.0,0.0,0.021,0.515,276496000.0,394547000.0,0.172,394547000.0,276496000.0,260422000.0,1.525,1.505,1.525,969672000.0,926720000.0,969672000.0,3118319634.0,11.0,7.904,215023000.0,2.0,1.0,513124000.0,0.223,508791000.0,16074000.0,2006832000.0,1856482000.0,288026000.0,0.0,0.0,0.0,1187300000.0,280744000.0,906556000.0,2615319634.0,25260000.0,-141401000.0,0.0,4401000.0,-54470000.0,-49409000.0,-226490000.0,0.0,300112000.0,1047000.0,161322000.0,161322000.0,161322000.0,0.0,0.0,0.07,235764000.0,277360000.0,201318000.0,0.338,2.697,16.212,16.197,873703000.0,0.0,24.7,1.139,1.156,294901000.0,1022979000.0,2297040000.0,2297040000.0,15171000.0,0.081,0.174,0.149,0.12,21298000.0,220645000.0,1.0,105883386.0,107498000.0,,21.368,1652394000.0,0.0,99100000.0,151200000.0,15.371,398598000.0
67,BMS,MRT,2002-06-30,2002-06-30,2002-06-30,2021-09-13,-53569000.0,1984840000.0,1954976000.0,660240000.0,1324600000.0,1.162,8.913,-89181000.0,48685000.0,48685000.0,1773176000.0,154035000.0,2.376,1.098,551685000.0,2435000.0,549250000.0,551685000.0,0.0,119430000.0,0.0,0.021,0.51,268399000.0,387829000.0,0.171,387829000.0,268399000.0,249135000.0,1.455,1.44,1.455,943786000.0,898282000.0,943786000.0,3041813418.0,11.0,7.843,216845000.0,2.048,1.0,498415000.0,0.219,417859000.0,19264000.0,1792122000.0,1819744250.0,285206000.0,0.0,0.0,0.0,1036450000.0,277859000.0,758591000.0,2514730418.0,13793000.0,-71488000.0,-1226000.0,-79219000.0,-53915000.0,-132273000.0,-160669000.0,0.0,306026000.0,709000.0,154035000.0,154035000.0,154035000.0,0.0,0.0,0.068,229285000.0,269130000.0,209517000.0,0.351,2.665,16.326,16.323,830552000.0,0.0,23.75,1.107,1.107,290823000.0,993397000.0,2271591000.0,2271591000.0,13441000.0,0.079,0.171,0.147,0.118,17724000.0,213643000.0,1.0,105883386.0,105884000.0,,21.454,1566981000.0,0.0,95100000.0,146715000.0,14.799,382381000.0
68,BMS,MRT,2002-03-31,2002-03-31,2002-03-31,2021-09-13,-59007000.0,1934771000.0,1930351500.0,610480000.0,1324291000.0,1.175,8.463,-100735000.0,38320000.0,38320000.0,1787687000.0,145531000.0,2.487,1.127,565403000.0,5540000.0,559863000.0,565403000.0,0.0,121606000.0,0.0,0.019,0.505,259265000.0,380871000.0,0.168,380871000.0,259265000.0,235531000.0,1.375,1.365,1.375,907274000.0,870619500.0,907274000.0,3443192015.0,13.0,9.04,213382000.0,1.99,1.0,480699000.0,0.212,420888000.0,23734000.0,1795471000.0,1775531500.0,263757000.0,0.0,0.0,0.0,1022511000.0,245495000.0,777016000.0,2877381015.0,3157000.0,-71920000.0,-1226000.0,-85673000.0,-53373000.0,-138665000.0,-172627000.0,0.0,314117000.0,332000.0,145531000.0,145531000.0,145531000.0,0.0,0.0,0.064,220839000.0,259860000.0,177125000.0,0.367,3.171,19.772,19.764,837841000.0,0.0,27.175,1.268,1.284,273273000.0,963148000.0,2268386000.0,2268386000.0,11421000.0,0.075,0.167,0.146,0.114,14150000.0,206149000.0,1.0,105883386.0,107206000.0,,21.159,1513883000.0,0.0,90000000.0,154127000.0,14.121,364985000.0
69,BMS,MRT,2001-12-31,2001-12-31,2001-12-31,2021-09-13,-56659000.0,1922974000.0,1925614500.0,586897000.0,1336077000.0,1.191,8.392,-116614000.0,35101000.0,35101000.0,1815442000.0,140325000.0,2.464,1.168,600912000.0,5663000.0,595249000.0,600912000.0,0.0,124147000.0,0.0,0.02,0.5,257768000.0,381915000.0,0.167,381915000.0,257768000.0,227425000.0,1.33,1.32,1.33,886148000.0,848951250.0,886148000.0,3231134936.0,13.0,8.46,201325000.0,1.907,1.0,477662000.0,0.208,419100000.0,30343000.0,1831503000.0,1735887250.0,259755000.0,0.0,0.0,0.0,1034698000.0,238182000.0,796516000.0,2596485936.0,6191000.0,-72155000.0,-1226000.0,-70318000.0,-52812000.0,-123669000.0,-188769000.0,0.0,317939000.0,690000.0,140325000.0,140325000.0,140325000.0,0.0,0.0,0.061,219340000.0,258322000.0,173766000.0,0.376,2.93,18.503,18.489,852720000.0,0.0,24.59,1.132,1.132,258397000.0,942019000.0,2293104000.0,2293104000.0,10313000.0,0.073,0.165,0.148,0.112,11332000.0,207158000.0,1.0,105591132.0,105591132.0,,21.717,1503874000.0,0.0,87100000.0,126130000.0,14.242,348715000.0
70,BMS,MRT,2001-09-30,2001-09-30,2001-09-30,2021-09-13,-58346000.0,1977319000.0,1917031750.0,643257000.0,1334062000.0,1.203,8.044,-115524000.0,34210000.0,34210000.0,1832478000.0,134681000.0,2.328,1.308,668859000.0,5473000.0,663386000.0,668859000.0,0.0,122919000.0,0.0,0.025,0.495,256148000.0,379067000.0,0.164,379067000.0,256148000.0,218881000.0,1.275,1.27,1.275,855920000.0,827103500.0,855920000.0,2691296805.0,11.0,7.1,164185000.0,1.543,1.0,473911000.0,0.205,475826000.0,37267000.0,1859881000.0,1688908750.0,276834000.0,0.0,0.0,0.0,1119422000.0,276261000.0,843161000.0,2105098805.0,6703000.0,-73586000.0,-18913000.0,-13789000.0,-52395000.0,-84205000.0,-190228000.0,0.0,279709000.0,1427000.0,134681000.0,134681000.0,134681000.0,0.0,0.0,0.058,217215000.0,256696000.0,194237000.0,0.388,2.459,15.63,15.627,858236000.0,0.0,19.925,0.913,0.919,301430000.0,916129000.0,2306389000.0,2306389000.0,10912000.0,0.07,0.163,0.152,0.111,6898000.0,204001000.0,1.0,105651132.0,106406000.0,,21.675,1501493000.0,0.0,84200000.0,153867000.0,14.111,366996000.0
71,BMS,MRT,2001-06-30,2001-06-30,2001-06-30,2021-09-13,-59504000.0,1886342000.0,1892518750.0,643474000.0,1242868000.0,1.201,7.888,-106761000.0,34892000.0,34892000.0,1808382000.0,130785000.0,1.447,1.262,621090000.0,181957000.0,439133000.0,621090000.0,0.0,118861000.0,0.0,0.024,0.49,250713000.0,369574000.0,0.163,369574000.0,250713000.0,212285000.0,1.24,1.23,1.24,833136000.0,813819750.0,833136000.0,2742962734.0,11.0,7.422,161689000.0,1.531,1.0,465217000.0,0.205,412654000.0,38428000.0,1615271000.0,1662175250.0,284427000.0,0.0,0.0,0.0,1051373000.0,444615000.0,606758000.0,2121196734.0,6180000.0,-292403000.0,-17687000.0,207373000.0,-51939000.0,137188000.0,-400256000.0,0.0,268450000.0,798000.0,130785000.0,130785000.0,130785000.0,0.0,0.0,0.058,213991000.0,251226000.0,205693000.0,0.395,2.546,16.219,16.198,830214000.0,0.0,20.085,0.933,0.933,293165000.0,893277000.0,2273599000.0,2273599000.0,10244000.0,0.069,0.161,0.151,0.11,6898000.0,202545000.0,1.0,105610990.0,105624000.0,,21.525,1473688000.0,0.0,81500000.0,128911000.0,13.952,198859000.0
72,BMS,MRT,2001-03-31,2001-03-31,2001-03-31,2021-09-13,-49717000.0,1915823000.0,1818099500.0,665062000.0,1250761000.0,1.226,7.748,-102025000.0,35163000.0,35163000.0,1772404000.0,130646000.0,1.379,1.333,656929000.0,207048000.0,449881000.0,656929000.0,0.0,113675000.0,0.0,0.029,0.485,248513000.0,362188000.0,0.162,362188000.0,248513000.0,211946000.0,1.24,1.225,1.24,820601000.0,802605750.0,820601000.0,2391187830.0,10.0,6.602,121937000.0,1.151,1.0,456958000.0,0.205,418365000.0,36567000.0,1636894000.0,1647522000.0,297128000.0,0.0,0.0,0.0,1093604000.0,482330000.0,611274000.0,1747333830.0,14651000.0,-291920000.0,-17687000.0,257076000.0,-51491000.0,186971000.0,-395056000.0,0.0,223962000.0,-1226000.0,130646000.0,130646000.0,130646000.0,0.0,0.0,0.059,207896000.0,249062000.0,223556000.0,0.391,2.129,13.375,13.343,832396000.0,0.0,16.545,0.784,0.786,300921000.0,870990000.0,2229362000.0,2229362000.0,9988000.0,0.072,0.163,0.151,0.111,7266000.0,197515000.0,1.0,105610990.0,105918000.0,,21.048,1497458000.0,0.0,81300000.0,126312000.0,14.138,182732000.0
73,BMS,MRT,2000-12-31,2000-12-31,2000-12-31,2021-09-13,-49855000.0,1888643000.0,1732344750.0,639959000.0,1248684000.0,1.25,7.516,-98477000.0,28910000.0,28910000.0,1717259000.0,130602000.0,1.293,1.363,672764000.0,234812000.0,437952000.0,672764000.0,0.0,108130000.0,0.0,0.029,0.48,243111000.0,351241000.0,0.162,351241000.0,243111000.0,211502000.0,1.23,1.22,1.23,798757000.0,790051500.0,798757000.0,2427993326.0,10.0,6.913,108981000.0,1.025,1.0,447324000.0,0.207,393811000.0,31609000.0,1643589000.0,1616727500.0,274323000.0,0.0,0.0,0.0,1088316000.0,495097000.0,593219000.0,1783298326.0,10723000.0,-295075000.0,-42752000.0,294184000.0,-51158000.0,200274000.0,-394634000.0,0.0,207458000.0,-2375000.0,130602000.0,130602000.0,130602000.0,0.0,0.0,0.06,203717000.0,243607000.0,207115000.0,0.39,2.233,13.654,13.642,825754000.0,0.0,16.78,0.824,0.824,301974000.0,854506000.0,2164583000.0,2164583000.0,10080000.0,0.075,0.165,0.15,0.112,6339000.0,192275000.0,1.0,106275228.0,106275228.0,,20.368,1494832000.0,0.0,80900000.0,113130000.0,14.066,144862000.0
74,BMS,MRT,2000-09-30,2000-09-30,2000-09-30,2021-09-13,-42693000.0,1879267000.0,1643219750.0,648133000.0,1231134000.0,1.297,7.483,-115649000.0,27507000.0,27507000.0,1687830000.0,130452000.0,1.501,1.339,672202000.0,171380000.0,500822000.0,672202000.0,0.0,102420000.0,0.0,0.03,0.475,236394000.0,338814000.0,0.159,338814000.0,236394000.0,210552000.0,1.23,1.22,1.23,802785000.0,771836000.0,802785000.0,2093096925.0,9.0,6.178,83337000.0,0.777,1.0,443442000.0,0.208,339131000.0,25842000.0,1752947000.0,1572686250.0,293197000.0,0.0,0.0,0.0,1075045000.0,431884000.0,643161000.0,1707440925.0,2511000.0,-294103000.0,-29155000.0,299116000.0,-50408000.0,217651000.0,-409704000.0,0.0,198986000.0,-4422000.0,130452000.0,130452000.0,130452000.0,0.0,0.0,0.061,205345000.0,238097000.0,202075000.0,0.386,2.127,13.089,13.061,862003000.0,0.0,16.065,0.801,0.809,287727000.0,833792000.0,2131272000.0,2131272000.0,10265000.0,0.079,0.169,0.15,0.111,1801000.0,193366000.0,1.0,106283282.0,107286000.0,,19.865,1540136000.0,0.0,80100000.0,111390000.0,14.355,216249000.0
75,BMS,MRT,2000-06-30,2000-06-30,2000-06-30,2021-09-13,-37786000.0,1588665000.0,1556432250.0,626209000.0,962456000.0,1.337,7.417,-129449000.0,28712000.0,28712000.0,1640182000.0,129439000.0,2.503,1.014,414368000.0,4607000.0,409761000.0,414368000.0,0.0,99757000.0,0.0,0.028,0.47,231521000.0,331278000.0,0.159,331278000.0,231521000.0,208539000.0,1.225,1.215,1.225,788280000.0,749426250.0,788280000.0,2167722498.0,9.0,6.544,57481000.0,0.541,1.0,440528000.0,0.212,167461000.0,22982000.0,1556658000.0,1499876250.0,280655000.0,0.0,0.0,0.0,799136000.0,250202000.0,548934000.0,1787585498.0,9218000.0,-3277000.0,-29155000.0,39273000.0,-49687000.0,-41420000.0,-132671000.0,0.0,186930000.0,-3621000.0,129439000.0,129439000.0,129439000.0,0.0,0.0,0.062,206509000.0,234019000.0,190986000.0,0.384,2.268,13.81,13.731,773604000.0,0.0,16.82,0.859,0.859,281352000.0,814380000.0,2080710000.0,2080710000.0,10552000.0,0.083,0.173,0.154,0.111,1801000.0,193663000.0,1.0,106277378.0,106278000.0,,19.578,1421204000.0,0.0,79100000.0,109524000.0,13.373,376007000.0
76,BMS,MRT,2000-03-31,2000-03-31,2000-03-31,2021-09-13,-32913000.0,1572804000.0,1534074000.0,604711000.0,968093000.0,1.32,7.203,-133106000.0,20512000.0,20512000.0,1589871000.0,125680000.0,2.238,1.04,400649000.0,5424000.0,395225000.0,400649000.0,0.0,98506000.0,0.0,0.025,0.465,224577000.0,323083000.0,0.16,323083000.0,224577000.0,202780000.0,1.19,1.185,1.19,770384000.0,725946750.0,770384000.0,2319195935.0,10.0,7.178,67344000.0,0.63,1.0,434766000.0,0.215,169047000.0,21797000.0,1513716000.0,1472466250.0,288048000.0,0.0,0.0,0.0,801256000.0,270178000.0,531078000.0,1958325935.0,-5346000.0,-3355000.0,-29198000.0,12954000.0,-48964000.0,-66211000.0,-136396000.0,0.0,200450000.0,-3189000.0,125680000.0,125680000.0,125680000.0,0.0,0.0,0.062,206872000.0,227894000.0,201423000.0,0.391,2.542,15.582,15.496,776692000.0,0.0,18.44,0.967,0.974,260660000.0,791784000.0,2024637000.0,2024637000.0,11757000.0,0.082,0.173,0.153,0.111,953000.0,193798000.0,1.0,106199888.0,106950000.0,,18.931,1403757000.0,0.0,77100000.0,122219000.0,13.125,334533000.0
77,BMS,MRT,1999-12-31,1999-12-31,1999-12-31,2021-09-13,-30644000.0,1532143000.0,1502947250.0,583581000.0,948562000.0,1.306,6.938,-135181000.0,18187000.0,18187000.0,1538957000.0,114775000.0,2.304,1.056,379057000.0,6790000.0,372267000.0,379057000.0,0.0,97717000.0,0.0,0.026,0.46,207093000.0,304810000.0,0.155,304810000.0,207093000.0,185875000.0,1.095,1.09,1.095,725895000.0,699000750.0,725895000.0,2173380811.0,10.0,7.13,50918000.0,0.487,1.0,423671000.0,0.216,172321000.0,21218000.0,1467424000.0,1448539250.0,274597000.0,0.0,0.0,0.0,766750000.0,253268000.0,513482000.0,1824576811.0,-5551000.0,-1424000.0,-4133000.0,1549000.0,-48126000.0,-51667000.0,-136544000.0,0.0,186099000.0,-3439000.0,114775000.0,114775000.0,114775000.0,0.0,0.0,0.058,212354000.0,211317000.0,189749000.0,0.42,2.514,15.897,15.927,776241000.0,0.0,17.44,0.93,0.93,257260000.0,775011000.0,1962628000.0,1962628000.0,11684000.0,0.076,0.164,0.143,0.106,960000.0,193793000.0,1.0,104620230.0,104620230.0,,18.76,1359822000.0,0.0,71100000.0,106503000.0,12.998,330313000.0
78,BMS,MRT,1999-09-30,1999-09-30,1999-09-30,2021-09-13,-26220000.0,1532117000.0,1490418000.0,596938000.0,935179000.0,1.292,6.756,-135674000.0,24996000.0,24996000.0,1514850000.0,107021000.0,2.244,1.094,373800000.0,6993000.0,366807000.0,373800000.0,0.0,95902000.0,0.0,0.027,0.455,194613000.0,290515000.0,0.151,290515000.0,194613000.0,173421000.0,1.025,1.02,1.025,713146000.0,689490500.0,713146000.0,2128136696.0,11.0,7.325,84357000.0,0.799,1.0,411016000.0,0.213,153173000.0,21192000.0,1461707000.0,1439112750.0,279447000.0,0.0,0.0,0.0,780201000.0,266041000.0,514160000.0,1772266696.0,1435000.0,-5311000.0,-5694000.0,-9770000.0,-47616000.0,-76727000.0,-140925000.0,0.0,220031000.0,-944000.0,107021000.0,107021000.0,107021000.0,0.0,0.0,0.056,211446000.0,199570000.0,208564000.0,0.444,2.485,16.56,16.527,758269000.0,0.0,16.94,0.92,0.928,256077000.0,753748000.0,1925866000.0,1925866000.0,12026000.0,0.072,0.155,0.135,0.101,6612000.0,193003000.0,1.0,104620230.0,105556000.0,,18.245,1378944000.0,0.0,66400000.0,107172000.0,13.064,330897000.0
79,BMS,MRT,1999-06-30,1999-06-30,1999-06-30,2021-09-13,-25884000.0,1499232000.0,1461713000.0,580574000.0,918658000.0,1.299,6.598,-119806000.0,19494000.0,19494000.0,1494402000.0,103110000.0,2.292,1.105,375364000.0,6198000.0,369166000.0,375364000.0,0.0,93746000.0,0.0,0.023,0.45,189651000.0,283397000.0,0.149,283397000.0,189651000.0,168310000.0,0.98,0.98,0.98,694362000.0,674887250.0,694362000.0,2441458732.0,13.0,8.615,105430000.0,1.002,1.0,404743000.0,0.213,154740000.0,21341000.0,1447018000.0,1420847000.0,267329000.0,0.0,0.0,0.0,767288000.0,253344000.0,513944000.0,2079374732.0,4733000.0,-5311000.0,-41387000.0,7392000.0,-47278000.0,-94920000.0,-125092000.0,0.0,225236000.0,-491000.0,103110000.0,103110000.0,103110000.0,0.0,0.0,0.054,209739000.0,195004000.0,195554000.0,0.459,2.995,20.167,20.281,744282000.0,0.0,19.875,1.095,1.101,258905000.0,734628000.0,1899145000.0,1899145000.0,12359000.0,0.071,0.153,0.133,0.1,6612000.0,191741000.0,1.0,104622628.0,105232000.0,,18.047,1344492000.0,0.0,65200000.0,108262000.0,12.776,327230000.0
80,BMS,MRT,1999-03-31,1999-03-31,1999-03-31,2021-09-13,-20838000.0,1448297000.0,1444585500.0,529270000.0,919027000.0,1.307,6.334,-120724000.0,25858000.0,25858000.0,1490895000.0,99158000.0,2.273,1.131,387942000.0,5727000.0,382215000.0,387942000.0,0.0,91620000.0,0.0,0.029,0.445,183928000.0,275548000.0,0.146,275548000.0,183928000.0,162158000.0,0.94,0.935,0.94,662600000.0,669759250.0,662600000.0,1978913413.0,11.0,7.182,117900000.0,1.127,1.0,397586000.0,0.211,159567000.0,21770000.0,1418008000.0,1403828500.0,222305000.0,0.0,0.0,0.0,749141000.0,232806000.0,516335000.0,1624789413.0,2454000.0,-12762000.0,-41344000.0,-898000.0,-46989000.0,-102878000.0,-133482000.0,0.0,238624000.0,190000.0,99158000.0,99158000.0,99158000.0,0.0,0.0,0.053,208195000.0,189391000.0,180339000.0,0.473,2.452,16.386,16.521,743141000.0,0.0,15.53,0.86,0.86,245163000.0,697777000.0,1888481000.0,1888481000.0,11819000.0,0.069,0.148,0.131,0.097,6612000.0,190062000.0,1.0,104622628.0,104606000.0,,18.053,1288730000.0,0.0,63000000.0,97884000.0,12.32,296464000.0
81,BMS,MRT,1998-12-31,1998-12-31,1998-12-31,2021-09-13,-6116000.0,1482026000.0,1438133500.0,546911000.0,935115000.0,1.314,6.568,-135840000.0,23738000.0,23738000.0,1499576000.0,101130000.0,2.227,1.1,377862000.0,6499000.0,371363000.0,377862000.0,0.0,88910000.0,0.0,0.023,0.44,186896000.0,275806000.0,0.146,275806000.0,186896000.0,165030000.0,0.955,0.95,0.955,687854000.0,667986500.0,687854000.0,2346896168.0,13.0,8.509,98800000.0,0.943,1.0,389789000.0,0.206,160819000.0,21866000.0,1429718000.0,1399327500.0,241585000.0,0.0,0.0,0.0,756310000.0,245613000.0,510697000.0,1986709168.0,9911000.0,-50206000.0,-41344000.0,56418000.0,-46701000.0,-39774000.0,-186035000.0,0.0,234640000.0,1080000.0,101130000.0,101130000.0,101130000.0,0.0,0.0,0.054,198397000.0,191392000.0,193088000.0,0.461,2.888,19.645,19.864,740101000.0,0.0,18.97,1.052,1.052,246676000.0,708362000.0,1889365000.0,1889365000.0,12224000.0,0.07,0.151,0.134,0.099,6612000.0,185841000.0,1.0,104729002.0,104729002.0,,18.041,1321207000.0,0.0,63900000.0,99076000.0,12.615,301298000.0
82,BMS,MRT,1998-09-30,1998-09-30,1998-09-30,2021-09-13,-7794000.0,1417297000.0,1408268750.0,500941000.0,916356000.0,1.308,6.142,-142762000.0,23561000.0,23561000.0,1449743000.0,104969000.0,2.217,1.112,383748000.0,4301000.0,379447000.0,383748000.0,0.0,86419000.0,0.0,0.025,0.43,192721000.0,279140000.0,0.152,279140000.0,192721000.0,171669000.0,0.985,0.975,0.985,654733000.0,655994250.0,654733000.0,2224878835.0,12.0,7.97,27761000.0,0.26,1.0,392737000.0,0.213,162865000.0,21052000.0,1388644000.0,1358895500.0,206777000.0,0.0,0.0,0.0,727866000.0,225975000.0,501891000.0,1871502835.0,4254000.0,-37319000.0,-37014000.0,90517000.0,-45775000.0,13280000.0,-180078000.0,0.0,170523000.0,529000.0,104969000.0,104969000.0,104969000.0,0.0,0.0,0.057,194929000.0,197808000.0,165746000.0,0.437,2.858,17.829,17.797,716013000.0,0.0,17.53,1.016,1.014,231842000.0,671268000.0,1842480000.0,1842480000.0,11774000.0,0.075,0.16,0.142,0.105,0.0,182426000.0,1.0,106760002.0,106606000.0,,17.283,1254432000.0,0.0,66700000.0,90638000.0,11.767,274966000.0
83,BMS,MRT,1998-06-30,1998-06-30,1998-06-30,2021-09-13,-8310000.0,1430722000.0,1383802500.0,509836000.0,920886000.0,1.331,6.273,-165961000.0,14761000.0,14761000.0,1456424000.0,103140000.0,2.143,1.073,368137000.0,3892000.0,364245000.0,368137000.0,0.0,83332000.0,0.0,0.021,0.42,188528000.0,271860000.0,0.148,271860000.0,188528000.0,168040000.0,0.97,0.955,0.97,673850000.0,646644000.0,673850000.0,2547440441.0,14.0,9.37,7211000.0,0.067,1.0,386092000.0,0.21,167191000.0,20488000.0,1378944000.0,1313574250.0,217865000.0,0.0,0.0,0.0,723134000.0,237963000.0,485171000.0,2182174441.0,-1828000.0,-37319000.0,-1321000.0,68772000.0,-44681000.0,28323000.0,-203267000.0,0.0,173172000.0,-56000.0,103140000.0,103140000.0,103140000.0,0.0,0.0,0.056,192936000.0,193156000.0,179748000.0,0.433,3.238,21.157,21.072,715387000.0,0.0,20.44,1.184,1.192,235595000.0,655208000.0,1842516000.0,1842516000.0,11317000.0,0.075,0.16,0.144,0.102,0.0,180890000.0,1.0,106760002.0,107420000.0,,17.152,1263531000.0,0.0,64900000.0,90817000.0,11.763,271873000.0
84,BMS,MRT,1998-03-31,1998-03-31,1998-03-31,2021-09-13,-8211000.0,1422489000.0,1350873000.0,516252000.0,906237000.0,1.372,6.109,-181699000.0,23404000.0,23404000.0,1466088000.0,103494000.0,2.26,1.12,388670000.0,4146000.0,384524000.0,388670000.0,0.0,81304000.0,0.0,0.018,0.41,188309000.0,269613000.0,0.145,269613000.0,188309000.0,168594000.0,0.975,0.96,0.975,655509000.0,629985500.0,655509000.0,2716281445.0,14.0,10.075,3927000.0,0.037,1.0,387167000.0,0.209,159299000.0,19715000.0,1400004000.0,1271419750.0,219737000.0,0.0,0.0,0.0,734370000.0,228452000.0,505918000.0,2409039445.0,5307000.0,-7954000.0,-5051000.0,51347000.0,-43542000.0,8307000.0,-189637000.0,0.0,185626000.0,1011000.0,103494000.0,103494000.0,103494000.0,0.0,0.0,0.056,194025000.0,193142000.0,177768000.0,0.421,3.675,23.277,23.144,707382000.0,0.0,22.565,1.3,1.307,227041000.0,636768000.0,1853255000.0,1853255000.0,11486000.0,0.077,0.164,0.148,0.102,0.0,181830000.0,1.0,106760002.0,107308000.0,,17.27,1263190000.0,0.0,65100000.0,85515000.0,11.772,287800000.0
85,BMS,MRT,1997-12-31,1997-12-31,1997-12-31,2021-09-13,-6263000.0,1362567000.0,1326268500.0,516393000.0,846174000.0,1.415,6.036,-164868000.0,13827000.0,13827000.0,1485494000.0,101424000.0,2.056,1.077,321069000.0,4278000.0,316791000.0,321069000.0,0.0,78856000.0,0.0,0.018,0.4,183817000.0,262673000.0,0.14,262673000.0,183817000.0,164924000.0,0.955,0.94,0.955,639885000.0,614669500.0,639885000.0,2623678623.0,14.0,9.988,-21157000.0,-0.2,1.0,391743000.0,0.209,150632000.0,18893000.0,1267990000.0,1235848750.0,221576000.0,0.0,0.0,0.0,688920000.0,251187000.0,437733000.0,2335299623.0,3604000.0,30039000.0,-5051000.0,44602000.0,-42418000.0,-4651000.0,-134851000.0,0.0,143711000.0,-605000.0,101424000.0,101424000.0,101424000.0,0.0,0.0,0.054,202520000.0,189223000.0,195346000.0,0.419,3.65,23.025,23.068,685227000.0,0.0,22.03,1.244,1.244,233547000.0,626584000.0,1877237000.0,1877237000.0,12012000.0,0.076,0.165,0.149,0.098,0.0,189590000.0,1.0,106005430.0,106005430.0,,17.709,1211935000.0,0.0,63500000.0,80737000.0,11.433,265206000.0
86,BMS,MRT,1997-09-30,1997-09-30,1997-09-30,2021-09-13,-6042000.0,1319432000.0,1277825500.0,501214000.0,818218000.0,1.453,5.719,-150760000.0,19307000.0,19307000.0,1456069000.0,103395000.0,1.996,1.086,307686000.0,4989000.0,302697000.0,307686000.0,0.0,75455000.0,0.0,0.017,0.39,185629000.0,261084000.0,0.141,261084000.0,185629000.0,167995000.0,0.985,0.965,0.985,617332000.0,596472500.0,617332000.0,2669531496.0,14.0,10.225,14743000.0,0.137,1.0,401157000.0,0.216,149350000.0,17634000.0,1207359000.0,1189098250.0,205736000.0,0.0,0.0,0.0,670157000.0,251102000.0,419055000.0,2371871496.0,-2228000.0,9839000.0,-3730000.0,22441000.0,-41248000.0,-24123000.0,-140921000.0,0.0,165503000.0,-2687000.0,103395000.0,103395000.0,103395000.0,0.0,0.0,0.056,205772000.0,195385000.0,193777000.0,0.396,3.842,22.94,22.716,655715000.0,0.0,22.375,1.277,1.301,229518000.0,602489000.0,1857226000.0,1857226000.0,12675000.0,0.081,0.173,0.156,0.1,0.0,198803000.0,1.0,106005430.0,107952000.0,,17.204,1170082000.0,0.0,64600000.0,73170000.0,10.839,250112000.0
87,BMS,MRT,1997-06-30,1997-06-30,1997-06-30,2021-09-13,-1346000.0,1299004000.0,,500130000.0,798874000.0,,5.631,-134597000.0,16589000.0,16589000.0,1414059000.0,102016000.0,2.125,1.088,314249000.0,6174000.0,308075000.0,314249000.0,0.0,72927000.0,0.0,0.018,0.38,181752000.0,254679000.0,0.14,254679000.0,181752000.0,165316000.0,0.97,0.955,0.97,607216000.0,,607216000.0,2620199155.0,14.0,10.288,5469000.0,0.051,1.0,400723000.0,0.221,150937000.0,16436000.0,1210326000.0,,200589000.0,0.0,0.0,0.0,660558000.0,235401000.0,425157000.0,2292377155.0,-10457000.0,10318000.0,-12692000.0,30005000.0,-40115000.0,-24389000.0,-124291000.0,0.0,140066000.0,-1843000.0,102016000.0,102016000.0,102016000.0,0.0,0.0,0.056,209204000.0,191519000.0,179331000.0,0.392,3.775,22.471,22.294,634648000.0,0.0,21.625,1.263,1.285,243475000.0,587677000.0,1814782000.0,1814782000.0,13910000.0,,,,0.1,0.0,201000000.0,1.0,106005880.0,107828000.0,,16.83,1148067000.0,0.0,63300000.0,73405000.0,10.647,264729000.0
88,BMS,MRT,1997-03-31,1997-03-31,1997-03-31,2021-09-13,-656000.0,1324071000.0,,537898000.0,786173000.0,,5.508,-113005000.0,18097000.0,18097000.0,1350907000.0,99239000.0,2.19,1.178,345919000.0,6480000.0,339439000.0,345919000.0,0.0,69703000.0,0.0,0.019,0.37,175105000.0,244808000.0,0.14,244808000.0,175105000.0,160039000.0,0.94,0.93,0.94,594245000.0,,594245000.0,2353470767.0,13.0,9.614,-14009000.0,-0.13,1.0,394486000.0,0.226,148557000.0,15066000.0,1257720000.0,,216252000.0,0.0,0.0,0.0,699774000.0,245616000.0,454158000.0,2117904767.0,-4310000.0,-74989000.0,-8962000.0,136572000.0,-38989000.0,87149000.0,-188003000.0,0.0,98996000.0,-2452000.0,99239000.0,99239000.0,99239000.0,0.0,0.0,0.057,209756000.0,184730000.0,187074000.0,0.394,3.564,21.341,21.213,620783000.0,0.0,19.94,1.213,1.232,257868000.0,570287000.0,1745393000.0,1745393000.0,13444000.0,,,,0.1,0.0,202066000.0,1.0,106213880.0,107878000.0,,16.179,1175514000.0,0.0,60800000.0,77742000.0,10.897,292282000.0
89,BMS,MRT,1996-12-31,1996-12-31,1996-12-31,2021-09-13,6588000.0,1168795000.0,1099695000.0,466921000.0,701874000.0,1.505,5.339,-109990000.0,10223000.0,10223000.0,1273570000.0,101081000.0,2.177,1.005,245789000.0,4712000.0,241077000.0,245789000.0,0.0,66192000.0,0.0,0.02,0.36,176178000.0,242370000.0,0.146,242370000.0,176178000.0,162781000.0,0.96,0.95,0.96,567097000.0,539952500.0,567097000.0,,,,26222000.0,0.247,1.0,381861000.0,0.231,108928000.0,13397000.0,1080988000.0,999409500.0,200397000.0,0.0,0.0,0.0,569909000.0,214445000.0,355464000.0,1958583947.0,-11809000.0,-61362000.0,-8962000.0,74869000.0,-37830000.0,26548000.0,-171315000.0,0.0,136212000.0,-3254000.0,101081000.0,101081000.0,101081000.0,0.0,0.0,0.061,200977000.0,180884000.0,164638000.0,0.375,3.454,19.376,19.208,583491000.0,0.0,18.44,1.183,1.183,216740000.0,561049000.0,1655431000.0,1655431000.0,13655000.0,0.092,0.187,0.176,0.106,0.0,192819000.0,1.0,106213880.0,106213880.0,,15.586,1059867000.0,0.0,61700000.0,67593000.0,9.979,252476000.0
90,BMS,MRT,1996-09-30,1996-09-30,1996-09-30,2021-09-13,,,,,,,,,,,,,,,,,,,,,,0.021,0.35,,,,,,,,,,,,,,,,,,1.0,,,,,,,,,,,,,,,,,,,,,,,,,,,,,,,,,,,,,,,,16.94,,,,,,,,,,,,,,1.0,,106576000.0,,,,,,,,
91,BMS,MRT,1996-06-30,1996-06-30,1996-06-30,2021-09-13,,,,,,,,,,,,,,,,,,,,,,0.019,0.34,,,,,,,,,,,,,,,,,,1.0,,,,,,,,,,,,,,,,,,,,,,,,,,,,,,,,,,,,,,,,17.438,,,,,,,,,,,,,,1.0,,106674000.0,,,,,,,,
92,BMS,MRT,1996-03-31,1996-03-31,1996-03-31,2021-09-13,,,,,,,,,,,,,,,,,,,,,,0.021,0.33,,,,,,,,,,,,,,,,,,1.0,,,,,,,,,,,,,,,,,,,,,,,,,,,,,,,,,,,,,,,,15.5,,,,,,,,,,,,,,1.0,,106404000.0,,,,,,,,
93,BMS,MRT,1995-12-31,1995-12-31,1995-12-31,2021-09-13,10505000.0,1030595000.0,,442274000.0,588321000.0,,,-91480000.0,22032000.0,22032000.0,1183514000.0,85210000.0,2.018,0.954,170920000.0,4485000.0,166435000.0,170920000.0,0.0,57954000.0,0.0,0.025,0.32,147659000.0,205613000.0,0.135,205613000.0,147659000.0,136110000.0,0.82,0.815,0.82,512808000.0,,512808000.0,,,,58299000.0,,1.0,339876000.0,0.223,42437000.0,11549000.0,917831000.0,,178085000.0,0.0,0.0,0.0,489351000.0,219215000.0,270136000.0,,9306000.0,-552000.0,-8395000.0,-11926000.0,-33175000.0,-50047000.0,-92029000.0,0.0,149779000.0,1603000.0,85210000.0,85210000.0,85210000.0,0.0,0.0,0.056,191574000.0,148302000.0,163692000.0,0.39,,,15.622,534551000.0,0.0,12.81,,,201725000.0,496252000.0,1523390000.0,1523390000.0,13603000.0,,,,0.097,0.0,177971000.0,1.0,,,,,988158000.0,0.0,50900000.0,71668000.0,,223059000.0
94,BMS,MRT,1994-12-31,1994-12-31,1994-12-31,2021-09-13,,,,,,,,-89470000.0,,,1077130000.0,72794000.0,,,,,,,,51828000.0,,0.022,0.27,126489000.0,178317000.0,0.128,178317000.0,126489000.0,118094000.0,0.7,,0.7,,,,,,,15347000.0,,1.0,313329000.0,0.225,,8395000.0,,,,,,,,,,,3815000.0,-31956000.0,0.0,45216000.0,-27654000.0,15997000.0,-121089000.0,0.0,104817000.0,4090000.0,72794000.0,72794000.0,72794000.0,0.0,0.0,0.052,184263000.0,129066000.0,,0.386,,,17.143,,0.0,12.0,,,,,1390459000.0,1390459000.0,13124000.0,,,,0.091,0.0,171139000.0,1.0,,,,,,,45300000.0,,,
