None,ticker,dimension,calendardate,datekey,reportperiod,lastupdated,accoci,assets,assetsavg,assetsc,assetsnc,assetturnover,bvps,capex,cashneq,cashnequsd,cor,consolinc,currentratio,de,debt,debtc,debtnc,debtusd,deferredrev,depamor,deposits,divyield,dps,ebit,ebitda,ebitdamargin,ebitdausd,ebitusd,ebt,eps,epsdil,epsusd,equity,equityavg,equityusd,ev,evebit,evebitda,fcf,fcfps,fxusd,gp,grossmargin,intangibles,intexp,invcap,invcapavg,inventory,investments,investmentsc,investmentsnc,liabilities,liabilitiesc,liabilitiesnc,marketcap,ncf,ncfbus,ncfcommon,ncfdebt,ncfdiv,ncff,ncfi,ncfinv,ncfo,ncfx,netinc,netinccmn,netinccmnusd,netincdis,netincnci,netmargin,opex,opinc,payables,payoutratio,pb,pe,pe1,ppnenet,prefdivis,price,ps,ps1,receivables,retearn,revenue,revenueusd,rnd,roa,roe,roic,ros,sbcomp,sgna,sharefactor,sharesbas,shareswa,shareswadil,sps,tangibles,taxassets,taxexp,taxliabilities,tbvps,workingcapital
0,BTUUQ,MRY,2015-12-31,2015-12-31,2015-12-31,2021-08-25,-618900000.0,11021300000.0,11924450000.0,1378000000.0,9643300000.0,0.47,49.562,-126800000.0,261300000.0,261300000.0,5007700000.0,-1988900000.0,0.186,11.018,6315600000.0,5930400000.0,385200000.0,6315600000.0,0.0,572200000.0,0.0,0.009,0.067,-1707000000.0,-1134800000.0,-0.202,-1134800000.0,-1707000000.0,-2172400000.0,-109.98,-109.98,-109.98,916900000.0,1595425000.0,916900000.0,6109680000.0,-4.0,-5.384,-141200000.0,-7.632,1.0,601500000.0,0.107,0.0,465400000.0,9683300000.0,14773475000.0,307800000.0,382600000.0,0.0,382600000.0,10102800000.0,7392300000.0,2710500000.0,142080000.0,-36700000.0,-2800000.0,0.0,275700000.0,-1400000.0,267700000.0,-290000000.0,62400000.0,-14400000.0,0.0,-1996000000.0,-1996000000.0,-1996000000.0,175000000.0,7100000.0,-0.356,2050400000.0,-1448900000.0,1446300000.0,-0.001,0.155,-0.071,-0.07,9258500000.0,0.0,7.68,0.025,0.025,228800000.0,-503400000.0,5609200000.0,5609200000.0,0.0,-0.167,-1.251,-0.116,-0.304,28200000.0,176400000.0,1.0,18500000.0,18500000.0,,303.2,11021300000.0,55700000.0,-176400000.0,69100000.0,595.746,-6014300000.0
1,BTUUQ,MRY,2014-12-31,2014-12-31,2014-12-31,2021-08-25,-764800000.0,13191100000.0,13568275000.0,1711000000.0,11480100000.0,0.501,150.496,-194400000.0,298000000.0,298000000.0,5716900000.0,-777300000.0,0.918,3.841,5986800000.0,21200000.0,5965600000.0,5986800000.0,0.0,655700000.0,0.0,0.045,5.172,-159200000.0,496500000.0,0.073,496500000.0,-159200000.0,-585800000.0,-44.09,-44.09,-44.09,2724800000.0,3563025000.0,2724800000.0,7626639818.0,-48.0,15.361,142200000.0,7.854,1.0,1075300000.0,0.158,0.0,426600000.0,17016800000.0,17451125000.0,406500000.0,902100000.0,0.0,902100000.0,10464600000.0,1863100000.0,8601500000.0,2102039818.0,-146000000.0,4400000.0,0.0,-30000000.0,-92300000.0,-168100000.0,-314500000.0,3800000.0,336600000.0,0.0,-787000000.0,-787000000.0,-787000000.0,28200000.0,9700000.0,-0.116,1102800000.0,-27500000.0,1809200000.0,-0.117,0.771,-2.671,-2.633,10577300000.0,0.0,116.1,0.309,0.309,563100000.0,1570500000.0,6792200000.0,6792200000.0,0.0,-0.058,-0.221,-0.009,-0.023,46800000.0,227100000.0,1.0,18105425.0,18105425.0,,375.147,13191100000.0,80700000.0,201200000.0,89100000.0,728.572,-152100000.0
2,BTUUQ,MRY,2013-12-31,2013-12-31,2013-12-31,2021-08-25,-419200000.0,14133400000.0,14856025000.0,1992700000.0,12140700000.0,0.472,217.177,-328400000.0,444000000.0,444000000.0,5729100000.0,-512600000.0,1.106,2.606,6002400000.0,31700000.0,5970700000.0,6002400000.0,0.0,740300000.0,0.0,0.018,5.172,-564900000.0,175400000.0,0.025,175400000.0,-564900000.0,-973200000.0,-29.53,-29.53,-29.53,3908700000.0,4448850000.0,3908700000.0,10728637890.0,-19.0,61.167,394000000.0,21.892,1.0,1284600000.0,0.183,0.0,408300000.0,17890000000.0,18658175000.0,506700000.0,1050400000.0,0.0,1050400000.0,10185500000.0,1801800000.0,8383700000.0,5272437890.0,-114800000.0,51200000.0,0.0,-225000000.0,-91700000.0,-321500000.0,-515700000.0,30100000.0,722400000.0,0.0,-524900000.0,-524900000.0,-524900000.0,226600000.0,12300000.0,-0.075,1569200000.0,-284600000.0,1764000000.0,-0.175,1.349,-10.045,-9.92,11082500000.0,0.0,292.95,0.752,0.752,557900000.0,2449800000.0,7013700000.0,7013700000.0,0.0,-0.035,-0.118,-0.03,-0.081,50900000.0,244200000.0,1.0,17997739.0,17997739.0,,389.699,14133400000.0,74200000.0,-448300000.0,40900000.0,785.288,190900000.0
3,BTUUQ,MRY,2012-12-31,2012-12-31,2012-12-31,2021-08-25,11000000.0,15809000000.0,16572600000.0,2575500000.0,13233500000.0,0.487,273.996,-986000000.0,558800000.0,558800000.0,5932700000.0,-575100000.0,1.538,2.216,6252900000.0,47800000.0,6205100000.0,6252900000.0,0.0,663400000.0,0.0,0.013,5.322,82200000.0,745600000.0,0.092,745600000.0,82200000.0,-323400000.0,-32.834,-32.834,-32.834,4904900000.0,5602475000.0,4904900000.0,12860420426.0,156.0,17.248,529100000.0,29.556,1.0,2144800000.0,0.266,0.0,405600000.0,19829000000.0,20615150000.0,548400000.0,1431800000.0,0.0,1431800000.0,10870200000.0,1674100000.0,9196100000.0,7145320426.0,-240300000.0,-11700000.0,-99900000.0,-421900000.0,-91900000.0,-663300000.0,-1092100000.0,105700000.0,1515100000.0,0.0,-585700000.0,-585700000.0,-585700000.0,104200000.0,10600000.0,-0.073,1911100000.0,233700000.0,1606900000.0,-0.162,1.457,-12.2,-12.157,11801700000.0,0.0,399.15,0.885,0.885,737800000.0,3066400000.0,8077500000.0,8077500000.0,0.0,-0.035,-0.105,0.004,0.01,45400000.0,268800000.0,1.0,17901342.0,17901342.0,,451.223,15809000000.0,56400000.0,262300000.0,577300000.0,883.118,901400000.0
4,BTUUQ,MRY,2011-12-31,2011-12-31,2011-12-31,2021-08-25,-142400000.0,16733000000.0,12923525000.0,3005900000.0,13727100000.0,0.611,303.592,-847400000.0,799100000.0,799100000.0,5477600000.0,946300000.0,1.648,2.045,6657500000.0,101100000.0,6556400000.0,6657500000.0,0.0,474300000.0,0.0,0.011,5.247,1559500000.0,2033800000.0,0.258,2033800000.0,1559500000.0,1320900000.0,52.924,52.774,52.924,5485100000.0,5214600000.0,5485100000.0,10073932018.0,6.0,4.953,785800000.0,43.493,1.0,2418300000.0,0.306,0.0,238600000.0,20767700000.0,13765100000.0,444400000.0,2475500000.0,0.0,2475500000.0,11217200000.0,1823700000.0,9393500000.0,8973132018.0,-496100000.0,-2849400000.0,-18700000.0,3776000000.0,-92100000.0,1678500000.0,-3807800000.0,288600000.0,1633200000.0,0.0,957700000.0,957700000.0,957700000.0,66500000.0,-11400000.0,0.121,803400000.0,1614900000.0,1712300000.0,0.099,1.636,9.369,9.384,11251600000.0,0.0,496.65,1.136,1.136,922500000.0,3744000000.0,7895900000.0,7895900000.0,0.0,0.074,0.184,0.113,0.198,43900000.0,268200000.0,1.0,18067315.0,18067315.0,,437.027,16733000000.0,27300000.0,363200000.0,523200000.0,926.148,1182200000.0
5,BTUUQ,MRY,2010-12-31,2010-12-31,2010-12-31,2021-08-25,-67900000.0,11363100000.0,10622200000.0,2958200000.0,8404900000.0,0.628,259.146,-546000000.0,1295200000.0,1295200000.0,0.0,802200000.0,1.954,1.432,2750000000.0,43200000.0,2706800000.0,2750000000.0,0.0,429500000.0,0.0,0.005,4.423,1309700000.0,1739200000.0,0.261,1739200000.0,1309700000.0,1087700000.0,43.178,42.579,43.178,4660700000.0,4251275000.0,4660700000.0,18648641775.0,14.0,10.723,541100000.0,30.086,1.0,6668200000.0,1.0,0.0,222000000.0,11304200000.0,10838300000.0,327200000.0,1026800000.0,0.0,1026800000.0,6673800000.0,1513700000.0,5160100000.0,17260041775.0,306400000.0,-94800000.0,-13500000.0,-49500000.0,-79400000.0,-77100000.0,-703600000.0,-62200000.0,1087100000.0,0.0,774000000.0,774000000.0,774000000.0,22800000.0,28200000.0,0.116,677700000.0,5990500000.0,1288800000.0,0.102,3.703,22.3,22.227,7378100000.0,0.0,959.7,2.588,2.588,555800000.0,2878400000.0,6668200000.0,6668200000.0,0.0,0.073,0.182,0.121,0.196,41100000.0,232200000.0,1.0,17984830.0,17984830.0,,370.768,11363100000.0,120400000.0,313700000.0,545100000.0,631.816,1444500000.0
6,BTUUQ,MRY,2009-12-31,2009-12-31,2009-12-31,2021-08-25,-183500000.0,9955300000.0,9776300000.0,2189000000.0,7766300000.0,0.598,209.895,-383400000.0,988800000.0,988800000.0,0.0,463000000.0,1.668,1.653,2752300000.0,14100000.0,2738200000.0,2752300000.0,0.0,400500000.0,0.0,0.006,3.748,835500000.0,1236000000.0,0.211,1236000000.0,835500000.0,634400000.0,23.988,23.838,23.988,3749700000.0,3612150000.0,3749700000.0,14101006690.0,17.0,11.409,666800000.0,37.325,1.0,5847000000.0,1.0,0.0,201100000.0,10406400000.0,10464450000.0,325100000.0,504800000.0,0.0,504800000.0,6199400000.0,1312400000.0,4887000000.0,12114906690.0,539100000.0,-71800000.0,-2300000.0,-37100000.0,-66800000.0,-104600000.0,-406500000.0,0.0,1050200000.0,0.0,448200000.0,448200000.0,448200000.0,-19800000.0,14800000.0,0.077,616300000.0,5230700000.0,1187700000.0,0.156,3.231,27.03,28.27,7261500000.0,0.0,678.15,2.072,2.072,303000000.0,2183800000.0,5847000000.0,5847000000.0,0.0,0.046,0.124,0.08,0.143,38800000.0,199100000.0,1.0,17864641.0,17864641.0,,327.295,9955300000.0,40000000.0,186200000.0,299100000.0,557.263,876600000.0
7,BTUUQ,MRY,2008-12-31,2008-12-31,2008-12-31,2021-08-25,-388500000.0,9695600000.0,9781400250.0,1971300000.0,7724300000.0,0.671,173.875,-264100000.0,449700000.0,449700000.0,0.0,959100000.0,1.062,2.109,2793600000.0,17000000.0,2776600000.0,2793600000.0,0.0,402400000.0,0.0,0.011,3.598,1371300000.0,1773700000.0,0.27,1773700000.0,1371300000.0,1144300000.0,54.423,53.973,54.423,3118100000.0,2858404000.0,3118100000.0,9116742054.0,7.0,5.14,1033700000.0,57.642,1.0,6561000000.0,1.0,0.0,227000000.0,10183300000.0,10662108500.0,276200000.0,427000000.0,0.0,427000000.0,6576100000.0,1856200000.0,4719900000.0,6068942054.0,404400000.0,-43500000.0,-196700000.0,-130400000.0,-64900000.0,-498000000.0,-395400000.0,0.0,1297800000.0,0.0,952900000.0,952900000.0,952900000.0,28800000.0,6200000.0,0.145,575000000.0,5986000000.0,1535000000.0,0.066,1.946,6.369,6.27,7297300000.0,0.0,341.25,0.925,0.933,382200000.0,1802400000.0,6561000000.0,6561000000.0,0.0,0.097,0.333,0.129,0.209,34900000.0,197300000.0,1.0,17784446.0,17932997.0,18094099.0,365.862,9695600000.0,1700000.0,191400000.0,20800000.0,540.657,115100000.0
8,BTUUQ,MRY,2007-12-31,2007-12-31,2007-12-31,2021-08-25,-67100000.0,9091200000.0,9692963750.0,1310500000.0,7780700000.0,0.467,143.056,-438800000.0,45300000.0,45300000.0,0.0,261500000.0,0.835,2.608,3273100000.0,134400000.0,3138700000.0,3273100000.0,0.0,346300000.0,0.0,0.004,3.598,428900000.0,775200000.0,0.171,775200000.0,428900000.0,193100000.0,25.037,24.588,25.037,2519700000.0,2548988000.0,2519700000.0,19393892165.0,45.0,25.018,-119400000.0,-6.779,1.0,4523800000.0,1.0,0.0,235800000.0,10748800000.0,11070805000.0,264700000.0,482800000.0,0.0,482800000.0,6570800000.0,1570200000.0,5000600000.0,16394065165.0,-281200000.0,-33400000.0,26200000.0,-20900000.0,-63700000.0,-25300000.0,-575300000.0,0.0,319400000.0,0.0,263800000.0,263800000.0,263800000.0,180100000.0,-2300000.0,0.058,428500000.0,4095300000.0,1134000000.0,0.144,6.506,62.146,36.929,7297900000.0,0.0,924.6,3.624,3.6,256900000.0,941400000.0,4523800000.0,4523800000.0,0.0,0.027,0.103,0.039,0.095,20100000.0,147100000.0,1.0,17730982.0,17613348.0,17953392.0,256.839,9091200000.0,58800000.0,-70700000.0,354800000.0,516.154,-259700000.0
9,BTUUQ,MRY,2006-12-31,2006-12-31,2006-12-31,2021-08-25,-249058000.0,9514056000.0,7552892000.0,1296558000.0,8217498000.0,0.536,133.097,-391900000.0,326511000.0,326511000.0,0.0,600700000.0,0.977,3.054,3277032000.0,95757000.0,3181275000.0,3277032000.0,0.0,284200000.0,0.0,0.006,3.598,654100000.0,938300000.0,0.232,938300000.0,654100000.0,515000000.0,34.183,33.433,34.183,2338526000.0,2300132750.0,2338526000.0,11371123069.0,17.0,12.119,191400000.0,10.894,1.0,4050900000.0,1.0,240667000.0,139100000.0,10896541000.0,8057763250.0,202909000.0,304518000.0,0.0,304518000.0,7142193000.0,1327369000.0,5814824000.0,9985925069.0,-176800000.0,-1509900000.0,-79700000.0,1517500000.0,-63500000.0,1383700000.0,-2143800000.0,0.0,583300000.0,0.0,600700000.0,600700000.0,600700000.0,-30800000.0,0.0,0.148,372900000.0,3678000000.0,944151000.0,0.105,4.27,16.624,16.602,6708830000.0,0.0,567.498,2.465,2.461,320822000.0,1115994000.0,4050900000.0,4050900000.0,0.0,0.08,0.261,0.081,0.161,17100000.0,128000000.0,1.0,17596414.0,17570070.0,17953373.0,230.557,9273389000.0,77562000.0,-85700000.0,412886000.0,527.795,-30811000.0
10,BTUUQ,MRY,2005-12-31,2005-12-31,2005-12-31,2021-08-25,-46795000.0,6852006000.0,6556965000.0,1305237000.0,5546769000.0,0.559,124.888,-450348000.0,503278000.0,503278000.0,0.0,422653000.0,1.276,2.144,1405506000.0,22585000.0,1382921000.0,1405506000.0,0.0,253788000.0,0.0,0.006,3.711,584498000.0,838286000.0,0.229,838286000.0,584498000.0,486432000.0,24.138,23.688,24.138,2178467000.0,1984923000.0,2178467000.0,11079936187.0,19.0,13.217,274913000.0,15.76,1.0,3666176000.0,1.0,0.0,98066000.0,6731311000.0,6625316000.0,389771000.0,369061000.0,0.0,369061000.0,4670989000.0,1022923000.0,3648066000.0,10151383187.0,113642000.0,-2000000.0,25582000.0,-19923000.0,-44535000.0,-27417000.0,-584202000.0,0.0,725261000.0,0.0,422653000.0,422653000.0,422653000.0,-144150000.0,0.0,0.115,362351000.0,3303825000.0,867965000.0,0.154,4.66,24.018,23.976,5177708000.0,0.0,578.733,2.769,2.754,202134000.0,729086000.0,3666176000.0,3666176000.0,0.0,0.064,0.213,0.088,0.159,0.0,132679000.0,1.0,17540716.0,17443346.0,17876499.0,210.176,6852006000.0,9027000.0,63779000.0,338488000.0,392.815,282314000.0
11,BTUUQ,MRY,2004-12-31,2004-12-31,2004-12-31,2021-08-25,-60618000.0,6178592000.0,6115398250.0,1054602000.0,5123990000.0,0.594,103.951,-151944000.0,389636000.0,389636000.0,0.0,175387000.0,1.362,2.582,1424965000.0,18979000.0,1405986000.0,1424965000.0,0.0,270159000.0,0.0,0.007,1.968,245743000.0,515902000.0,0.142,515902000.0,245743000.0,148950000.0,10.645,10.345,10.645,1724592000.0,1620793500.0,1724592000.0,5911868413.0,24.0,11.459,131816000.0,7.945,1.0,3631582000.0,1.0,0.0,96793000.0,6439777000.0,6291698000.0,323609000.0,342559000.0,0.0,342559000.0,4452091000.0,774144000.0,3677947000.0,4896762413.0,272134000.0,-461533000.0,412765000.0,314214000.0,-32568000.0,693404000.0,-705030000.0,0.0,283760000.0,0.0,175387000.0,175387000.0,175387000.0,2839000.0,0.0,0.048,431742000.0,3199840000.0,691600000.0,0.185,2.839,27.92,26.685,4781431000.0,0.0,284.065,1.348,1.298,193784000.0,350968000.0,3631582000.0,3631582000.0,0.0,0.029,0.108,0.039,0.068,0.0,143025000.0,1.0,17238185.0,16590474.0,16996003.0,218.896,6178592000.0,15461000.0,-26437000.0,393266000.0,372.418,280458000.0
12,BTUUQ,MRY,2003-12-31,2003-12-31,2003-12-31,2021-08-25,-81572000.0,5280265000.0,5374362000.0,682740000.0,4597525000.0,0.524,79.444,-86870000.0,117502000.0,117502000.0,0.0,31348000.0,1.08,3.663,1196539000.0,23049000.0,1173490000.0,1196539000.0,0.0,234336000.0,0.0,0.02,2.886,82180000.0,316516000.0,0.112,316516000.0,82180000.0,-16360000.0,2.249,2.099,2.249,1132057000.0,1092817000.0,1132057000.0,3213981311.0,39.0,10.154,101991000.0,7.157,1.0,2815296000.0,1.0,0.0,98540000.0,5727334000.0,5725622000.0,246493000.0,316539000.0,0.0,316539000.0,4146299000.0,631968000.0,3514331000.0,2119113311.0,46292000.0,-91400000.0,33066000.0,42665000.0,-24058000.0,48598000.0,-192280000.0,0.0,188861000.0,1113000.0,31348000.0,31348000.0,31348000.0,0.0,0.0,0.011,341245000.0,2474051000.0,572615000.0,1.283,1.872,67.6,65.113,4280986000.0,0.0,146.439,0.753,0.741,220891000.0,208149000.0,2815296000.0,2815296000.0,0.0,0.006,0.029,0.014,0.029,0.0,108525000.0,1.0,14471005.0,14249660.0,14630146.0,197.569,5280265000.0,15749000.0,-47708000.0,434426000.0,370.554,50772000.0
13,BTUUQ,MRY,2002-12-31,2002-12-31,2002-12-31,2021-08-25,-77627000.0,5125949000.0,5179992250.0,549923000.0,4576026000.0,0.525,77.68,-83177000.0,71210000.0,71210000.0,0.0,105519000.0,0.871,3.707,1029211000.0,47515000.0,981696000.0,1029211000.0,0.0,232413000.0,0.0,0.031,3.223,167970000.0,400383000.0,0.147,400383000.0,167970000.0,65512000.0,7.571,7.346,7.571,1081138000.0,1077424250.0,1081138000.0,2464251031.0,15.0,6.155,151627000.0,10.894,1.0,2719638000.0,1.0,0.0,102458000.0,5452414000.0,5544328250.0,229688000.0,302984000.0,0.0,302984000.0,4007690000.0,631536000.0,3376154000.0,1432287031.0,32588000.0,-46012000.0,5901000.0,-34887000.0,-20863000.0,-58398000.0,-144078000.0,0.0,234804000.0,260000.0,105519000.0,105519000.0,105519000.0,0.0,0.0,0.039,318066000.0,2401572000.0,547013000.0,0.426,1.325,13.574,13.555,842891000.0,0.0,102.623,0.527,0.525,153212000.0,200859000.0,2719638000.0,2719638000.0,0.0,0.02,0.098,0.03,0.062,0.0,101416000.0,1.0,13956803.0,13917818.0,14359646.0,195.407,5125949000.0,10361000.0,-40007000.0,499310000.0,368.301,-81613000.0
14,BTUUQ,MRY,2001-12-31,2001-03-31,2001-03-31,2021-08-25,-862000.0,5209487000.0,5525793250.0,629955000.0,4579532000.0,0.476,85.958,-132433000.0,62723000.0,62723000.0,0.0,107060000.0,0.811,7.187,1405621000.0,36305000.0,1369316000.0,1405621000.0,0.0,215450000.0,0.0,,0.0,347436000.0,562886000.0,0.214,562886000.0,347436000.0,149750000.0,11.619,11.619,11.619,631238000.0,518734250.0,631238000.0,,,,19547000.0,2.662,1.0,2628128000.0,1.0,0.0,197686000.0,5775400000.0,6566766250.0,210212000.0,256893000.0,0.0,256893000.0,4536791000.0,776985000.0,3759806000.0,,-2895000.0,444498000.0,-1113000.0,-568603000.0,0.0,-543337000.0,388462000.0,28800000.0,151980000.0,0.0,107060000.0,107060000.0,107060000.0,0.0,0.0,0.041,334498000.0,2293630000.0,576967000.0,0.0,,,,4322639000.0,0.0,,,,147808000.0,136279000.0,2628128000.0,2628128000.0,0.0,0.019,0.206,0.053,0.132,3961000.0,99267000.0,1.0,13846920.0,7343570.0,7343570.0,357.882,5209487000.0,12226000.0,42690000.0,570705000.0,709.394,-147030000.0
15,BTUUQ,MRY,2000-12-31,2000-03-31,2000-03-31,2021-08-25,-12667000.0,5826849000.0,6602741500.0,632545000.0,5194304000.0,0.411,69.079,0.0,65618000.0,65618000.0,0.0,28210000.0,0.878,10.379,2076166000.0,57977000.0,2018189000.0,2076166000.0,0.0,249782000.0,0.0,,0.0,91744000.0,341526000.0,0.126,341526000.0,91744000.0,-113312000.0,3.073,3.073,3.073,508426000.0,488075250.0,508426000.0,,,,262911000.0,35.721,1.0,2710500000.0,1.0,0.0,205056000.0,7116806000.0,7821655500.0,242150000.0,288794000.0,0.0,288794000.0,5277158000.0,720591000.0,4556567000.0,,262911000.0,0.0,0.0,0.0,0.0,0.0,0.0,0.0,262911000.0,0.0,28210000.0,28210000.0,28210000.0,12087000.0,0.0,0.01,338599000.0,2371901000.0,573137000.0,0.0,,,,4815510000.0,0.0,,,,153021000.0,29219000.0,2710500000.0,2710500000.0,0.0,0.004,0.058,0.012,0.034,265000.0,95256000.0,1.0,,7360044.0,7360044.0,368.272,5826849000.0,49869000.0,-141522000.0,638718000.0,791.687,-88046000.0
16,BTUUQ,MRY,1999-12-31,1999-03-31,1999-03-31,2021-08-25,2333000.0,7023931000.0,6683470000.0,1832461000.0,5191470000.0,0.308,69.2,-163072000.0,194078000.0,194078000.0,0.0,1009000.0,1.362,13.135,2542379000.0,72404000.0,2469975000.0,2542379000.0,0.0,179182000.0,0.0,,0.0,180126000.0,359308000.0,0.175,359308000.0,180126000.0,4021000.0,0.112,0.112,0.112,495230000.0,1091536000.0,495230000.0,,,,118950000.0,16.621,1.0,2056832000.0,1.0,0.0,176105000.0,8026724000.0,6642503500.0,249897000.0,393525000.0,0.0,393525000.0,6504791000.0,1345508000.0,5159283000.0,,-1967314000.0,-2110400000.0,0.0,0.0,0.0,0.0,-2249336000.0,0.0,282022000.0,0.0,1009000.0,1009000.0,1009000.0,-6442000.0,0.0,0.0,256070000.0,1800762000.0,627722000.0,0.0,,,,4797945000.0,0.0,,,,312748000.0,1009000.0,2056832000.0,2056832000.0,0.0,0.0,0.001,0.027,0.088,13124000.0,76888000.0,1.0,,7156479.0,7156479.0,287.408,7023931000.0,8496000.0,3012000.0,787483000.0,981.479,486953000.0
17,BTUUQ,MRY,1998-12-31,1998-05-19,1998-05-19,2021-08-25,,,,,,,,-19500000.0,,,0.0,476000.0,,,,,,,,25516000.0,,,0.0,9228000.0,34744000.0,0.12,34744000.0,9228000.0,5006000.0,,,,,,,,,,-47657000.0,,1.0,290658000.0,1.0,,4222000.0,,,,,,,,,,,-49707000.0,0.0,0.0,0.0,0.0,0.0,-21550000.0,0.0,-28157000.0,0.0,476000.0,476000.0,476000.0,1764000.0,0.0,0.002,37205000.0,253453000.0,,,,,,,0.0,,,,,,290658000.0,290658000.0,0.0,,,,0.032,0.0,12017000.0,1.0,,,,,,,4530000.0,,,
18,BTUUQ,MRY,1996-12-31,1996-09-28,1996-09-28,2021-08-25,,,,,,,,-134851000.0,,,0.0,-446282000.0,,,,,,,,197853000.0,,,0.0,-639941000.0,-442088000.0,-0.202,-442088000.0,-639941000.0,-702467000.0,,,,,,,,,,76684000.0,,1.0,2193586000.0,1.0,,62526000.0,,,,,,,,,,,127768000.0,0.0,284156000.0,-149225000.0,-72830000.0,15987000.0,-105640000.0,0.0,211535000.0,5886000.0,-446282000.0,-446282000.0,-446282000.0,0.0,0.0,-0.203,1151339000.0,1042247000.0,,,,,,,0.0,,,,,,2193586000.0,2193586000.0,0.0,,,,-0.292,0.0,75699000.0,1.0,,,,,,,-256185000.0,,,
0,BTUUQ,MRQ,2015-12-31,2015-12-31,2015-12-31,2021-08-25,-618900000.0,11021300000.0,,1378000000.0,9643300000.0,,49.562,-49900000.0,261300000.0,261300000.0,1233300000.0,-470200000.0,0.186,11.018,6315600000.0,5930400000.0,385200000.0,6315600000.0,0.0,141600000.0,0.0,0.009,0.0,-441200000.0,-299600000.0,-0.228,-299600000.0,-441200000.0,-562600000.0,-25.75,-25.75,-25.75,916900000.0,,916900000.0,6109680000.0,-4.0,-5.384,26300000.0,1.422,1.0,79800000.0,0.061,0.0,121400000.0,9683300000.0,,307800000.0,382600000.0,0.0,382600000.0,10102800000.0,7392300000.0,2710500000.0,142080000.0,-73000000.0,7200000.0,0.0,-5300000.0,0.0,-5500000.0,-143700000.0,51400000.0,76200000.0,0.0,-469400000.0,-469400000.0,-469400000.0,-27700000.0,-800000.0,-0.357,547000000.0,-467200000.0,1446300000.0,0.0,0.155,-0.071,-0.07,9258500000.0,0.0,7.68,0.025,0.025,228800000.0,-503400000.0,1313100000.0,1313100000.0,0.0,,,,,8200000.0,47600000.0,1.0,18500000.0,18500000.0,,70.978,11021300000.0,55700000.0,-93200000.0,69100000.0,595.746,-6014300000.0
1,BTUUQ,MRQ,2015-09-30,2015-09-30,2015-09-30,2021-08-25,-695800000.0,11663400000.0,,1553600000.0,10109800000.0,,70.336,-26000000.0,334300000.0,334300000.0,1254000000.0,-301900000.0,1.025,7.931,6301900000.0,19500000.0,6282400000.0,6301900000.0,0.0,136000000.0,0.0,0.065,0.0,-179300000.0,-43300000.0,-0.031,-43300000.0,-179300000.0,-297800000.0,-16.73,-16.73,-16.73,1305400000.0,,1305400000.0,6202282326.0,-4.0,-6.872,-60200000.0,-3.244,1.0,164900000.0,0.116,0.0,118500000.0,16114800000.0,,348100000.0,633400000.0,0.0,633400000.0,10353000000.0,1516200000.0,8836800000.0,384182326.0,-152800000.0,-6900000.0,0.0,-5300000.0,0.0,-8400000.0,-110200000.0,1800000.0,-34200000.0,0.0,-304700000.0,-304700000.0,-304700000.0,157500000.0,2800000.0,-0.215,180000000.0,-15100000.0,1468600000.0,0.0,0.294,-0.188,-0.183,9475400000.0,0.0,20.7,0.064,0.064,370000000.0,-34000000.0,1418900000.0,1418900000.0,0.0,,,,,6400000.0,37800000.0,1.0,18559533.0,18559533.0,,76.451,11663400000.0,77500000.0,6900000.0,101100000.0,628.432,37400000.0
2,BTUUQ,MRQ,2015-06-30,2015-06-30,2015-06-30,2021-08-25,-644800000.0,11861400000.0,,1694000000.0,10167400000.0,,89.26,-25800000.0,487100000.0,487100000.0,1198800000.0,-1043500000.0,1.108,6.171,6305200000.0,20400000.0,6284800000.0,6305200000.0,0.0,147100000.0,0.0,0.082,0.037,-1019500000.0,-872400000.0,-0.651,-872400000.0,-1019500000.0,-1138400000.0,-57.571,-57.571,-57.571,1653800000.0,,1653800000.0,6363139319.0,-5.0,-9.755,-85600000.0,-4.62,1.0,140500000.0,0.105,0.0,118900000.0,16151100000.0,,395600000.0,671900000.0,0.0,671900000.0,10205400000.0,1528400000.0,8677000000.0,608639319.0,-150000000.0,-2100000.0,0.0,-88800000.0,-700000.0,-89800000.0,-400000.0,6400000.0,-59800000.0,0.0,-1045300000.0,-1045300000.0,-1045300000.0,36300000.0,1800000.0,-0.78,1112400000.0,-971900000.0,1486700000.0,-0.001,0.368,-0.323,-0.314,9494000000.0,0.0,32.85,0.097,0.097,301700000.0,270700000.0,1339300000.0,1339300000.0,0.0,,,,,4000000.0,41600000.0,1.0,18527833.0,18527833.0,,72.286,11861400000.0,79900000.0,-93100000.0,87900000.0,640.194,165600000.0
3,BTUUQ,MRQ,2015-03-31,2015-03-31,2015-03-31,2021-08-25,-835500000.0,13151700000.0,,1808900000.0,11342800000.0,,136.691,-25100000.0,637100000.0,637100000.0,1321600000.0,-173300000.0,1.027,4.248,6391600000.0,104100000.0,6287500000.0,6391600000.0,0.0,147500000.0,0.0,0.053,0.03,-67000000.0,80500000.0,0.052,80500000.0,-67000000.0,-173600000.0,-9.745,-9.745,-9.745,2505600000.0,,2505600000.0,7041578668.0,-31.0,16.866,-21700000.0,-1.184,1.0,216300000.0,0.141,0.0,106600000.0,17144700000.0,,369500000.0,889900000.0,0.0,889900000.0,10642600000.0,1761500000.0,8881100000.0,1352778668.0,339100000.0,-1000000.0,0.0,375100000.0,-700000.0,371400000.0,-35700000.0,2800000.0,3400000.0,0.0,-176600000.0,-176600000.0,-176600000.0,8900000.0,3300000.0,-0.115,211000000.0,5300000.0,1619300000.0,-0.003,0.54,-1.478,-1.446,10451800000.0,0.0,73.8,0.202,0.202,431400000.0,1316700000.0,1537900000.0,1537900000.0,0.0,,,,,9600000.0,49400000.0,1.0,18330334.0,18330334.0,,83.899,13151700000.0,85000000.0,3000000.0,86400000.0,717.483,47400000.0
4,BTUUQ,MRQ,2014-12-31,2014-12-31,2014-12-31,2021-08-25,-764800000.0,13191100000.0,,1711000000.0,11480100000.0,,150.496,-86900000.0,298000000.0,298000000.0,1401200000.0,-513000000.0,0.918,3.841,5986800000.0,21200000.0,5965600000.0,5986800000.0,0.0,171800000.0,0.0,0.045,1.274,-239100000.0,-67300000.0,-0.04,-67300000.0,-239100000.0,-344300000.0,-28.8,-28.8,-28.8,2724800000.0,,2724800000.0,7626639818.0,-48.0,15.361,-400000.0,-0.022,1.0,283300000.0,0.168,0.0,105200000.0,17016800000.0,,406500000.0,902100000.0,0.0,902100000.0,10464600000.0,1863100000.0,8601500000.0,2102039818.0,-168500000.0,6300000.0,0.0,-5400000.0,-23100000.0,-30100000.0,-224900000.0,2100000.0,86500000.0,0.0,-514600000.0,-514600000.0,-514600000.0,34200000.0,1600000.0,-0.305,426700000.0,-143400000.0,1809200000.0,-0.044,0.771,-2.671,-2.633,10577300000.0,0.0,116.1,0.309,0.309,563100000.0,1570500000.0,1684500000.0,1684500000.0,0.0,,,,,11000000.0,55500000.0,1.0,18105425.0,18105425.0,,93.038,13191100000.0,80700000.0,170300000.0,89100000.0,728.572,-152100000.0
5,BTUUQ,MRQ,2014-09-30,2014-09-30,2014-09-30,2021-08-25,-426400000.0,13544700000.0,,1931400000.0,11613300000.0,,198.468,-42800000.0,466500000.0,466500000.0,1453300000.0,-149000000.0,1.136,2.769,5991100000.0,21400000.0,5969700000.0,5991100000.0,0.0,163600000.0,0.0,0.028,1.349,43300000.0,206900000.0,0.12,206900000.0,43300000.0,-71200000.0,-8.44,-8.44,-8.44,3593600000.0,,3593600000.0,8858006515.0,-14.0,275.95,127000000.0,7.014,1.0,269600000.0,0.156,0.0,114500000.0,17369000000.0,,490900000.0,957300000.0,0.0,957300000.0,9949600000.0,1700300000.0,8249300000.0,3362406515.0,-31900000.0,400000.0,0.0,-4100000.0,-23100000.0,-68700000.0,-133000000.0,900000.0,169800000.0,0.0,-150600000.0,-150600000.0,-150600000.0,-5000000.0,1600000.0,-0.087,217600000.0,52000000.0,1656500000.0,-0.16,0.936,-4.012,-3.954,10651100000.0,0.0,185.7,0.491,0.491,490000000.0,2108200000.0,1722900000.0,1722900000.0,0.0,,,,,11800000.0,52900000.0,1.0,18106659.0,18106659.0,,95.153,13544700000.0,111800000.0,79400000.0,16000000.0,748.051,231100000.0
6,BTUUQ,MRQ,2014-06-30,2014-06-30,2014-06-30,2021-08-25,-218800000.0,13692200000.0,,1877800000.0,11814400000.0,,218.865,-40300000.0,498400000.0,498400000.0,1467600000.0,-71200000.0,1.248,2.446,5994000000.0,20800000.0,5973200000.0,5994000000.0,0.0,163100000.0,0.0,0.021,1.274,34300000.0,197400000.0,0.112,197400000.0,34300000.0,-69300000.0,-4.048,-4.048,-4.048,3960800000.0,,3960800000.0,9928390864.0,-16.0,127.45,-14100000.0,-0.779,1.0,290400000.0,0.165,0.0,103600000.0,17683100000.0,,548400000.0,1031800000.0,0.0,1031800000.0,9687800000.0,1504700000.0,8183100000.0,4438290864.0,-9700000.0,11300000.0,0.0,-15300000.0,-23000000.0,-39600000.0,3700000.0,2400000.0,26200000.0,0.0,-73300000.0,-73300000.0,-73300000.0,-800000.0,2100000.0,-0.042,236000000.0,54400000.0,1462000000.0,-0.315,1.121,-6.22,-6.127,10700500000.0,0.0,245.25,0.641,0.641,447100000.0,2281900000.0,1758000000.0,1758000000.0,0.0,,,,,10500000.0,59200000.0,1.0,18097007.0,18097007.0,,97.143,13692200000.0,149300000.0,4000000.0,67000000.0,756.6,373100000.0
7,BTUUQ,MRQ,2014-03-31,2014-03-31,2014-03-31,2021-08-25,-293300000.0,13845100000.0,,1910200000.0,11934900000.0,,219.55,-24400000.0,508100000.0,508100000.0,1394800000.0,-44100000.0,1.194,2.474,5998200000.0,20800000.0,5977400000.0,5998200000.0,0.0,157200000.0,0.0,0.021,1.274,2300000.0,159500000.0,0.098,159500000.0,2300000.0,-101000000.0,-2.699,-2.699,-2.699,3972900000.0,,3972900000.0,9993639313.0,-16.0,120.988,29700000.0,1.641,1.0,232000000.0,0.143,0.0,103300000.0,17735600000.0,,549400000.0,1017200000.0,0.0,1017200000.0,9829400000.0,1599600000.0,8229800000.0,4435239313.0,64100000.0,-13600000.0,0.0,-5200000.0,-23100000.0,-29700000.0,39700000.0,-1600000.0,54100000.0,0.0,-48500000.0,-48500000.0,-48500000.0,-200000.0,4400000.0,-0.03,222500000.0,9500000.0,1559900000.0,-0.472,1.116,-8.064,-7.899,10855400000.0,0.0,245.1,0.643,0.643,454400000.0,2378200000.0,1626800000.0,1626800000.0,0.0,,,,,13500000.0,59500000.0,1.0,18095631.0,18095631.0,,89.9,13845100000.0,126500000.0,-52500000.0,38400000.0,765.107,310600000.0
8,BTUUQ,MRQ,2013-12-31,2013-12-31,2013-12-31,2021-08-25,-419200000.0,14133400000.0,,1992700000.0,12140700000.0,,217.177,-99700000.0,444000000.0,444000000.0,1470400000.0,-561200000.0,1.106,2.606,6002400000.0,31700000.0,5970700000.0,6002400000.0,0.0,197500000.0,0.0,0.018,1.274,-729200000.0,-531700000.0,-0.305,-531700000.0,-729200000.0,-814400000.0,-31.779,-31.779,-31.779,3908700000.0,,3908700000.0,10728637890.0,-19.0,61.167,78700000.0,4.373,1.0,272400000.0,0.156,0.0,85200000.0,17890000000.0,,506700000.0,1050400000.0,0.0,1050400000.0,10185500000.0,1801800000.0,8383700000.0,5272437890.0,-107300000.0,14400000.0,2900000.0,-6200000.0,-22900000.0,-30100000.0,-255600000.0,-5200000.0,178400000.0,0.0,-565700000.0,-565700000.0,-565700000.0,160100000.0,4500000.0,-0.325,820000000.0,-547600000.0,1764000000.0,-0.04,1.349,-10.045,-9.92,11082500000.0,0.0,292.95,0.752,0.752,557900000.0,2449800000.0,1742800000.0,1742800000.0,0.0,,,,,11400000.0,60100000.0,1.0,17997739.0,17997739.0,,96.834,14133400000.0,74200000.0,-248700000.0,40900000.0,785.288,190900000.0
9,BTUUQ,MRQ,2013-09-30,2013-09-30,2013-09-30,2021-08-25,-405900000.0,14890900000.0,,2287800000.0,12603100000.0,,249.953,-62200000.0,551300000.0,551300000.0,1432100000.0,-19100000.0,1.379,2.302,6007500000.0,34200000.0,5973300000.0,6007500000.0,0.0,186400000.0,0.0,0.02,1.274,66300000.0,252700000.0,0.141,252700000.0,66300000.0,-44700000.0,-1.499,-1.499,-1.499,4498800000.0,,4498800000.0,10127225152.0,-18.0,60.317,150400000.0,8.356,1.0,365500000.0,0.203,0.0,111000000.0,18687600000.0,,563200000.0,1154800000.0,0.0,1154800000.0,10356000000.0,1659500000.0,8696500000.0,4657125152.0,33400000.0,-11500000.0,-2900000.0,-3200000.0,-22900000.0,-25300000.0,-153900000.0,5000000.0,212600000.0,0.0,-26100000.0,-26100000.0,-26100000.0,43100000.0,7000000.0,-0.015,250700000.0,114800000.0,1615300000.0,-0.85,1.035,-4.825,-4.38,11448300000.0,0.0,258.75,0.639,0.639,701700000.0,3038400000.0,1797600000.0,1797600000.0,0.0,,,,,10900000.0,55000000.0,1.0,17998551.0,17998551.0,,99.875,14890900000.0,69500000.0,-18600000.0,237000000.0,827.339,628300000.0
10,BTUUQ,MRQ,2013-06-30,2013-06-30,2013-06-30,2021-08-25,-420000000.0,14927900000.0,,2249200000.0,12678700000.0,,251.331,-92500000.0,517900000.0,517900000.0,1437200000.0,87100000.0,1.346,2.296,5988000000.0,26000000.0,5962000000.0,5988000000.0,0.0,185700000.0,0.0,0.024,1.274,16400000.0,202100000.0,0.117,202100000.0,16400000.0,-94400000.0,4.948,4.948,4.948,4520000000.0,,4520000000.0,9465546013.0,-21.0,33.89,-32800000.0,-1.824,1.0,288100000.0,0.167,0.0,110800000.0,18727200000.0,,581600000.0,1186700000.0,0.0,1186700000.0,10376800000.0,1670800000.0,8706000000.0,3949346013.0,-111600000.0,28100000.0,2600000.0,-107100000.0,-23000000.0,-133400000.0,-37900000.0,7200000.0,59700000.0,0.0,90300000.0,90300000.0,90300000.0,14300000.0,-3200000.0,0.052,246300000.0,41800000.0,1625800000.0,0.257,0.874,-4.407,-4.333,11492000000.0,0.0,219.6,0.523,0.523,732200000.0,3087400000.0,1725300000.0,1725300000.0,0.0,,,,,16800000.0,64000000.0,1.0,17984271.0,17984271.0,,95.934,14927900000.0,39400000.0,-184700000.0,154500000.0,830.053,578400000.0
11,BTUUQ,MRQ,2013-03-31,2013-03-31,2013-03-31,2021-08-25,11600000.0,15471900000.0,,2452100000.0,13019800000.0,,270.674,-74000000.0,629500000.0,629500000.0,1389400000.0,-19400000.0,1.477,2.171,6145700000.0,139500000.0,6006200000.0,6145700000.0,0.0,170700000.0,0.0,0.017,1.349,81600000.0,252300000.0,0.144,252300000.0,81600000.0,-19700000.0,-1.349,-1.349,-1.349,4867900000.0,,4867900000.0,11399641856.0,-62.0,22.533,197700000.0,10.993,1.0,358600000.0,0.205,0.0,101300000.0,19327900000.0,,566000000.0,1422100000.0,0.0,1422100000.0,10567900000.0,1660200000.0,8907700000.0,5705541856.0,70700000.0,20200000.0,-2600000.0,-108500000.0,-22900000.0,-132700000.0,-68300000.0,23100000.0,271700000.0,0.0,-23400000.0,-23400000.0,-23400000.0,9100000.0,4000000.0,-0.013,252200000.0,106400000.0,1494100000.0,-1.0,1.172,-7.298,-7.222,11597700000.0,0.0,317.25,0.731,0.731,661800000.0,3020100000.0,1748000000.0,1748000000.0,0.0,,,,,11800000.0,65100000.0,1.0,17984371.0,17984371.0,,97.196,15471900000.0,33600000.0,3700000.0,482300000.0,860.297,791900000.0
12,BTUUQ,MRQ,2012-12-31,2012-12-31,2012-12-31,2021-08-25,11000000.0,15809000000.0,,2575500000.0,13233500000.0,,273.996,-253900000.0,558800000.0,558800000.0,1543600000.0,-1002800000.0,1.538,2.216,6252900000.0,47800000.0,6205100000.0,6252900000.0,0.0,192700000.0,0.0,0.013,1.349,-731900000.0,-539200000.0,-0.267,-539200000.0,-731900000.0,-829200000.0,-61.169,-61.169,-61.169,4904900000.0,,4904900000.0,12860420426.0,156.0,17.248,-30300000.0,-1.693,1.0,473300000.0,0.235,0.0,97300000.0,19829000000.0,,548400000.0,1431800000.0,0.0,1431800000.0,10870200000.0,1674100000.0,9196100000.0,7145320426.0,-89200000.0,1200000.0,8300000.0,-116200000.0,-22800000.0,-142500000.0,-170300000.0,-629700000.0,223600000.0,0.0,-1006000000.0,-1006000000.0,-1006000000.0,11500000.0,3200000.0,-0.499,1184600000.0,-711300000.0,1606900000.0,-0.022,1.457,-12.2,-12.157,11801700000.0,0.0,399.15,0.885,0.885,737800000.0,3066400000.0,2016900000.0,2016900000.0,0.0,,,,,10500000.0,66400000.0,1.0,17901342.0,17901342.0,,112.668,15809000000.0,56400000.0,176800000.0,577300000.0,883.118,901400000.0
13,BTUUQ,MRQ,2012-09-30,2012-09-30,2012-09-30,2021-08-25,23200000.0,16850400000.0,,2654700000.0,14195700000.0,,332.142,-305700000.0,648000000.0,648000000.0,1501300000.0,41600000.0,1.483,1.829,6363100000.0,124800000.0,6238300000.0,6363100000.0,0.0,172500000.0,0.0,0.016,1.274,191600000.0,364100000.0,0.177,364100000.0,191600000.0,92200000.0,6.897,6.897,6.897,5944600000.0,,5944600000.0,11880323619.0,10.0,6.361,310300000.0,17.337,1.0,557500000.0,0.271,0.0,99400000.0,20775700000.0,,554900000.0,1684600000.0,0.0,1684600000.0,10873400000.0,1789800000.0,9083600000.0,5984123619.0,158800000.0,-14900000.0,-300000.0,-25700000.0,-22800000.0,-51300000.0,-405900000.0,113400000.0,616000000.0,0.0,42900000.0,42900000.0,42900000.0,81300000.0,-1300000.0,0.021,269800000.0,287700000.0,1645100000.0,0.185,1.007,9.312,8.78,12511100000.0,0.0,334.35,0.722,0.722,682200000.0,4095200000.0,2058800000.0,2058800000.0,0.0,,,,,10700000.0,68700000.0,1.0,17897782.0,17897782.0,,115.031,16850400000.0,15800000.0,49300000.0,385000000.0,941.48,864900000.0
14,BTUUQ,MRQ,2012-06-30,2012-06-30,2012-06-30,2021-08-25,-53200000.0,16693900000.0,,2574500000.0,14119400000.0,,321.093,-191900000.0,489200000.0,489200000.0,0.0,207800000.0,1.48,1.855,6385400000.0,121400000.0,6264000000.0,6385400000.0,0.0,155300000.0,0.0,0.014,1.349,273400000.0,428700000.0,0.216,428700000.0,273400000.0,166500000.0,11.694,11.694,11.694,5833800000.0,,5833800000.0,12382996091.0,9.0,6.248,88100000.0,4.849,1.0,1981100000.0,1.0,0.0,106900000.0,20850200000.0,,581700000.0,1683800000.0,0.0,1683800000.0,10824500000.0,1739900000.0,9084600000.0,6682396091.0,-463200000.0,-7200000.0,-100000000.0,-266600000.0,-23100000.0,-430400000.0,-312800000.0,280200000.0,280000000.0,0.0,204700000.0,204700000.0,204700000.0,6700000.0,3100000.0,0.103,231800000.0,1749300000.0,1596500000.0,0.115,1.145,7.648,7.838,12435600000.0,0.0,367.8,0.814,0.814,816200000.0,4075100000.0,1981100000.0,1981100000.0,0.0,,,,,11200000.0,62700000.0,1.0,18168560.0,18168560.0,,109.04,16693900000.0,17400000.0,-38200000.0,456000000.0,918.835,834600000.0
15,BTUUQ,MRQ,2012-03-31,2012-03-31,2012-03-31,2021-08-25,-63700000.0,16937100000.0,,3029700000.0,13907400000.0,,315.346,-234500000.0,952400000.0,952400000.0,0.0,178300000.0,1.856,1.943,6653000000.0,114600000.0,6538400000.0,6653000000.0,0.0,142900000.0,0.0,0.012,1.349,349100000.0,492000000.0,0.243,492000000.0,349100000.0,247100000.0,9.445,9.445,9.445,5726600000.0,,5726600000.0,13746983891.0,9.0,6.493,161000000.0,8.866,1.0,2020700000.0,1.0,0.0,102000000.0,21005700000.0,,514900000.0,1938300000.0,0.0,1938300000.0,11124300000.0,1632000000.0,9492300000.0,7888583891.0,153300000.0,9200000.0,-7900000.0,-13400000.0,-23200000.0,-39100000.0,-203100000.0,341800000.0,395500000.0,0.0,172700000.0,172700000.0,172700000.0,4700000.0,5600000.0,0.085,224900000.0,1795800000.0,1502800000.0,0.143,1.378,8.27,8.374,11969100000.0,0.0,434.4,0.961,0.961,748100000.0,3893500000.0,2020700000.0,2020700000.0,0.0,,,,,13000000.0,71000000.0,1.0,18159724.0,18159724.0,,111.274,16937100000.0,24300000.0,74400000.0,590800000.0,932.674,1397700000.0
16,BTUUQ,MRQ,2011-12-31,2011-12-31,2011-12-31,2021-08-25,-142400000.0,16733000000.0,,3005900000.0,13727100000.0,,303.592,-306100000.0,799100000.0,799100000.0,5477600000.0,193900000.0,1.648,2.045,6657500000.0,101100000.0,6556400000.0,6657500000.0,0.0,156700000.0,0.0,0.011,1.274,426200000.0,582900000.0,0.261,582900000.0,426200000.0,346700000.0,10.045,10.195,10.045,5485100000.0,,5485100000.0,10073932018.0,6.0,4.953,136600000.0,7.561,1.0,-3247800000.0,-1.457,0.0,79500000.0,20767700000.0,,444400000.0,2475500000.0,0.0,2475500000.0,11217200000.0,1823700000.0,9393500000.0,8973132018.0,-602500000.0,-2734300000.0,-2600000.0,4024400000.0,-23000000.0,2005800000.0,-3051000000.0,279400000.0,442700000.0,0.0,222300000.0,222300000.0,222300000.0,27600000.0,-28400000.0,0.1,282500000.0,-3530300000.0,1712300000.0,0.127,1.636,9.369,9.384,11251600000.0,0.0,496.65,1.136,1.136,922500000.0,3744000000.0,2229800000.0,2229800000.0,0.0,,,,,11500000.0,76800000.0,1.0,18067315.0,18067315.0,,123.416,16733000000.0,27300000.0,124400000.0,523200000.0,926.148,1182200000.0
17,BTUUQ,MRQ,2011-09-30,2011-09-30,2011-09-30,2021-08-25,-139100000.0,11691600000.0,,3005000000.0,8686600000.0,,292.793,-232500000.0,1401600000.0,1401600000.0,0.0,281500000.0,2.085,1.204,2502400000.0,43800000.0,2458600000.0,2502400000.0,0.0,105800000.0,0.0,0.01,1.349,372500000.0,478300000.0,0.241,478300000.0,372500000.0,313300000.0,15.742,15.592,15.742,5289000000.0,,5289000000.0,10515208313.0,7.0,5.621,342400000.0,18.955,1.0,1980600000.0,1.0,0.0,59200000.0,11351100000.0,,351900000.0,878500000.0,0.0,878500000.0,6369100000.0,1441300000.0,4927800000.0,9180108313.0,224700000.0,-93600000.0,-700000.0,-11600000.0,-22300000.0,-33200000.0,-317000000.0,77800000.0,574900000.0,0.0,274100000.0,274100000.0,274100000.0,9700000.0,7400000.0,0.138,192500000.0,1788100000.0,1334900000.0,0.086,1.736,9.71,9.312,7808100000.0,0.0,508.2,1.252,1.252,591400000.0,3544700000.0,1980600000.0,1980600000.0,0.0,,,,,10500000.0,71200000.0,1.0,18063967.0,18063967.0,,109.644,11691600000.0,90900000.0,39200000.0,499600000.0,647.233,1563700000.0
18,BTUUQ,MRQ,2011-06-30,2011-06-30,2011-06-30,2021-08-25,52600000.0,11745600000.0,,3110400000.0,8635200000.0,,288.812,-220700000.0,1176900000.0,1176900000.0,0.0,292200000.0,2.094,1.246,2512000000.0,43800000.0,2468200000.0,2512000000.0,0.0,104100000.0,0.0,0.006,1.349,459800000.0,563900000.0,0.285,563900000.0,459800000.0,410900000.0,16.642,16.492,16.642,5215400000.0,,5215400000.0,17424271904.0,12.0,8.967,174300000.0,9.652,1.0,1980500000.0,1.0,0.0,48900000.0,11595200000.0,,374000000.0,1126200000.0,75000000.0,1051200000.0,6500300000.0,1485500000.0,5014800000.0,15957071904.0,-96300000.0,-11500000.0,-4300000.0,-226800000.0,-23800000.0,-262700000.0,-228600000.0,30500000.0,395000000.0,0.0,284800000.0,284800000.0,284800000.0,15600000.0,7400000.0,0.144,152700000.0,1827800000.0,1335600000.0,0.081,3.06,17.821,17.184,7584000000.0,0.0,883.65,2.212,2.212,644800000.0,3292900000.0,1980500000.0,1980500000.0,0.0,,,,,11000000.0,58600000.0,1.0,18058136.0,18058136.0,,109.674,11745600000.0,103500000.0,126100000.0,597800000.0,650.433,1624900000.0
19,BTUUQ,MRQ,2011-03-31,2011-03-31,2011-03-31,2021-08-25,-20900000.0,11523900000.0,,3046200000.0,8477700000.0,,269.799,-88100000.0,1273200000.0,1273200000.0,0.0,178700000.0,1.852,1.362,2740400000.0,261500000.0,2478900000.0,2740400000.0,0.0,107700000.0,0.0,0.004,1.274,300300000.0,408000000.0,0.234,408000000.0,300300000.0,249300000.0,10.645,10.495,10.645,4868900000.0,,4868900000.0,20934048621.0,15.0,11.618,132500000.0,7.342,1.0,1743100000.0,1.0,0.0,51000000.0,11346400000.0,,362800000.0,1156200000.0,100000000.0,1056200000.0,6632100000.0,1644700000.0,4987400000.0,19479248621.0,-22000000.0,-10000000.0,-11100000.0,-10000000.0,-23000000.0,-31400000.0,-211200000.0,-99100000.0,220600000.0,0.0,176500000.0,176500000.0,176500000.0,15900000.0,2200000.0,0.101,178600000.0,1564500000.0,1225800000.0,0.12,4.001,23.848,23.3,7421500000.0,0.0,1079.4,2.825,2.825,476400000.0,3031900000.0,1743100000.0,1743100000.0,0.0,,,,,10900000.0,61600000.0,1.0,18046367.0,18046367.0,,96.59,11523900000.0,114700000.0,72800000.0,578200000.0,638.572,1401500000.0
20,BTUUQ,MRQ,2010-12-31,2010-12-31,2010-12-31,2021-08-25,-67900000.0,11363100000.0,,2958200000.0,8404900000.0,,259.146,-264400000.0,1295200000.0,1295200000.0,0.0,215000000.0,1.954,1.432,2750000000.0,43200000.0,2706800000.0,2750000000.0,0.0,102200000.0,0.0,0.005,1.274,318400000.0,420600000.0,0.259,420600000.0,318400000.0,266500000.0,11.544,11.244,11.544,4660700000.0,,4660700000.0,18648641775.0,14.0,10.723,-69500000.0,-3.864,1.0,1626500000.0,1.0,0.0,51900000.0,11304200000.0,,327200000.0,1026800000.0,0.0,1026800000.0,6673800000.0,1513700000.0,5160100000.0,17260041775.0,-72300000.0,-23500000.0,-11000000.0,-18800000.0,-22900000.0,13100000.0,-280300000.0,800000.0,194900000.0,0.0,210000000.0,210000000.0,210000000.0,20600000.0,5000000.0,0.129,171900000.0,1454600000.0,1288800000.0,0.11,3.703,22.3,22.227,7378100000.0,0.0,959.7,2.588,2.588,555800000.0,2878400000.0,1626500000.0,1626500000.0,0.0,,,,,11000000.0,68600000.0,1.0,17984830.0,17984830.0,,90.437,11363100000.0,120400000.0,56500000.0,545100000.0,631.816,1444500000.0
21,BTUUQ,MRQ,2010-09-30,2010-09-30,2010-09-30,2021-08-25,-20400000.0,10972600000.0,,2915400000.0,8057200000.0,,248.066,-100200000.0,1367500000.0,1367500000.0,0.0,236300000.0,2.066,1.458,2756100000.0,41500000.0,2714600000.0,2756100000.0,0.0,116700000.0,0.0,0.006,1.049,434000000.0,550700000.0,0.295,550700000.0,434000000.0,371800000.0,12.594,12.444,12.594,4453700000.0,,4453700000.0,14804464996.0,13.0,9.394,327600000.0,18.247,1.0,1864700000.0,1.0,0.0,62200000.0,10949900000.0,,396300000.0,838100000.0,0.0,838100000.0,6493700000.0,1411300000.0,5082400000.0,13198664996.0,210500000.0,-23400000.0,3100000.0,-13100000.0,-18900000.0,-27700000.0,-189600000.0,-63000000.0,427800000.0,0.0,224100000.0,224100000.0,224100000.0,1300000.0,12200000.0,0.12,174000000.0,1690700000.0,1317900000.0,0.083,2.964,20.114,19.852,7219100000.0,0.0,735.15,2.053,2.053,583300000.0,2691300000.0,1864700000.0,1864700000.0,0.0,,,,,7800000.0,54100000.0,1.0,17953703.0,17953703.0,,103.862,10972600000.0,66200000.0,147700000.0,547900000.0,611.161,1504100000.0
22,BTUUQ,MRQ,2010-06-30,2010-06-30,2010-06-30,2021-08-25,-299700000.0,10097800000.0,,2330200000.0,7767600000.0,,220.615,-97400000.0,1157000000.0,1157000000.0,0.0,214200000.0,1.916,1.549,2762800000.0,35200000.0,2727600000.0,2762800000.0,0.0,105100000.0,0.0,0.007,1.049,317500000.0,422600000.0,0.254,422600000.0,317500000.0,259600000.0,11.544,11.394,11.544,3955300000.0,,3955300000.0,12246743181.0,13.0,9.076,195200000.0,10.888,1.0,1661400000.0,1.0,0.0,57900000.0,10487200000.0,,363400000.0,521200000.0,0.0,521200000.0,6127600000.0,1216400000.0,4911200000.0,10523143181.0,131600000.0,-20000000.0,200000.0,-15000000.0,-18800000.0,-40000000.0,-121000000.0,0.0,292600000.0,0.0,206200000.0,206200000.0,206200000.0,500000.0,8000000.0,0.124,168700000.0,1492700000.0,1101300000.0,0.091,2.661,19.527,19.191,7246400000.0,0.0,586.95,1.688,1.688,393700000.0,2486100000.0,1661400000.0,1661400000.0,0.0,,,,,10900000.0,54100000.0,1.0,17928517.0,17928517.0,,92.668,10097800000.0,57300000.0,53400000.0,320500000.0,563.226,1113800000.0
23,BTUUQ,MRQ,2010-03-31,2010-03-31,2010-03-31,2021-08-25,-121000000.0,10055300000.0,,2248600000.0,7806700000.0,,219.534,-84000000.0,1025400000.0,1025400000.0,0.0,136700000.0,1.927,1.553,2749000000.0,14300000.0,2734700000.0,2749000000.0,0.0,105500000.0,0.0,0.006,1.049,239800000.0,345300000.0,0.228,345300000.0,239800000.0,189800000.0,7.496,7.496,7.496,3935400000.0,,3935400000.0,14051880395.0,17.0,11.39,87800000.0,4.898,1.0,1515600000.0,1.0,0.0,50000000.0,10611900000.0,,343200000.0,560900000.0,0.0,560900000.0,6111600000.0,1167000000.0,4944600000.0,12288380395.0,36600000.0,-27900000.0,-5800000.0,-2600000.0,-18800000.0,-22500000.0,-112700000.0,0.0,171800000.0,0.0,133700000.0,133700000.0,133700000.0,400000.0,3000000.0,0.088,163100000.0,1352500000.0,1076100000.0,0.14,3.123,29.833,28.577,7245800000.0,0.0,685.5,2.079,2.079,305600000.0,2298700000.0,1515600000.0,1515600000.0,0.0,,,,,11400000.0,55400000.0,1.0,17926157.0,17926157.0,,84.547,10055300000.0,29400000.0,56100000.0,379700000.0,560.929,1081600000.0
24,BTUUQ,MRQ,2009-12-31,2009-12-31,2009-12-31,2021-08-25,-183500000.0,9955300000.0,,2189000000.0,7766300000.0,,209.895,-239500000.0,988800000.0,988800000.0,0.0,95000000.0,1.668,1.653,2752300000.0,14100000.0,2738200000.0,2752300000.0,0.0,95000000.0,0.0,0.006,1.049,162300000.0,257300000.0,0.185,257300000.0,162300000.0,112800000.0,5.397,5.397,5.397,3749700000.0,,3749700000.0,14101006690.0,17.0,11.409,143400000.0,8.027,1.0,1388800000.0,1.0,0.0,49500000.0,10406400000.0,,325100000.0,504800000.0,0.0,504800000.0,6199400000.0,1312400000.0,4887000000.0,12114906690.0,198000000.0,-20200000.0,-3400000.0,-25700000.0,-18700000.0,-54900000.0,-130000000.0,0.0,382900000.0,0.0,92200000.0,92200000.0,92200000.0,3800000.0,2800000.0,0.066,149300000.0,1239500000.0,1187700000.0,0.194,3.231,27.03,28.27,7261500000.0,0.0,678.15,2.072,2.072,303000000.0,2183800000.0,1388800000.0,1388800000.0,0.0,,,,,10800000.0,53200000.0,1.0,17864641.0,17864641.0,,77.74,9955300000.0,40000000.0,20600000.0,299100000.0,557.263,876600000.0
25,BTUUQ,MRQ,2009-09-30,2009-09-30,2009-09-30,2021-08-25,-65900000.0,9859500000.0,,2089100000.0,7770400000.0,,211.773,-62000000.0,790800000.0,790800000.0,0.0,110800000.0,1.579,1.607,2776900000.0,13700000.0,2763200000.0,2776900000.0,0.0,108000000.0,0.0,0.006,0.9,216100000.0,324100000.0,0.194,324100000.0,216100000.0,163800000.0,6.147,6.147,6.147,3780600000.0,,3780600000.0,12303465005.0,12.0,8.306,373800000.0,20.939,1.0,1667000000.0,1.0,0.0,52300000.0,10522200000.0,,357200000.0,542200000.0,0.0,542200000.0,6074800000.0,1323400000.0,4751400000.0,9966865005.0,344800000.0,-17100000.0,500000.0,-5400000.0,-16000000.0,-22800000.0,-68200000.0,0.0,435800000.0,0.0,106800000.0,106800000.0,106800000.0,2400000.0,4000000.0,0.064,172200000.0,1494800000.0,1188400000.0,0.146,2.636,15.355,16.261,7228200000.0,0.0,558.3,1.569,1.569,339800000.0,2110300000.0,1667000000.0,1667000000.0,0.0,,,,,10700000.0,54200000.0,1.0,17852168.0,17852168.0,,93.378,9859500000.0,12500000.0,57000000.0,344900000.0,552.286,765700000.0
26,BTUUQ,MRQ,2009-06-30,2009-06-30,2009-06-30,2021-08-25,-151700000.0,9623100000.0,,1857900000.0,7765200000.0,,201.322,-46200000.0,446000000.0,446000000.0,0.0,82000000.0,1.416,1.678,2782600000.0,16400000.0,2766200000.0,2782600000.0,0.0,101200000.0,0.0,0.008,0.9,205800000.0,307000000.0,0.229,307000000.0,205800000.0,157600000.0,4.948,4.798,4.948,3590100000.0,,3590100000.0,10326889295.0,8.0,5.924,-6200000.0,-0.348,1.0,1338200000.0,1.0,0.0,48200000.0,10647900000.0,,447500000.0,451900000.0,0.0,451900000.0,6025700000.0,1311800000.0,4713900000.0,8067489295.0,-80700000.0,-21900000.0,600000.0,-3000000.0,-16100000.0,-18400000.0,-102300000.0,0.0,40000000.0,0.0,79200000.0,79200000.0,79200000.0,8000000.0,2800000.0,0.059,146300000.0,1191900000.0,1143600000.0,0.182,2.247,8.848,9.2,7313300000.0,0.0,452.4,1.227,1.227,319100000.0,2019500000.0,1338200000.0,1338200000.0,0.0,,,,,8700000.0,45600000.0,1.0,17832647.0,17832647.0,,75.042,9623100000.0,0.0,78400000.0,236100000.0,539.634,546100000.0
27,BTUUQ,MRQ,2009-03-31,2009-03-31,2009-03-31,2021-08-25,-341300000.0,9667300000.0,,1949700000.0,7717600000.0,,186.63,-35700000.0,526700000.0,526700000.0,0.0,175200000.0,1.185,1.903,2786100000.0,16700000.0,2769400000.0,2786100000.0,0.0,96300000.0,0.0,0.01,0.9,251300000.0,347600000.0,0.239,347600000.0,251300000.0,200200000.0,7.646,7.496,7.646,3328200000.0,,3328200000.0,9404616206.0,6.0,5.041,155800000.0,8.737,1.0,1453000000.0,1.0,0.0,51100000.0,10281300000.0,,327000000.0,408900000.0,0.0,408900000.0,6333800000.0,1645400000.0,4688400000.0,6698116206.0,77000000.0,-12600000.0,0.0,-3000000.0,-16000000.0,-8500000.0,-106000000.0,0.0,191500000.0,0.0,170000000.0,170000000.0,170000000.0,-34000000.0,5200000.0,0.117,148500000.0,1304500000.0,1387500000.0,0.118,2.013,6.284,6.524,7308700000.0,0.0,375.6,0.99,0.99,290600000.0,1956300000.0,1453000000.0,1453000000.0,0.0,,,,,8600000.0,46100000.0,1.0,17833110.0,17833110.0,,81.478,9667300000.0,0.0,30200000.0,69100000.0,542.098,304300000.0
28,BTUUQ,MRQ,2008-12-31,2008-12-31,2008-12-31,2021-08-25,-388500000.0,9695600000.0,,1971300000.0,7724300000.0,,175.713,-91600000.0,449700000.0,449700000.0,0.0,293600000.0,1.062,2.109,2793600000.0,17000000.0,2776600000.0,2793600000.0,0.0,118000000.0,0.0,0.011,0.9,384500000.0,502500000.0,0.265,502500000.0,384500000.0,329100000.0,15.592,15.442,15.592,3118100000.0,,3118100000.0,9116742054.0,7.0,5.14,513700000.0,28.948,1.0,1893900000.0,1.0,0.0,55400000.0,10183300000.0,,276200000.0,427000000.0,0.0,427000000.0,6576100000.0,1856200000.0,4719900000.0,6068942054.0,345700000.0,-12300000.0,-157300000.0,-15900000.0,-16000000.0,-322700000.0,63100000.0,106900000.0,605300000.0,0.0,293100000.0,293100000.0,293100000.0,-13300000.0,500000.0,0.155,189000000.0,1704900000.0,1535000000.0,0.058,1.946,6.369,6.27,7297300000.0,0.0,341.25,0.925,0.933,382200000.0,1802400000.0,1893900000.0,1893900000.0,0.0,,,,,8800000.0,59100000.0,1.0,17784446.0,17745450.0,17850764.0,106.726,9695600000.0,1700000.0,36000000.0,20800000.0,546.371,115100000.0
29,BTUUQ,MRQ,2008-09-30,2008-09-30,2008-09-30,2021-08-25,-267100000.0,9603300000.0,,1818600000.0,7784700000.0,,162.808,-62500000.0,104000000.0,104000000.0,0.0,371800000.0,0.941,2.273,3151800000.0,44200000.0,3107600000.0,3151800000.0,0.0,99600000.0,0.0,0.005,0.9,486400000.0,586000000.0,0.31,586000000.0,486400000.0,432000000.0,20.99,20.84,20.99,2934100000.0,,2934100000.0,15427396489.0,16.0,11.447,365700000.0,20.292,1.0,1889600000.0,1.0,0.0,54400000.0,10717500000.0,,275100000.0,397300000.0,0.0,397300000.0,6667900000.0,1933600000.0,4734300000.0,12243596489.0,29200000.0,-10200000.0,-55700000.0,-98200000.0,-16400000.0,-169600000.0,-229400000.0,-106900000.0,428200000.0,0.0,369500000.0,369500000.0,369500000.0,11400000.0,2300000.0,0.196,156600000.0,1733000000.0,1340300000.0,0.043,4.173,17.614,13.32,7387400000.0,0.0,675.0,2.1,2.087,412900000.0,1552700000.0,1889600000.0,1889600000.0,0.0,,,,,8200000.0,44200000.0,1.0,18138661.0,18021820.0,18183560.0,104.851,9603300000.0,105800000.0,62500000.0,100500000.0,532.871,-115000000.0
30,BTUUQ,MRQ,2008-06-30,2008-06-30,2008-06-30,2021-08-25,-87300000.0,10488500000.0,,2614800000.0,7873700000.0,,155.899,-50700000.0,74800000.0,74800000.0,0.0,235800000.0,0.95,2.734,3258600000.0,135900000.0,3122700000.0,3258600000.0,0.0,92800000.0,0.0,0.003,0.9,336600000.0,429400000.0,0.281,429400000.0,336600000.0,278700000.0,13.343,13.193,13.343,2807500000.0,,2807500000.0,27201033852.0,46.0,28.672,154700000.0,8.59,1.0,1526900000.0,1.0,0.0,57900000.0,10921300000.0,,296300000.0,531200000.0,0.0,531200000.0,7677000000.0,2751000000.0,4926000000.0,23918532852.0,-7700000.0,-10200000.0,8000000.0,-100200000.0,-16200000.0,-92100000.0,-121000000.0,0.0,205400000.0,0.0,233300000.0,233300000.0,233300000.0,8500000.0,2500000.0,0.153,141300000.0,1385600000.0,1155200000.0,0.067,8.52,66.83,41.95,7342500000.0,0.0,1320.75,4.655,4.629,296000000.0,1199400000.0,1526900000.0,1526900000.0,0.0,,,,,10300000.0,43100000.0,1.0,18109811.0,18008464.0,18186715.0,84.788,10488500000.0,98600000.0,45400000.0,325000000.0,582.421,-136200000.0
31,BTUUQ,MRQ,2008-03-31,2008-03-31,2008-03-31,2021-08-25,-69652000.0,9338201000.0,,1571825000.0,7766376000.0,,143.346,-59300000.0,82547000.0,82547000.0,0.0,57900000.0,0.876,2.627,3365048000.0,227692000.0,3137356000.0,3365048000.0,0.0,92000000.0,0.0,0.005,0.9,162900000.0,254900000.0,0.201,254900000.0,162900000.0,103400000.0,4.348,4.198,4.348,2573916000.0,,2573916000.0,17056224305.0,39.0,21.561,-400000.0,-0.022,1.0,1266100000.0,1.0,0.0,59500000.0,10826334000.0,,251316000.0,432862000.0,0.0,432862000.0,6762307000.0,1794368000.0,4967939000.0,13828403305.0,37200000.0,-10800000.0,8300000.0,83900000.0,-16300000.0,86400000.0,-108100000.0,0.0,58900000.0,0.0,57000000.0,57000000.0,57000000.0,20200000.0,900000.0,0.045,90200000.0,1175900000.0,1092036000.0,0.207,5.373,59.528,31.497,7333514000.0,0.0,765.0,2.955,2.935,278959000.0,982294000.0,1266100000.0,1266100000.0,0.0,,,,,7600000.0,50900000.0,1.0,18076344.0,17955966.0,18151936.0,70.511,9338201000.0,98633000.0,46400000.0,351826000.0,520.061,-222543000.0
32,BTUUQ,MRQ,2007-12-31,2007-12-31,2007-12-31,2021-08-25,-67100000.0,9091200000.0,,1310500000.0,7780700000.0,,142.081,-51700000.0,45300000.0,45300000.0,0.0,33000000.0,0.835,2.608,3273100000.0,134400000.0,3138700000.0,3273100000.0,0.0,86600000.0,0.0,0.004,0.9,-9200000.0,77400000.0,0.067,77400000.0,-9200000.0,-70200000.0,11.994,11.844,11.994,2519700000.0,,2519700000.0,19393892165.0,45.0,25.018,-222100000.0,-12.524,1.0,1146700000.0,1.0,0.0,61000000.0,10748800000.0,,264700000.0,482800000.0,0.0,482800000.0,6570800000.0,1570200000.0,5000600000.0,16394065165.0,-171000000.0,-33200000.0,11300000.0,68100000.0,-16000000.0,85000000.0,-85600000.0,0.0,-170400000.0,0.0,35300000.0,35300000.0,35300000.0,172000000.0,-2300000.0,0.031,133600000.0,1013100000.0,1134000000.0,0.075,6.506,62.146,36.929,7297900000.0,0.0,924.6,3.624,3.6,256900000.0,941400000.0,1146700000.0,1146700000.0,0.0,,,,,1300000.0,50100000.0,1.0,17730982.0,17734280.0,18059419.0,64.66,9091200000.0,58800000.0,-105500000.0,354800000.0,512.634,-259700000.0
33,BTUUQ,MRQ,2007-09-30,2007-09-30,2007-09-30,2021-08-25,-170598000.0,10454501000.0,,1782092000.0,8672409000.0,,150.161,-125300000.0,216314000.0,216314000.0,0.0,32300000.0,0.937,2.945,3216141000.0,63174000.0,3152967000.0,3216141000.0,0.0,89300000.0,0.0,0.005,0.9,97700000.0,187000000.0,0.156,187000000.0,97700000.0,39000000.0,1.799,1.799,1.799,2642872000.0,,2642872000.0,15014989864.0,26.0,17.517,127800000.0,7.261,1.0,1198500000.0,1.0,242406000.0,58700000.0,11309478000.0,,267194000.0,597666000.0,0.0,597666000.0,7781967000.0,1902444000.0,5879523000.0,11905264864.0,134000000.0,400000.0,3500000.0,14800000.0,-15900000.0,1300000.0,-120400000.0,0.0,253100000.0,0.0,32300000.0,32300000.0,32300000.0,22700000.0,0.0,0.027,105600000.0,1092900000.0,1177015000.0,0.5,4.505,29.502,29.117,7832337000.0,0.0,672.262,3.368,3.347,277442000.0,1296757000.0,1198500000.0,1198500000.0,0.0,,,,,6300000.0,33200000.0,1.0,17709256.0,17600218.0,17938360.0,68.096,10212095000.0,106967000.0,6700000.0,248643000.0,580.225,-120352000.0
34,BTUUQ,MRQ,2007-06-30,2007-06-30,2007-06-30,2021-08-25,-209668000.0,9685801000.0,,1144941000.0,8540860000.0,,147.05,-143508000.0,82275000.0,82275000.0,0.0,107700000.0,0.902,2.733,3192000000.0,36793000.0,3155207000.0,3192000000.0,0.0,88475000.0,0.0,0.005,0.9,183300000.0,271775000.0,0.254,271775000.0,183300000.0,124700000.0,6.147,5.997,6.147,2584261000.0,,2584261000.0,14917337663.0,23.0,16.007,-158706000.0,-9.031,1.0,1068800000.0,1.0,242406000.0,58600000.0,11283778000.0,,285670000.0,534513000.0,0.0,534513000.0,7061734000.0,1269342000.0,5792392000.0,12007821663.0,-213016000.0,22000.0,5925000.0,-9824000.0,-15919000.0,-9728000.0,-188090000.0,0.0,-15198000.0,0.0,107700000.0,107700000.0,107700000.0,-8000000.0,0.0,0.101,71400000.0,997400000.0,1005414000.0,0.146,4.647,23.396,23.121,7763941000.0,0.0,679.424,3.334,3.316,259625000.0,1280413000.0,1068800000.0,1068800000.0,0.0,,,,,12500000.0,32100000.0,1.0,17673520.0,17574052.0,17923111.0,60.817,9443395000.0,106967000.0,17000000.0,221142000.0,537.349,-124401000.0
35,BTUUQ,MRQ,2007-03-31,2007-03-31,2007-03-31,2021-08-25,-227235000.0,9540353000.0,,1180597000.0,8359756000.0,,139.597,-118292000.0,295327000.0,295327000.0,0.0,88506000.0,0.931,2.882,3204843000.0,33877000.0,3170966000.0,3204843000.0,0.0,81925000.0,0.0,0.006,0.9,156985000.0,238910000.0,0.215,238910000.0,156985000.0,99501000.0,5.097,4.948,5.097,2449119000.0,,2449119000.0,12914085700.0,20.0,13.93,133606000.0,7.615,1.0,1109792000.0,1.0,240667000.0,57484000.0,10941164000.0,,217563000.0,456068000.0,0.0,456068000.0,7057678000.0,1268038000.0,5789640000.0,9976770700.0,-31184000.0,-622000.0,5475000.0,-93976000.0,-15881000.0,-101872000.0,-181210000.0,0.0,251898000.0,0.0,88506000.0,88506000.0,88506000.0,-6588000.0,0.0,0.08,117908000.0,991884000.0,1110496000.0,0.177,4.074,17.848,17.696,7663021000.0,0.0,565.11,2.592,2.576,278062000.0,1188619000.0,1109792000.0,1109792000.0,0.0,,,,,0.0,31722000.0,1.0,17654553.0,17544226.0,17966227.0,63.257,9299686000.0,106967000.0,10995000.0,204822000.0,530.071,-87441000.0
36,BTUUQ,MRQ,2006-12-31,2006-12-31,2006-12-31,2021-08-25,-249058000.0,9514056000.0,,1296558000.0,8217498000.0,,133.419,-99456000.0,326511000.0,326511000.0,0.0,175036000.0,0.977,3.054,3277032000.0,95757000.0,3181275000.0,3277032000.0,0.0,21097000.0,0.0,0.006,0.9,138401000.0,159498000.0,1.011,159498000.0,138401000.0,78431000.0,10.045,9.745,10.045,2338526000.0,,2338526000.0,11371123069.0,17.0,12.119,49546000.0,2.827,1.0,157714000.0,1.0,240667000.0,59970000.0,10896541000.0,,202909000.0,304518000.0,0.0,304518000.0,7142193000.0,1327369000.0,5814824000.0,9985925069.0,9073000.0,-1156062000.0,2723000.0,1256691000.0,-15872000.0,1226054000.0,-1365983000.0,0.0,149002000.0,0.0,175036000.0,175036000.0,175036000.0,-30800000.0,0.0,1.11,59402000.0,98312000.0,944151000.0,0.09,4.27,16.624,16.602,6708830000.0,0.0,567.498,2.465,2.461,320822000.0,1115994000.0,157714000.0,157714000.0,0.0,,,,,4413000.0,9207000.0,1.0,17596414.0,17527691.0,17922398.0,8.998,9273389000.0,77562000.0,-96605000.0,412886000.0,529.071,-30811000.0
37,BTUUQ,MRQ,2006-09-30,2006-09-30,2006-09-30,2021-08-25,-48245000.0,7228537000.0,,1018199000.0,6210338000.0,,134.855,-92309000.0,317405000.0,317405000.0,0.0,142008000.0,1.007,2.044,1702603000.0,77691000.0,1624912000.0,1702603000.0,0.0,90664000.0,0.0,0.008,0.9,171057000.0,261721000.0,0.207,261721000.0,171057000.0,144665000.0,8.096,7.946,8.096,2369632000.0,,2369632000.0,10170594320.0,14.0,9.983,128584000.0,7.318,1.0,1264988000.0,1.0,0.0,26392000.0,7602346000.0,,181444000.0,644798000.0,0.0,644798000.0,4843399000.0,1011389000.0,3832010000.0,9108677320.0,-1331000.0,-308332000.0,-83734000.0,303562000.0,-15866000.0,206348000.0,-428572000.0,0.0,220893000.0,0.0,142008000.0,142008000.0,142008000.0,0.0,0.0,0.112,94180000.0,1170808000.0,853003000.0,0.111,3.844,15.495,15.519,5565540000.0,0.0,516.52,2.195,2.187,244730000.0,956790000.0,1264988000.0,1264988000.0,0.0,,,,,4278000.0,31488000.0,1.0,17634709.0,17571732.0,17930473.0,71.99,7228537000.0,94124000.0,2657000.0,254387000.0,411.373,6810000.0
38,BTUUQ,MRQ,2006-06-30,2006-06-30,2006-06-30,2021-08-25,-31625000.0,6841602000.0,,1005347000.0,5836255000.0,,132.527,-112676000.0,318736000.0,318736000.0,0.0,153434000.0,1.087,1.927,1380653000.0,72088000.0,1308565000.0,1380653000.0,0.0,91475000.0,0.0,0.005,0.9,175454000.0,266929000.0,0.203,266929000.0,175454000.0,150116000.0,8.696,8.546,8.696,2333277000.0,,2333277000.0,14884996445.0,21.0,15.072,51677000.0,2.935,1.0,1316388000.0,1.0,0.0,25338000.0,6978491000.0,,167116000.0,324696000.0,0.0,324696000.0,4495497000.0,925028000.0,3570469000.0,13824724445.0,-31424000.0,-968000.0,4964000.0,-30597000.0,-15893000.0,-29120000.0,-166657000.0,0.0,164353000.0,0.0,153434000.0,153434000.0,153434000.0,0.0,0.0,0.117,93839000.0,1222549000.0,778669000.0,0.103,5.925,24.724,24.749,5511559000.0,0.0,782.925,3.365,3.355,261997000.0,830648000.0,1316388000.0,1316388000.0,0.0,,,,,4307000.0,40779000.0,1.0,17657789.0,17606038.0,17992770.0,74.769,6841602000.0,94124000.0,-3318000.0,289083000.0,388.594,80319000.0
39,BTUUQ,MRQ,2006-03-31,2006-03-31,2006-03-31,2021-08-25,-44931000.0,6627373000.0,,925908000.0,5701465000.0,,122.851,-87459000.0,350160000.0,350160000.0,0.0,130222000.0,0.991,2.064,1410432000.0,77906000.0,1332526000.0,1410432000.0,0.0,80964000.0,0.0,0.005,0.9,169188000.0,250152000.0,0.191,250152000.0,169188000.0,141788000.0,7.346,7.196,7.346,2159096000.0,,2159096000.0,13396112553.0,20.0,14.395,-38407000.0,-2.185,1.0,1311810000.0,1.0,0.0,27400000.0,6753675000.0,,175049000.0,316294000.0,0.0,316294000.0,4455484000.0,933970000.0,3521514000.0,12493884553.0,-153118000.0,-44538000.0,-3653000.0,-12156000.0,-15869000.0,-19582000.0,-182588000.0,0.0,49052000.0,0.0,130222000.0,130222000.0,130222000.0,0.0,0.0,0.099,125479000.0,1186331000.0,792409000.0,0.123,5.787,24.939,24.984,5385171000.0,0.0,707.933,3.203,3.19,238867000.0,693107000.0,1311810000.0,1311810000.0,0.0,,,,,4102000.0,46526000.0,1.0,17648406.0,17574855.0,17966227.0,74.641,6627373000.0,9027000.0,11566000.0,231669000.0,377.094,-8062000.0
40,BTUUQ,MRQ,2005-12-31,2005-12-31,2005-12-31,2021-08-25,-46795000.0,6852006000.0,,1305237000.0,5546769000.0,,124.992,-236694000.0,503278000.0,503278000.0,0.0,162169000.0,1.276,2.144,1405506000.0,22585000.0,1382921000.0,1405506000.0,0.0,21367000.0,0.0,0.006,1.387,218626000.0,239993000.0,0.936,239993000.0,218626000.0,196648000.0,9.145,9.145,9.145,2178467000.0,,2178467000.0,11079936187.0,19.0,13.217,66398000.0,3.81,1.0,256400000.0,1.0,0.0,21978000.0,6731311000.0,,389771000.0,369061000.0,0.0,369061000.0,4670989000.0,1022923000.0,3648066000.0,10151383187.0,24537000.0,0.0,2614000.0,-40761000.0,-12494000.0,-37432000.0,-241123000.0,0.0,303092000.0,0.0,162169000.0,162169000.0,162169000.0,-144150000.0,0.0,0.632,65890000.0,190510000.0,867965000.0,0.152,4.66,24.018,23.976,5177708000.0,0.0,578.733,2.769,2.754,202134000.0,729086000.0,256400000.0,256400000.0,0.0,,,,,-1207000.0,-2761000.0,1.0,17540716.0,17428879.0,17936943.0,14.711,6852006000.0,9027000.0,34479000.0,338488000.0,393.141,282314000.0
41,BTUUQ,MRQ,2005-09-30,2005-09-30,2005-09-30,2021-08-25,-24251000.0,6654795000.0,,1269163000.0,5385632000.0,,116.388,-93275000.0,478741000.0,478741000.0,0.0,113340000.0,1.41,2.266,1407294000.0,23031000.0,1384263000.0,1407294000.0,0.0,77159000.0,0.0,0.005,0.712,153381000.0,230540000.0,0.188,230540000.0,153381000.0,128054000.0,6.447,6.297,6.447,2037275000.0,,2037275000.0,11318535995.0,25.0,15.158,75300000.0,4.302,1.0,1223510000.0,1.0,0.0,25327000.0,6682963000.0,,368850000.0,371603000.0,0.0,371603000.0,4615835000.0,900385000.0,3715450000.0,10362992995.0,19374000.0,-2000000.0,7001000.0,9923000.0,-12462000.0,3712000.0,-152913000.0,0.0,168575000.0,0.0,113340000.0,113340000.0,113340000.0,0.0,0.0,0.093,93985000.0,1129525000.0,809956000.0,0.11,5.087,31.559,31.353,5014029000.0,0.0,592.285,2.338,2.339,236538000.0,579411000.0,1223510000.0,1223510000.0,0.0,,,,,403000.0,57009000.0,1.0,17496646.0,17504241.0,17910416.0,69.898,6654795000.0,15050000.0,14714000.0,419621000.0,380.182,368778000.0
42,BTUUQ,MRQ,2005-06-30,2005-06-30,2005-06-30,2021-08-25,-41008000.0,6404661000.0,,1153222000.0,5251439000.0,,109.039,-64660000.0,459367000.0,459367000.0,0.0,95254000.0,1.432,2.365,1414910000.0,21861000.0,1393049000.0,1414910000.0,0.0,79309000.0,0.0,0.007,0.562,130621000.0,209930000.0,0.189,209930000.0,130621000.0,105416000.0,5.397,5.397,5.397,1902808000.0,,1902808000.0,7388621293.0,20.0,11.168,91007000.0,5.215,1.0,1108786000.0,1.0,0.0,25205000.0,6555017000.0,,363561000.0,368162000.0,0.0,368162000.0,4500140000.0,805187000.0,3694953000.0,6374127293.0,78142000.0,0.0,2286000.0,-1856000.0,-9807000.0,-9753000.0,-67772000.0,0.0,155667000.0,0.0,95254000.0,95254000.0,95254000.0,0.0,0.0,0.086,110690000.0,998096000.0,748514000.0,0.104,3.35,24.661,24.372,4883277000.0,0.0,365.412,1.544,1.544,204419000.0,478533000.0,1108786000.0,1108786000.0,0.0,,,,,400000.0,40671000.0,1.0,17443682.0,17450731.0,17850282.0,63.538,6404661000.0,15050000.0,10162000.0,400991000.0,367.014,348035000.0
43,BTUUQ,MRQ,2005-03-31,2005-03-31,2005-03-31,2021-08-25,-30875000.0,6316398000.0,,1062012000.0,5254386000.0,,104.734,-55719000.0,381225000.0,381225000.0,0.0,51890000.0,1.329,2.467,1395719000.0,21001000.0,1374718000.0,1395719000.0,0.0,75953000.0,0.0,0.008,1.049,81870000.0,157823000.0,0.146,157823000.0,81870000.0,56314000.0,2.999,2.849,2.999,1821142000.0,,1821142000.0,6709069439.0,23.0,11.656,42208000.0,2.427,1.0,1077480000.0,1.0,0.0,25556000.0,6531973000.0,,345562000.0,359607000.0,0.0,359607000.0,4493665000.0,798919000.0,3694746000.0,5673740439.0,-8411000.0,0.0,13681000.0,12771000.0,-9772000.0,16056000.0,-122394000.0,0.0,97927000.0,0.0,51890000.0,51890000.0,51890000.0,0.0,0.0,0.048,91786000.0,985694000.0,727874000.0,0.35,3.115,27.718,27.141,4894779000.0,0.0,325.528,1.441,1.438,187464000.0,393086000.0,1077480000.0,1077480000.0,0.0,,,,,404000.0,37760000.0,1.0,17429331.0,17388258.0,17795647.0,61.966,6316398000.0,15836000.0,4424000.0,404272000.0,363.257,263093000.0
44,BTUUQ,MRQ,2004-12-31,2004-12-31,2004-12-31,2021-08-25,-60618000.0,6178592000.0,,1054602000.0,5123990000.0,,99.954,-28222000.0,389636000.0,389636000.0,0.0,67889000.0,1.362,2.582,1424965000.0,18979000.0,1405986000.0,1424965000.0,0.0,67167000.0,0.0,0.007,0.562,81259000.0,148426000.0,0.145,148426000.0,81259000.0,55315000.0,4.048,3.898,4.048,1724592000.0,,1724592000.0,5911868413.0,24.0,11.459,103033000.0,5.972,1.0,1023529000.0,1.0,0.0,25944000.0,6439777000.0,,323609000.0,342559000.0,0.0,342559000.0,4452091000.0,774144000.0,3677947000.0,4896762413.0,-12199000.0,-35268000.0,8023000.0,1885000.0,-9690000.0,29000.0,-143483000.0,0.0,131255000.0,0.0,67889000.0,67889000.0,67889000.0,0.0,0.0,0.066,117526000.0,906003000.0,691600000.0,0.139,2.839,27.92,26.685,4781431000.0,0.0,284.065,1.348,1.298,193784000.0,350968000.0,1023529000.0,1023529000.0,0.0,,,,,0.0,49466000.0,1.0,17238185.0,17253942.0,17702085.0,59.321,6178592000.0,15461000.0,-12574000.0,393266000.0,358.097,280458000.0
45,BTUUQ,MRQ,2004-09-30,2004-09-30,2004-09-30,2021-08-25,-68715000.0,6138931000.0,,1092195000.0,5046736000.0,,95.308,-30667000.0,401835000.0,401835000.0,0.0,43437000.0,1.389,2.755,1416941000.0,18918000.0,1398023000.0,1416941000.0,0.0,70132000.0,0.0,0.013,0.469,75296000.0,145428000.0,0.158,145428000.0,75296000.0,50370000.0,2.549,2.474,2.549,1634480000.0,,1634480000.0,4664339935.0,22.0,9.918,39804000.0,2.321,1.0,918989000.0,1.0,0.0,24926000.0,6367722000.0,,323039000.0,320893000.0,0.0,320893000.0,4502460000.0,786315000.0,3716145000.0,3578838935.0,72483000.0,-4101000.0,8877000.0,37936000.0,-8026000.0,38663000.0,-36651000.0,0.0,70471000.0,0.0,43437000.0,43437000.0,43437000.0,2000.0,0.0,0.047,112111000.0,806878000.0,665999000.0,0.184,2.19,27.59,25.924,4725843000.0,0.0,208.897,1.069,1.07,173006000.0,292769000.0,918989000.0,918989000.0,0.0,,,,,0.0,33623000.0,1.0,17132072.0,17149527.0,17549846.0,53.587,6138931000.0,15778000.0,6933000.0,415567000.0,357.965,305880000.0
46,BTUUQ,MRQ,2004-06-30,2004-06-30,2004-06-30,2021-08-25,-72433000.0,6132494000.0,,1095482000.0,5037012000.0,,92.959,-89122000.0,329352000.0,329352000.0,0.0,41481000.0,1.316,2.864,1414853000.0,19465000.0,1395388000.0,1414853000.0,0.0,73020000.0,0.0,0.014,0.469,50882000.0,123902000.0,0.135,123902000.0,50882000.0,26287000.0,2.399,2.399,2.399,1586399000.0,,1586399000.0,4016062020.0,24.0,9.531,-17795000.0,-1.043,1.0,916771000.0,1.0,0.0,24595000.0,6385300000.0,,314262000.0,320219000.0,0.0,320219000.0,4544227000.0,832695000.0,3711532000.0,3353771020.0,-450076000.0,-417164000.0,3798000.0,-2697000.0,-7993000.0,-7268000.0,-514135000.0,0.0,71327000.0,0.0,41481000.0,41481000.0,41481000.0,1764000.0,0.0,0.045,111884000.0,804887000.0,685459000.0,0.195,2.114,31.113,28.046,4716793000.0,0.0,196.574,1.072,1.072,259642000.0,257358000.0,916771000.0,916771000.0,0.0,,,,,0.0,32144000.0,1.0,17061125.0,17065582.0,17458928.0,53.72,6132494000.0,15758000.0,-15194000.0,409971000.0,359.349,262787000.0
47,BTUUQ,MRQ,2004-03-31,2004-03-31,2004-03-31,2021-08-25,-83771000.0,6011576000.0,,1417703000.0,4593873000.0,,103.311,-3933000.0,779428000.0,779428000.0,0.0,22580000.0,2.026,2.908,1441719000.0,20066000.0,1421653000.0,1441719000.0,0.0,59840000.0,0.0,0.016,0.469,38306000.0,98146000.0,0.127,98146000.0,38306000.0,16978000.0,1.499,1.499,1.499,1537703000.0,,1537703000.0,3471029605.0,30.0,9.756,6774000.0,0.455,1.0,772293000.0,1.0,0.0,21328000.0,5973993000.0,,271486000.0,331236000.0,0.0,331236000.0,4472019000.0,699874000.0,3772145000.0,2391992605.0,661926000.0,-5000000.0,392067000.0,277090000.0,-6859000.0,661980000.0,-10761000.0,0.0,10707000.0,0.0,22580000.0,22580000.0,22580000.0,1073000.0,0.0,0.029,90221000.0,682072000.0,562201000.0,0.313,1.556,36.795,36.007,4262637000.0,0.0,163.291,0.823,0.836,176864000.0,223870000.0,772293000.0,772293000.0,0.0,,,,,0.0,27792000.0,1.0,14648670.0,14884272.0,15248914.0,51.887,6011576000.0,15759000.0,-5602000.0,425115000.0,403.888,717829000.0
48,BTUUQ,MRQ,2003-12-31,2003-12-31,2003-12-31,2021-08-25,-81572000.0,5280265000.0,,682740000.0,4597525000.0,,77.924,-2775000.0,117502000.0,117502000.0,0.0,22215000.0,1.08,3.663,1196539000.0,23049000.0,1173490000.0,1196539000.0,0.0,57547000.0,0.0,0.02,1.331,45277000.0,102824000.0,0.139,102824000.0,45277000.0,24128000.0,1.612,1.462,1.612,1132057000.0,,1132057000.0,3213981311.0,39.0,10.154,70308000.0,4.84,1.0,738802000.0,1.0,0.0,21149000.0,5727334000.0,,246493000.0,316539000.0,0.0,316539000.0,4146299000.0,631968000.0,3514331000.0,2119113311.0,11673000.0,0.0,6730000.0,-52320000.0,-6796000.0,-52510000.0,-9079000.0,0.0,73083000.0,179000.0,22215000.0,22215000.0,22215000.0,0.0,0.0,0.03,90783000.0,648019000.0,572615000.0,0.826,1.872,67.6,65.113,4280986000.0,0.0,146.439,0.753,0.741,220891000.0,208149000.0,738802000.0,738802000.0,0.0,,,,,0.0,32109000.0,1.0,14471005.0,14527774.0,14866284.0,50.854,5280265000.0,15749000.0,1913000.0,434426000.0,363.46,50772000.0
49,BTUUQ,MRQ,2003-09-30,2003-09-30,2003-09-30,2021-08-25,-83830000.0,5206039000.0,,583168000.0,4622871000.0,,75.964,-21207000.0,105829000.0,105829000.0,0.0,21518000.0,0.978,3.755,1200697000.0,20031000.0,1180666000.0,1200697000.0,0.0,61224000.0,0.0,0.024,0.469,35267000.0,96491000.0,0.137,96491000.0,35267000.0,12920000.0,1.499,1.462,1.499,1094489000.0,,1094489000.0,2684060112.0,56.0,9.569,-4245000.0,-0.295,1.0,701955000.0,1.0,0.0,22347000.0,5704903000.0,,245824000.0,332768000.0,0.0,332768000.0,4110152000.0,596004000.0,3514148000.0,1592036112.0,-5792000.0,-1400000.0,13504000.0,-4097000.0,-6772000.0,1654000.0,-24445000.0,0.0,16962000.0,37000.0,21518000.0,21518000.0,21518000.0,0.0,0.0,0.031,87369000.0,614586000.0,551889000.0,0.313,1.455,41.027,40.254,4290103000.0,0.0,110.136,0.579,0.577,154082000.0,192730000.0,701955000.0,701955000.0,0.0,,,,,0.0,22590000.0,1.0,14455167.0,14407909.0,14734265.0,48.72,5206039000.0,10750000.0,-8598000.0,438056000.0,361.332,-12836000.0
50,BTUUQ,MRQ,2003-06-30,2003-06-30,2003-06-30,2021-08-25,-71527000.0,5227280000.0,,568969000.0,4658311000.0,,76.647,-12183000.0,111621000.0,111621000.0,0.0,-1304000.0,0.943,3.844,1203645000.0,31867000.0,1171778000.0,1203645000.0,0.0,59518000.0,0.0,0.024,0.375,-1189000.0,58329000.0,0.084,58329000.0,-1189000.0,-30081000.0,-0.075,-0.075,-0.075,1078742000.0,,1078742000.0,2729399254.0,41.0,9.206,29082000.0,2.066,1.0,693245000.0,1.0,0.0,28892000.0,5715807000.0,,252494000.0,333584000.0,0.0,333584000.0,4146957000.0,603497000.0,3543460000.0,1651126254.0,39903000.0,-90000000.0,12553000.0,97857000.0,-5248000.0,103807000.0,-105697000.0,0.0,41265000.0,528000.0,-1304000.0,-1304000.0,-1304000.0,0.0,0.0,-0.002,82950000.0,610295000.0,543047000.0,-5.0,1.531,35.644,35.351,4324727000.0,0.0,117.93,0.598,0.601,125529000.0,177984000.0,693245000.0,693245000.0,0.0,,,,,0.0,28502000.0,1.0,14000869.0,14074233.0,14074233.0,49.256,5227280000.0,10412000.0,-28777000.0,451252000.0,371.408,-34528000.0
51,BTUUQ,MRQ,2003-03-31,2003-03-31,2003-03-31,2021-08-25,-77623000.0,5783864000.0,,1148025000.0,4635839000.0,,76.228,-50705000.0,581310000.0,581310000.0,0.0,-11081000.0,1.036,4.391,1659583000.0,486526000.0,1173057000.0,1659583000.0,0.0,56047000.0,0.0,0.033,0.712,2825000.0,58872000.0,0.086,58872000.0,2825000.0,-23327000.0,-0.787,-0.787,-0.787,1065980000.0,,1065980000.0,2327544270.0,20.0,6.673,6846000.0,0.49,1.0,681294000.0,1.0,0.0,26152000.0,5754444000.0,,247974000.0,332689000.0,0.0,332689000.0,4681063000.0,1107693000.0,3573370000.0,1369543270.0,508000.0,0.0,279000.0,1225000.0,-5242000.0,-4353000.0,-53059000.0,0.0,57551000.0,369000.0,-11081000.0,-11081000.0,-11081000.0,0.0,0.0,-0.016,80143000.0,601151000.0,590155000.0,-0.905,1.285,18.989,18.932,4303150000.0,0.0,97.918,0.503,0.502,249612000.0,184536000.0,681294000.0,681294000.0,0.0,,,,,0.0,25324000.0,1.0,13986593.0,13984066.0,13984066.0,48.719,5783864000.0,10380000.0,-12246000.0,479661000.0,413.604,40332000.0
52,BTUUQ,MRQ,2002-12-31,2002-12-31,2002-12-31,2021-08-25,-77627000.0,5125949000.0,,549923000.0,4576026000.0,,77.416,61634000.0,71210000.0,71210000.0,0.0,29672000.0,0.871,3.707,1029211000.0,47515000.0,981696000.0,1029211000.0,0.0,55998000.0,0.0,0.031,1.087,10801000.0,66799000.0,0.099,66799000.0,10801000.0,-14903000.0,2.099,2.061,2.099,1081138000.0,,1081138000.0,2464251031.0,15.0,6.155,87844000.0,6.29,1.0,672321000.0,1.0,0.0,25704000.0,5452414000.0,,229688000.0,302984000.0,0.0,302984000.0,4007690000.0,631536000.0,3376154000.0,1432287031.0,55330000.0,0.0,4662000.0,-23403000.0,-5231000.0,-25915000.0,54797000.0,0.0,26210000.0,238000.0,29672000.0,29672000.0,29672000.0,0.0,0.0,0.044,72933000.0,599388000.0,547013000.0,0.518,1.325,13.574,13.555,842891000.0,0.0,102.623,0.527,0.525,153212000.0,200859000.0,672321000.0,672321000.0,0.0,,,,,0.0,29223000.0,1.0,13956803.0,13965343.0,14395355.0,48.142,5125949000.0,10361000.0,-44575000.0,499310000.0,367.048,-81613000.0
53,BTUUQ,MRQ,2002-09-30,2002-09-30,2002-09-30,2021-08-25,-30347000.0,5203627000.0,,529595000.0,4674032000.0,,79.039,-47153000.0,15880000.0,15880000.0,0.0,29036000.0,0.795,3.696,1047844000.0,50566000.0,997278000.0,1047844000.0,0.0,59098000.0,0.0,0.036,0.712,53384000.0,112482000.0,0.157,112482000.0,53384000.0,27571000.0,2.099,2.024,2.099,1100274000.0,,1100274000.0,2321870115.0,13.0,5.678,100902000.0,7.248,1.0,714611000.0,1.0,0.0,25813000.0,5569267000.0,,231243000.0,293646000.0,0.0,293646000.0,4066644000.0,666324000.0,3400320000.0,1246363115.0,7065000.0,-27825000.0,698000.0,-57690000.0,-5218000.0,-64337000.0,-76675000.0,0.0,148055000.0,22000.0,29036000.0,29036000.0,29036000.0,0.0,0.0,0.041,83842000.0,630769000.0,571933000.0,0.339,1.133,15.618,15.409,4380386000.0,0.0,89.527,0.471,0.471,165484000.0,176418000.0,714611000.0,714611000.0,0.0,,,,,0.0,25132000.0,1.0,13921598.0,13920729.0,14313655.0,51.334,5203627000.0,14631000.0,-1465000.0,580409000.0,373.804,-136729000.0
54,BTUUQ,MRQ,2002-06-30,2002-06-30,2002-06-30,2021-08-25,-30345000.0,5216724000.0,,566142000.0,4650582000.0,,77.33,-51427000.0,8815000.0,8815000.0,0.0,24497000.0,0.883,3.805,1084322000.0,46520000.0,1037802000.0,1084322000.0,0.0,58640000.0,0.0,0.032,0.712,51983000.0,110623000.0,0.168,110623000.0,51983000.0,25945000.0,1.762,1.687,1.762,1075377000.0,,1075377000.0,2410413197.0,16.0,6.227,-12303000.0,-0.885,1.0,656940000.0,1.0,0.0,26038000.0,5651286000.0,,242354000.0,277990000.0,0.0,277990000.0,4092192000.0,640945000.0,3451247000.0,1381501197.0,-7300000.0,-17712000.0,541000.0,33518000.0,-5212000.0,26966000.0,-73390000.0,0.0,39124000.0,0.0,24497000.0,24497000.0,24497000.0,0.0,0.0,0.037,76636000.0,580304000.0,543045000.0,0.404,1.285,25.197,24.777,4372592000.0,0.0,99.358,0.534,0.534,190112000.0,152601000.0,656940000.0,656940000.0,0.0,,,,,0.0,20777000.0,1.0,13904312.0,13906271.0,14369655.0,47.241,5216724000.0,14380000.0,1448000.0,577424000.0,375.135,-74803000.0
55,BTUUQ,MRQ,2002-03-31,2002-03-31,2002-03-31,2021-08-25,-30345000.0,5173669000.0,,562425000.0,4611244000.0,,75.866,-46231000.0,16115000.0,16115000.0,0.0,22315000.0,0.805,3.868,1045027000.0,72293000.0,972734000.0,1045027000.0,0.0,58677000.0,0.0,0.025,0.712,51803000.0,110480000.0,0.163,110480000.0,51803000.0,26900000.0,1.612,1.574,1.612,1052908000.0,,1052908000.0,2403104987.0,19.0,6.734,-24816000.0,-1.788,1.0,675766000.0,1.0,0.0,24903000.0,5504346000.0,,239164000.0,262353000.0,0.0,262353000.0,4072840000.0,698235000.0,3374605000.0,1410659987.0,-22507000.0,-475000.0,0.0,12688000.0,-5202000.0,4888000.0,-48810000.0,0.0,21415000.0,0.0,22315000.0,22315000.0,22315000.0,0.0,0.0,0.033,84655000.0,591111000.0,574263000.0,0.442,1.34,111.674,150.578,4348891000.0,0.0,101.64,0.545,0.545,192724000.0,133316000.0,675766000.0,675766000.0,0.0,,,,,0.0,26283000.0,1.0,13879009.0,13878466.0,14335544.0,48.692,5173669000.0,14380000.0,4585000.0,569348000.0,372.784,-135810000.0
56,BTUUQ,MRQ,2001-12-31,2001-12-31,2001-12-31,2021-08-25,-30345000.0,5150902000.0,,527454000.0,4623448000.0,,74.598,-64476000.0,38622000.0,38622000.0,0.0,3955000.0,0.771,3.929,1031067000.0,46499000.0,984568000.0,1031067000.0,0.0,58515000.0,0.0,0.018,1.087,16801000.0,75316000.0,0.126,75316000.0,16801000.0,-8499000.0,0.337,0.3,0.337,1035472000.0,,1035472000.0,2364847568.0,8.0,4.474,-20193000.0,-1.455,1.0,598374000.0,1.0,0.0,25300000.0,5459044000.0,,215644000.0,286050000.0,0.0,286050000.0,4068350000.0,684303000.0,3384047000.0,1371630568.0,-5597000.0,0.0,2196000.0,10493000.0,-5199000.0,8893000.0,-58773000.0,12043000.0,44283000.0,0.0,3955000.0,3955000.0,3955000.0,0.0,0.0,0.007,78543000.0,519831000.0,592113000.0,3.226,1.325,10.711,8.41,4337398000.0,0.0,98.972,0.551,0.552,178076000.0,116203000.0,598374000.0,598374000.0,0.0,,,,,1204000.0,25448000.0,1.0,13858837.0,13880718.0,12914898.0,43.108,5150902000.0,14380000.0,-12454000.0,564764000.0,371.083,-156849000.0
57,BTUUQ,MRQ,2001-09-30,2001-09-30,2001-09-30,2021-08-25,-862000.0,5156611000.0,,557021000.0,4599590000.0,,76.785,-77837000.0,44219000.0,44219000.0,0.0,4060000.0,0.827,3.806,1037436000.0,27288000.0,1010148000.0,1037436000.0,0.0,56755000.0,0.0,0.008,0.712,33910000.0,90665000.0,0.138,90665000.0,33910000.0,5057000.0,0.3,0.3,0.3,1064135000.0,,1064135000.0,2161459703.0,7.0,4.062,9283000.0,0.67,1.0,655569000.0,1.0,0.0,28853000.0,5476310000.0,,207976000.0,264314000.0,0.0,264314000.0,4049696000.0,673518000.0,3376178000.0,1171616703.0,13064000.0,0.0,-2000000.0,14548000.0,-5194000.0,5643000.0,-79699000.0,0.0,87120000.0,0.0,4060000.0,4060000.0,4060000.0,0.0,0.0,0.006,80481000.0,575088000.0,564701000.0,2.373,1.101,10.242,11.882,4335276000.0,0.0,84.612,0.451,0.41,176990000.0,117447000.0,655569000.0,655569000.0,0.0,,,,,0.0,25579000.0,1.0,13846920.0,13858559.0,14314874.0,47.304,5156611000.0,7126000.0,997000.0,562318000.0,372.089,-116497000.0
58,BTUUQ,MRQ,2001-06-30,2001-06-30,2001-06-30,2021-08-25,-862000.0,5145579000.0,,567615000.0,4577964000.0,,94.748,-38382000.0,31155000.0,31155000.0,0.0,-17698000.0,0.872,3.782,1020998000.0,27690000.0,993308000.0,1020998000.0,0.0,59324000.0,0.0,0.0,0.0,21099000.0,80423000.0,0.122,80423000.0,21099000.0,-13434000.0,-1.574,-1.499,-1.574,1067166000.0,,1067166000.0,3602682647.0,11.0,6.619,-68493000.0,-6.081,1.0,657262000.0,1.0,0.0,34533000.0,5484423000.0,,212626000.0,265288000.0,0.0,265288000.0,4036497000.0,650999000.0,3385498000.0,1592134647.0,-31568000.0,0.0,451832000.0,-417515000.0,0.0,33060000.0,-34517000.0,6968000.0,-30111000.0,0.0,-17698000.0,-17698000.0,-17698000.0,0.0,0.0,-0.027,74789000.0,582473000.0,506893000.0,0.0,1.492,15.603,,4312676000.0,0.0,114.981,0.608,0.494,162513000.0,118581000.0,657262000.0,657262000.0,0.0,,,,,0.0,22526000.0,1.0,13846920.0,11263196.0,11796251.0,58.355,5145579000.0,7982000.0,4264000.0,562482000.0,456.849,-83384000.0
59,BTUUQ,MRQ,2001-03-31,2001-03-31,2001-03-31,2021-08-25,-862000.0,5209487000.0,,629955000.0,4579532000.0,,85.906,-34664000.0,62723000.0,62723000.0,0.0,137738000.0,0.811,7.187,1405621000.0,36305000.0,1369316000.0,1405621000.0,0.0,58565000.0,0.0,,0.0,223551000.0,282116000.0,0.49,282116000.0,223551000.0,178962000.0,12.706,12.706,12.706,631238000.0,,631238000.0,,,,16752000.0,2.28,1.0,575939000.0,1.0,0.0,44589000.0,5775400000.0,,210212000.0,256893000.0,0.0,256893000.0,4536791000.0,776985000.0,3759806000.0,,29629000.0,447550000.0,-24000.0,-463238000.0,0.0,-443269000.0,420194000.0,-6289000.0,51416000.0,1288000.0,137738000.0,137738000.0,137738000.0,-8109000.0,0.0,0.239,81216000.0,494723000.0,576967000.0,0.0,,,,4322639000.0,0.0,,,,147808000.0,136279000.0,575939000.0,575939000.0,0.0,,,,,2861000.0,32793000.0,1.0,13846920.0,7348003.0,7348003.0,78.38,5209487000.0,12226000.0,41224000.0,570705000.0,708.966,-147030000.0
60,BTUUQ,MRQ,2000-12-31,2000-12-31,2000-12-31,2021-08-25,-38811000.0,5472402000.0,,621516000.0,4850886000.0,,,-8355000.0,33094000.0,33094000.0,0.0,-9705000.0,0.837,10.48,1866536000.0,44740000.0,1821796000.0,1866536000.0,0.0,35609000.0,0.0,,0.0,43270000.0,78879000.0,0.111,78879000.0,43270000.0,-7256000.0,,,,473056000.0,,473056000.0,,,,10787000.0,,1.0,709446000.0,1.0,0.0,50526000.0,6563667000.0,,195811000.0,275623000.0,0.0,275623000.0,4957645000.0,742177000.0,4215468000.0,,-22340000.0,-3052000.0,-1089000.0,9087000.0,0.0,17288000.0,-58602000.0,0.0,19142000.0,-168000.0,-9705000.0,-9705000.0,-9705000.0,3620000.0,0.0,-0.014,85394000.0,624052000.0,496182000.0,,,,,4321234000.0,0.0,,,,115225000.0,19242000.0,709446000.0,709446000.0,0.0,,,,,701000.0,23338000.0,1.0,,,,,5472402000.0,49869000.0,2449000.0,559058000.0,,-120661000.0
61,BTUUQ,MRQ,2000-09-30,2000-09-30,2000-09-30,2021-08-25,-46843000.0,5663593000.0,,652528000.0,5011065000.0,,63.467,-64319000.0,55434000.0,55434000.0,0.0,-8293000.0,0.878,11.049,1962997000.0,58637000.0,1904360000.0,1962997000.0,0.0,60809000.0,0.0,,0.0,42050000.0,102859000.0,0.152,102859000.0,42050000.0,-9406000.0,-0.9,-0.9,-0.9,466576000.0,,466576000.0,,,,3845000.0,0.523,1.0,677591000.0,1.0,0.0,51456000.0,6828019000.0,,222887000.0,277216000.0,0.0,277216000.0,5155031000.0,743137000.0,4411894000.0,,8440000.0,0.0,0.0,-91204000.0,0.0,-93264000.0,34430000.0,11302000.0,68164000.0,-890000.0,-8293000.0,-8293000.0,-8293000.0,-2940000.0,0.0,-0.012,79826000.0,597765000.0,546604000.0,0.0,,,,4718339000.0,0.0,,,,151756000.0,30476000.0,677591000.0,677591000.0,0.0,,,,,0.0,20626000.0,1.0,,7351425.0,7351425.0,92.171,5663593000.0,49869000.0,-1113000.0,621983000.0,770.408,-90609000.0
62,BTUUQ,MRQ,2000-06-30,2000-06-30,2000-06-30,2021-08-25,-17321000.0,5757691000.0,,603657000.0,5154034000.0,,68.672,-25095000.0,46994000.0,46994000.0,0.0,350000.0,0.907,10.338,2054754000.0,48126000.0,2006628000.0,2054754000.0,0.0,60467000.0,0.0,,0.0,52156000.0,112623000.0,0.167,112623000.0,52156000.0,686000.0,0.037,0.037,0.037,504067000.0,,504067000.0,,,,-11837000.0,-1.613,1.0,673021000.0,1.0,0.0,51470000.0,7099979000.0,,229759000.0,294984000.0,0.0,294984000.0,5211022000.0,665472000.0,4545550000.0,,-18624000.0,0.0,0.0,-23248000.0,0.0,-24092000.0,-7560000.0,23787000.0,13258000.0,-230000.0,350000.0,350000.0,350000.0,0.0,0.0,0.001,81506000.0,591515000.0,526095000.0,0.0,,,,4757050000.0,0.0,,,,157258000.0,38769000.0,673021000.0,673021000.0,0.0,,,,,0.0,22803000.0,1.0,,7340196.0,7340196.0,91.69,5757691000.0,49869000.0,336000.0,639647000.0,784.406,-61815000.0
63,BTUUQ,MRQ,2000-03-31,2000-03-31,2000-03-31,2021-08-25,-12667000.0,5826849000.0,,632545000.0,5194304000.0,,69.079,0.0,65618000.0,65618000.0,0.0,58888000.0,0.878,10.379,2076166000.0,57977000.0,2018189000.0,2076166000.0,0.0,58752000.0,0.0,,0.0,-32141000.0,26611000.0,0.04,26611000.0,-32141000.0,-84100000.0,,,,508426000.0,,508426000.0,,,,164302000.0,22.324,1.0,658311000.0,1.0,0.0,51959000.0,7116806000.0,,242150000.0,288794000.0,0.0,288794000.0,5277158000.0,720591000.0,4556567000.0,,362447000.0,0.0,0.0,0.0,0.0,0.0,0.0,0.0,164302000.0,-280000.0,58888000.0,58888000.0,58888000.0,3978000.0,0.0,0.089,85317000.0,572994000.0,573137000.0,,,,,4815510000.0,0.0,,,,153021000.0,29219000.0,658311000.0,658311000.0,0.0,,,,,265000.0,28782000.0,1.0,,7360044.0,,89.444,5826849000.0,49869000.0,-142988000.0,638718000.0,791.687,-88046000.0
64,BTUUQ,MRQ,1999-12-31,1999-12-31,1999-12-31,2021-08-25,11878000.0,6680031000.0,,1513380000.0,5166651000.0,,,-38536000.0,87493000.0,87493000.0,0.0,-9705000.0,1.41,13.095,2506504000.0,76434000.0,2430070000.0,2506504000.0,0.0,63363000.0,0.0,,0.0,43270000.0,106633000.0,0.15,106633000.0,43270000.0,-7256000.0,,,,471665000.0,,471665000.0,,,,-13505000.0,,1.0,709446000.0,1.0,0.0,50526000.0,8025593000.0,,235657000.0,380682000.0,0.0,380682000.0,6176301000.0,1073449000.0,5102852000.0,,-37581000.0,-13964000.0,0.0,-10397000.0,0.0,-14694000.0,-48026000.0,9989000.0,25031000.0,108000.0,-9705000.0,-9705000.0,-9705000.0,3620000.0,0.0,-0.014,85394000.0,624052000.0,593400000.0,,,,,4785969000.0,0.0,,,,330040000.0,-22252000.0,709446000.0,709446000.0,0.0,,,,,0.0,23338000.0,1.0,,,,,6680031000.0,0.0,2449000.0,769086000.0,,439931000.0
65,BTUUQ,MRQ,1999-09-30,1999-09-30,1999-09-30,2021-08-25,9083000.0,6981525000.0,,1789523000.0,5192002000.0,,,-54028000.0,126312000.0,126312000.0,0.0,-8093000.0,1.33,13.517,2524210000.0,91028000.0,2433182000.0,2524210000.0,0.0,62084000.0,0.0,,0.0,44006000.0,106090000.0,0.156,106090000.0,44006000.0,-7943000.0,,,,478937000.0,,478937000.0,,,,53910000.0,,1.0,678343000.0,1.0,0.0,51949000.0,8033540000.0,,245607000.0,391544000.0,0.0,391544000.0,6473626000.0,1345883000.0,5127743000.0,,36728000.0,-30239000.0,0.0,-4824000.0,0.0,-7012000.0,-64084000.0,24245000.0,107938000.0,-114000.0,-8093000.0,-8093000.0,-8093000.0,1036000.0,0.0,-0.012,80999000.0,597344000.0,701178000.0,,,,,4800458000.0,0.0,,,,384172000.0,-12182000.0,678343000.0,678343000.0,0.0,,,,,0.0,21679000.0,1.0,,,,,6981525000.0,0.0,150000.0,776822000.0,,443640000.0
66,BTUUQ,MRQ,1999-06-30,1999-06-30,1999-06-30,2021-08-25,14801000.0,6922561000.0,,1735504000.0,5187057000.0,,,-37751000.0,90685000.0,90685000.0,0.0,-12880000.0,1.388,12.982,2529033000.0,63692000.0,2465341000.0,2529033000.0,0.0,65583000.0,0.0,,0.0,36609000.0,102192000.0,0.154,102192000.0,36609000.0,-14013000.0,,,,493273000.0,,493273000.0,,,,-72111000.0,,1.0,664400000.0,1.0,0.0,50622000.0,8110683000.0,,252273000.0,393994000.0,0.0,393994000.0,6403883000.0,1250226000.0,5153657000.0,,-98683000.0,0.0,0.0,-12761000.0,0.0,-20738000.0,-43871000.0,0.0,-34360000.0,286000.0,-12880000.0,-12880000.0,-12880000.0,3453000.0,0.0,-0.019,86889000.0,577511000.0,549320000.0,,,,,4793063000.0,0.0,,,,319504000.0,-3443000.0,664400000.0,664400000.0,0.0,,,,,0.0,21457000.0,1.0,,,,,6922561000.0,0.0,-1133000.0,785534000.0,,485278000.0
67,BTUUQ,MRQ,1999-03-31,1999-03-31,1999-03-31,2021-08-25,2333000.0,7023931000.0,,1832461000.0,5191470000.0,,69.2,-29558000.0,194078000.0,194078000.0,0.0,15850000.0,1.362,13.135,2542379000.0,72404000.0,2469975000.0,2542379000.0,0.0,48584000.0,0.0,,0.0,76940000.0,125524000.0,0.192,125524000.0,76940000.0,24050000.0,,,,495230000.0,,495230000.0,,,,33613000.0,4.697,1.0,654063000.0,1.0,0.0,52890000.0,8026724000.0,,249897000.0,393525000.0,0.0,393525000.0,6504791000.0,1345508000.0,5159283000.0,,-2234420000.0,-115765000.0,0.0,0.0,0.0,0.0,-133468000.0,-8392000.0,63171000.0,197000.0,15850000.0,15850000.0,15850000.0,-6442000.0,0.0,0.024,81371000.0,572692000.0,627722000.0,,,,,4797945000.0,0.0,,,,312748000.0,1009000.0,654063000.0,654063000.0,0.0,,,,,9200000.0,32787000.0,1.0,,7156479.0,,91.395,7023931000.0,8496000.0,8200000.0,787483000.0,981.479,486953000.0
68,BTUUQ,MRQ,1998-12-31,1998-12-31,1998-12-31,2021-08-25,,,,,,,,-51050000.0,,,0.0,5118000.0,,,,,,,,53124000.0,,,0.0,55771000.0,108895000.0,0.187,108895000.0,55771000.0,8402000.0,,,,,,,,,,-37782000.0,,1.0,582604000.0,1.0,,47369000.0,,,,,,,,,,,-59144000.0,0.0,0.0,-24724000.0,0.0,-24724000.0,-47820000.0,3222000.0,13268000.0,132000.0,5118000.0,5118000.0,5118000.0,0.0,0.0,0.009,71477000.0,511127000.0,,,,,,,0.0,,,,,,582604000.0,582604000.0,0.0,,,,,3924000.0,18353000.0,1.0,,,,,,,3284000.0,,,
69,BTUUQ,MRQ,1998-09-30,1998-09-30,1998-09-30,2021-08-25,-13731000.0,6944829000.0,,1755729000.0,5189100000.0,,,-42982000.0,326250000.0,326250000.0,0.0,-14672000.0,1.351,14.561,2378298000.0,73876000.0,2304422000.0,2378298000.0,0.0,51783000.0,0.0,,0.0,31117000.0,82900000.0,0.149,82900000.0,31117000.0,-21575000.0,,,,446310000.0,,446310000.0,,,,143328000.0,,1.0,557498000.0,1.0,0.0,52692000.0,7697441000.0,,235262000.0,531426000.0,0.0,531426000.0,6498519000.0,1299436000.0,5199083000.0,,114688000.0,0.0,0.0,-36606000.0,0.0,-36606000.0,-35015000.0,5170000.0,186310000.0,-1000.0,-14672000.0,-14672000.0,-14672000.0,0.0,0.0,-0.026,68573000.0,488925000.0,731075000.0,,,,,4657674000.0,0.0,,,,346473000.0,-19959000.0,557498000.0,557498000.0,0.0,,,,,0.0,16790000.0,1.0,,,,,6944829000.0,0.0,-6903000.0,895032000.0,,456293000.0
70,BTUUQ,MRQ,1998-06-30,1998-05-19,1998-05-19,2021-08-25,,,,,,,,-19576000.0,,,0.0,476000.0,,,,,,,,26218000.0,,,0.0,9039000.0,35257000.0,0.121,35257000.0,9039000.0,4817000.0,,,,,,,,,,-50035000.0,,1.0,292408000.0,1.0,,4222000.0,,,,,,,,,,,-26462000.0,0.0,0.0,196867000.0,-173330000.0,23537000.0,-19248000.0,0.0,-30459000.0,-292000.0,476000.0,476000.0,476000.0,0.0,0.0,0.002,38235000.0,254173000.0,,,,,,,0.0,,,,,,292408000.0,292408000.0,0.0,,,,,0.0,12017000.0,1.0,,,,,,,4341000.0,,,
71,BTUUQ,MRQ,1998-03-31,1998-03-31,1998-03-31,2021-08-25,-42184000.0,6343009000.0,,2126152000.0,4216857000.0,,,,96821000.0,96821000.0,,,1.337,2.758,602276000.0,46616000.0,555660000.0,602276000.0,0.0,,0.0,,0.0,,,,,,,,,,1687842000.0,,1687842000.0,,,,,,1.0,,,0.0,,5258283000.0,,264823000.0,543315000.0,0.0,543315000.0,4655167000.0,1590181000.0,3064986000.0,,,,,,,,,,,,,,,,,,,,587674000.0,,,,,3673542000.0,,,,,439303000.0,-14841000.0,,,,,,,,,,1.0,,,,,6343009000.0,0.0,,669996000.0,,535971000.0
0,BTUUQ,MRT,2015-12-31,2015-12-31,2015-12-31,2021-08-25,-618900000.0,11021300000.0,11924450000.0,1378000000.0,9643300000.0,0.47,49.562,-126800000.0,261300000.0,261300000.0,5007700000.0,-1988900000.0,0.186,11.018,6315600000.0,5930400000.0,385200000.0,6315600000.0,0.0,572200000.0,0.0,0.009,0.067,-1707000000.0,-1134800000.0,-0.202,-1134800000.0,-1707000000.0,-2172400000.0,-109.98,-109.98,-109.98,916900000.0,1595425000.0,916900000.0,6109680000.0,-4.0,-5.384,-141200000.0,-7.632,1.0,601500000.0,0.107,0.0,465400000.0,9683300000.0,14773475000.0,307800000.0,382600000.0,0.0,382600000.0,10102800000.0,7392300000.0,2710500000.0,142080000.0,-36700000.0,-2800000.0,0.0,275700000.0,-1400000.0,267700000.0,-290000000.0,62400000.0,-14400000.0,0.0,-1996000000.0,-1996000000.0,-1996000000.0,175000000.0,7100000.0,-0.356,2050400000.0,-1448900000.0,1446300000.0,-0.001,0.155,-0.071,-0.07,9258500000.0,0.0,7.68,0.025,0.025,228800000.0,-503400000.0,5609200000.0,5609200000.0,0.0,-0.167,-1.251,-0.116,-0.304,28200000.0,176400000.0,1.0,18500000.0,18500000.0,,303.2,11021300000.0,55700000.0,-176400000.0,69100000.0,595.746,-6014300000.0
1,BTUUQ,MRT,2015-09-30,2015-09-30,2015-09-30,2021-08-25,-695800000.0,11663400000.0,12466900000.0,1553600000.0,10109800000.0,0.48,70.336,-163800000.0,334300000.0,334300000.0,5175600000.0,-2031700000.0,1.025,7.931,6301900000.0,19500000.0,6282400000.0,6301900000.0,0.0,602400000.0,0.0,0.065,1.342,-1504900000.0,-902500000.0,-0.151,-902500000.0,-1504900000.0,-1954100000.0,-112.846,-112.846,-112.846,1305400000.0,2047400000.0,1305400000.0,6202282326.0,-4.0,-6.872,-167900000.0,-9.047,1.0,805000000.0,0.135,0.0,449200000.0,16114800000.0,16606850000.0,348100000.0,633400000.0,0.0,633400000.0,10353000000.0,1516200000.0,8836800000.0,384182326.0,-132200000.0,-3700000.0,0.0,275600000.0,-24500000.0,243100000.0,-371200000.0,13100000.0,-4100000.0,0.0,-2041200000.0,-2041200000.0,-2041200000.0,236900000.0,9500000.0,-0.341,1930100000.0,-1125100000.0,1468600000.0,-0.012,0.294,-0.188,-0.183,9475400000.0,0.0,20.7,0.064,0.064,370000000.0,-34000000.0,5980600000.0,5980600000.0,0.0,-0.164,-0.997,-0.091,-0.252,31000000.0,184300000.0,1.0,18559533.0,18559533.0,,322.239,11663400000.0,77500000.0,87100000.0,101100000.0,628.432,37400000.0
2,BTUUQ,MRT,2015-06-30,2015-06-30,2015-06-30,2021-08-25,-644800000.0,11861400000.0,12937225000.0,1694000000.0,10167400000.0,0.486,89.26,-180600000.0,487100000.0,487100000.0,5374900000.0,-1878800000.0,1.108,6.171,6305200000.0,20400000.0,6284800000.0,6305200000.0,0.0,630000000.0,0.0,0.082,2.691,-1282300000.0,-652300000.0,-0.104,-652300000.0,-1282300000.0,-1727500000.0,-104.556,-104.556,-104.556,1653800000.0,2619450000.0,1653800000.0,6363139319.0,-5.0,-9.755,19300000.0,1.042,1.0,909700000.0,0.145,0.0,445200000.0,16151100000.0,16920400000.0,395600000.0,671900000.0,0.0,671900000.0,10205400000.0,1528400000.0,8677000000.0,608639319.0,-11300000.0,3600000.0,0.0,276800000.0,-47600000.0,182800000.0,-394000000.0,12200000.0,199900000.0,0.0,-1887100000.0,-1887100000.0,-1887100000.0,74400000.0,8300000.0,-0.3,1967700000.0,-1058000000.0,1486700000.0,-0.026,0.368,-0.323,-0.314,9494000000.0,0.0,32.85,0.097,0.097,301700000.0,270700000.0,6284600000.0,6284600000.0,0.0,-0.146,-0.72,-0.076,-0.204,36400000.0,199400000.0,1.0,18527833.0,18527833.0,,339.198,11861400000.0,79900000.0,159600000.0,87900000.0,640.194,165600000.0
3,BTUUQ,MRT,2015-03-31,2015-03-31,2015-03-31,2021-08-25,-835500000.0,13151700000.0,13394925000.0,1808900000.0,11342800000.0,0.5,136.691,-195100000.0,637100000.0,637100000.0,5643700000.0,-906500000.0,1.027,4.248,6391600000.0,104100000.0,6287500000.0,6391600000.0,0.0,646000000.0,0.0,0.053,3.928,-228500000.0,417500000.0,0.062,417500000.0,-228500000.0,-658400000.0,-51.033,-51.033,-51.033,2505600000.0,3196200000.0,2505600000.0,7041578668.0,-31.0,16.866,90800000.0,4.954,1.0,1059600000.0,0.158,0.0,429900000.0,17144700000.0,17303400000.0,369500000.0,889900000.0,0.0,889900000.0,10642600000.0,1761500000.0,8881100000.0,1352778668.0,129000000.0,17000000.0,0.0,350300000.0,-69900000.0,233000000.0,-389900000.0,8200000.0,285900000.0,0.0,-915100000.0,-915100000.0,-915100000.0,37300000.0,8600000.0,-0.137,1091300000.0,-31700000.0,1619300000.0,-0.077,0.54,-1.478,-1.446,10451800000.0,0.0,73.8,0.202,0.202,431400000.0,1316700000.0,6703300000.0,6703300000.0,0.0,-0.068,-0.286,-0.013,-0.034,42900000.0,217000000.0,1.0,18330334.0,18330334.0,,365.694,13151700000.0,85000000.0,256700000.0,86400000.0,717.483,47400000.0
4,BTUUQ,MRT,2014-12-31,2014-12-31,2014-12-31,2021-08-25,-764800000.0,13191100000.0,13568275000.0,1711000000.0,11480100000.0,0.501,150.496,-194400000.0,298000000.0,298000000.0,5716900000.0,-777300000.0,0.918,3.841,5986800000.0,21200000.0,5965600000.0,5986800000.0,0.0,655700000.0,0.0,0.045,5.172,-159200000.0,496500000.0,0.073,496500000.0,-159200000.0,-585800000.0,-44.09,-44.09,-44.09,2724800000.0,3563025000.0,2724800000.0,7626639818.0,-48.0,15.361,142200000.0,7.854,1.0,1075300000.0,0.158,0.0,426600000.0,17016800000.0,17451125000.0,406500000.0,902100000.0,0.0,902100000.0,10464600000.0,1863100000.0,8601500000.0,2102039818.0,-146000000.0,4400000.0,0.0,-30000000.0,-92300000.0,-168100000.0,-314500000.0,3800000.0,336600000.0,0.0,-787000000.0,-787000000.0,-787000000.0,28200000.0,9700000.0,-0.116,1102800000.0,-27500000.0,1809200000.0,-0.117,0.771,-2.671,-2.633,10577300000.0,0.0,116.1,0.309,0.309,563100000.0,1570500000.0,6792200000.0,6792200000.0,0.0,-0.058,-0.221,-0.009,-0.023,46800000.0,227100000.0,1.0,18105425.0,18105425.0,,375.147,13191100000.0,80700000.0,201200000.0,89100000.0,728.572,-152100000.0
5,BTUUQ,MRT,2014-09-30,2014-09-30,2014-09-30,2021-08-25,-426400000.0,13544700000.0,13803850000.0,1931400000.0,11613300000.0,0.496,198.468,-207200000.0,466500000.0,466500000.0,5786100000.0,-825500000.0,1.136,2.769,5991100000.0,21400000.0,5969700000.0,5991100000.0,0.0,681400000.0,0.0,0.028,5.172,-649300000.0,32100000.0,0.005,32100000.0,-649300000.0,-1055900000.0,-46.966,-46.966,-46.966,3593600000.0,3859000000.0,3593600000.0,8858006515.0,-14.0,275.95,221300000.0,12.222,1.0,1064400000.0,0.155,0.0,406600000.0,17369000000.0,17669425000.0,490900000.0,957300000.0,0.0,957300000.0,9949600000.0,1700300000.0,8249300000.0,3362406515.0,-84800000.0,12500000.0,2900000.0,-30800000.0,-92100000.0,-168100000.0,-345200000.0,-3500000.0,428500000.0,0.0,-838100000.0,-838100000.0,-838100000.0,154100000.0,12600000.0,-0.122,1496100000.0,-431700000.0,1656500000.0,-0.11,0.936,-4.012,-3.954,10651100000.0,0.0,185.7,0.491,0.491,490000000.0,2108200000.0,6850500000.0,6850500000.0,0.0,-0.061,-0.217,-0.037,-0.095,47200000.0,231700000.0,1.0,18106659.0,18106659.0,,378.341,13544700000.0,111800000.0,-217800000.0,16000000.0,748.051,231100000.0
6,BTUUQ,MRT,2014-06-30,2014-06-30,2014-06-30,2021-08-25,-218800000.0,13692200000.0,14140400000.0,1877800000.0,11814400000.0,0.49,218.865,-226600000.0,498400000.0,498400000.0,5764900000.0,-695600000.0,1.248,2.446,5994000000.0,20800000.0,5973200000.0,5994000000.0,0.0,704200000.0,0.0,0.021,5.097,-626300000.0,77900000.0,0.011,77900000.0,-626300000.0,-1029400000.0,-40.025,-40.025,-40.025,3960800000.0,4085300000.0,3960800000.0,9928390864.0,-16.0,127.45,244700000.0,13.522,1.0,1160300000.0,0.168,0.0,403100000.0,17683100000.0,17999075000.0,548400000.0,1031800000.0,0.0,1031800000.0,9687800000.0,1504700000.0,8183100000.0,4438290864.0,-19500000.0,600000.0,0.0,-29900000.0,-91900000.0,-124700000.0,-366100000.0,600000.0,471300000.0,0.0,-713600000.0,-713600000.0,-713600000.0,202200000.0,18000000.0,-0.103,1529200000.0,-368900000.0,1462000000.0,-0.127,1.121,-6.22,-6.127,10700500000.0,0.0,245.25,0.641,0.641,447100000.0,2281900000.0,6925200000.0,6925200000.0,0.0,-0.05,-0.175,-0.035,-0.09,46300000.0,233800000.0,1.0,18097007.0,18097007.0,,382.671,13692200000.0,149300000.0,-315800000.0,67000000.0,756.6,373100000.0
7,BTUUQ,MRT,2014-03-31,2014-03-31,2014-03-31,2021-08-25,-293300000.0,13845100000.0,14449325000.0,1910200000.0,11934900000.0,0.477,219.55,-278800000.0,508100000.0,508100000.0,5734500000.0,-537300000.0,1.194,2.474,5998200000.0,20800000.0,5977400000.0,5998200000.0,0.0,726800000.0,0.0,0.021,5.097,-644200000.0,82600000.0,0.012,82600000.0,-644200000.0,-1054500000.0,-31.029,-31.029,-31.029,3972900000.0,4225100000.0,3972900000.0,9993639313.0,-16.0,120.988,226000000.0,12.489,1.0,1158000000.0,0.168,0.0,410300000.0,17735600000.0,18260100000.0,549400000.0,1017200000.0,0.0,1017200000.0,9829400000.0,1599600000.0,8229800000.0,4435239313.0,-121400000.0,17400000.0,2600000.0,-121700000.0,-91900000.0,-218500000.0,-407700000.0,5400000.0,504800000.0,0.0,-550000000.0,-550000000.0,-550000000.0,217300000.0,12700000.0,-0.08,1539500000.0,-381500000.0,1559900000.0,-0.164,1.116,-8.064,-7.899,10855400000.0,0.0,245.1,0.643,0.643,454400000.0,2378200000.0,6892500000.0,6892500000.0,0.0,-0.038,-0.13,-0.035,-0.093,52600000.0,238600000.0,1.0,18095631.0,18095631.0,,380.893,13845100000.0,126500000.0,-504500000.0,38400000.0,765.107,310600000.0
8,BTUUQ,MRT,2013-12-31,2013-12-31,2013-12-31,2021-08-25,-419200000.0,14133400000.0,14856025000.0,1992700000.0,12140700000.0,0.472,217.177,-328400000.0,444000000.0,444000000.0,5729100000.0,-512600000.0,1.106,2.606,6002400000.0,31700000.0,5970700000.0,6002400000.0,0.0,740300000.0,0.0,0.018,5.172,-564900000.0,175400000.0,0.025,175400000.0,-564900000.0,-973200000.0,-29.53,-29.53,-29.53,3908700000.0,4448850000.0,3908700000.0,10728637890.0,-19.0,61.167,394000000.0,21.892,1.0,1284600000.0,0.183,0.0,408300000.0,17890000000.0,18658175000.0,506700000.0,1050400000.0,0.0,1050400000.0,10185500000.0,1801800000.0,8383700000.0,5272437890.0,-114800000.0,51200000.0,0.0,-225000000.0,-91700000.0,-321500000.0,-515700000.0,30100000.0,722400000.0,0.0,-524900000.0,-524900000.0,-524900000.0,226600000.0,12300000.0,-0.075,1569200000.0,-284600000.0,1764000000.0,-0.175,1.349,-10.045,-9.92,11082500000.0,0.0,292.95,0.752,0.752,557900000.0,2449800000.0,7013700000.0,7013700000.0,0.0,-0.035,-0.118,-0.03,-0.081,50900000.0,244200000.0,1.0,17997739.0,17997739.0,,389.699,14133400000.0,74200000.0,-448300000.0,40900000.0,785.288,190900000.0
9,BTUUQ,MRT,2013-09-30,2013-09-30,2013-09-30,2021-08-25,-405900000.0,14890900000.0,15274925000.0,2287800000.0,12603100000.0,0.477,249.953,-482600000.0,551300000.0,551300000.0,5802300000.0,-954200000.0,1.379,2.302,6007500000.0,34200000.0,5973300000.0,6007500000.0,0.0,735500000.0,0.0,0.02,5.247,-567600000.0,167900000.0,0.023,167900000.0,-567600000.0,-988000000.0,-59.07,-59.07,-59.07,4498800000.0,4697900000.0,4498800000.0,10127225152.0,-18.0,60.317,285000000.0,15.835,1.0,1485500000.0,0.204,0.0,420400000.0,18687600000.0,19142925000.0,563200000.0,1154800000.0,0.0,1154800000.0,10356000000.0,1659500000.0,8696500000.0,4657125152.0,-96700000.0,38000000.0,5400000.0,-335000000.0,-91600000.0,-433900000.0,-430400000.0,-594400000.0,767600000.0,0.0,-965200000.0,-965200000.0,-965200000.0,78000000.0,11000000.0,-0.132,1933800000.0,-448300000.0,1615300000.0,-0.089,1.035,-4.825,-4.38,11448300000.0,0.0,258.75,0.639,0.639,701700000.0,3038400000.0,7287800000.0,7287800000.0,0.0,-0.063,-0.205,-0.03,-0.078,50000000.0,250500000.0,1.0,17998551.0,17998551.0,,404.91,14890900000.0,69500000.0,-22800000.0,237000000.0,827.339,628300000.0
10,BTUUQ,MRT,2013-06-30,2013-06-30,2013-06-30,2021-08-25,-420000000.0,14927900000.0,15764800000.0,2249200000.0,12678700000.0,0.479,251.331,-726100000.0,517900000.0,517900000.0,5871500000.0,-893500000.0,1.346,2.296,5988000000.0,26000000.0,5962000000.0,5988000000.0,0.0,721600000.0,0.0,0.024,5.247,-442300000.0,279300000.0,0.037,279300000.0,-442300000.0,-851100000.0,-50.675,-50.675,-50.675,4520000000.0,5059350000.0,4520000000.0,9465546013.0,-21.0,33.89,444900000.0,24.738,1.0,1677500000.0,0.222,0.0,408800000.0,18727200000.0,19664950000.0,581600000.0,1186700000.0,0.0,1186700000.0,10376800000.0,1670800000.0,8706000000.0,3949346013.0,28700000.0,34600000.0,8000000.0,-357500000.0,-91500000.0,-459900000.0,-682400000.0,-486000000.0,1171000000.0,0.0,-896200000.0,-896200000.0,-896200000.0,116200000.0,2700000.0,-0.119,1952900000.0,-275400000.0,1625800000.0,-0.104,0.874,-4.407,-4.333,11492000000.0,0.0,219.6,0.523,0.523,732200000.0,3087400000.0,7549000000.0,7549000000.0,0.0,-0.057,-0.177,-0.022,-0.059,49800000.0,264200000.0,1.0,17984271.0,17984271.0,,419.756,14927900000.0,39400000.0,45100000.0,154500000.0,830.053,578400000.0
11,BTUUQ,MRT,2013-03-31,2013-03-31,2013-03-31,2021-08-25,11600000.0,15471900000.0,16206300000.0,2452100000.0,13019800000.0,0.482,270.674,-825500000.0,629500000.0,629500000.0,4434300000.0,-772800000.0,1.477,2.171,6145700000.0,139500000.0,6006200000.0,6145700000.0,0.0,691200000.0,0.0,0.017,5.322,-185300000.0,505900000.0,0.065,505900000.0,-185300000.0,-590200000.0,-43.928,-43.928,-43.928,4867900000.0,5387800000.0,4867900000.0,11399641856.0,-62.0,22.533,565800000.0,31.461,1.0,3370500000.0,0.432,0.0,404900000.0,19327900000.0,20195700000.0,566000000.0,1422100000.0,0.0,1422100000.0,10567900000.0,1660200000.0,8907700000.0,5705541856.0,-322900000.0,-700000.0,-94600000.0,-517000000.0,-91600000.0,-756900000.0,-957300000.0,-213000000.0,1391300000.0,0.0,-781800000.0,-781800000.0,-781800000.0,108600000.0,9000000.0,-0.1,1938400000.0,1432100000.0,1494100000.0,-0.121,1.172,-7.298,-7.222,11597700000.0,0.0,317.25,0.731,0.731,661800000.0,3020100000.0,7804800000.0,7804800000.0,0.0,-0.048,-0.145,-0.009,-0.024,44200000.0,262900000.0,1.0,17984371.0,17984371.0,,433.977,15471900000.0,33600000.0,191600000.0,482300000.0,860.297,791900000.0
12,BTUUQ,MRT,2012-12-31,2012-12-31,2012-12-31,2021-08-25,11000000.0,15809000000.0,16572600000.0,2575500000.0,13233500000.0,0.487,273.996,-986000000.0,558800000.0,558800000.0,5932700000.0,-575100000.0,1.538,2.216,6252900000.0,47800000.0,6205100000.0,6252900000.0,0.0,663400000.0,0.0,0.013,5.322,82200000.0,745600000.0,0.092,745600000.0,82200000.0,-323400000.0,-32.834,-32.834,-32.834,4904900000.0,5602475000.0,4904900000.0,12860420426.0,156.0,17.248,529100000.0,29.556,1.0,2144800000.0,0.266,0.0,405600000.0,19829000000.0,20615150000.0,548400000.0,1431800000.0,0.0,1431800000.0,10870200000.0,1674100000.0,9196100000.0,7145320426.0,-240300000.0,-11700000.0,-99900000.0,-421900000.0,-91900000.0,-663300000.0,-1092100000.0,105700000.0,1515100000.0,0.0,-585700000.0,-585700000.0,-585700000.0,104200000.0,10600000.0,-0.073,1911100000.0,233700000.0,1606900000.0,-0.162,1.457,-12.2,-12.157,11801700000.0,0.0,399.15,0.885,0.885,737800000.0,3066400000.0,8077500000.0,8077500000.0,0.0,-0.035,-0.105,0.004,0.01,45400000.0,268800000.0,1.0,17901342.0,17901342.0,,451.223,15809000000.0,56400000.0,262300000.0,577300000.0,883.118,901400000.0
13,BTUUQ,MRT,2012-09-30,2012-09-30,2012-09-30,2021-08-25,23200000.0,16850400000.0,16803600000.0,2654700000.0,14195700000.0,0.493,332.142,-1038200000.0,648000000.0,648000000.0,6978900000.0,621600000.0,1.483,1.829,6363100000.0,124800000.0,6238300000.0,6363100000.0,0.0,627400000.0,0.0,0.016,5.247,1240300000.0,1867700000.0,0.225,1867700000.0,1240300000.0,852500000.0,38.081,38.231,38.081,5944600000.0,5747525000.0,5944600000.0,11880323619.0,10.0,6.361,696000000.0,38.887,1.0,1311500000.0,0.158,0.0,387800000.0,20775700000.0,20849825000.0,554900000.0,1684600000.0,0.0,1684600000.0,10873400000.0,1789800000.0,9083600000.0,5984123619.0,-753600000.0,-2747200000.0,-110800000.0,3718700000.0,-92100000.0,1485000000.0,-3972800000.0,1014800000.0,1734200000.0,0.0,642600000.0,642600000.0,642600000.0,120300000.0,-21000000.0,0.078,1009000000.0,302500000.0,1645100000.0,0.138,1.007,9.312,8.78,12511100000.0,0.0,334.35,0.722,0.722,682200000.0,4095200000.0,8290400000.0,8290400000.0,0.0,0.038,0.112,0.059,0.15,46400000.0,279200000.0,1.0,17897782.0,17897782.0,,463.208,16850400000.0,15800000.0,209900000.0,385000000.0,941.48,864900000.0
14,BTUUQ,MRT,2012-06-30,2012-06-30,2012-06-30,2021-08-25,-53200000.0,16693900000.0,15513900000.0,2574500000.0,14119400000.0,0.529,321.093,-965000000.0,489200000.0,489200000.0,5477600000.0,861500000.0,1.48,1.855,6385400000.0,121400000.0,6264000000.0,6385400000.0,0.0,560700000.0,0.0,0.014,5.322,1421200000.0,1981900000.0,0.241,1981900000.0,1421200000.0,1073600000.0,46.927,46.927,46.927,5833800000.0,5583625000.0,5833800000.0,12382996091.0,9.0,6.248,728100000.0,40.075,1.0,2734600000.0,0.333,0.0,347600000.0,20850200000.0,18493675000.0,581700000.0,1683800000.0,0.0,1683800000.0,10824500000.0,1739900000.0,9084600000.0,6682396091.0,-687700000.0,-2825900000.0,-111200000.0,3732800000.0,-91600000.0,1503100000.0,-3883900000.0,979200000.0,1693100000.0,0.0,873800000.0,873800000.0,873800000.0,48700000.0,-12300000.0,0.106,931700000.0,1802900000.0,1596500000.0,0.113,1.145,7.648,7.838,12435600000.0,0.0,367.8,0.814,0.814,816200000.0,4075100000.0,8212200000.0,8212200000.0,0.0,0.056,0.156,0.077,0.173,46200000.0,281700000.0,1.0,18168560.0,18168560.0,,452.001,16693900000.0,17400000.0,199800000.0,456000000.0,918.835,834600000.0
15,BTUUQ,MRT,2012-03-31,2012-03-31,2012-03-31,2021-08-25,-63700000.0,16937100000.0,14276825000.0,3029700000.0,13907400000.0,0.575,315.346,-993800000.0,952400000.0,952400000.0,5477600000.0,945900000.0,1.856,1.943,6653000000.0,114600000.0,6538400000.0,6653000000.0,0.0,509500000.0,0.0,0.012,5.322,1607600000.0,2117100000.0,0.258,2117100000.0,1607600000.0,1318000000.0,51.874,51.724,51.874,5726600000.0,5429025000.0,5726600000.0,13746983891.0,9.0,6.493,814300000.0,44.841,1.0,2734000000.0,0.333,0.0,289600000.0,21005700000.0,16179925000.0,514900000.0,1938300000.0,0.0,1938300000.0,11124300000.0,1632000000.0,9492300000.0,7888583891.0,-320800000.0,-2830200000.0,-15500000.0,3772600000.0,-92300000.0,1670800000.0,-3799700000.0,729500000.0,1808100000.0,0.0,953900000.0,953900000.0,953900000.0,57600000.0,-8000000.0,0.116,852600000.0,1881400000.0,1502800000.0,0.103,1.378,8.27,8.374,11969100000.0,0.0,434.4,0.961,0.961,748100000.0,3893500000.0,8211600000.0,8211600000.0,0.0,0.067,0.176,0.099,0.196,46000000.0,277600000.0,1.0,18159724.0,18159724.0,,452.187,16937100000.0,24300000.0,364100000.0,590800000.0,932.674,1397700000.0
16,BTUUQ,MRT,2011-12-31,2011-12-31,2011-12-31,2021-08-25,-142400000.0,16733000000.0,12923525000.0,3005900000.0,13727100000.0,0.611,303.592,-847400000.0,799100000.0,799100000.0,5477600000.0,946300000.0,1.648,2.045,6657500000.0,101100000.0,6556400000.0,6657500000.0,0.0,474300000.0,0.0,0.011,5.247,1559500000.0,2033800000.0,0.258,2033800000.0,1559500000.0,1320900000.0,52.924,52.774,52.924,5485100000.0,5214600000.0,5485100000.0,10073932018.0,6.0,4.953,785800000.0,43.493,1.0,2418300000.0,0.306,0.0,238600000.0,20767700000.0,13765100000.0,444400000.0,2475500000.0,0.0,2475500000.0,11217200000.0,1823700000.0,9393500000.0,8973132018.0,-496100000.0,-2849400000.0,-18700000.0,3776000000.0,-92100000.0,1678500000.0,-3807800000.0,288600000.0,1633200000.0,0.0,957700000.0,957700000.0,957700000.0,66500000.0,-11400000.0,0.121,803400000.0,1614900000.0,1712300000.0,0.099,1.636,9.369,9.384,11251600000.0,0.0,496.65,1.136,1.136,922500000.0,3744000000.0,7895900000.0,7895900000.0,0.0,0.074,0.184,0.113,0.198,43900000.0,268200000.0,1.0,18067315.0,18067315.0,,437.027,16733000000.0,27300000.0,363200000.0,523200000.0,926.148,1182200000.0
17,BTUUQ,MRT,2011-09-30,2011-09-30,2011-09-30,2021-08-25,-139100000.0,11691600000.0,11581050000.0,3005000000.0,8686600000.0,0.633,292.793,-805700000.0,1401600000.0,1401600000.0,0.0,967400000.0,2.085,1.204,2502400000.0,43800000.0,2458600000.0,2502400000.0,0.0,419800000.0,0.0,0.01,5.247,1451000000.0,1870800000.0,0.255,1870800000.0,1451000000.0,1240000000.0,54.573,53.823,54.573,5289000000.0,5008500000.0,5289000000.0,10515208313.0,7.0,5.621,579700000.0,32.092,1.0,7330700000.0,1.0,0.0,211000000.0,11351100000.0,11399225000.0,351900000.0,878500000.0,0.0,878500000.0,6369100000.0,1441300000.0,4927800000.0,9180108313.0,34100000.0,-138600000.0,-27100000.0,-267200000.0,-92000000.0,-314200000.0,-1037100000.0,10000000.0,1385400000.0,0.0,945400000.0,945400000.0,945400000.0,61800000.0,22000000.0,0.129,695700000.0,6635000000.0,1334900000.0,0.096,1.736,9.71,9.312,7808100000.0,0.0,508.2,1.252,1.252,591400000.0,3544700000.0,7330700000.0,7330700000.0,0.0,0.082,0.189,0.127,0.198,43400000.0,260000000.0,1.0,18063967.0,18063967.0,,405.819,11691600000.0,90900000.0,294600000.0,499600000.0,647.233,1563700000.0
18,BTUUQ,MRT,2011-06-30,2011-06-30,2011-06-30,2021-08-25,52600000.0,11745600000.0,11401300000.0,3110400000.0,8635200000.0,0.633,288.812,-673400000.0,1176900000.0,1176900000.0,0.0,922200000.0,2.094,1.246,2512000000.0,43800000.0,2468200000.0,2512000000.0,0.0,430700000.0,0.0,0.006,4.948,1512500000.0,1943200000.0,0.269,1943200000.0,1512500000.0,1298500000.0,51.424,50.675,51.424,5215400000.0,4799675000.0,5215400000.0,17424271904.0,12.0,8.967,564900000.0,31.282,1.0,7214800000.0,1.0,0.0,214000000.0,11595200000.0,11298925000.0,374000000.0,1126200000.0,75000000.0,1051200000.0,6500300000.0,1485500000.0,5014800000.0,15957071904.0,19900000.0,-68400000.0,-23300000.0,-268700000.0,-88600000.0,-308700000.0,-909700000.0,-130800000.0,1238300000.0,0.0,895400000.0,895400000.0,895400000.0,53400000.0,26800000.0,0.124,677200000.0,6537600000.0,1335600000.0,0.096,3.06,17.821,17.184,7584000000.0,0.0,883.65,2.212,2.212,644800000.0,3292900000.0,7214800000.0,7214800000.0,0.0,0.079,0.187,0.134,0.21,40700000.0,242900000.0,1.0,18058136.0,18058136.0,,399.532,11745600000.0,103500000.0,403100000.0,597800000.0,650.433,1624900000.0
19,BTUUQ,MRT,2011-03-31,2011-03-31,2011-03-31,2021-08-25,-20900000.0,11523900000.0,10989350000.0,3046200000.0,8477700000.0,0.627,269.799,-550100000.0,1273200000.0,1273200000.0,0.0,844200000.0,1.852,1.362,2740400000.0,261500000.0,2478900000.0,2740400000.0,0.0,431700000.0,0.0,0.004,4.648,1370200000.0,1801900000.0,0.261,1801900000.0,1370200000.0,1147200000.0,46.327,45.577,46.327,4868900000.0,4484650000.0,4868900000.0,20934048621.0,15.0,11.618,585800000.0,32.461,1.0,6895700000.0,1.0,0.0,223000000.0,11346400000.0,11021925000.0,362800000.0,1156200000.0,100000000.0,1056200000.0,6632100000.0,1644700000.0,4987400000.0,19479248621.0,247800000.0,-76900000.0,-18800000.0,-56900000.0,-83600000.0,-86000000.0,-802100000.0,-161300000.0,1135900000.0,0.0,816800000.0,816800000.0,816800000.0,38300000.0,27400000.0,0.118,693200000.0,6202500000.0,1225800000.0,0.1,4.001,23.848,23.3,7421500000.0,0.0,1079.4,2.825,2.825,476400000.0,3031900000.0,6895700000.0,6895700000.0,0.0,0.074,0.182,0.124,0.199,40600000.0,238400000.0,1.0,18046367.0,18046367.0,,382.11,11523900000.0,114700000.0,330400000.0,578200000.0,638.572,1401500000.0
20,BTUUQ,MRT,2010-12-31,2010-12-31,2010-12-31,2021-08-25,-67900000.0,11363100000.0,10622200000.0,2958200000.0,8404900000.0,0.628,259.146,-546000000.0,1295200000.0,1295200000.0,0.0,802200000.0,1.954,1.432,2750000000.0,43200000.0,2706800000.0,2750000000.0,0.0,429500000.0,0.0,0.005,4.423,1309700000.0,1739200000.0,0.261,1739200000.0,1309700000.0,1087700000.0,43.178,42.579,43.178,4660700000.0,4251275000.0,4660700000.0,18648641775.0,14.0,10.723,541100000.0,30.086,1.0,6668200000.0,1.0,0.0,222000000.0,11304200000.0,10838300000.0,327200000.0,1026800000.0,0.0,1026800000.0,6673800000.0,1513700000.0,5160100000.0,17260041775.0,306400000.0,-94800000.0,-13500000.0,-49500000.0,-79400000.0,-77100000.0,-703600000.0,-62200000.0,1087100000.0,0.0,774000000.0,774000000.0,774000000.0,22800000.0,28200000.0,0.116,677700000.0,5990500000.0,1288800000.0,0.102,3.703,22.3,22.227,7378100000.0,0.0,959.7,2.588,2.588,555800000.0,2878400000.0,6668200000.0,6668200000.0,0.0,0.073,0.182,0.121,0.196,41100000.0,232200000.0,1.0,17984830.0,17984830.0,,370.768,11363100000.0,120400000.0,313700000.0,545100000.0,631.816,1444500000.0
21,BTUUQ,MRT,2010-09-30,2010-09-30,2010-09-30,2021-08-25,-20400000.0,10972600000.0,10270250000.0,2915400000.0,8057200000.0,0.626,248.066,-521100000.0,1367500000.0,1367500000.0,0.0,682200000.0,2.066,1.458,2756100000.0,41500000.0,2714600000.0,2756100000.0,0.0,422300000.0,0.0,0.006,4.198,1153600000.0,1575900000.0,0.245,1575900000.0,1153600000.0,934000000.0,37.031,36.732,37.031,4453700000.0,4023525000.0,4453700000.0,14804464996.0,13.0,9.394,754000000.0,41.997,1.0,6430500000.0,1.0,0.0,219600000.0,10949900000.0,10613850000.0,396300000.0,838100000.0,0.0,838100000.0,6493700000.0,1411300000.0,5082400000.0,13198664996.0,576700000.0,-91500000.0,-5900000.0,-56400000.0,-75200000.0,-145100000.0,-553300000.0,-63000000.0,1275100000.0,0.0,656200000.0,656200000.0,656200000.0,6000000.0,26000000.0,0.102,655100000.0,5775400000.0,1317900000.0,0.113,2.964,20.114,19.852,7219100000.0,0.0,735.15,2.053,2.053,583300000.0,2691300000.0,6430500000.0,6430500000.0,0.0,0.064,0.163,0.109,0.179,40900000.0,216800000.0,1.0,17953703.0,17953703.0,,358.171,10972600000.0,66200000.0,277800000.0,547900000.0,611.161,1504100000.0
22,BTUUQ,MRT,2010-06-30,2010-06-30,2010-06-30,2021-08-25,-299700000.0,10097800000.0,9991975000.0,2330200000.0,7767600000.0,0.624,220.615,-482900000.0,1157000000.0,1157000000.0,0.0,556700000.0,1.916,1.549,2762800000.0,35200000.0,2727600000.0,2762800000.0,0.0,413600000.0,0.0,0.007,4.048,935700000.0,1349300000.0,0.216,1349300000.0,935700000.0,726000000.0,30.585,30.435,30.585,3955300000.0,3855250000.0,3955300000.0,12246743181.0,13.0,9.076,800200000.0,44.633,1.0,6232800000.0,1.0,0.0,209700000.0,10487200000.0,10506925000.0,363400000.0,521200000.0,0.0,521200000.0,6127600000.0,1216400000.0,4911200000.0,10523143181.0,711000000.0,-85200000.0,-8500000.0,-48700000.0,-72300000.0,-140200000.0,-431900000.0,0.0,1283100000.0,0.0,538900000.0,538900000.0,538900000.0,7100000.0,17800000.0,0.086,653300000.0,5579500000.0,1101300000.0,0.132,2.661,19.527,19.191,7246400000.0,0.0,586.95,1.688,1.688,393700000.0,2486100000.0,6232800000.0,6232800000.0,0.0,0.054,0.14,0.089,0.15,43800000.0,216900000.0,1.0,17928517.0,17928517.0,,347.647,10097800000.0,57300000.0,187100000.0,320500000.0,563.226,1113800000.0
23,BTUUQ,MRT,2010-03-31,2010-03-31,2010-03-31,2021-08-25,-121000000.0,10055300000.0,9873300000.0,2248600000.0,7806700000.0,0.599,219.534,-431700000.0,1025400000.0,1025400000.0,0.0,424500000.0,1.927,1.553,2749000000.0,14300000.0,2734700000.0,2749000000.0,0.0,409700000.0,0.0,0.006,3.898,824000000.0,1233700000.0,0.209,1233700000.0,824000000.0,624000000.0,23.988,23.838,23.988,3935400000.0,3763950000.0,3935400000.0,14051880395.0,17.0,11.39,598800000.0,33.404,1.0,5909600000.0,1.0,0.0,200000000.0,10611900000.0,10547100000.0,343200000.0,560900000.0,0.0,560900000.0,6111600000.0,1167000000.0,4944600000.0,12288380395.0,498700000.0,-87100000.0,-8100000.0,-36700000.0,-69600000.0,-118600000.0,-413200000.0,0.0,1030500000.0,0.0,411900000.0,411900000.0,411900000.0,14600000.0,12600000.0,0.07,630900000.0,5278700000.0,1076100000.0,0.162,3.123,29.833,28.577,7245800000.0,0.0,685.5,2.079,2.079,305600000.0,2298700000.0,5909600000.0,5909600000.0,0.0,0.042,0.109,0.078,0.139,41600000.0,208400000.0,1.0,17926157.0,17926157.0,,329.664,10055300000.0,29400000.0,212100000.0,379700000.0,560.929,1081600000.0
24,BTUUQ,MRT,2009-12-31,2009-12-31,2009-12-31,2021-08-25,-183500000.0,9955300000.0,9776300000.0,2189000000.0,7766300000.0,0.598,209.895,-383400000.0,988800000.0,988800000.0,0.0,463000000.0,1.668,1.653,2752300000.0,14100000.0,2738200000.0,2752300000.0,0.0,400500000.0,0.0,0.006,3.748,835500000.0,1236000000.0,0.211,1236000000.0,835500000.0,634400000.0,23.988,23.838,23.988,3749700000.0,3612150000.0,3749700000.0,14101006690.0,17.0,11.409,666800000.0,37.325,1.0,5847000000.0,1.0,0.0,201100000.0,10406400000.0,10464450000.0,325100000.0,504800000.0,0.0,504800000.0,6199400000.0,1312400000.0,4887000000.0,12114906690.0,539100000.0,-71800000.0,-2300000.0,-37100000.0,-66800000.0,-104600000.0,-406500000.0,0.0,1050200000.0,0.0,448200000.0,448200000.0,448200000.0,-19800000.0,14800000.0,0.077,616300000.0,5230700000.0,1187700000.0,0.156,3.231,27.03,28.27,7261500000.0,0.0,678.15,2.072,2.072,303000000.0,2183800000.0,5847000000.0,5847000000.0,0.0,0.046,0.124,0.08,0.143,38800000.0,199100000.0,1.0,17864641.0,17864641.0,,327.295,9955300000.0,40000000.0,186200000.0,299100000.0,557.263,876600000.0
25,BTUUQ,MRT,2009-09-30,2009-09-30,2009-09-30,2021-08-25,-65900000.0,9859500000.0,9711375000.0,2089100000.0,7770400000.0,0.654,211.773,-235500000.0,790800000.0,790800000.0,0.0,661600000.0,1.579,1.607,2776900000.0,13700000.0,2763200000.0,2776900000.0,0.0,423500000.0,0.0,0.006,3.598,1057700000.0,1481200000.0,0.233,1481200000.0,1057700000.0,850700000.0,34.333,33.883,34.333,3780600000.0,3454250000.0,3780600000.0,12303465005.0,12.0,8.306,1037100000.0,58.094,1.0,6352100000.0,1.0,0.0,207000000.0,10522200000.0,10408675000.0,357200000.0,542200000.0,0.0,542200000.0,6074800000.0,1323400000.0,4751400000.0,9966865005.0,686800000.0,-63900000.0,-156200000.0,-27300000.0,-64100000.0,-372400000.0,-213400000.0,106900000.0,1272600000.0,0.0,649100000.0,649100000.0,649100000.0,-36900000.0,12500000.0,0.102,656000000.0,5696100000.0,1188400000.0,0.105,2.636,15.355,16.261,7228200000.0,0.0,558.3,1.569,1.569,339800000.0,2110300000.0,6352100000.0,6352100000.0,0.0,0.067,0.188,0.102,0.167,36800000.0,205000000.0,1.0,17852168.0,17852168.0,,355.817,9859500000.0,12500000.0,201600000.0,344900000.0,552.286,765700000.0
26,BTUUQ,MRT,2009-06-30,2009-06-30,2009-06-30,2021-08-25,-151700000.0,9623100000.0,9647325000.0,1857900000.0,7765200000.0,0.682,201.322,-236000000.0,446000000.0,446000000.0,0.0,922600000.0,1.416,1.678,2782600000.0,16400000.0,2766200000.0,2782600000.0,0.0,415100000.0,0.0,0.008,3.598,1328000000.0,1743100000.0,0.265,1743100000.0,1328000000.0,1118900000.0,49.175,48.576,49.175,3590100000.0,3242625000.0,3590100000.0,10326889295.0,8.0,5.924,1029000000.0,57.703,1.0,6574700000.0,1.0,0.0,209100000.0,10647900000.0,10457500000.0,447500000.0,451900000.0,0.0,451900000.0,6025700000.0,1311800000.0,4713900000.0,8067489295.0,371200000.0,-57000000.0,-212400000.0,-120100000.0,-64500000.0,-519200000.0,-374600000.0,0.0,1265000000.0,0.0,911800000.0,911800000.0,911800000.0,-27900000.0,10800000.0,0.139,640400000.0,5934300000.0,1143600000.0,0.073,2.247,8.848,9.2,7313300000.0,0.0,452.4,1.227,1.227,319100000.0,2019500000.0,6574700000.0,6574700000.0,0.0,0.095,0.281,0.127,0.202,34300000.0,195000000.0,1.0,17832647.0,17832647.0,,368.689,9623100000.0,0.0,207100000.0,236100000.0,539.634,546100000.0
27,BTUUQ,MRT,2009-03-31,2009-03-31,2009-03-31,2021-08-25,-341300000.0,9667300000.0,9863675000.0,1949700000.0,7717600000.0,0.686,186.63,-240500000.0,526700000.0,526700000.0,0.0,1076400000.0,1.185,1.903,2786100000.0,16700000.0,2769400000.0,2786100000.0,0.0,406700000.0,0.0,0.01,3.598,1458800000.0,1865500000.0,0.276,1865500000.0,1458800000.0,1240000000.0,57.571,56.972,57.571,3328200000.0,3046975000.0,3328200000.0,9404616206.0,6.0,5.041,1189900000.0,66.724,1.0,6763400000.0,1.0,0.0,218800000.0,10281300000.0,10525850000.0,327000000.0,408900000.0,0.0,408900000.0,6333800000.0,1645400000.0,4688400000.0,6698116206.0,444200000.0,-45300000.0,-205000000.0,-217300000.0,-64600000.0,-592900000.0,-393300000.0,0.0,1430400000.0,0.0,1065900000.0,1065900000.0,1065900000.0,-27400000.0,10500000.0,0.158,635400000.0,6128000000.0,1387500000.0,0.062,2.013,6.284,6.524,7308700000.0,0.0,375.6,0.99,0.99,290600000.0,1956300000.0,6763400000.0,6763400000.0,0.0,0.108,0.35,0.139,0.216,35900000.0,192500000.0,1.0,17833110.0,17833110.0,,379.261,9667300000.0,0.0,174100000.0,69100000.0,542.098,304300000.0
28,BTUUQ,MRT,2008-12-31,2008-12-31,2008-12-31,2021-08-25,-388500000.0,9695600000.0,9781400250.0,1971300000.0,7724300000.0,0.671,173.875,-264100000.0,449700000.0,449700000.0,0.0,959100000.0,1.062,2.109,2793600000.0,17000000.0,2776600000.0,2793600000.0,0.0,402400000.0,0.0,0.011,3.598,1371300000.0,1773700000.0,0.27,1773700000.0,1371300000.0,1144300000.0,54.423,53.973,54.423,3118100000.0,2858404000.0,3118100000.0,9116742054.0,7.0,5.14,1033700000.0,57.642,1.0,6561000000.0,1.0,0.0,227000000.0,10183300000.0,10662108500.0,276200000.0,427000000.0,0.0,427000000.0,6576100000.0,1856200000.0,4719900000.0,6068942054.0,404400000.0,-43500000.0,-196700000.0,-130400000.0,-64900000.0,-498000000.0,-395400000.0,0.0,1297800000.0,0.0,952900000.0,952900000.0,952900000.0,28800000.0,6200000.0,0.145,575000000.0,5986000000.0,1535000000.0,0.066,1.946,6.369,6.27,7297300000.0,0.0,341.25,0.925,0.933,382200000.0,1802400000.0,6561000000.0,6561000000.0,0.0,0.097,0.333,0.129,0.209,34900000.0,197300000.0,1.0,17784446.0,17932997.0,18094099.0,365.862,9695600000.0,1700000.0,191400000.0,20800000.0,540.657,115100000.0
29,BTUUQ,MRT,2008-09-30,2008-09-30,2008-09-30,2021-08-25,-267100000.0,9603300000.0,9630300250.0,1818600000.0,7784700000.0,0.605,162.808,-224200000.0,104000000.0,104000000.0,0.0,698500000.0,0.941,2.273,3151800000.0,44200000.0,3107600000.0,3151800000.0,0.0,371000000.0,0.0,0.005,3.598,976700000.0,1347700000.0,0.231,1347700000.0,976700000.0,743900000.0,50.675,50.075,50.675,2934100000.0,2708804000.0,2934100000.0,15427396489.0,16.0,11.447,297900000.0,16.53,1.0,5829300000.0,1.0,0.0,232800000.0,10717500000.0,10803483500.0,275100000.0,397300000.0,0.0,397300000.0,6667900000.0,1933600000.0,4734300000.0,12243596489.0,-112300000.0,-64400000.0,-28100000.0,-46400000.0,-64900000.0,-90300000.0,-544100000.0,-106900000.0,522100000.0,0.0,695100000.0,695100000.0,695100000.0,212100000.0,3400000.0,0.119,521700000.0,5307600000.0,1340300000.0,0.071,4.173,17.614,13.32,7387400000.0,0.0,675.0,2.1,2.087,412900000.0,1552700000.0,5829300000.0,5829300000.0,0.0,0.072,0.257,0.09,0.168,27400000.0,188300000.0,1.0,18138661.0,18021820.0,18183560.0,323.458,9603300000.0,105800000.0,48800000.0,100500000.0,532.871,-115000000.0
30,BTUUQ,MRT,2008-06-30,2008-06-30,2008-06-30,2021-08-25,-87300000.0,10488500000.0,9843100500.0,2614800000.0,7873700000.0,0.522,155.899,-287000000.0,74800000.0,74800000.0,0.0,359000000.0,0.95,2.734,3258600000.0,135900000.0,3122700000.0,3258600000.0,0.0,360700000.0,0.0,0.003,3.598,588000000.0,948700000.0,0.185,948700000.0,588000000.0,350900000.0,31.484,31.034,31.484,2807500000.0,2635997000.0,2807500000.0,27201033852.0,46.0,28.672,60000000.0,3.332,1.0,5138200000.0,1.0,0.0,237100000.0,10921300000.0,10951478000.0,296300000.0,531200000.0,0.0,531200000.0,7677000000.0,2751000000.0,4926000000.0,23918532852.0,-7500000.0,-53800000.0,31100000.0,66600000.0,-64400000.0,80600000.0,-435100000.0,0.0,347000000.0,0.0,357900000.0,357900000.0,357900000.0,223400000.0,1100000.0,0.07,470700000.0,4667500000.0,1155200000.0,0.114,8.52,66.83,41.95,7342500000.0,0.0,1320.75,4.655,4.629,296000000.0,1199400000.0,5138200000.0,5138200000.0,0.0,0.036,0.136,0.054,0.114,25500000.0,177300000.0,1.0,18109811.0,18008464.0,18186715.0,285.321,10488500000.0,98600000.0,-7000000.0,325000000.0,582.421,-136200000.0
31,BTUUQ,MRT,2008-03-31,2008-03-31,2008-03-31,2021-08-25,-69652000.0,9338201000.0,9642425750.0,1571825000.0,7766376000.0,0.485,143.346,-379808000.0,82547000.0,82547000.0,0.0,230900000.0,0.876,2.627,3365048000.0,227692000.0,3137356000.0,3365048000.0,0.0,356375000.0,0.0,0.005,3.598,434700000.0,791075000.0,0.169,791075000.0,434700000.0,196900000.0,24.288,23.838,24.288,2573916000.0,2580187250.0,2573916000.0,17056224305.0,39.0,21.561,-253406000.0,-14.113,1.0,4680100000.0,1.0,0.0,237800000.0,10826334000.0,11042097500.0,251316000.0,432862000.0,0.0,432862000.0,6762307000.0,1794368000.0,4967939000.0,13828403305.0,-212816000.0,-43578000.0,29025000.0,156976000.0,-64119000.0,162972000.0,-502190000.0,0.0,126402000.0,0.0,232300000.0,232300000.0,232300000.0,206900000.0,-1400000.0,0.05,400800000.0,4279300000.0,1092036000.0,0.148,5.373,59.528,31.497,7333514000.0,0.0,765.0,2.955,2.935,278959000.0,982294000.0,4680100000.0,4680100000.0,0.0,0.024,0.09,0.039,0.093,27700000.0,166300000.0,1.0,18076344.0,17955966.0,18151936.0,260.643,9338201000.0,98633000.0,-35400000.0,351826000.0,520.061,-222543000.0
32,BTUUQ,MRT,2007-12-31,2007-12-31,2007-12-31,2021-08-25,-67100000.0,9091200000.0,9692963750.0,1310500000.0,7780700000.0,0.467,143.056,-438800000.0,45300000.0,45300000.0,0.0,261500000.0,0.835,2.608,3273100000.0,134400000.0,3138700000.0,3273100000.0,0.0,346300000.0,0.0,0.004,3.598,428900000.0,775200000.0,0.171,775200000.0,428900000.0,193100000.0,25.037,24.588,25.037,2519700000.0,2548988000.0,2519700000.0,19393892165.0,45.0,25.018,-119400000.0,-6.779,1.0,4523800000.0,1.0,0.0,235800000.0,10748800000.0,11070805000.0,264700000.0,482800000.0,0.0,482800000.0,6570800000.0,1570200000.0,5000600000.0,16394065165.0,-281200000.0,-33400000.0,26200000.0,-20900000.0,-63700000.0,-25300000.0,-575300000.0,0.0,319400000.0,0.0,263800000.0,263800000.0,263800000.0,180100000.0,-2300000.0,0.058,428500000.0,4095300000.0,1134000000.0,0.144,6.506,62.146,36.929,7297900000.0,0.0,924.6,3.624,3.6,256900000.0,941400000.0,4523800000.0,4523800000.0,0.0,0.027,0.103,0.039,0.095,20100000.0,147100000.0,1.0,17730982.0,17613348.0,17953392.0,256.839,9091200000.0,58800000.0,-70700000.0,354800000.0,516.154,-259700000.0
33,BTUUQ,MRT,2007-09-30,2007-09-30,2007-09-30,2021-08-25,-170598000.0,10454501000.0,9798677750.0,1782092000.0,8672409000.0,0.361,150.161,-486556000.0,216314000.0,216314000.0,0.0,403542000.0,0.937,2.945,3216141000.0,63174000.0,3152967000.0,3216141000.0,0.0,280797000.0,0.0,0.005,3.598,576386000.0,857183000.0,0.242,857183000.0,576386000.0,341632000.0,23.088,22.489,23.088,2642872000.0,2503694500.0,2642872000.0,15014989864.0,26.0,17.517,152246000.0,8.65,1.0,3534806000.0,1.0,242406000.0,234754000.0,11309478000.0,11107740250.0,267194000.0,597666000.0,0.0,597666000.0,7781967000.0,1902444000.0,5879523000.0,11905264864.0,-101127000.0,-1156262000.0,17623000.0,1167691000.0,-63572000.0,1115754000.0,-1855683000.0,0.0,638802000.0,0.0,403542000.0,403542000.0,403542000.0,-22688000.0,0.0,0.114,354310000.0,3180496000.0,1177015000.0,0.156,4.505,29.502,29.117,7832337000.0,0.0,672.262,3.368,3.347,277442000.0,1296757000.0,3534806000.0,3534806000.0,0.0,0.041,0.161,0.052,0.163,23213000.0,106229000.0,1.0,17709256.0,17600218.0,17938360.0,200.839,10212095000.0,106967000.0,-61910000.0,248643000.0,580.225,-120352000.0
34,BTUUQ,MRT,2007-06-30,2007-06-30,2007-06-30,2021-08-25,-209668000.0,9685801000.0,8992186750.0,1144941000.0,8540860000.0,0.4,147.05,-453565000.0,82275000.0,82275000.0,0.0,513250000.0,0.902,2.733,3192000000.0,36793000.0,3155207000.0,3192000000.0,0.0,282161000.0,0.0,0.005,3.598,649743000.0,931904000.0,0.259,931904000.0,649743000.0,447297000.0,29.385,28.636,29.385,2584261000.0,2435384500.0,2584261000.0,14917337663.0,23.0,16.007,153030000.0,8.708,1.0,3601294000.0,1.0,242406000.0,202446000.0,11283778000.0,10180957250.0,285670000.0,534513000.0,0.0,534513000.0,7061734000.0,1269342000.0,5792392000.0,12007821663.0,-236458000.0,-1464994000.0,-69611000.0,1456453000.0,-63538000.0,1320802000.0,-2163855000.0,0.0,606595000.0,0.0,513250000.0,513250000.0,513250000.0,-45388000.0,0.0,0.143,342890000.0,3258404000.0,1005414000.0,0.122,4.647,23.396,23.121,7763941000.0,0.0,679.424,3.334,3.316,259625000.0,1280413000.0,3601294000.0,3601294000.0,0.0,0.057,0.211,0.064,0.18,21191000.0,104517000.0,1.0,17673520.0,17574052.0,17923111.0,204.921,9443395000.0,106967000.0,-65953000.0,221142000.0,537.349,-124401000.0
35,BTUUQ,MRT,2007-03-31,2007-03-31,2007-03-31,2021-08-25,-227235000.0,9540353000.0,8281137000.0,1180597000.0,8359756000.0,0.465,139.597,-422733000.0,295327000.0,295327000.0,0.0,558984000.0,0.931,2.882,3204843000.0,33877000.0,3170966000.0,3204843000.0,0.0,285161000.0,0.0,0.006,3.598,641897000.0,927058000.0,0.241,927058000.0,641897000.0,472713000.0,31.934,31.184,31.934,2449119000.0,2372638500.0,2449119000.0,12914085700.0,20.0,13.93,363413000.0,20.714,1.0,3848882000.0,1.0,240667000.0,169184000.0,10941164000.0,9104635500.0,217563000.0,456068000.0,0.0,456068000.0,7057678000.0,1268038000.0,5789640000.0,9976770700.0,-54866000.0,-1465984000.0,-70572000.0,1435680000.0,-63512000.0,1301410000.0,-2142422000.0,0.0,786146000.0,0.0,558984000.0,558984000.0,558984000.0,-37388000.0,0.0,0.145,365329000.0,3483553000.0,1110496000.0,0.113,4.074,17.848,17.696,7663021000.0,0.0,565.11,2.592,2.576,278062000.0,1188619000.0,3848882000.0,3848882000.0,0.0,0.068,0.236,0.071,0.167,12998000.0,113196000.0,1.0,17654553.0,17544226.0,17966227.0,219.382,9299686000.0,106967000.0,-86271000.0,204822000.0,530.071,-87441000.0
36,BTUUQ,MRT,2006-12-31,2006-12-31,2006-12-31,2021-08-25,-249058000.0,9514056000.0,7552892000.0,1296558000.0,8217498000.0,0.536,133.097,-391900000.0,326511000.0,326511000.0,0.0,600700000.0,0.977,3.054,3277032000.0,95757000.0,3181275000.0,3277032000.0,0.0,284200000.0,0.0,0.006,3.598,654100000.0,938300000.0,0.232,938300000.0,654100000.0,515000000.0,34.183,33.433,34.183,2338526000.0,2300132750.0,2338526000.0,11371123069.0,17.0,12.119,191400000.0,10.894,1.0,4050900000.0,1.0,240667000.0,139100000.0,10896541000.0,8057763250.0,202909000.0,304518000.0,0.0,304518000.0,7142193000.0,1327369000.0,5814824000.0,9985925069.0,-176800000.0,-1509900000.0,-79700000.0,1517500000.0,-63500000.0,1383700000.0,-2143800000.0,0.0,583300000.0,0.0,600700000.0,600700000.0,600700000.0,-30800000.0,0.0,0.148,372900000.0,3678000000.0,944151000.0,0.105,4.27,16.624,16.602,6708830000.0,0.0,567.498,2.465,2.461,320822000.0,1115994000.0,4050900000.0,4050900000.0,0.0,0.08,0.261,0.081,0.161,17100000.0,128000000.0,1.0,17596414.0,17570070.0,17953373.0,230.557,9273389000.0,77562000.0,-85700000.0,412886000.0,527.795,-30811000.0
37,BTUUQ,MRT,2006-09-30,2006-09-30,2006-09-30,2021-08-25,-48245000.0,7228537000.0,6887379500.0,1018199000.0,6210338000.0,0.602,134.855,-529138000.0,317405000.0,317405000.0,0.0,587833000.0,1.007,2.044,1702603000.0,77691000.0,1624912000.0,1702603000.0,0.0,284470000.0,0.0,0.008,4.085,734325000.0,1018795000.0,0.246,1018795000.0,734325000.0,633217000.0,33.283,32.834,33.283,2369632000.0,2260118000.0,2369632000.0,10170594320.0,14.0,9.983,208252000.0,11.852,1.0,4149586000.0,1.0,0.0,101108000.0,7602346000.0,7016455750.0,181444000.0,644798000.0,0.0,644798000.0,4843399000.0,1011389000.0,3832010000.0,9108677320.0,-161336000.0,-353838000.0,-79809000.0,220048000.0,-60122000.0,120214000.0,-1018940000.0,0.0,737390000.0,0.0,587833000.0,587833000.0,587833000.0,-144150000.0,0.0,0.142,379388000.0,3770198000.0,853003000.0,0.123,3.844,15.495,15.519,5565540000.0,0.0,516.52,2.195,2.187,244730000.0,956790000.0,4149586000.0,4149586000.0,0.0,0.085,0.26,0.105,0.177,11480000.0,116032000.0,1.0,17634709.0,17571732.0,17930473.0,236.151,7228537000.0,94124000.0,45384000.0,254387000.0,411.373,6810000.0
38,BTUUQ,MRT,2006-06-30,2006-06-30,2006-06-30,2021-08-25,-31625000.0,6841602000.0,6743944000.0,1005347000.0,5836255000.0,0.609,132.527,-530104000.0,318736000.0,318736000.0,0.0,559165000.0,1.087,1.927,1380653000.0,72088000.0,1308565000.0,1380653000.0,0.0,270965000.0,0.0,0.005,3.898,716649000.0,987614000.0,0.24,987614000.0,716649000.0,616606000.0,31.634,31.184,31.634,2333277000.0,2177028750.0,2333277000.0,14884996445.0,21.0,15.072,154968000.0,8.802,1.0,4108108000.0,1.0,0.0,100043000.0,6978491000.0,6786610000.0,167116000.0,324696000.0,0.0,324696000.0,4495497000.0,925028000.0,3570469000.0,13824724445.0,-140631000.0,-47506000.0,10926000.0,-73591000.0,-56718000.0,-82422000.0,-743281000.0,0.0,685072000.0,0.0,559165000.0,559165000.0,559165000.0,-144150000.0,0.0,0.136,379193000.0,3728915000.0,778669000.0,0.123,5.925,24.724,24.749,5511559000.0,0.0,782.925,3.365,3.355,261997000.0,830648000.0,4108108000.0,4108108000.0,0.0,0.083,0.257,0.106,0.174,7605000.0,141553000.0,1.0,17657789.0,17606038.0,17992770.0,233.335,6841602000.0,94124000.0,57441000.0,289083000.0,388.594,80319000.0
39,BTUUQ,MRT,2006-03-31,2006-03-31,2006-03-31,2021-08-25,-44931000.0,6627373000.0,6634708750.0,925908000.0,5701465000.0,0.588,122.851,-482088000.0,350160000.0,350160000.0,0.0,500985000.0,0.991,2.064,1410432000.0,77906000.0,1332526000.0,1410432000.0,0.0,258799000.0,0.0,0.005,3.561,671816000.0,930615000.0,0.239,930615000.0,671816000.0,571906000.0,28.336,28.036,28.336,2159096000.0,2069411500.0,2159096000.0,13396112553.0,20.0,14.395,194298000.0,11.055,1.0,3900506000.0,1.0,0.0,99910000.0,6753675000.0,6680741500.0,175049000.0,316294000.0,0.0,316294000.0,4455484000.0,933970000.0,3521514000.0,12493884553.0,-31065000.0,-46538000.0,8248000.0,-44850000.0,-50632000.0,-63055000.0,-644396000.0,0.0,676386000.0,0.0,500985000.0,500985000.0,500985000.0,-144150000.0,0.0,0.128,396044000.0,3504462000.0,792409000.0,0.126,5.787,24.939,24.984,5385171000.0,0.0,707.933,3.203,3.19,238867000.0,693107000.0,3900506000.0,3900506000.0,0.0,0.076,0.242,0.101,0.172,3698000.0,141445000.0,1.0,17648406.0,17574855.0,17966227.0,221.937,6627373000.0,9027000.0,70921000.0,231669000.0,377.094,-8062000.0
40,BTUUQ,MRT,2005-12-31,2005-12-31,2005-12-31,2021-08-25,-46795000.0,6852006000.0,6556965000.0,1305237000.0,5546769000.0,0.559,124.888,-450348000.0,503278000.0,503278000.0,0.0,422653000.0,1.276,2.144,1405506000.0,22585000.0,1382921000.0,1405506000.0,0.0,253788000.0,0.0,0.006,3.711,584498000.0,838286000.0,0.229,838286000.0,584498000.0,486432000.0,24.138,23.688,24.138,2178467000.0,1984923000.0,2178467000.0,11079936187.0,19.0,13.217,274913000.0,15.76,1.0,3666176000.0,1.0,0.0,98066000.0,6731311000.0,6625316000.0,389771000.0,369061000.0,0.0,369061000.0,4670989000.0,1022923000.0,3648066000.0,10151383187.0,113642000.0,-2000000.0,25582000.0,-19923000.0,-44535000.0,-27417000.0,-584202000.0,0.0,725261000.0,0.0,422653000.0,422653000.0,422653000.0,-144150000.0,0.0,0.115,362351000.0,3303825000.0,867965000.0,0.154,4.66,24.018,23.976,5177708000.0,0.0,578.733,2.769,2.754,202134000.0,729086000.0,3666176000.0,3666176000.0,0.0,0.064,0.213,0.088,0.159,0.0,132679000.0,1.0,17540716.0,17443346.0,17876499.0,210.176,6852006000.0,9027000.0,63779000.0,338488000.0,392.815,282314000.0
41,BTUUQ,MRT,2005-09-30,2005-09-30,2005-09-30,2021-08-25,-24251000.0,6654795000.0,6388611500.0,1269163000.0,5385632000.0,0.694,116.388,-241876000.0,478741000.0,478741000.0,0.0,328373000.0,1.41,2.266,1407294000.0,23031000.0,1384263000.0,1407294000.0,0.0,299588000.0,0.0,0.005,2.886,447131000.0,746719000.0,0.168,746719000.0,447131000.0,345099000.0,18.891,18.441,18.891,2037275000.0,1871454250.0,2037275000.0,11318535995.0,25.0,15.158,311548000.0,17.798,1.0,4433305000.0,1.0,0.0,102032000.0,6682963000.0,6552432500.0,368850000.0,371603000.0,0.0,371603000.0,4615835000.0,900385000.0,3715450000.0,10362992995.0,76906000.0,-37268000.0,30991000.0,22723000.0,-41731000.0,10044000.0,-486562000.0,0.0,553424000.0,0.0,328373000.0,328373000.0,328373000.0,0.0,0.0,0.074,413987000.0,4019318000.0,809956000.0,0.153,5.087,31.559,31.353,5014029000.0,0.0,592.285,2.338,2.339,236538000.0,579411000.0,4433305000.0,4433305000.0,0.0,0.051,0.175,0.068,0.101,1207000.0,184906000.0,1.0,17496646.0,17504241.0,17910416.0,253.27,6654795000.0,15050000.0,16726000.0,419621000.0,380.182,368778000.0
42,BTUUQ,MRT,2005-06-30,2005-06-30,2005-06-30,2021-08-25,-41008000.0,6404661000.0,6259645500.0,1153222000.0,5251439000.0,0.66,109.039,-179268000.0,459367000.0,459367000.0,0.0,258470000.0,1.432,2.365,1414910000.0,21861000.0,1393049000.0,1414910000.0,0.0,292561000.0,0.0,0.007,2.642,369046000.0,661607000.0,0.16,661607000.0,369046000.0,267415000.0,14.993,14.618,14.993,1902808000.0,1770755500.0,1902808000.0,7388621293.0,20.0,11.168,276052000.0,15.819,1.0,4128784000.0,1.0,0.0,101631000.0,6555017000.0,6473622250.0,363561000.0,368162000.0,0.0,368162000.0,4500140000.0,805187000.0,3694953000.0,6374127293.0,130015000.0,-39369000.0,32867000.0,50736000.0,-37295000.0,44995000.0,-370300000.0,0.0,455320000.0,0.0,258470000.0,258470000.0,258470000.0,2000.0,0.0,0.063,432113000.0,3696671000.0,748514000.0,0.176,3.35,24.661,24.372,4883277000.0,0.0,365.412,1.544,1.544,204419000.0,478533000.0,4128784000.0,4128784000.0,0.0,0.041,0.146,0.057,0.089,804000.0,161520000.0,1.0,17443682.0,17450731.0,17850282.0,236.597,6404661000.0,15050000.0,8945000.0,400991000.0,367.014,348035000.0
43,BTUUQ,MRT,2005-03-31,2005-03-31,2005-03-31,2021-08-25,-30875000.0,6316398000.0,6191603750.0,1062012000.0,5254386000.0,0.636,104.734,-203730000.0,381225000.0,381225000.0,0.0,204697000.0,1.329,2.467,1395719000.0,21001000.0,1374718000.0,1395719000.0,0.0,286272000.0,0.0,0.008,2.549,289307000.0,575579000.0,0.146,575579000.0,289307000.0,188286000.0,11.994,11.619,11.994,1821142000.0,1691653250.0,1821142000.0,6709069439.0,23.0,11.656,167250000.0,9.619,1.0,3936769000.0,1.0,0.0,101021000.0,6531973000.0,6431193000.0,345562000.0,359607000.0,0.0,359607000.0,4493665000.0,798919000.0,3694746000.0,5673740439.0,-398203000.0,-456533000.0,34379000.0,49895000.0,-35481000.0,47480000.0,-816663000.0,0.0,370980000.0,0.0,204697000.0,204697000.0,204697000.0,1766000.0,0.0,0.052,433307000.0,3503462000.0,727874000.0,0.213,3.115,27.718,27.141,4894779000.0,0.0,325.528,1.441,1.438,187464000.0,393086000.0,3936769000.0,3936769000.0,0.0,0.033,0.121,0.045,0.073,404000.0,152993000.0,1.0,17429331.0,17388258.0,17795647.0,226.404,6316398000.0,15836000.0,-16411000.0,404272000.0,363.257,263093000.0
44,BTUUQ,MRT,2004-12-31,2004-12-31,2004-12-31,2021-08-25,-60618000.0,6178592000.0,6115398250.0,1054602000.0,5123990000.0,0.594,103.951,-151944000.0,389636000.0,389636000.0,0.0,175387000.0,1.362,2.582,1424965000.0,18979000.0,1405986000.0,1424965000.0,0.0,270159000.0,0.0,0.007,1.968,245743000.0,515902000.0,0.142,515902000.0,245743000.0,148950000.0,10.645,10.345,10.645,1724592000.0,1620793500.0,1724592000.0,5911868413.0,24.0,11.459,131816000.0,7.945,1.0,3631582000.0,1.0,0.0,96793000.0,6439777000.0,6291698000.0,323609000.0,342559000.0,0.0,342559000.0,4452091000.0,774144000.0,3677947000.0,4896762413.0,272134000.0,-461533000.0,412765000.0,314214000.0,-32568000.0,693404000.0,-705030000.0,0.0,283760000.0,0.0,175387000.0,175387000.0,175387000.0,2839000.0,0.0,0.048,431742000.0,3199840000.0,691600000.0,0.185,2.839,27.92,26.685,4781431000.0,0.0,284.065,1.348,1.298,193784000.0,350968000.0,3631582000.0,3631582000.0,0.0,0.029,0.108,0.039,0.068,0.0,143025000.0,1.0,17238185.0,16590474.0,16996003.0,218.896,6178592000.0,15461000.0,-26437000.0,393266000.0,372.418,280458000.0
45,BTUUQ,MRT,2004-09-30,2004-09-30,2004-09-30,2021-08-25,-68715000.0,6138931000.0,5890816500.0,1092195000.0,5046736000.0,0.568,95.308,-126497000.0,401835000.0,401835000.0,0.0,129713000.0,1.389,2.755,1416941000.0,18918000.0,1398023000.0,1416941000.0,0.0,260539000.0,0.0,0.013,2.736,209761000.0,470300000.0,0.141,470300000.0,209761000.0,117763000.0,8.058,7.834,8.058,1634480000.0,1472659750.0,1634480000.0,4664339935.0,22.0,9.918,99091000.0,5.778,1.0,3346855000.0,1.0,0.0,91998000.0,6367722000.0,6113587250.0,323039000.0,320893000.0,0.0,320893000.0,4502460000.0,786315000.0,3716145000.0,3578838935.0,296006000.0,-426265000.0,411472000.0,260009000.0,-29674000.0,640865000.0,-570626000.0,0.0,225588000.0,179000.0,129713000.0,129713000.0,129713000.0,2839000.0,0.0,0.039,404999000.0,2941856000.0,665999000.0,0.34,2.19,27.59,25.924,4725843000.0,0.0,208.897,1.069,1.07,173006000.0,292769000.0,3346855000.0,3346855000.0,0.0,0.022,0.088,0.034,0.063,0.0,125668000.0,1.0,17132072.0,17149527.0,17549846.0,195.157,6138931000.0,15778000.0,-11950000.0,415567000.0,357.965,305880000.0
46,BTUUQ,MRT,2004-06-30,2004-06-30,2004-06-30,2021-08-25,-72433000.0,6132494000.0,5657593500.0,1095482000.0,5037012000.0,0.553,92.959,-117037000.0,329352000.0,329352000.0,0.0,107794000.0,1.316,2.864,1414853000.0,19465000.0,1395388000.0,1414853000.0,0.0,251631000.0,0.0,0.014,2.736,169732000.0,421363000.0,0.135,421363000.0,169732000.0,80313000.0,7.009,6.822,7.009,1586399000.0,1337662000.0,1586399000.0,4016062020.0,24.0,9.531,55042000.0,3.225,1.0,3129821000.0,1.0,0.0,89419000.0,6385300000.0,5947882500.0,314262000.0,320219000.0,0.0,320219000.0,4544227000.0,832695000.0,3711532000.0,3353771020.0,217731000.0,-423564000.0,416099000.0,217976000.0,-28420000.0,603856000.0,-558420000.0,0.0,172079000.0,216000.0,107794000.0,107794000.0,107794000.0,2837000.0,0.0,0.034,380257000.0,2749564000.0,685459000.0,0.39,2.114,31.113,28.046,4716793000.0,0.0,196.574,1.072,1.072,259642000.0,257358000.0,3129821000.0,3129821000.0,0.0,0.019,0.081,0.029,0.054,0.0,114635000.0,1.0,17061125.0,17065582.0,17458928.0,183.4,6132494000.0,15758000.0,-27481000.0,409971000.0,359.349,262787000.0
47,BTUUQ,MRT,2004-03-31,2004-03-31,2004-03-31,2021-08-25,-83771000.0,6011576000.0,5431290000.0,1417703000.0,4593873000.0,0.535,103.311,-40098000.0,779428000.0,779428000.0,0.0,65009000.0,2.026,2.908,1441719000.0,20066000.0,1421653000.0,1441719000.0,0.0,238129000.0,0.0,0.016,2.642,117661000.0,355790000.0,0.122,355790000.0,117661000.0,23945000.0,4.535,4.348,4.535,1537703000.0,1210747750.0,1537703000.0,3471029605.0,30.0,9.756,101919000.0,6.847,1.0,2906295000.0,1.0,0.0,93716000.0,5973993000.0,5780509250.0,271486000.0,331236000.0,0.0,331236000.0,4472019000.0,699874000.0,3772145000.0,2391992605.0,707710000.0,-96400000.0,424854000.0,318530000.0,-25675000.0,714931000.0,-149982000.0,0.0,142017000.0,744000.0,65009000.0,65009000.0,65009000.0,1073000.0,0.0,0.022,351323000.0,2554972000.0,562201000.0,0.583,1.556,36.795,36.007,4262637000.0,0.0,163.291,0.823,0.836,176864000.0,223870000.0,2906295000.0,2906295000.0,0.0,0.012,0.054,0.02,0.04,0.0,110993000.0,1.0,14648670.0,14884272.0,15248914.0,195.259,6011576000.0,15759000.0,-41064000.0,425115000.0,403.888,717829000.0
48,BTUUQ,MRT,2003-12-31,2003-12-31,2003-12-31,2021-08-25,-81572000.0,5280265000.0,5374362000.0,682740000.0,4597525000.0,0.524,79.444,-86870000.0,117502000.0,117502000.0,0.0,31348000.0,1.08,3.663,1196539000.0,23049000.0,1173490000.0,1196539000.0,0.0,234336000.0,0.0,0.02,2.886,82180000.0,316516000.0,0.112,316516000.0,82180000.0,-16360000.0,2.249,2.099,2.249,1132057000.0,1092817000.0,1132057000.0,3213981311.0,39.0,10.154,101991000.0,7.157,1.0,2815296000.0,1.0,0.0,98540000.0,5727334000.0,5725622000.0,246493000.0,316539000.0,0.0,316539000.0,4146299000.0,631968000.0,3514331000.0,2119113311.0,46292000.0,-91400000.0,33066000.0,42665000.0,-24058000.0,48598000.0,-192280000.0,0.0,188861000.0,1113000.0,31348000.0,31348000.0,31348000.0,0.0,0.0,0.011,341245000.0,2474051000.0,572615000.0,1.283,1.872,67.6,65.113,4280986000.0,0.0,146.439,0.753,0.741,220891000.0,208149000.0,2815296000.0,2815296000.0,0.0,0.006,0.029,0.014,0.029,0.0,108525000.0,1.0,14471005.0,14249660.0,14630146.0,197.569,5280265000.0,15749000.0,-47708000.0,434426000.0,370.554,50772000.0
49,BTUUQ,MRT,2003-09-30,2003-09-30,2003-09-30,2021-08-25,-83830000.0,5206039000.0,5335783000.0,583168000.0,4622871000.0,0.515,75.964,-22461000.0,105829000.0,105829000.0,0.0,38805000.0,0.978,3.755,1200697000.0,20031000.0,1180666000.0,1200697000.0,0.0,232787000.0,0.0,0.024,2.642,47704000.0,280491000.0,0.102,280491000.0,47704000.0,-55391000.0,2.736,2.661,2.736,1094489000.0,1080087250.0,1094489000.0,2684060112.0,56.0,9.569,119527000.0,8.296,1.0,2748815000.0,1.0,0.0,103095000.0,5704903000.0,5656892000.0,245824000.0,332768000.0,0.0,332768000.0,4110152000.0,596004000.0,3514148000.0,1592036112.0,89949000.0,-91400000.0,30998000.0,71582000.0,-22493000.0,75193000.0,-128404000.0,0.0,141988000.0,1172000.0,38805000.0,38805000.0,38805000.0,0.0,0.0,0.014,323395000.0,2425420000.0,551889000.0,0.966,1.455,41.027,40.254,4290103000.0,0.0,110.136,0.579,0.577,154082000.0,192730000.0,2748815000.0,2748815000.0,0.0,0.007,0.036,0.008,0.017,0.0,105639000.0,1.0,14455167.0,14407909.0,14734265.0,190.785,5206039000.0,10750000.0,-94196000.0,438056000.0,361.332,-12836000.0
50,BTUUQ,MRT,2003-06-30,2003-06-30,2003-06-30,2021-08-25,-71527000.0,5227280000.0,5335180000.0,568969000.0,4658311000.0,0.518,76.647,-48407000.0,111621000.0,111621000.0,0.0,46323000.0,0.943,3.844,1203645000.0,31867000.0,1171778000.0,1203645000.0,0.0,230661000.0,0.0,0.024,2.886,65821000.0,296482000.0,0.107,296482000.0,65821000.0,-40740000.0,3.336,3.223,3.336,1078742000.0,1081533500.0,1078742000.0,2729399254.0,41.0,9.206,224674000.0,15.963,1.0,2761471000.0,1.0,0.0,106561000.0,5715807000.0,5622983000.0,252494000.0,333584000.0,0.0,333584000.0,4146957000.0,603497000.0,3543460000.0,1651126254.0,102806000.0,-117825000.0,18192000.0,17989000.0,-20939000.0,9202000.0,-180634000.0,0.0,273081000.0,1157000.0,46323000.0,46323000.0,46323000.0,0.0,0.0,0.017,319868000.0,2441603000.0,543047000.0,0.865,1.531,35.644,35.351,4324727000.0,0.0,117.93,0.598,0.601,125529000.0,177984000.0,2761471000.0,2761471000.0,0.0,0.009,0.043,0.012,0.024,0.0,108181000.0,1.0,14000869.0,14074233.0,14074233.0,196.208,5227280000.0,10412000.0,-87063000.0,451252000.0,371.408,-34528000.0
51,BTUUQ,MRT,2003-03-31,2003-03-31,2003-03-31,2021-08-25,-77623000.0,5783864000.0,5332541000.0,1148025000.0,4635839000.0,0.511,76.228,-87651000.0,581310000.0,581310000.0,0.0,72124000.0,1.036,4.391,1659583000.0,486526000.0,1173057000.0,1659583000.0,0.0,229783000.0,0.0,0.033,3.223,118993000.0,348776000.0,0.128,348776000.0,118993000.0,15286000.0,5.172,4.985,5.172,1065980000.0,1080692250.0,1065980000.0,2327544270.0,20.0,6.673,183289000.0,13.107,1.0,2725166000.0,1.0,0.0,103707000.0,5754444000.0,5606852750.0,247974000.0,332689000.0,0.0,332689000.0,4681063000.0,1107693000.0,3573370000.0,1369543270.0,55603000.0,-45537000.0,6180000.0,-46350000.0,-20903000.0,-67639000.0,-148327000.0,0.0,270940000.0,629000.0,72124000.0,72124000.0,72124000.0,0.0,0.0,0.026,313554000.0,2411612000.0,590155000.0,0.623,1.285,18.989,18.932,4303150000.0,0.0,97.918,0.503,0.502,249612000.0,184536000.0,2725166000.0,2725166000.0,0.0,0.014,0.067,0.021,0.044,0.0,100456000.0,1.0,13986593.0,13984066.0,13984066.0,194.877,5783864000.0,10380000.0,-56838000.0,479661000.0,413.604,40332000.0
52,BTUUQ,MRT,2002-12-31,2002-12-31,2002-12-31,2021-08-25,-77627000.0,5125949000.0,5179992250.0,549923000.0,4576026000.0,0.525,77.68,-83177000.0,71210000.0,71210000.0,0.0,105519000.0,0.871,3.707,1029211000.0,47515000.0,981696000.0,1029211000.0,0.0,232413000.0,0.0,0.031,3.223,167970000.0,400383000.0,0.147,400383000.0,167970000.0,65512000.0,7.571,7.346,7.571,1081138000.0,1077424250.0,1081138000.0,2464251031.0,15.0,6.155,151627000.0,10.894,1.0,2719638000.0,1.0,0.0,102458000.0,5452414000.0,5544328250.0,229688000.0,302984000.0,0.0,302984000.0,4007690000.0,631536000.0,3376154000.0,1432287031.0,32588000.0,-46012000.0,5901000.0,-34887000.0,-20863000.0,-58398000.0,-144078000.0,0.0,234804000.0,260000.0,105519000.0,105519000.0,105519000.0,0.0,0.0,0.039,318066000.0,2401572000.0,547013000.0,0.426,1.325,13.574,13.555,842891000.0,0.0,102.623,0.527,0.525,153212000.0,200859000.0,2719638000.0,2719638000.0,0.0,0.02,0.098,0.03,0.062,0.0,101416000.0,1.0,13956803.0,13917818.0,14359646.0,195.407,5125949000.0,10361000.0,-40007000.0,499310000.0,368.301,-81613000.0
53,BTUUQ,MRT,2002-09-30,2002-09-30,2002-09-30,2021-08-25,-30347000.0,5203627000.0,5186230500.0,529595000.0,4674032000.0,0.51,79.039,-209287000.0,15880000.0,15880000.0,0.0,79803000.0,0.795,3.696,1047844000.0,50566000.0,997278000.0,1047844000.0,0.0,234930000.0,0.0,0.036,3.223,173971000.0,408901000.0,0.155,408901000.0,173971000.0,71917000.0,5.81,5.585,5.81,1100274000.0,1066007750.0,1100274000.0,2321870115.0,13.0,5.678,43590000.0,3.131,1.0,2645691000.0,1.0,0.0,102054000.0,5569267000.0,5545985750.0,231243000.0,293646000.0,0.0,293646000.0,4066644000.0,666324000.0,3400320000.0,1246363115.0,-28339000.0,-46012000.0,3435000.0,-991000.0,-20831000.0,-23590000.0,-257648000.0,12043000.0,252877000.0,22000.0,79803000.0,79803000.0,79803000.0,0.0,0.0,0.03,323676000.0,2322015000.0,571933000.0,0.555,1.133,15.618,15.409,4380386000.0,0.0,89.527,0.471,0.471,165484000.0,176418000.0,2645691000.0,2645691000.0,0.0,0.015,0.075,0.031,0.066,1204000.0,97640000.0,1.0,13921598.0,13920729.0,14313655.0,190.054,5203627000.0,14631000.0,-7886000.0,580409000.0,373.804,-136729000.0
54,BTUUQ,MRT,2002-06-30,2002-06-30,2002-06-30,2021-08-25,-30345000.0,5216724000.0,5174476500.0,566142000.0,4650582000.0,0.5,77.33,-239971000.0,8815000.0,8815000.0,0.0,54827000.0,0.883,3.805,1084322000.0,46520000.0,1037802000.0,1084322000.0,0.0,232587000.0,0.0,0.032,3.223,154497000.0,387084000.0,0.15,387084000.0,154497000.0,49403000.0,4.01,3.861,4.01,1075377000.0,1056973000.0,1075377000.0,2410413197.0,16.0,6.227,-48029000.0,-3.454,1.0,2586649000.0,1.0,0.0,105094000.0,5651286000.0,5522746500.0,242354000.0,277990000.0,0.0,277990000.0,4092192000.0,640945000.0,3451247000.0,1381501197.0,-22340000.0,-18187000.0,737000.0,71247000.0,-20807000.0,46390000.0,-260672000.0,12043000.0,191942000.0,0.0,54827000.0,54827000.0,54827000.0,0.0,0.0,0.021,320315000.0,2266334000.0,543045000.0,0.804,1.285,25.197,24.777,4372592000.0,0.0,99.358,0.534,0.534,190112000.0,152601000.0,2586649000.0,2586649000.0,0.0,0.011,0.052,0.028,0.06,1204000.0,98087000.0,1.0,13904312.0,13906271.0,14369655.0,186.006,5216724000.0,14380000.0,-5424000.0,577424000.0,375.135,-74803000.0
55,BTUUQ,MRT,2002-03-31,2002-03-31,2002-03-31,2021-08-25,-30345000.0,5173669000.0,5156690250.0,562425000.0,4611244000.0,0.502,75.866,-226926000.0,16115000.0,16115000.0,0.0,12632000.0,0.805,3.868,1045027000.0,72293000.0,972734000.0,1045027000.0,0.0,233271000.0,0.0,0.025,2.511,123613000.0,356884000.0,0.138,356884000.0,123613000.0,10024000.0,0.675,0.675,0.675,1052908000.0,1054920250.0,1052908000.0,2403104987.0,19.0,6.734,-104219000.0,-7.509,1.0,2586971000.0,1.0,0.0,113589000.0,5504346000.0,5481030750.0,239164000.0,262353000.0,0.0,262353000.0,4072840000.0,698235000.0,3374605000.0,1410659987.0,-46608000.0,-475000.0,452028000.0,-379786000.0,-15595000.0,52484000.0,-221799000.0,19011000.0,122707000.0,0.0,12632000.0,12632000.0,12632000.0,0.0,0.0,0.005,318468000.0,2268503000.0,574263000.0,3.72,1.34,111.674,150.578,4348891000.0,0.0,101.64,0.545,0.545,192724000.0,133316000.0,2586971000.0,2586971000.0,0.0,0.002,0.012,0.023,0.048,1204000.0,99836000.0,1.0,13879009.0,13878466.0,14335544.0,186.402,5173669000.0,14380000.0,-2608000.0,569348000.0,372.784,-135810000.0
56,BTUUQ,MRT,2001-12-31,2001-12-31,2001-12-31,2021-08-25,-30345000.0,5150902000.0,5165644750.0,527454000.0,4623448000.0,0.481,74.598,-215359000.0,38622000.0,38622000.0,0.0,128055000.0,0.771,3.929,1031067000.0,46499000.0,984568000.0,1031067000.0,0.0,233159000.0,0.0,0.018,1.799,295361000.0,528520000.0,0.213,528520000.0,295361000.0,162086000.0,11.769,11.807,11.769,1035472000.0,949502750.0,1035472000.0,2364847568.0,8.0,4.474,-62651000.0,-4.514,1.0,2487144000.0,1.0,0.0,133275000.0,5459044000.0,5548794250.0,215644000.0,286050000.0,0.0,286050000.0,4068350000.0,684303000.0,3384047000.0,1371630568.0,5528000.0,447550000.0,452004000.0,-855712000.0,-10393000.0,-395673000.0,247205000.0,12722000.0,152708000.0,1288000.0,128055000.0,128055000.0,128055000.0,-8109000.0,0.0,0.051,315029000.0,2172115000.0,592113000.0,0.153,1.325,10.711,8.41,4337398000.0,0.0,98.972,0.551,0.552,178076000.0,116203000.0,2487144000.0,2487144000.0,0.0,0.025,0.135,0.053,0.119,4065000.0,106346000.0,1.0,13858837.0,13880718.0,12914898.0,179.18,5150902000.0,14380000.0,34031000.0,564764000.0,371.083,-156849000.0
57,BTUUQ,MRT,2001-09-30,2001-09-30,2001-09-30,2021-08-25,-862000.0,5156611000.0,5246019750.0,557021000.0,4599590000.0,0.495,84.478,-159238000.0,44219000.0,44219000.0,0.0,114395000.0,0.827,3.806,1037436000.0,27288000.0,1010148000.0,1037436000.0,0.0,210253000.0,0.0,0.008,0.712,321830000.0,532083000.0,0.205,532083000.0,321830000.0,163329000.0,7.121,6.897,7.121,1064135000.0,808898750.0,1064135000.0,2161459703.0,7.0,4.062,-31671000.0,-2.514,1.0,2598216000.0,1.0,0.0,158501000.0,5476310000.0,5824950000.0,207976000.0,264314000.0,0.0,264314000.0,4049696000.0,673518000.0,3376178000.0,1171616703.0,-11215000.0,444498000.0,448719000.0,-857118000.0,-5194000.0,-387278000.0,247376000.0,679000.0,127567000.0,1120000.0,114395000.0,114395000.0,114395000.0,-4489000.0,0.0,0.044,321880000.0,2276336000.0,564701000.0,0.1,1.101,10.242,11.882,4335276000.0,0.0,84.612,0.451,0.41,176990000.0,117447000.0,2598216000.0,2598216000.0,0.0,0.022,0.141,0.055,0.124,3562000.0,104236000.0,1.0,13846920.0,12596652.0,13082215.0,206.262,5156611000.0,7126000.0,48934000.0,562318000.0,409.364,-116497000.0
58,BTUUQ,MRT,2001-06-30,2001-06-30,2001-06-30,2021-08-25,-862000.0,5145579000.0,5372765250.0,567615000.0,4577964000.0,0.488,94.748,-145720000.0,31155000.0,31155000.0,0.0,102042000.0,0.872,3.782,1020998000.0,27690000.0,993308000.0,1020998000.0,0.0,214307000.0,0.0,0.0,0.0,329970000.0,544277000.0,0.208,544277000.0,329970000.0,148866000.0,,,,1067166000.0,659509000.0,1067166000.0,3602682647.0,11.0,6.619,-37109000.0,-3.295,1.0,2620238000.0,1.0,0.0,181104000.0,5484423000.0,6162877250.0,212626000.0,265288000.0,0.0,265288000.0,4036497000.0,650999000.0,3385498000.0,1592134647.0,-15839000.0,444498000.0,450719000.0,-962870000.0,0.0,-486185000.0,361505000.0,11981000.0,108611000.0,230000.0,102042000.0,102042000.0,102042000.0,-7429000.0,0.0,0.039,321225000.0,2299013000.0,506893000.0,,1.492,15.603,,4312676000.0,0.0,114.981,0.608,0.494,162513000.0,118581000.0,2620238000.0,2620238000.0,0.0,0.019,0.155,0.054,0.126,3562000.0,99283000.0,1.0,13846920.0,11263196.0,,232.637,5145579000.0,7982000.0,46824000.0,562482000.0,456.849,-83384000.0
59,BTUUQ,MRT,2001-03-31,2001-03-31,2001-03-31,2021-08-25,-862000.0,5209487000.0,5525793250.0,629955000.0,4579532000.0,0.476,85.958,-132433000.0,62723000.0,62723000.0,0.0,107060000.0,0.811,7.187,1405621000.0,36305000.0,1369316000.0,1405621000.0,0.0,215450000.0,0.0,,0.0,347436000.0,562886000.0,0.214,562886000.0,347436000.0,149750000.0,11.619,11.619,11.619,631238000.0,518734250.0,631238000.0,,,,19547000.0,2.662,1.0,2628128000.0,1.0,0.0,197686000.0,5775400000.0,6566766250.0,210212000.0,256893000.0,0.0,256893000.0,4536791000.0,776985000.0,3759806000.0,,-2895000.0,444498000.0,-1113000.0,-568603000.0,0.0,-543337000.0,388462000.0,28800000.0,151980000.0,0.0,107060000.0,107060000.0,107060000.0,0.0,0.0,0.041,334498000.0,2293630000.0,576967000.0,0.0,,,,4322639000.0,0.0,,,,147808000.0,136279000.0,2628128000.0,2628128000.0,0.0,0.019,0.206,0.053,0.132,3961000.0,99267000.0,1.0,13846920.0,7343570.0,7343570.0,357.882,5209487000.0,12226000.0,42690000.0,570705000.0,709.394,-147030000.0
60,BTUUQ,MRT,2000-12-31,2000-12-31,2000-12-31,2021-08-25,-38811000.0,5472402000.0,5680133750.0,621516000.0,4850886000.0,0.479,,-97769000.0,33094000.0,33094000.0,0.0,41240000.0,0.837,10.48,1866536000.0,44740000.0,1821796000.0,1866536000.0,0.0,215637000.0,0.0,,0.0,105335000.0,320972000.0,0.118,320972000.0,105335000.0,-100076000.0,,,,473056000.0,488031250.0,473056000.0,,,,167097000.0,,1.0,2718369000.0,1.0,0.0,205411000.0,6563667000.0,6902117750.0,195811000.0,275623000.0,0.0,275623000.0,4957645000.0,742177000.0,4215468000.0,,329923000.0,-3052000.0,-1089000.0,-105365000.0,0.0,-100068000.0,-31732000.0,35089000.0,264866000.0,-1568000.0,41240000.0,41240000.0,41240000.0,4658000.0,0.0,0.015,332043000.0,2386326000.0,496182000.0,,,,,4321234000.0,0.0,,,,115225000.0,19242000.0,2718369000.0,2718369000.0,0.0,0.007,0.085,0.015,0.039,966000.0,95549000.0,1.0,,,,,5472402000.0,49869000.0,-141316000.0,559058000.0,,-120661000.0
61,BTUUQ,MRT,2000-09-30,2000-09-30,2000-09-30,2021-08-25,-46843000.0,5663593000.0,5982041000.0,652528000.0,5011065000.0,0.454,63.467,-127950000.0,55434000.0,55434000.0,0.0,41240000.0,0.878,11.049,1962997000.0,58637000.0,1904360000.0,1962997000.0,0.0,243391000.0,0.0,,0.0,105335000.0,348726000.0,0.128,348726000.0,105335000.0,-100076000.0,,,,466576000.0,487683500.0,466576000.0,,,,142805000.0,19.425,1.0,2718369000.0,1.0,0.0,205411000.0,6828019000.0,7267599250.0,222887000.0,277216000.0,0.0,277216000.0,5155031000.0,743137000.0,4411894000.0,,314682000.0,-13964000.0,0.0,-124849000.0,0.0,-132050000.0,-21156000.0,45078000.0,270755000.0,-1292000.0,41240000.0,41240000.0,41240000.0,4658000.0,0.0,0.015,332043000.0,2386326000.0,546604000.0,,,,,4718339000.0,0.0,,,,151756000.0,30476000.0,2718369000.0,2718369000.0,0.0,0.007,0.085,0.014,0.039,265000.0,95549000.0,1.0,,7351425.0,,369.774,5663593000.0,49869000.0,-141316000.0,621983000.0,770.408,-90609000.0
62,BTUUQ,MRT,2000-06-30,2000-06-30,2000-06-30,2021-08-25,-17321000.0,5757691000.0,6311524000.0,603657000.0,5154034000.0,0.431,68.672,-117659000.0,46994000.0,46994000.0,0.0,41440000.0,0.907,10.338,2054754000.0,48126000.0,2006628000.0,2054754000.0,0.0,244666000.0,0.0,,0.0,107291000.0,351957000.0,0.129,351957000.0,107291000.0,-98613000.0,,,,504067000.0,490773750.0,504067000.0,,,,192870000.0,26.276,1.0,2719121000.0,1.0,0.0,205904000.0,7099979000.0,7568979500.0,229759000.0,294984000.0,0.0,294984000.0,5211022000.0,665472000.0,4545550000.0,,342970000.0,-44203000.0,0.0,-38469000.0,0.0,-45798000.0,-119670000.0,58021000.0,310529000.0,-516000.0,41440000.0,41440000.0,41440000.0,8634000.0,0.0,0.015,333216000.0,2385905000.0,526095000.0,,,,,4757050000.0,0.0,,,,157258000.0,38769000.0,2719121000.0,2719121000.0,0.0,0.007,0.084,0.014,0.039,265000.0,96602000.0,1.0,,7340196.0,,370.443,5757691000.0,49869000.0,-140053000.0,639647000.0,784.406,-61815000.0
63,BTUUQ,MRT,2000-03-31,2000-03-31,2000-03-31,2021-08-25,-12667000.0,5826849000.0,6602741500.0,632545000.0,5194304000.0,0.411,69.079,0.0,65618000.0,65618000.0,0.0,28210000.0,0.878,10.379,2076166000.0,57977000.0,2018189000.0,2076166000.0,0.0,249782000.0,0.0,,0.0,91744000.0,341526000.0,0.126,341526000.0,91744000.0,-113312000.0,3.073,3.073,3.073,508426000.0,488075250.0,508426000.0,,,,262911000.0,35.721,1.0,2710500000.0,1.0,0.0,205056000.0,7116806000.0,7821655500.0,242150000.0,288794000.0,0.0,288794000.0,5277158000.0,720591000.0,4556567000.0,,262911000.0,0.0,0.0,0.0,0.0,0.0,0.0,0.0,262911000.0,0.0,28210000.0,28210000.0,28210000.0,12087000.0,0.0,0.01,338599000.0,2371901000.0,573137000.0,0.0,,,,4815510000.0,0.0,,,,153021000.0,29219000.0,2710500000.0,2710500000.0,0.0,0.004,0.058,0.012,0.034,265000.0,95256000.0,1.0,,7360044.0,7360044.0,368.272,5826849000.0,49869000.0,-141522000.0,638718000.0,791.687,-88046000.0
64,BTUUQ,MRT,1999-12-31,1999-12-31,1999-12-31,2021-08-25,11878000.0,6680031000.0,6902012000.0,1513380000.0,5166651000.0,0.392,,-159873000.0,87493000.0,87493000.0,0.0,-14828000.0,1.41,13.095,2506504000.0,76434000.0,2430070000.0,2506504000.0,0.0,239614000.0,0.0,,0.0,200825000.0,440439000.0,0.163,440439000.0,200825000.0,-5162000.0,,,,471665000.0,484776250.0,471665000.0,,,,1907000.0,,1.0,2706252000.0,1.0,0.0,205987000.0,8025593000.0,8049135000.0,235657000.0,380682000.0,0.0,380682000.0,6176301000.0,1073449000.0,5102852000.0,,-2333956000.0,-159968000.0,0.0,-27982000.0,0.0,-42444000.0,-289449000.0,25842000.0,161780000.0,477000.0,-14828000.0,-14828000.0,-14828000.0,1667000.0,0.0,-0.005,334653000.0,2371599000.0,593400000.0,,,,,4785969000.0,0.0,,,,330040000.0,-22252000.0,2706252000.0,2706252000.0,0.0,-0.002,-0.031,0.025,0.074,9200000.0,99261000.0,1.0,,,,,6680031000.0,0.0,9666000.0,769086000.0,,439931000.0
65,BTUUQ,MRT,1999-09-30,1999-09-30,1999-09-30,2021-08-25,9083000.0,6981525000.0,6963177000.0,1789523000.0,5192002000.0,0.37,,-172387000.0,126312000.0,126312000.0,0.0,-5000.0,1.33,13.517,2524210000.0,91028000.0,2433182000.0,2524210000.0,0.0,229375000.0,0.0,,0.0,213326000.0,442701000.0,0.172,442701000.0,213326000.0,10496000.0,,,,478937000.0,462623500.0,478937000.0,,,,-22370000.0,,1.0,2579410000.0,1.0,0.0,202830000.0,8033540000.0,7865490500.0,245607000.0,391544000.0,0.0,391544000.0,6473626000.0,1345883000.0,5127743000.0,,-2355519000.0,-146004000.0,0.0,-42309000.0,0.0,-52474000.0,-289243000.0,19075000.0,150017000.0,501000.0,-5000.0,-5000.0,-5000.0,-1953000.0,0.0,0.0,320736000.0,2258674000.0,701178000.0,,,,,4800458000.0,0.0,,,,384172000.0,-12182000.0,2579410000.0,2579410000.0,0.0,0.0,0.0,0.027,0.083,13124000.0,94276000.0,1.0,,,,,6981525000.0,0.0,10501000.0,776822000.0,,443640000.0
66,BTUUQ,MRT,1999-06-30,1999-06-30,1999-06-30,2021-08-25,14801000.0,6922561000.0,,1735504000.0,5187057000.0,,,-161341000.0,90685000.0,90685000.0,0.0,-6584000.0,1.388,12.982,2529033000.0,63692000.0,2465341000.0,2529033000.0,0.0,219074000.0,0.0,,0.0,200437000.0,419511000.0,0.171,419511000.0,200437000.0,-3136000.0,,,,493273000.0,,493273000.0,,,,67048000.0,,1.0,2458565000.0,1.0,0.0,203573000.0,8110683000.0,,252273000.0,393994000.0,0.0,393994000.0,6403883000.0,1250226000.0,5153657000.0,,-2277559000.0,-115765000.0,0.0,-74091000.0,0.0,-82068000.0,-260174000.0,0.0,228389000.0,614000.0,-6584000.0,-6584000.0,-6584000.0,-2989000.0,0.0,-0.003,308310000.0,2150255000.0,549320000.0,,,,,4793063000.0,0.0,,,,319504000.0,-3443000.0,2458565000.0,2458565000.0,0.0,,,,0.082,13124000.0,89387000.0,1.0,,,,,6922561000.0,0.0,3448000.0,785534000.0,,485278000.0
67,BTUUQ,MRT,1999-03-31,1999-03-31,1999-03-31,2021-08-25,2333000.0,7023931000.0,6683470000.0,1832461000.0,5191470000.0,0.308,69.2,-163072000.0,194078000.0,194078000.0,0.0,1009000.0,1.362,13.135,2542379000.0,72404000.0,2469975000.0,2542379000.0,0.0,179182000.0,0.0,,0.0,180126000.0,359308000.0,0.175,359308000.0,180126000.0,4021000.0,0.112,0.112,0.112,495230000.0,1091536000.0,495230000.0,,,,118950000.0,16.621,1.0,2056832000.0,1.0,0.0,176105000.0,8026724000.0,6642503500.0,249897000.0,393525000.0,0.0,393525000.0,6504791000.0,1345508000.0,5159283000.0,,-1967314000.0,-2110400000.0,0.0,0.0,0.0,0.0,-2249336000.0,0.0,282022000.0,0.0,1009000.0,1009000.0,1009000.0,-6442000.0,0.0,0.0,256070000.0,1800762000.0,627722000.0,0.0,,,,4797945000.0,0.0,,,,312748000.0,1009000.0,2056832000.0,2056832000.0,0.0,0.0,0.001,0.027,0.088,13124000.0,76888000.0,1.0,,7156479.0,7156479.0,287.408,7023931000.0,8496000.0,3012000.0,787483000.0,981.479,486953000.0
68,BTUUQ,MRT,1998-12-31,1998-12-31,1998-12-31,2021-08-25,,,,,,,,,,,,,,,,,,,,,,,0.0,,,,,,,,,,,,,,,,,,1.0,,,,,,,,,,,,,,,,,,,,,,,,,,,,,,,,,,,,,,,,,,,,,,,,,,,,,,1.0,,,,,,,,,,
69,BTUUQ,MRT,1998-09-30,1998-09-30,1998-09-30,2021-08-25,-13731000.0,6944829000.0,,1755729000.0,5189100000.0,,,,326250000.0,326250000.0,,,1.351,14.561,2378298000.0,73876000.0,2304422000.0,2378298000.0,0.0,,0.0,,0.0,,,,,,,,,,446310000.0,,446310000.0,,,,,,1.0,,,0.0,,7697441000.0,,235262000.0,531426000.0,0.0,531426000.0,6498519000.0,1299436000.0,5199083000.0,,,,,,,,,,,,,,,,,,,,731075000.0,,,,,4657674000.0,,,,,346473000.0,-19959000.0,,,,,,,,,,1.0,,,,,6944829000.0,0.0,,895032000.0,,456293000.0
70,BTUUQ,MRT,1998-06-30,1998-05-19,1998-05-19,2021-08-25,,,,,,,,-19500000.0,,,0.0,476000.0,,,,,,,,25516000.0,,,0.0,9228000.0,34744000.0,0.12,34744000.0,9228000.0,5006000.0,,,,,,,,,,-47657000.0,,1.0,290658000.0,1.0,,4222000.0,,,,,,,,,,,-49707000.0,0.0,0.0,0.0,0.0,0.0,-21550000.0,0.0,-28157000.0,0.0,476000.0,476000.0,476000.0,1764000.0,0.0,0.002,37205000.0,253453000.0,,,,,,,0.0,,,,,,290658000.0,290658000.0,0.0,,,,0.032,0.0,12017000.0,1.0,,,,,,,4530000.0,,,
71,BTUUQ,MRT,1998-03-31,1998-03-31,1998-03-31,2021-08-25,-42184000.0,6343009000.0,,2126152000.0,4216857000.0,,,,96821000.0,96821000.0,,,1.337,2.758,602276000.0,46616000.0,555660000.0,602276000.0,0.0,,0.0,,,,,,,,,,,,1687842000.0,,1687842000.0,,,,,,1.0,,,0.0,,5258283000.0,,264823000.0,543315000.0,0.0,543315000.0,4655167000.0,1590181000.0,3064986000.0,,,,,,,,,,,,,,,,,,,,587674000.0,,,,,3673542000.0,,,,,439303000.0,-14841000.0,,,,,,,,,,1.0,,,,,6343009000.0,0.0,,669996000.0,,535971000.0
72,BTUUQ,MRT,1996-09-30,1996-09-28,1996-09-28,2021-08-25,,,,,,,,-134851000.0,,,0.0,-446282000.0,,,,,,,,197853000.0,,,0.0,-639941000.0,-442088000.0,-0.202,-442088000.0,-639941000.0,-702467000.0,,,,,,,,,,76684000.0,,1.0,2193586000.0,1.0,,62526000.0,,,,,,,,,,,127768000.0,0.0,284156000.0,-149225000.0,-72830000.0,15987000.0,-105640000.0,0.0,211535000.0,5886000.0,-446282000.0,-446282000.0,-446282000.0,0.0,0.0,-0.203,1151339000.0,1042247000.0,,,,,,,0.0,,,,,,2193586000.0,2193586000.0,0.0,,,,-0.292,0.0,75699000.0,1.0,,,,,,,-256185000.0,,,
