None,ticker,dimension,calendardate,datekey,reportperiod,lastupdated,accoci,assets,assetsavg,assetsc,assetsnc,assetturnover,bvps,capex,cashneq,cashnequsd,cor,consolinc,currentratio,de,debt,debtc,debtnc,debtusd,deferredrev,depamor,deposits,divyield,dps,ebit,ebitda,ebitdamargin,ebitdausd,ebitusd,ebt,eps,epsdil,epsusd,equity,equityavg,equityusd,ev,evebit,evebitda,fcf,fcfps,fxusd,gp,grossmargin,intangibles,intexp,invcap,invcapavg,inventory,investments,investmentsc,investmentsnc,liabilities,liabilitiesc,liabilitiesnc,marketcap,ncf,ncfbus,ncfcommon,ncfdebt,ncfdiv,ncff,ncfi,ncfinv,ncfo,ncfx,netinc,netinccmn,netinccmnusd,netincdis,netincnci,netmargin,opex,opinc,payables,payoutratio,pb,pe,pe1,ppnenet,prefdivis,price,ps,ps1,receivables,retearn,revenue,revenueusd,rnd,roa,roe,roic,ros,sbcomp,sgna,sharefactor,sharesbas,shareswa,shareswadil,sps,tangibles,taxassets,taxexp,taxliabilities,tbvps,workingcapital
0,RAI,MRY,2016-12-31,2016-12-31,2016-12-31,2019-05-12,-314000000.0,51095000000.0,52266750000.0,4238000000.0,46857000000.0,0.239,15.227,-206000000.0,2051000000.0,2051000000.0,4841000000.0,6073000000.0,0.85,1.353,13165000000.0,501000000.0,12664000000.0,13165000000.0,105000000.0,123000000.0,0.0,0.031,1.76,10317000000.0,10440000000.0,0.835,10440000000.0,10317000000.0,9691000000.0,4.26,4.25,4.26,21711000000.0,21454500000.0,21711000000.0,91182180143.0,9.0,8.734,1074000000.0,0.753,1.0,7662000000.0,0.613,45436000000.0,626000000.0,11788000000.0,12074000000.0,1645000000.0,0.0,0.0,0.0,29384000000.0,4985000000.0,24399000000.0,79901180143.0,-516000000.0,5015000000.0,-226000000.0,-4150000000.0,-2369000000.0,-6866000000.0,5078000000.0,266000000.0,1280000000.0,-8000000.0,6073000000.0,6073000000.0,6073000000.0,0.0,0.0,0.486,2214000000.0,5448000000.0,228000000.0,0.413,3.68,13.157,13.155,1348000000.0,0.0,56.04,6.391,6.391,189000000.0,3740000000.0,12503000000.0,12503000000.0,0.0,0.116,0.283,0.854,0.825,0.0,1931000000.0,1.0,1425788368.0,1425788368.0,,8.769,5659000000.0,0.0,3618000000.0,9607000000.0,3.969,-747000000.0
1,RAI,MRY,2015-12-31,2015-12-31,2015-12-31,2019-05-12,-338000000.0,52100000000.0,44070500000.0,5155000000.0,46945000000.0,0.242,12.772,-174000000.0,2567000000.0,2567000000.0,4688000000.0,3253000000.0,0.974,1.854,17355000000.0,506000000.0,16849000000.0,17355000000.0,33000000.0,122000000.0,0.0,0.03,1.39,6954000000.0,7076000000.0,0.663,7076000000.0,6954000000.0,6384000000.0,2.57,2.57,2.57,18252000000.0,14893500000.0,18252000000.0,80963029887.0,12.0,11.442,22000000.0,0.015,1.0,5987000000.0,0.561,45460000000.0,570000000.0,16137000000.0,13746500000.0,1734000000.0,149000000.0,149000000.0,0.0,33848000000.0,5291000000.0,28557000000.0,65953029887.0,1601000000.0,-10164000000.0,-124000000.0,8525000000.0,-1583000000.0,11438000000.0,-10005000000.0,332000000.0,196000000.0,-28000000.0,3253000000.0,3253000000.0,3253000000.0,0.0,0.0,0.305,2220000000.0,3767000000.0,188000000.0,0.541,3.613,20.275,17.957,1255000000.0,0.0,46.15,6.178,6.178,141000000.0,188000000.0,10675000000.0,10675000000.0,0.0,0.074,0.218,0.506,0.651,0.0,2098000000.0,1.0,1429101406.0,1429101406.0,,7.47,6640000000.0,0.0,3131000000.0,9204000000.0,4.646,-136000000.0
2,RAI,MRY,2014-12-31,2014-12-31,2014-12-31,2019-05-12,-364000000.0,15196000000.0,15407000000.0,3323000000.0,11873000000.0,0.55,4.256,-204000000.0,966000000.0,966000000.0,4058000000.0,1470000000.0,0.938,2.36,5083000000.0,450000000.0,4633000000.0,5083000000.0,32000000.0,106000000.0,0.0,0.042,1.34,2573000000.0,2679000000.0,0.316,2679000000.0,2573000000.0,2287000000.0,1.38,1.37,1.38,4522000000.0,4855750000.0,4522000000.0,38343591381.0,15.0,14.313,1419000000.0,1.335,1.0,4413000000.0,0.521,10437000000.0,286000000.0,5332000000.0,5554000000.0,1281000000.0,0.0,0.0,0.0,10674000000.0,3544000000.0,7130000000.0,34145591381.0,-534000000.0,35000000.0,-440000000.0,0.0,-1411000000.0,-1918000000.0,-205000000.0,4000000.0,1623000000.0,-34000000.0,1470000000.0,1470000000.0,1470000000.0,-25000000.0,0.0,0.174,1868000000.0,2545000000.0,143000000.0,0.971,7.551,23.228,23.286,1203000000.0,0.0,32.135,4.031,4.031,169000000.0,-1314000000.0,8471000000.0,8471000000.0,0.0,0.095,0.303,0.463,0.304,0.0,1871000000.0,1.0,1062567026.0,1062567026.0,,7.972,4759000000.0,703000000.0,817000000.0,383000000.0,4.479,-221000000.0
3,RAI,MRY,2013-12-31,2013-12-31,2013-12-31,2019-05-12,-56000000.0,15402000000.0,16076000000.0,3655000000.0,11747000000.0,0.512,4.78,-153000000.0,1500000000.0,1500000000.0,3678000000.0,1718000000.0,1.188,1.981,5099000000.0,0.0,5099000000.0,5099000000.0,48000000.0,103000000.0,0.0,0.05,1.24,3000000000.0,3103000000.0,0.377,3103000000.0,3000000000.0,2741000000.0,1.58,1.57,1.58,5167000000.0,5115250000.0,5167000000.0,30585287212.0,10.0,9.857,1155000000.0,1.069,1.0,4558000000.0,0.553,10428000000.0,259000000.0,5497000000.0,5424500000.0,1127000000.0,37000000.0,37000000.0,0.0,10235000000.0,3076000000.0,7159000000.0,27017287212.0,-1002000000.0,31000000.0,-775000000.0,-93000000.0,-1335000000.0,-2207000000.0,-113000000.0,6000000.0,1308000000.0,10000000.0,1718000000.0,1718000000.0,1718000000.0,0.0,0.0,0.209,1563000000.0,2995000000.0,185000000.0,0.785,5.229,15.726,15.82,1074000000.0,0.0,24.995,3.28,3.28,178000000.0,-1348000000.0,8236000000.0,8236000000.0,0.0,0.107,0.336,0.553,0.364,0.0,1389000000.0,1.0,1080907670.0,1080907670.0,,7.62,4974000000.0,606000000.0,1023000000.0,658000000.0,4.602,579000000.0
4,RAI,MRY,2012-12-31,2012-12-31,2012-12-31,2019-05-12,-311000000.0,16557000000.0,15964250000.0,4812000000.0,11745000000.0,0.52,4.703,-88000000.0,2502000000.0,2502000000.0,4321000000.0,1272000000.0,1.277,2.15,5095000000.0,60000000.0,5035000000.0,5095000000.0,42000000.0,131000000.0,0.0,0.056,1.165,2187000000.0,2318000000.0,0.279,2318000000.0,2187000000.0,1953000000.0,1.125,1.12,1.125,5257000000.0,5726750000.0,5257000000.0,25751235154.0,12.0,11.109,1480000000.0,1.324,1.0,3983000000.0,0.48,10466000000.0,234000000.0,4915000000.0,3308000000.0,984000000.0,35000000.0,35000000.0,0.0,11300000000.0,3769000000.0,7531000000.0,23157235154.0,546000000.0,30000000.0,-1101000000.0,1443000000.0,-1307000000.0,-971000000.0,-54000000.0,0.0,1568000000.0,3000000.0,1272000000.0,1272000000.0,1272000000.0,0.0,0.0,0.153,1803000000.0,2180000000.0,188000000.0,1.036,4.405,18.205,18.413,1037000000.0,0.0,20.715,2.789,2.789,164000000.0,-1707000000.0,8304000000.0,8304000000.0,0.0,0.08,0.222,0.661,0.263,0.0,1470000000.0,1.0,1117896942.0,1117896942.0,,7.428,6091000000.0,908000000.0,681000000.0,461000000.0,5.449,1043000000.0
5,RAI,MRY,2011-12-31,2011-12-31,2011-12-31,2019-05-12,-382000000.0,16254000000.0,16597500000.0,4307000000.0,11947000000.0,0.515,5.362,-190000000.0,1956000000.0,1956000000.0,4464000000.0,1406000000.0,1.007,1.6,3663000000.0,457000000.0,3206000000.0,3663000000.0,42000000.0,138000000.0,0.0,0.052,1.075,2407000000.0,2545000000.0,0.298,2545000000.0,2407000000.0,2186000000.0,1.205,1.2,1.205,6251000000.0,6551750000.0,6251000000.0,25806208247.0,11.0,10.14,1230000000.0,1.055,1.0,4077000000.0,0.477,10612000000.0,221000000.0,3073000000.0,3415250000.0,967000000.0,33000000.0,33000000.0,0.0,10003000000.0,4276000000.0,5727000000.0,24144208247.0,-239000000.0,234000000.0,-282000000.0,-400000000.0,-1212000000.0,-1714000000.0,60000000.0,0.0,1420000000.0,-5000000.0,1406000000.0,1406000000.0,1406000000.0,0.0,0.0,0.165,1681000000.0,2396000000.0,115000000.0,0.892,3.862,17.172,17.187,1070000000.0,0.0,20.71,2.827,2.827,181000000.0,-1660000000.0,8541000000.0,8541000000.0,0.0,0.085,0.215,0.705,0.282,0.0,1606000000.0,1.0,1165823672.0,1165823672.0,,7.326,5642000000.0,945000000.0,780000000.0,511000000.0,4.839,31000000.0
6,RAI,MRY,2010-12-31,2010-12-31,2010-12-31,2019-05-12,-218000000.0,17078000000.0,17329500000.0,4802000000.0,12276000000.0,0.493,5.583,-174000000.0,2195000000.0,2195000000.0,4544000000.0,1121000000.0,1.098,1.623,4101000000.0,400000000.0,3701000000.0,4101000000.0,53000000.0,151000000.0,0.0,0.056,0.92,2221000000.0,2372000000.0,0.277,2372000000.0,2221000000.0,1989000000.0,0.96,0.96,0.96,6510000000.0,6487000000.0,6510000000.0,20877163221.0,9.0,8.802,1091000000.0,0.936,1.0,4007000000.0,0.469,10685000000.0,232000000.0,3927000000.0,4064500000.0,1055000000.0,0.0,0.0,0.0,10568000000.0,4372000000.0,6196000000.0,19019163221.0,-528000000.0,28000000.0,-5000000.0,-300000000.0,-1049000000.0,-1349000000.0,-126000000.0,0.0,1265000000.0,-11000000.0,1121000000.0,1121000000.0,1121000000.0,216000000.0,0.0,0.131,1582000000.0,2425000000.0,183000000.0,0.958,2.922,16.966,16.99,1002000000.0,0.0,16.31,2.224,2.224,210000000.0,-1807000000.0,8551000000.0,8551000000.0,0.0,0.065,0.173,0.546,0.26,0.0,1480000000.0,1.0,1166104428.0,1166104428.0,,7.333,6393000000.0,946000000.0,868000000.0,518000000.0,5.482,430000000.0
7,RAI,MRY,2009-12-31,2009-12-31,2009-12-31,2019-05-12,-1421000000.0,18009000000.0,17798250000.0,5495000000.0,12514000000.0,0.473,5.575,-141000000.0,2723000000.0,2723000000.0,4488000000.0,955000000.0,1.266,1.771,4436000000.0,300000000.0,4136000000.0,4436000000.0,57000000.0,144000000.0,0.0,0.065,0.863,1773000000.0,1917000000.0,0.228,1917000000.0,1773000000.0,1522000000.0,0.82,0.82,0.82,6498000000.0,6263500000.0,6498000000.0,17365194877.0,10.0,9.059,1313000000.0,1.127,1.0,3931000000.0,0.467,10903000000.0,251000000.0,4479000000.0,4662500000.0,1219000000.0,36000000.0,36000000.0,0.0,11511000000.0,4340000000.0,7171000000.0,15434194877.0,145000000.0,-19000000.0,-5000000.0,-200000000.0,-991000000.0,-1192000000.0,-123000000.0,25000000.0,1454000000.0,6000000.0,955000000.0,955000000.0,955000000.0,0.0,0.0,0.113,2177000000.0,1754000000.0,199000000.0,1.052,2.375,16.161,16.149,1025000000.0,0.0,13.242,1.833,1.833,220000000.0,-579000000.0,8419000000.0,8419000000.0,0.0,0.054,0.152,0.38,0.211,0.0,1517000000.0,1.0,1165504616.0,1165504616.0,,7.223,7106000000.0,956000000.0,567000000.0,441000000.0,6.097,1155000000.0
8,RAI,MRY,2008-12-31,2008-12-31,2008-12-31,2019-05-12,-1695000000.0,18154000000.0,18517500000.0,5019000000.0,13135000000.0,0.478,5.35,-105000000.0,2578000000.0,2578000000.0,4863000000.0,1338000000.0,1.279,1.911,4686000000.0,200000000.0,4486000000.0,4686000000.0,50000000.0,142000000.0,0.0,0.084,0.85,2403000000.0,2545000000.0,0.288,2545000000.0,2403000000.0,2128000000.0,1.14,1.14,1.14,6237000000.0,7326750000.0,6237000000.0,13923456805.0,6.0,5.471,1210000000.0,1.038,1.0,3982000000.0,0.45,11444000000.0,275000000.0,4895000000.0,5338750000.0,1170000000.0,58000000.0,58000000.0,0.0,11917000000.0,3923000000.0,7994000000.0,11748456805.0,363000000.0,164000000.0,-210000000.0,0.0,-999000000.0,-1206000000.0,278000000.0,217000000.0,1315000000.0,-24000000.0,1338000000.0,1338000000.0,1338000000.0,0.0,0.0,0.151,1967000000.0,2015000000.0,209000000.0,0.746,1.884,8.781,8.84,1031000000.0,0.0,10.078,1.328,1.328,212000000.0,-531000000.0,8845000000.0,8845000000.0,0.0,0.072,0.183,0.45,0.272,0.0,1500000000.0,1.0,1165810648.0,1165810648.0,,7.587,6710000000.0,838000000.0,790000000.0,282000000.0,5.756,1096000000.0
9,RAI,MRY,2007-12-31,2007-12-31,2007-12-31,2019-05-12,-314000000.0,18629000000.0,18153250000.0,4992000000.0,13637000000.0,0.497,6.327,-139000000.0,2215000000.0,2215000000.0,4960000000.0,1308000000.0,1.279,1.495,4515000000.0,0.0,4515000000.0,4515000000.0,35000000.0,143000000.0,0.0,0.049,0.8,2412000000.0,2555000000.0,0.283,2555000000.0,2412000000.0,2074000000.0,1.107,1.107,1.107,7466000000.0,7279750000.0,7466000000.0,21851144066.0,9.0,8.552,1192000000.0,1.01,1.0,4063000000.0,0.45,11783000000.0,338000000.0,5243000000.0,5480750000.0,1196000000.0,378000000.0,378000000.0,0.0,11163000000.0,3903000000.0,7260000000.0,19458144066.0,782000000.0,-3000000.0,-60000000.0,-324000000.0,-916000000.0,-1312000000.0,763000000.0,906000000.0,1331000000.0,0.0,1308000000.0,1308000000.0,1308000000.0,0.0,0.0,0.145,1786000000.0,2277000000.0,225000000.0,0.723,2.606,14.876,14.896,1073000000.0,0.0,16.49,2.157,2.157,178000000.0,-873000000.0,9023000000.0,9023000000.0,0.0,0.072,0.18,0.44,0.267,0.0,1687000000.0,1.0,1179996608.0,1179996608.0,,7.647,6846000000.0,845000000.0,766000000.0,1184000000.0,5.802,1089000000.0
10,RAI,MRY,2006-12-31,2006-12-31,2006-12-31,2019-05-12,-418000000.0,18178000000.0,16675750000.0,4935000000.0,13243000000.0,0.51,5.957,-112000000.0,1433000000.0,1433000000.0,4803000000.0,1210000000.0,1.206,1.581,4733000000.0,344000000.0,4389000000.0,4733000000.0,62000000.0,162000000.0,0.0,0.042,0.688,2153000000.0,2315000000.0,0.272,2315000000.0,2153000000.0,1883000000.0,1.025,1.025,1.025,7043000000.0,6918000000.0,7043000000.0,22962957402.0,11.0,9.919,1345000000.0,1.138,1.0,3707000000.0,0.436,11869000000.0,270000000.0,5517000000.0,4697000000.0,1155000000.0,1293000000.0,1293000000.0,0.0,11135000000.0,4092000000.0,7043000000.0,19352957402.0,100000000.0,-3516000000.0,4000000.0,2993000000.0,-775000000.0,2174000000.0,-3531000000.0,101000000.0,1457000000.0,0.0,1210000000.0,1210000000.0,1210000000.0,0.0,0.0,0.142,1764000000.0,1943000000.0,284000000.0,0.671,2.748,15.994,15.968,1062000000.0,0.0,16.367,2.274,2.274,169000000.0,-1241000000.0,8510000000.0,8510000000.0,0.0,0.073,0.175,0.458,0.253,0.0,1658000000.0,1.0,1182401552.0,1182401552.0,,7.197,6309000000.0,793000000.0,673000000.0,1167000000.0,5.336,843000000.0
11,RAI,MRY,2005-12-31,2005-12-31,2005-12-31,2019-05-12,-503000000.0,14519000000.0,14339750000.0,5065000000.0,9454000000.0,0.576,5.557,-101000000.0,1333000000.0,1333000000.0,4919000000.0,1042000000.0,1.221,1.216,1748000000.0,190000000.0,1558000000.0,1748000000.0,69000000.0,195000000.0,0.0,0.044,0.525,1586000000.0,1781000000.0,0.216,1781000000.0,1586000000.0,1473000000.0,0.882,0.882,0.882,6553000000.0,6328000000.0,6553000000.0,14415268890.0,9.0,8.094,1172000000.0,0.994,1.0,3337000000.0,0.404,8086000000.0,113000000.0,2699000000.0,2584250000.0,1066000000.0,1373000000.0,1373000000.0,0.0,7966000000.0,4149000000.0,3817000000.0,14052268890.0,-166000000.0,3000000.0,0.0,139000000.0,-575000000.0,-450000000.0,-989000000.0,-891000000.0,1273000000.0,0.0,1042000000.0,1042000000.0,1042000000.0,-2000000.0,0.0,0.126,1893000000.0,1444000000.0,76000000.0,0.595,2.144,13.486,13.51,1053000000.0,0.0,11.916,1.702,1.702,166000000.0,-1638000000.0,8256000000.0,8256000000.0,0.0,0.073,0.165,0.614,0.192,0.0,1611000000.0,1.0,1179252608.0,1179252608.0,,7.001,6433000000.0,1024000000.0,431000000.0,639000000.0,5.455,916000000.0
12,RAI,MRY,2004-12-31,2004-12-31,2004-12-31,2019-05-12,-445000000.0,14428000000.0,12052500000.0,4624000000.0,9804000000.0,0.514,5.232,-89000000.0,1499000000.0,1499000000.0,3872000000.0,688000000.0,1.14,1.336,1645000000.0,50000000.0,1595000000.0,1645000000.0,0.0,153000000.0,0.0,0.048,0.475,975000000.0,1128000000.0,0.182,1128000000.0,975000000.0,890000000.0,0.777,0.772,0.777,6176000000.0,4616500000.0,6176000000.0,11436849567.0,12.0,10.139,647000000.0,0.548,1.0,2324000000.0,0.375,8294000000.0,85000000.0,2225000000.0,2371000000.0,1265000000.0,473000000.0,473000000.0,0.0,8252000000.0,4055000000.0,4197000000.0,11597849567.0,529000000.0,165000000.0,-28000000.0,-56000000.0,-383000000.0,-467000000.0,260000000.0,184000000.0,736000000.0,0.0,688000000.0,688000000.0,688000000.0,-12000000.0,0.0,0.111,1681000000.0,643000000.0,70000000.0,0.611,1.878,16.857,12.645,1129000000.0,0.0,9.825,1.872,1.872,182000000.0,-2061000000.0,6196000000.0,6196000000.0,0.0,0.057,0.149,0.411,0.157,0.0,1455000000.0,1.0,1180442704.0,1180442704.0,,5.249,6134000000.0,941000000.0,202000000.0,805000000.0,5.196,569000000.0
13,RAI,MRY,2003-12-31,2003-12-31,2003-12-31,2019-05-12,-462000000.0,9677000000.0,,3331000000.0,6346000000.0,,,-70000000.0,970000000.0,970000000.0,3218000000.0,-3446000000.0,1.163,2.166,1727000000.0,56000000.0,1671000000.0,1727000000.0,0.0,151000000.0,0.0,0.065,0.475,-3564000000.0,-3413000000.0,-0.648,-3413000000.0,-3564000000.0,-3675000000.0,-5.146,-5.146,-5.146,3057000000.0,,3057000000.0,,,,511000000.0,,1.0,2049000000.0,0.389,5052000000.0,111000000.0,2517000000.0,,684000000.0,660000000.0,660000000.0,0.0,6620000000.0,2865000000.0,3755000000.0,,100000000.0,-3000000.0,-58000000.0,-741000000.0,-323000000.0,-1122000000.0,641000000.0,649000000.0,581000000.0,0.0,-3446000000.0,-3446000000.0,-3446000000.0,-122000000.0,0.0,-0.654,5885000000.0,-3836000000.0,36000000.0,-0.092,,,-1.413,894000000.0,0.0,7.269,,,67000000.0,-2469000000.0,5267000000.0,5267000000.0,0.0,,,,-0.677,0.0,1327000000.0,1.0,,,,,4625000000.0,713000000.0,-229000000.0,806000000.0,,466000000.0
14,RAI,MRY,2002-12-31,2002-12-31,2002-12-31,2019-05-12,,,,,,,,-111000000.0,,,3732000000.0,-44000000.0,,,,,,,,184000000.0,,0.089,0.466,368000000.0,552000000.0,0.089,552000000.0,368000000.0,221000000.0,-0.063,-0.061,-0.063,,,,,,,378000000.0,,1.0,2479000000.0,0.399,,147000000.0,,,,,,,,,,,-517000000.0,-339000000.0,-472000000.0,702000000.0,-335000000.0,-105000000.0,-901000000.0,-469000000.0,489000000.0,0.0,-44000000.0,-44000000.0,-44000000.0,-40000000.0,0.0,-0.007,1711000000.0,768000000.0,,-7.397,,,-83.552,,0.0,5.264,,,,,6211000000.0,6211000000.0,0.0,,,,0.059,0.0,1463000000.0,,,,,,,,265000000.0,,,
0,RAI,MRQ,2017-06-30,2017-06-30,2017-06-30,2019-05-12,-291000000.0,50463000000.0,,3636000000.0,46827000000.0,,15.34,-33000000.0,1758000000.0,1758000000.0,1278000000.0,919000000.0,0.656,1.306,13138000000.0,1748000000.0,11390000000.0,13138000000.0,125000000.0,31000000.0,0.0,0.03,0.51,1548000000.0,1579000000.0,0.476,1579000000.0,1548000000.0,1398000000.0,0.64,0.64,0.64,21886000000.0,,21886000000.0,102791345813.0,17.0,17.123,-617000000.0,-0.432,1.0,2040000000.0,0.615,45424000000.0,150000000.0,10877000000.0,,1448000000.0,0.0,0.0,0.0,28577000000.0,5542000000.0,23035000000.0,92793345813.0,-1396000000.0,0.0,-66000000.0,0.0,-728000000.0,-794000000.0,-33000000.0,0.0,-584000000.0,15000000.0,919000000.0,919000000.0,919000000.0,0.0,0.0,0.277,495000000.0,1545000000.0,193000000.0,0.797,4.24,27.204,27.213,1338000000.0,0.0,65.04,7.331,7.331,135000000.0,3980000000.0,3318000000.0,3318000000.0,0.0,,,,,0.0,478000000.0,1.0,1426711959.0,1426711959.0,,2.326,5039000000.0,0.0,479000000.0,9614000000.0,3.532,-1906000000.0
1,RAI,MRQ,2017-03-31,2017-03-31,2017-03-31,2019-05-12,-315000000.0,51959000000.0,,5103000000.0,46856000000.0,,15.222,-33000000.0,3154000000.0,3154000000.0,1199000000.0,780000000.0,0.866,1.394,13152000000.0,501000000.0,12651000000.0,13152000000.0,151000000.0,32000000.0,0.0,0.029,0.51,1324000000.0,1356000000.0,0.46,1356000000.0,1324000000.0,1175000000.0,0.55,0.55,0.55,21706000000.0,,21706000000.0,100976379901.0,18.0,17.193,1828000000.0,1.282,1.0,1750000000.0,0.593,45430000000.0,149000000.0,10636000000.0,,1592000000.0,0.0,0.0,0.0,30253000000.0,5891000000.0,24362000000.0,89862379901.0,1103000000.0,0.0,-73000000.0,0.0,-656000000.0,-729000000.0,-32000000.0,0.0,1861000000.0,3000000.0,780000000.0,780000000.0,780000000.0,0.0,0.0,0.264,428000000.0,1322000000.0,179000000.0,0.927,4.14,27.33,27.281,1355000000.0,0.0,63.02,7.169,7.169,107000000.0,3790000000.0,2949000000.0,2949000000.0,0.0,,,,,0.0,418000000.0,1.0,1425934305.0,1425934305.0,,2.068,6529000000.0,0.0,395000000.0,9627000000.0,4.579,-788000000.0
2,RAI,MRQ,2016-12-31,2016-12-31,2016-12-31,2019-05-12,-314000000.0,51095000000.0,,4238000000.0,46857000000.0,,15.227,-69000000.0,2051000000.0,2051000000.0,1212000000.0,851000000.0,0.85,1.353,13165000000.0,501000000.0,12664000000.0,13165000000.0,105000000.0,31000000.0,0.0,0.031,0.46,1488000000.0,1519000000.0,0.477,1519000000.0,1488000000.0,1338000000.0,0.6,0.6,0.6,21711000000.0,,21711000000.0,91182180143.0,9.0,8.734,754000000.0,0.529,1.0,1974000000.0,0.62,45436000000.0,150000000.0,11788000000.0,,1645000000.0,0.0,0.0,0.0,29384000000.0,4985000000.0,24399000000.0,79901180143.0,153000000.0,0.0,-2000000.0,0.0,-657000000.0,-659000000.0,6000000.0,75000000.0,823000000.0,-17000000.0,851000000.0,851000000.0,851000000.0,0.0,0.0,0.267,487000000.0,1487000000.0,228000000.0,0.767,3.68,13.157,13.155,1348000000.0,0.0,56.04,6.391,6.391,189000000.0,3740000000.0,3186000000.0,3186000000.0,0.0,,,,,0.0,483000000.0,1.0,1425788368.0,1425788368.0,,2.235,5659000000.0,0.0,487000000.0,9607000000.0,3.969,-747000000.0
3,RAI,MRQ,2016-09-30,2016-09-30,2016-09-30,2019-05-12,-274000000.0,51792000000.0,,4962000000.0,46830000000.0,,15.094,-43000000.0,1898000000.0,1898000000.0,1189000000.0,861000000.0,0.979,1.404,13179000000.0,502000000.0,12677000000.0,13179000000.0,101000000.0,31000000.0,0.0,0.035,0.46,1518000000.0,1549000000.0,0.483,1549000000.0,1518000000.0,1368000000.0,0.6,0.6,0.6,21544000000.0,,21544000000.0,79074139513.0,8.0,8.197,1139000000.0,0.798,1.0,2016000000.0,0.629,45442000000.0,150000000.0,12562000000.0,,1604000000.0,61000000.0,61000000.0,0.0,30248000000.0,5069000000.0,25179000000.0,67299139513.0,-20000000.0,0.0,-75000000.0,-412000000.0,-599000000.0,-1173000000.0,-31000000.0,9000000.0,1182000000.0,2000000.0,861000000.0,861000000.0,861000000.0,0.0,0.0,0.269,500000000.0,1516000000.0,203000000.0,0.767,3.124,12.234,12.507,1310000000.0,0.0,47.15,5.44,5.44,169000000.0,3548000000.0,3205000000.0,3205000000.0,0.0,,,,,0.0,484000000.0,1.0,1427341241.0,1427341241.0,,2.245,6350000000.0,979000000.0,507000000.0,10719000000.0,4.449,-107000000.0
4,RAI,MRQ,2016-06-30,2016-06-30,2016-06-30,2019-05-12,-274000000.0,51772000000.0,,4905000000.0,46867000000.0,,14.993,-51000000.0,1918000000.0,1918000000.0,1275000000.0,796000000.0,1.027,1.419,13693000000.0,501000000.0,13192000000.0,13693000000.0,16000000.0,31000000.0,0.0,0.029,0.42,1418000000.0,1449000000.0,0.454,1449000000.0,1418000000.0,1266000000.0,0.56,0.56,0.56,21400000000.0,,21400000000.0,86251513127.0,9.0,9.238,-1909000000.0,-1.337,1.0,1920000000.0,0.601,45448000000.0,152000000.0,13321000000.0,,1541000000.0,26000000.0,26000000.0,0.0,30372000000.0,4778000000.0,25594000000.0,76976513127.0,-2523000000.0,1000000.0,-24000000.0,-8000000.0,-599000000.0,-632000000.0,-28000000.0,23000000.0,-1858000000.0,-5000000.0,796000000.0,796000000.0,796000000.0,0.0,0.0,0.249,504000000.0,1416000000.0,193000000.0,0.75,3.597,14.532,14.857,1295000000.0,0.0,53.93,6.245,6.245,135000000.0,3345000000.0,3195000000.0,3195000000.0,0.0,,,,,0.0,499000000.0,1.0,1427341241.0,1427341241.0,,2.238,6324000000.0,1018000000.0,470000000.0,10994000000.0,4.431,127000000.0
5,RAI,MRQ,2016-03-31,2016-03-31,2016-03-31,2019-05-12,-312000000.0,54408000000.0,,7529000000.0,46879000000.0,,14.827,-43000000.0,4441000000.0,4441000000.0,1165000000.0,3565000000.0,0.99,1.571,13716000000.0,503000000.0,13213000000.0,13716000000.0,25000000.0,30000000.0,0.0,0.029,0.42,5893000000.0,5923000000.0,2.031,5923000000.0,5893000000.0,5719000000.0,2.5,2.49,2.5,21163000000.0,,21163000000.0,86689542866.0,7.0,7.071,1090000000.0,0.764,1.0,1752000000.0,0.601,45454000000.0,174000000.0,10625000000.0,,1658000000.0,14000000.0,14000000.0,0.0,33245000000.0,7604000000.0,25641000000.0,71809542866.0,1874000000.0,5014000000.0,-125000000.0,-3642000000.0,-514000000.0,-4402000000.0,5131000000.0,159000000.0,1133000000.0,12000000.0,3565000000.0,3565000000.0,3565000000.0,0.0,0.0,1.222,723000000.0,1029000000.0,140000000.0,0.168,3.393,11.17,10.547,1269000000.0,0.0,50.31,6.225,6.225,141000000.0,3151000000.0,2917000000.0,2917000000.0,0.0,,,,,0.0,465000000.0,1.0,1427341341.0,1427341341.0,,2.044,8954000000.0,992000000.0,2154000000.0,12145000000.0,6.273,-75000000.0
6,RAI,MRQ,2015-12-31,2015-12-31,2015-12-31,2019-05-12,-338000000.0,52100000000.0,,5155000000.0,46945000000.0,,12.772,-76000000.0,2567000000.0,2567000000.0,1350000000.0,279000000.0,0.974,1.854,17355000000.0,506000000.0,16849000000.0,17355000000.0,33000000.0,31000000.0,0.0,0.03,0.36,695000000.0,726000000.0,0.238,726000000.0,695000000.0,510000000.0,0.11,0.12,0.11,18252000000.0,,18252000000.0,80963029887.0,12.0,11.442,589000000.0,0.412,1.0,1704000000.0,0.558,45460000000.0,185000000.0,16137000000.0,,1734000000.0,149000000.0,149000000.0,0.0,33848000000.0,5291000000.0,28557000000.0,65953029887.0,-353000000.0,0.0,-84000000.0,-450000000.0,-515000000.0,-1050000000.0,38000000.0,113000000.0,665000000.0,-6000000.0,279000000.0,279000000.0,279000000.0,0.0,0.0,0.091,686000000.0,1018000000.0,188000000.0,3.273,3.613,20.275,17.957,1255000000.0,0.0,46.15,6.178,6.178,141000000.0,188000000.0,3054000000.0,3054000000.0,0.0,,,,,0.0,683000000.0,1.0,1429101406.0,1429101406.0,,2.137,6640000000.0,0.0,231000000.0,9204000000.0,4.646,-136000000.0
7,RAI,MRQ,2015-09-30,2015-09-30,2015-09-30,2019-05-12,-412000000.0,53774000000.0,,6423000000.0,47351000000.0,,12.929,-34000000.0,2920000000.0,2920000000.0,1404000000.0,657000000.0,1.131,1.91,17930000000.0,958000000.0,16972000000.0,17930000000.0,9000000.0,35000000.0,0.0,0.031,0.36,1204000000.0,1239000000.0,0.392,1239000000.0,1204000000.0,1015000000.0,0.46,0.46,0.46,18477000000.0,,18477000000.0,77253319244.0,12.0,11.572,-951000000.0,-0.665,1.0,1757000000.0,0.556,45696000000.0,189000000.0,17410000000.0,,1596000000.0,265000000.0,265000000.0,0.0,35297000000.0,5678000000.0,29619000000.0,63266319244.0,-1093000000.0,-1000000.0,0.0,0.0,-356000000.0,-359000000.0,183000000.0,218000000.0,-917000000.0,0.0,657000000.0,657000000.0,657000000.0,0.0,0.0,0.208,563000000.0,1194000000.0,148000000.0,0.783,3.424,20.265,16.643,1218000000.0,0.0,44.27,6.486,6.486,135000000.0,425000000.0,3161000000.0,3161000000.0,0.0,,,,,0.0,453000000.0,1.0,1429101406.0,1429101406.0,,2.212,8078000000.0,1051000000.0,358000000.0,10224000000.0,5.653,745000000.0
8,RAI,MRQ,2015-06-30,2015-06-30,2015-06-30,2019-05-12,-406000000.0,54558000000.0,,7451000000.0,47107000000.0,,17.223,-38000000.0,4013000000.0,4013000000.0,1084000000.0,1928000000.0,1.157,1.977,18000000000.0,450000000.0,17550000000.0,18000000000.0,15000000.0,28000000.0,0.0,0.036,0.335,4344000000.0,4372000000.0,1.819,4372000000.0,4344000000.0,4239000000.0,1.7,1.69,1.7,18326000000.0,,18326000000.0,43184100584.0,7.0,6.869,-670000000.0,-0.63,1.0,1319000000.0,0.549,45320000000.0,105000000.0,16783000000.0,,1677000000.0,347000000.0,347000000.0,0.0,36232000000.0,6442000000.0,29790000000.0,39720100584.0,2398000000.0,-10163000000.0,-8000000.0,8975000000.0,-356000000.0,13221000000.0,-10201000000.0,1000000.0,-632000000.0,10000000.0,1928000000.0,1928000000.0,1928000000.0,0.0,0.0,0.802,474000000.0,845000000.0,185000000.0,0.197,2.167,13.547,14.14,1298000000.0,0.0,37.33,4.496,4.496,194000000.0,285000000.0,2403000000.0,2403000000.0,0.0,,,,,0.0,451000000.0,1.0,1064026268.0,1064026268.0,,2.258,9238000000.0,935000000.0,2311000000.0,11938000000.0,8.682,1009000000.0
9,RAI,MRQ,2015-03-31,2015-03-31,2015-03-31,2019-05-12,-397000000.0,15850000000.0,,3989000000.0,11861000000.0,,4.253,-26000000.0,1615000000.0,1615000000.0,850000000.0,389000000.0,0.944,2.507,5079000000.0,450000000.0,4629000000.0,5079000000.0,23000000.0,28000000.0,0.0,0.039,0.335,711000000.0,739000000.0,0.359,739000000.0,711000000.0,620000000.0,0.36,0.36,0.36,4519000000.0,,4519000000.0,40727746881.0,15.0,14.661,1054000000.0,0.992,1.0,1207000000.0,0.587,10433000000.0,91000000.0,4656000000.0,,1268000000.0,0.0,0.0,0.0,11331000000.0,4225000000.0,7106000000.0,36610746881.0,649000000.0,0.0,-32000000.0,0.0,-356000000.0,-374000000.0,-25000000.0,0.0,1080000000.0,-32000000.0,389000000.0,389000000.0,389000000.0,0.0,0.0,0.189,497000000.0,710000000.0,127000000.0,0.931,8.102,24.472,24.611,1202000000.0,0.0,34.455,4.261,4.261,186000000.0,-1284000000.0,2057000000.0,2057000000.0,0.0,,,,,0.0,511000000.0,1.0,1062567026.0,1062567026.0,,1.936,5417000000.0,704000000.0,231000000.0,397000000.0,5.098,-236000000.0
10,RAI,MRQ,2014-12-31,2014-12-31,2014-12-31,2019-05-12,-364000000.0,15196000000.0,,3323000000.0,11873000000.0,,4.256,-31000000.0,966000000.0,966000000.0,1135000000.0,148000000.0,0.938,2.36,5083000000.0,450000000.0,4633000000.0,5083000000.0,32000000.0,28000000.0,0.0,0.042,0.335,298000000.0,326000000.0,0.153,326000000.0,298000000.0,209000000.0,0.14,0.14,0.14,4522000000.0,,4522000000.0,38343591381.0,15.0,14.313,468000000.0,0.44,1.0,999000000.0,0.468,10437000000.0,89000000.0,5332000000.0,,1281000000.0,0.0,0.0,0.0,10674000000.0,3544000000.0,7130000000.0,34145591381.0,-323000000.0,0.0,0.0,-400000000.0,-356000000.0,-783000000.0,-30000000.0,4000000.0,499000000.0,-9000000.0,148000000.0,148000000.0,148000000.0,0.0,0.0,0.069,701000000.0,298000000.0,143000000.0,2.393,7.551,23.228,23.286,1203000000.0,0.0,32.135,4.031,4.031,169000000.0,-1314000000.0,2134000000.0,2134000000.0,0.0,,,,,0.0,703000000.0,1.0,1062567026.0,1062567026.0,,2.008,4759000000.0,703000000.0,61000000.0,383000000.0,4.479,-221000000.0
11,RAI,MRQ,2014-09-30,2014-09-30,2014-09-30,2019-05-12,-82000000.0,15332000000.0,,3456000000.0,11876000000.0,,4.699,-50000000.0,1289000000.0,1289000000.0,1034000000.0,467000000.0,1.052,2.071,5487000000.0,400000000.0,5087000000.0,5487000000.0,8000000.0,27000000.0,0.0,0.045,0.335,823000000.0,850000000.0,0.379,850000000.0,823000000.0,747000000.0,0.44,0.44,0.44,4993000000.0,,4993000000.0,35923727267.0,13.0,12.375,819000000.0,0.771,1.0,1206000000.0,0.538,10441000000.0,76000000.0,5803000000.0,,1108000000.0,1000000.0,1000000.0,0.0,10339000000.0,3286000000.0,7053000000.0,31345727267.0,-24000000.0,0.0,0.0,-400000000.0,-356000000.0,-806000000.0,-63000000.0,0.0,869000000.0,-24000000.0,467000000.0,467000000.0,467000000.0,0.0,0.0,0.208,384000000.0,822000000.0,130000000.0,0.761,6.278,19.421,19.472,1198000000.0,0.0,29.5,3.742,3.742,152000000.0,-1103000000.0,2240000000.0,2240000000.0,0.0,,,,,0.0,391000000.0,1.0,1062567026.0,1062567026.0,,2.108,4891000000.0,674000000.0,280000000.0,715000000.0,4.603,170000000.0
12,RAI,MRQ,2014-06-30,2014-06-30,2014-06-30,2019-05-12,-55000000.0,15301000000.0,,3458000000.0,11843000000.0,,4.566,-68000000.0,1313000000.0,1313000000.0,959000000.0,492000000.0,1.041,2.126,5891000000.0,800000000.0,5091000000.0,5891000000.0,17000000.0,26000000.0,0.0,0.043,0.335,837000000.0,863000000.0,0.399,863000000.0,837000000.0,775000000.0,0.46,0.46,0.46,4895000000.0,,4895000000.0,35618233735.0,13.0,12.441,-725000000.0,-0.676,1.0,1203000000.0,0.556,10430000000.0,62000000.0,6126000000.0,,1059000000.0,1000000.0,1000000.0,0.0,10406000000.0,3323000000.0,7083000000.0,32349233735.0,-513000000.0,35000000.0,-267000000.0,800000000.0,-360000000.0,173000000.0,-27000000.0,0.0,-657000000.0,-2000000.0,492000000.0,492000000.0,492000000.0,0.0,0.0,0.228,367000000.0,836000000.0,138000000.0,0.728,6.609,20.168,20.184,1177000000.0,0.0,30.175,3.911,3.911,175000000.0,-1212000000.0,2162000000.0,2162000000.0,0.0,,,,,0.0,364000000.0,1.0,1072054142.0,1072054142.0,,2.017,4871000000.0,637000000.0,283000000.0,710000000.0,4.544,135000000.0
13,RAI,MRQ,2014-03-31,2014-03-31,2014-03-31,2019-05-12,-60000000.0,15799000000.0,,4005000000.0,11794000000.0,,4.668,-55000000.0,1826000000.0,1826000000.0,930000000.0,363000000.0,1.088,2.152,5095000000.0,0.0,5095000000.0,5095000000.0,30000000.0,25000000.0,0.0,0.048,0.335,615000000.0,640000000.0,0.331,640000000.0,615000000.0,556000000.0,0.34,0.335,0.34,5013000000.0,,5013000000.0,32282716860.0,12.0,11.432,857000000.0,0.798,1.0,1005000000.0,0.519,10433000000.0,59000000.0,4955000000.0,,1117000000.0,37000000.0,37000000.0,0.0,10786000000.0,3680000000.0,7106000000.0,28683716860.0,326000000.0,0.0,-173000000.0,0.0,-339000000.0,-502000000.0,-85000000.0,0.0,912000000.0,1000000.0,363000000.0,363000000.0,363000000.0,-25000000.0,0.0,0.188,416000000.0,589000000.0,180000000.0,0.985,5.722,18.235,18.357,1131000000.0,0.0,26.71,3.461,3.461,161000000.0,-1347000000.0,1935000000.0,1935000000.0,0.0,,,,,0.0,413000000.0,1.0,1073894304.0,1073894304.0,,1.802,5366000000.0,634000000.0,193000000.0,682000000.0,4.997,325000000.0
14,RAI,MRQ,2013-12-31,2013-12-31,2013-12-31,2019-05-12,-56000000.0,15402000000.0,,3655000000.0,11747000000.0,,4.78,-61000000.0,1500000000.0,1500000000.0,981000000.0,292000000.0,1.188,1.981,5099000000.0,0.0,5099000000.0,5099000000.0,48000000.0,24000000.0,0.0,0.05,0.315,526000000.0,550000000.0,0.27,550000000.0,526000000.0,460000000.0,0.275,0.27,0.275,5167000000.0,,5167000000.0,30585287212.0,10.0,9.857,577000000.0,0.534,1.0,1058000000.0,0.519,10428000000.0,66000000.0,5497000000.0,,1127000000.0,37000000.0,37000000.0,0.0,10235000000.0,3076000000.0,7159000000.0,27017287212.0,-1194000000.0,0.0,-150000000.0,-1280000000.0,-341000000.0,-1777000000.0,-59000000.0,6000000.0,638000000.0,4000000.0,292000000.0,292000000.0,292000000.0,0.0,0.0,0.143,533000000.0,525000000.0,185000000.0,1.145,5.229,15.726,15.82,1074000000.0,0.0,24.995,3.28,3.28,178000000.0,-1348000000.0,2039000000.0,2039000000.0,0.0,,,,,0.0,369000000.0,1.0,1080907670.0,1080907670.0,,1.886,4974000000.0,606000000.0,168000000.0,658000000.0,4.602,579000000.0
15,RAI,MRQ,2013-09-30,2013-09-30,2013-09-30,2019-05-12,-329000000.0,16592000000.0,,4839000000.0,11753000000.0,,4.669,-42000000.0,2694000000.0,2694000000.0,1004000000.0,457000000.0,1.207,2.266,6262000000.0,1159000000.0,5103000000.0,6262000000.0,16000000.0,24000000.0,0.0,0.05,0.315,786000000.0,810000000.0,0.379,810000000.0,786000000.0,720000000.0,0.42,0.42,0.42,5080000000.0,,5080000000.0,30456272712.0,11.0,10.747,832000000.0,0.765,1.0,1131000000.0,0.53,10462000000.0,66000000.0,5688000000.0,,1085000000.0,36000000.0,36000000.0,0.0,11512000000.0,4010000000.0,7502000000.0,26538272712.0,1030000000.0,0.0,-150000000.0,687000000.0,-344000000.0,187000000.0,-40000000.0,0.0,874000000.0,9000000.0,457000000.0,457000000.0,457000000.0,0.0,0.0,0.214,346000000.0,785000000.0,127000000.0,0.75,5.224,16.957,17.056,1049000000.0,0.0,24.39,3.207,3.207,150000000.0,-1298000000.0,2135000000.0,2135000000.0,0.0,,,,,0.0,339000000.0,1.0,1088080062.0,1088080062.0,,1.962,6130000000.0,684000000.0,263000000.0,485000000.0,5.634,829000000.0
16,RAI,MRQ,2013-06-30,2013-06-30,2013-06-30,2019-05-12,-334000000.0,15532000000.0,,3824000000.0,11708000000.0,,4.657,-27000000.0,1664000000.0,1664000000.0,999000000.0,461000000.0,1.295,2.048,5582000000.0,560000000.0,5022000000.0,5582000000.0,26000000.0,27000000.0,0.0,0.05,0.315,797000000.0,824000000.0,0.378,824000000.0,797000000.0,732000000.0,0.42,0.42,0.42,5096000000.0,,5096000000.0,28773329351.0,11.0,10.365,-1176000000.0,-1.075,1.0,1180000000.0,0.542,10462000000.0,65000000.0,6035000000.0,,1026000000.0,34000000.0,34000000.0,0.0,10436000000.0,2953000000.0,7483000000.0,26463329351.0,-1114000000.0,31000000.0,-150000000.0,500000000.0,-324000000.0,26000000.0,6000000.0,0.0,-1149000000.0,3000000.0,461000000.0,461000000.0,461000000.0,0.0,0.0,0.212,384000000.0,796000000.0,150000000.0,0.75,5.193,17.319,17.462,1027000000.0,0.0,24.185,3.205,3.205,174000000.0,-1411000000.0,2179000000.0,2179000000.0,0.0,,,,,0.0,380000000.0,1.0,1094204232.0,1094204232.0,,1.991,5070000000.0,750000000.0,271000000.0,470000000.0,4.634,871000000.0
17,RAI,MRQ,2013-03-31,2013-03-31,2013-03-31,2019-05-12,-329000000.0,16778000000.0,,5029000000.0,11749000000.0,,4.628,-23000000.0,2778000000.0,2778000000.0,694000000.0,508000000.0,1.213,2.278,5088000000.0,60000000.0,5028000000.0,5088000000.0,32000000.0,28000000.0,0.0,0.053,0.295,891000000.0,919000000.0,0.488,919000000.0,891000000.0,829000000.0,0.46,0.46,0.46,5118000000.0,,5118000000.0,27193665062.0,10.0,9.998,922000000.0,0.834,1.0,1189000000.0,0.631,10465000000.0,62000000.0,4478000000.0,,1046000000.0,35000000.0,35000000.0,0.0,11660000000.0,4145000000.0,7515000000.0,24600665062.0,276000000.0,0.0,-325000000.0,0.0,-326000000.0,-643000000.0,-20000000.0,0.0,945000000.0,-6000000.0,508000000.0,508000000.0,508000000.0,0.0,0.0,0.27,300000000.0,889000000.0,137000000.0,0.641,4.807,16.292,16.417,1034000000.0,0.0,22.245,2.98,2.98,168000000.0,-1525000000.0,1883000000.0,1883000000.0,0.0,,,,,0.0,301000000.0,1.0,1105896384.0,1105896384.0,,1.703,6313000000.0,826000000.0,321000000.0,482000000.0,5.708,884000000.0
18,RAI,MRQ,2012-12-31,2012-12-31,2012-12-31,2019-05-12,-311000000.0,16557000000.0,,4812000000.0,11745000000.0,,4.703,-27000000.0,2502000000.0,2502000000.0,1133000000.0,139000000.0,1.277,2.15,5095000000.0,60000000.0,5035000000.0,5095000000.0,42000000.0,32000000.0,0.0,0.056,0.295,249000000.0,281000000.0,0.135,281000000.0,249000000.0,185000000.0,0.13,0.13,0.13,5257000000.0,,5257000000.0,25751235154.0,12.0,11.109,628000000.0,0.562,1.0,945000000.0,0.455,10466000000.0,64000000.0,4915000000.0,,984000000.0,35000000.0,35000000.0,0.0,11300000000.0,3769000000.0,7531000000.0,23157235154.0,1259000000.0,0.0,-250000000.0,1246000000.0,-330000000.0,627000000.0,-28000000.0,0.0,655000000.0,5000000.0,139000000.0,139000000.0,139000000.0,0.0,0.0,0.067,698000000.0,247000000.0,188000000.0,2.269,4.405,18.205,18.413,1037000000.0,0.0,20.715,2.789,2.789,164000000.0,-1707000000.0,2078000000.0,2078000000.0,0.0,,,,,0.0,536000000.0,1.0,1117896942.0,1117896942.0,,1.859,6091000000.0,908000000.0,46000000.0,461000000.0,5.449,1043000000.0
19,RAI,MRQ,2012-09-30,2012-09-30,2012-09-30,2019-05-12,-256000000.0,15394000000.0,,3519000000.0,11875000000.0,,5.068,-11000000.0,1243000000.0,1243000000.0,1082000000.0,420000000.0,0.74,1.686,3837000000.0,1335000000.0,2502000000.0,3837000000.0,10000000.0,33000000.0,0.0,0.053,0.295,719000000.0,752000000.0,0.355,752000000.0,719000000.0,663000000.0,0.375,0.37,0.375,5731000000.0,,5731000000.0,27444561480.0,11.0,10.605,966000000.0,0.854,1.0,1035000000.0,0.489,10599000000.0,56000000.0,2636000000.0,,924000000.0,0.0,0.0,0.0,9663000000.0,4753000000.0,4910000000.0,24506561480.0,238000000.0,0.0,-300000000.0,-102000000.0,-334000000.0,-733000000.0,-9000000.0,0.0,977000000.0,3000000.0,420000000.0,420000000.0,420000000.0,0.0,0.0,0.198,317000000.0,718000000.0,147000000.0,0.787,4.276,17.054,17.198,1038000000.0,0.0,21.67,2.949,2.949,207000000.0,-1517000000.0,2117000000.0,2117000000.0,0.0,,,,,0.0,311000000.0,1.0,1130898084.0,1130898084.0,,1.872,4795000000.0,921000000.0,243000000.0,678000000.0,4.24,-1234000000.0
20,RAI,MRQ,2012-06-30,2012-06-30,2012-06-30,2019-05-12,-300000000.0,15234000000.0,,3347000000.0,11887000000.0,,5.154,-23000000.0,1005000000.0,1005000000.0,1112000000.0,443000000.0,0.776,1.586,3943000000.0,1374000000.0,2569000000.0,3943000000.0,17000000.0,34000000.0,0.0,0.05,0.295,734000000.0,768000000.0,0.353,768000000.0,734000000.0,676000000.0,0.39,0.39,0.39,5891000000.0,,5891000000.0,26900882627.0,11.0,10.554,-1140000000.0,-0.997,1.0,1064000000.0,0.489,10601000000.0,58000000.0,3260000000.0,,917000000.0,0.0,0.0,0.0,9343000000.0,4311000000.0,5032000000.0,25643882627.0,-1391000000.0,30000000.0,-251000000.0,299000000.0,-320000000.0,-272000000.0,9000000.0,0.0,-1117000000.0,-11000000.0,443000000.0,443000000.0,443000000.0,0.0,0.0,0.204,332000000.0,732000000.0,124000000.0,0.756,4.353,18.174,18.314,1053000000.0,0.0,22.435,3.056,3.056,209000000.0,-1605000000.0,2176000000.0,2176000000.0,0.0,,,,,0.0,325000000.0,1.0,1143030204.0,1143030204.0,,1.904,4633000000.0,930000000.0,233000000.0,641000000.0,4.053,-964000000.0
21,RAI,MRQ,2012-03-31,2012-03-31,2012-03-31,2019-05-12,-296000000.0,16672000000.0,,4734000000.0,11938000000.0,,5.231,-27000000.0,2396000000.0,2396000000.0,994000000.0,270000000.0,0.966,1.766,3653000000.0,453000000.0,3200000000.0,3653000000.0,29000000.0,32000000.0,0.0,0.053,0.28,485000000.0,517000000.0,0.267,517000000.0,485000000.0,429000000.0,0.235,0.235,0.235,6028000000.0,,6028000000.0,25582334343.0,11.0,10.664,1026000000.0,0.89,1.0,939000000.0,0.486,10608000000.0,56000000.0,2421000000.0,,972000000.0,0.0,0.0,0.0,10644000000.0,4900000000.0,5744000000.0,23875334343.0,440000000.0,0.0,-300000000.0,0.0,-323000000.0,-593000000.0,-26000000.0,0.0,1053000000.0,6000000.0,270000000.0,270000000.0,270000000.0,0.0,0.0,0.14,456000000.0,483000000.0,151000000.0,1.191,3.961,18.437,18.583,1063000000.0,0.0,20.72,2.814,2.814,185000000.0,-1713000000.0,1933000000.0,1933000000.0,0.0,,,,,0.0,298000000.0,1.0,1152284476.0,1152284476.0,,1.678,6064000000.0,939000000.0,159000000.0,586000000.0,5.263,-166000000.0
22,RAI,MRQ,2011-12-31,2011-12-31,2011-12-31,2019-05-12,-382000000.0,16254000000.0,,4307000000.0,11947000000.0,,5.362,-48000000.0,1956000000.0,1956000000.0,1111000000.0,304000000.0,1.007,1.6,3663000000.0,457000000.0,3206000000.0,3663000000.0,42000000.0,34000000.0,0.0,0.052,0.28,517000000.0,551000000.0,0.265,551000000.0,517000000.0,461000000.0,0.26,0.26,0.26,6251000000.0,,6251000000.0,25806208247.0,11.0,10.14,531000000.0,0.455,1.0,972000000.0,0.467,10612000000.0,56000000.0,3073000000.0,,967000000.0,33000000.0,33000000.0,0.0,10003000000.0,4276000000.0,5727000000.0,24144208247.0,-54000000.0,0.0,-276000000.0,0.0,-309000000.0,-585000000.0,-45000000.0,0.0,579000000.0,-3000000.0,304000000.0,304000000.0,304000000.0,0.0,0.0,0.146,457000000.0,515000000.0,115000000.0,1.077,3.862,17.172,17.187,1070000000.0,0.0,20.71,2.827,2.827,181000000.0,-1660000000.0,2083000000.0,2083000000.0,0.0,,,,,0.0,402000000.0,1.0,1165823672.0,1165823672.0,,1.787,5642000000.0,945000000.0,157000000.0,511000000.0,4.839,31000000.0
23,RAI,MRQ,2011-09-30,2011-09-30,2011-09-30,2019-05-12,-1387000000.0,16403000000.0,,4405000000.0,11998000000.0,,5.759,-50000000.0,2010000000.0,2010000000.0,1125000000.0,394000000.0,1.089,1.443,3672000000.0,460000000.0,3212000000.0,3672000000.0,10000000.0,32000000.0,0.0,0.055,0.265,681000000.0,713000000.0,0.324,713000000.0,681000000.0,626000000.0,0.34,0.335,0.34,6714000000.0,,6714000000.0,24191535613.0,10.0,9.269,807000000.0,0.692,1.0,1075000000.0,0.489,10666000000.0,55000000.0,3353000000.0,,914000000.0,33000000.0,33000000.0,0.0,9689000000.0,4046000000.0,5643000000.0,21847535613.0,672000000.0,0.0,0.0,0.0,-309000000.0,-129000000.0,-42000000.0,0.0,857000000.0,-14000000.0,394000000.0,394000000.0,394000000.0,0.0,0.0,0.179,397000000.0,678000000.0,118000000.0,0.779,3.254,15.396,15.424,1052000000.0,0.0,18.74,2.559,2.559,180000000.0,-458000000.0,2200000000.0,2200000000.0,0.0,,,,,0.0,389000000.0,1.0,1165823672.0,1165823672.0,,1.887,5737000000.0,963000000.0,232000000.0,702000000.0,4.921,359000000.0
24,RAI,MRQ,2011-06-30,2011-06-30,2011-06-30,2019-05-12,-1385000000.0,16005000000.0,,3794000000.0,12211000000.0,,5.705,-48000000.0,1338000000.0,1338000000.0,1193000000.0,327000000.0,1.048,1.406,3682000000.0,464000000.0,3218000000.0,3682000000.0,24000000.0,35000000.0,0.0,0.054,0.265,583000000.0,618000000.0,0.273,618000000.0,583000000.0,528000000.0,0.28,0.28,0.28,6651000000.0,,6651000000.0,22687994324.0,9.0,8.689,-992000000.0,-0.851,1.0,1074000000.0,0.474,10677000000.0,55000000.0,4052000000.0,,909000000.0,34000000.0,34000000.0,0.0,9354000000.0,3620000000.0,5734000000.0,21595994324.0,-1661000000.0,32000000.0,0.0,-400000000.0,-309000000.0,-709000000.0,-12000000.0,0.0,-944000000.0,4000000.0,327000000.0,327000000.0,327000000.0,0.0,0.0,0.144,494000000.0,580000000.0,109000000.0,0.946,3.247,15.36,15.438,1025000000.0,0.0,18.525,2.518,2.518,255000000.0,-513000000.0,2267000000.0,2267000000.0,0.0,,,,,0.0,488000000.0,1.0,1165775672.0,1165775672.0,,1.945,5328000000.0,950000000.0,201000000.0,656000000.0,4.57,174000000.0
25,RAI,MRQ,2011-03-31,2011-03-31,2011-03-31,2019-05-12,-1441000000.0,17728000000.0,,5442000000.0,12286000000.0,,5.652,-44000000.0,2999000000.0,2999000000.0,1035000000.0,381000000.0,1.099,1.69,4091000000.0,400000000.0,3691000000.0,4091000000.0,36000000.0,37000000.0,0.0,0.054,0.265,626000000.0,663000000.0,0.333,663000000.0,626000000.0,571000000.0,0.325,0.325,0.325,6591000000.0,,6591000000.0,22621785189.0,9.0,8.556,884000000.0,0.758,1.0,956000000.0,0.48,10683000000.0,55000000.0,3183000000.0,,1006000000.0,38000000.0,38000000.0,0.0,11137000000.0,4954000000.0,6183000000.0,20715785189.0,804000000.0,202000000.0,-6000000.0,0.0,-285000000.0,-291000000.0,159000000.0,0.0,928000000.0,8000000.0,381000000.0,381000000.0,381000000.0,0.0,0.0,0.191,333000000.0,623000000.0,101000000.0,0.815,3.143,14.589,14.682,1011000000.0,0.0,17.765,2.421,2.421,237000000.0,-505000000.0,1991000000.0,1991000000.0,0.0,,,,,0.0,327000000.0,1.0,1166101052.0,1166101052.0,,1.707,7045000000.0,947000000.0,190000000.0,575000000.0,6.042,488000000.0
26,RAI,MRQ,2010-12-31,2010-12-31,2010-12-31,2019-05-12,-218000000.0,17078000000.0,,4802000000.0,12276000000.0,,5.583,-59000000.0,2195000000.0,2195000000.0,1107000000.0,317000000.0,1.098,1.623,4101000000.0,400000000.0,3701000000.0,4101000000.0,53000000.0,36000000.0,0.0,0.056,0.245,580000000.0,616000000.0,0.296,616000000.0,580000000.0,524000000.0,0.27,0.27,0.27,6510000000.0,,6510000000.0,20877163221.0,9.0,8.802,188000000.0,0.161,1.0,974000000.0,0.468,10685000000.0,56000000.0,3927000000.0,,1055000000.0,0.0,0.0,0.0,10568000000.0,4372000000.0,6196000000.0,19019163221.0,-57000000.0,0.0,-5000000.0,0.0,-262000000.0,-262000000.0,-56000000.0,0.0,247000000.0,-5000000.0,317000000.0,317000000.0,317000000.0,0.0,0.0,0.152,397000000.0,577000000.0,183000000.0,0.907,2.922,16.966,16.99,1002000000.0,0.0,16.31,2.224,2.224,210000000.0,-1807000000.0,2081000000.0,2081000000.0,0.0,,,,,0.0,356000000.0,1.0,1166104428.0,1166104428.0,,1.785,6393000000.0,946000000.0,207000000.0,518000000.0,5.482,430000000.0
27,RAI,MRQ,2010-09-30,2010-09-30,2010-09-30,2019-05-12,-1328000000.0,17202000000.0,,4699000000.0,12503000000.0,,5.684,-38000000.0,2252000000.0,2252000000.0,1184000000.0,381000000.0,1.165,1.595,4110000000.0,400000000.0,3710000000.0,4110000000.0,18000000.0,41000000.0,0.0,0.061,0.225,673000000.0,714000000.0,0.319,714000000.0,673000000.0,618000000.0,0.325,0.325,0.325,6628000000.0,,6628000000.0,20111747610.0,10.0,9.243,1155000000.0,0.99,1.0,1055000000.0,0.471,10886000000.0,55000000.0,4140000000.0,,1020000000.0,33000000.0,33000000.0,0.0,10574000000.0,4034000000.0,6540000000.0,17313747610.0,631000000.0,0.0,0.0,-300000000.0,-263000000.0,-563000000.0,-36000000.0,0.0,1193000000.0,15000000.0,381000000.0,381000000.0,381000000.0,0.0,0.0,0.17,385000000.0,670000000.0,103000000.0,0.692,2.612,17.108,17.165,980000000.0,0.0,14.848,2.021,2.021,193000000.0,-568000000.0,2239000000.0,2239000000.0,0.0,,,,,0.0,387000000.0,1.0,1166105244.0,1166105244.0,,1.92,6316000000.0,945000000.0,237000000.0,573000000.0,5.416,665000000.0
28,RAI,MRQ,2010-06-30,2010-06-30,2010-06-30,2019-05-12,-1380000000.0,16636000000.0,,4221000000.0,12415000000.0,,5.532,-45000000.0,1621000000.0,1621000000.0,1183000000.0,341000000.0,1.118,1.58,4419000000.0,700000000.0,3719000000.0,4419000000.0,29000000.0,39000000.0,0.0,0.068,0.225,612000000.0,651000000.0,0.29,651000000.0,612000000.0,551000000.0,0.29,0.29,0.29,6449000000.0,,6449000000.0,16345484182.0,8.0,7.652,-1060000000.0,-0.909,1.0,1062000000.0,0.473,10886000000.0,61000000.0,4771000000.0,,1102000000.0,28000000.0,28000000.0,0.0,10187000000.0,3777000000.0,6410000000.0,15190484182.0,-1651000000.0,28000000.0,0.0,0.0,-262000000.0,-259000000.0,-15000000.0,0.0,-1015000000.0,-14000000.0,341000000.0,341000000.0,341000000.0,0.0,0.0,0.152,452000000.0,610000000.0,101000000.0,0.776,2.355,15.298,15.329,997000000.0,0.0,13.03,1.792,1.792,214000000.0,-685000000.0,2245000000.0,2245000000.0,0.0,,,,,0.0,398000000.0,1.0,1165808456.0,1165808456.0,,1.926,5750000000.0,942000000.0,210000000.0,472000000.0,4.932,444000000.0
29,RAI,MRQ,2010-03-31,2010-03-31,2010-03-31,2019-05-12,-1381000000.0,18402000000.0,,5901000000.0,12501000000.0,,5.457,-32000000.0,3272000000.0,3272000000.0,1070000000.0,82000000.0,1.126,1.893,4427000000.0,300000000.0,4127000000.0,4427000000.0,37000000.0,35000000.0,0.0,0.065,0.225,356000000.0,391000000.0,0.197,391000000.0,356000000.0,296000000.0,0.07,0.07,0.07,6361000000.0,,6361000000.0,17445003317.0,9.0,7.977,808000000.0,0.693,1.0,916000000.0,0.461,10896000000.0,60000000.0,3420000000.0,,1190000000.0,36000000.0,36000000.0,0.0,12041000000.0,5241000000.0,6800000000.0,15732003317.0,549000000.0,0.0,0.0,0.0,-262000000.0,-265000000.0,-19000000.0,0.0,840000000.0,-7000000.0,82000000.0,82000000.0,82000000.0,216000000.0,0.0,0.041,348000000.0,568000000.0,116000000.0,3.214,2.473,15.289,15.3,1024000000.0,0.0,13.495,1.854,1.854,205000000.0,-761000000.0,1986000000.0,1986000000.0,0.0,,,,,0.0,339000000.0,1.0,1165765344.0,1165765344.0,,1.704,7506000000.0,951000000.0,214000000.0,454000000.0,6.439,660000000.0
30,RAI,MRQ,2009-12-31,2009-12-31,2009-12-31,2019-05-12,-1421000000.0,18009000000.0,,5495000000.0,12514000000.0,,5.575,-66000000.0,2723000000.0,2723000000.0,1151000000.0,208000000.0,1.266,1.771,4436000000.0,300000000.0,4136000000.0,4436000000.0,57000000.0,35000000.0,0.0,0.065,0.225,385000000.0,420000000.0,0.2,420000000.0,385000000.0,324000000.0,0.18,0.18,0.18,6498000000.0,,6498000000.0,17365194877.0,10.0,9.059,499000000.0,0.428,1.0,945000000.0,0.451,10903000000.0,61000000.0,4479000000.0,,1219000000.0,36000000.0,36000000.0,0.0,11511000000.0,4340000000.0,7171000000.0,15434194877.0,210000000.0,-43000000.0,-5000000.0,0.0,-248000000.0,-246000000.0,-106000000.0,21000000.0,565000000.0,-3000000.0,208000000.0,208000000.0,208000000.0,0.0,0.0,0.099,564000000.0,381000000.0,199000000.0,1.25,2.375,16.161,16.149,1025000000.0,0.0,13.242,1.833,1.833,220000000.0,-579000000.0,2096000000.0,2096000000.0,0.0,,,,,0.0,388000000.0,1.0,1165504616.0,1165504616.0,,1.798,7106000000.0,956000000.0,116000000.0,441000000.0,6.097,1155000000.0
31,RAI,MRQ,2009-09-30,2009-09-30,2009-09-30,2019-05-12,-1604000000.0,17638000000.0,,5076000000.0,12562000000.0,,5.454,-27000000.0,2513000000.0,2513000000.0,1138000000.0,362000000.0,1.295,1.775,4444000000.0,300000000.0,4144000000.0,4444000000.0,13000000.0,35000000.0,0.0,0.076,0.212,639000000.0,674000000.0,0.313,674000000.0,639000000.0,579000000.0,0.31,0.31,0.31,6356000000.0,,6356000000.0,15243272629.0,8.0,7.554,571000000.0,0.49,1.0,1014000000.0,0.471,10969000000.0,60000000.0,4679000000.0,,1095000000.0,41000000.0,41000000.0,0.0,11282000000.0,3921000000.0,7361000000.0,12971272629.0,333000000.0,0.0,0.0,0.0,-248000000.0,-248000000.0,-24000000.0,1000000.0,598000000.0,7000000.0,362000000.0,362000000.0,362000000.0,0.0,0.0,0.168,380000000.0,634000000.0,115000000.0,0.684,2.041,12.907,12.912,990000000.0,0.0,11.13,1.526,1.526,173000000.0,-530000000.0,2152000000.0,2152000000.0,0.0,,,,,0.0,371000000.0,1.0,1165433300.0,1165433300.0,,1.847,6669000000.0,912000000.0,217000000.0,233000000.0,5.722,1155000000.0
32,RAI,MRQ,2009-06-30,2009-06-30,2009-06-30,2019-05-12,-1641000000.0,17257000000.0,,4710000000.0,12547000000.0,,5.319,-21000000.0,2180000000.0,2180000000.0,1201000000.0,377000000.0,1.401,1.784,4452000000.0,0.0,4452000000.0,4452000000.0,24000000.0,36000000.0,0.0,0.088,0.212,666000000.0,702000000.0,0.312,702000000.0,666000000.0,602000000.0,0.323,0.323,0.323,6198000000.0,,6198000000.0,12742071256.0,8.0,7.15,-593000000.0,-0.509,1.0,1049000000.0,0.466,10976000000.0,64000000.0,5190000000.0,,1118000000.0,37000000.0,37000000.0,0.0,11059000000.0,3363000000.0,7696000000.0,11251071256.0,-989000000.0,24000000.0,0.0,-200000000.0,-247000000.0,-446000000.0,19000000.0,1000000.0,-572000000.0,10000000.0,377000000.0,377000000.0,377000000.0,0.0,0.0,0.168,388000000.0,661000000.0,115000000.0,0.656,1.815,13.175,13.19,999000000.0,0.0,9.655,1.305,1.305,173000000.0,-643000000.0,2250000000.0,2250000000.0,0.0,,,,,0.0,393000000.0,1.0,1165310332.0,1165310332.0,,1.931,6281000000.0,874000000.0,225000000.0,137000000.0,5.39,1347000000.0
33,RAI,MRQ,2009-03-31,2009-03-31,2009-03-31,2019-05-12,-1701000000.0,18289000000.0,,5660000000.0,12629000000.0,,5.148,-27000000.0,3169000000.0,3169000000.0,998000000.0,8000000.0,1.259,2.047,4660000000.0,200000000.0,4460000000.0,4660000000.0,34000000.0,38000000.0,0.0,0.095,0.212,83000000.0,121000000.0,0.063,121000000.0,83000000.0,17000000.0,0.007,0.007,0.007,6002000000.0,,6002000000.0,12553885829.0,8.0,7.113,836000000.0,0.717,1.0,923000000.0,0.48,10983000000.0,66000000.0,4302000000.0,,1215000000.0,45000000.0,45000000.0,0.0,12287000000.0,4495000000.0,7792000000.0,10445885829.0,591000000.0,0.0,0.0,0.0,-248000000.0,-252000000.0,-12000000.0,2000000.0,863000000.0,-8000000.0,8000000.0,8000000.0,8000000.0,0.0,0.0,0.004,845000000.0,78000000.0,124000000.0,30.286,1.74,12.421,12.444,1025000000.0,0.0,8.96,1.199,1.199,176000000.0,-772000000.0,1921000000.0,1921000000.0,0.0,,,,,0.0,365000000.0,1.0,1165835472.0,1165835472.0,,1.648,7306000000.0,851000000.0,9000000.0,97000000.0,6.267,1165000000.0
34,RAI,MRQ,2008-12-31,2008-12-31,2008-12-31,2019-05-12,-1695000000.0,18154000000.0,,5019000000.0,13135000000.0,,5.35,-10000000.0,2578000000.0,2578000000.0,1165000000.0,258000000.0,1.279,1.911,4686000000.0,200000000.0,4486000000.0,4686000000.0,50000000.0,36000000.0,0.0,0.084,0.212,485000000.0,521000000.0,0.239,521000000.0,485000000.0,418000000.0,0.222,0.222,0.222,6237000000.0,,6237000000.0,13923456805.0,6.0,5.471,477000000.0,0.409,1.0,1012000000.0,0.465,11444000000.0,67000000.0,4895000000.0,,1170000000.0,58000000.0,58000000.0,0.0,11917000000.0,3923000000.0,7994000000.0,11748456805.0,249000000.0,0.0,-3000000.0,0.0,-247000000.0,-251000000.0,14000000.0,9000000.0,487000000.0,-1000000.0,258000000.0,258000000.0,258000000.0,0.0,0.0,0.119,536000000.0,476000000.0,209000000.0,0.955,1.884,8.781,8.84,1031000000.0,0.0,10.078,1.328,1.328,212000000.0,-531000000.0,2177000000.0,2177000000.0,0.0,,,,,0.0,352000000.0,1.0,1165810648.0,1165810648.0,,1.867,6710000000.0,838000000.0,160000000.0,282000000.0,5.756,1096000000.0
35,RAI,MRQ,2008-09-30,2008-09-30,2008-09-30,2019-05-12,-330000000.0,18418000000.0,,4690000000.0,13728000000.0,,6.472,-25000000.0,2329000000.0,2329000000.0,1229000000.0,211000000.0,1.267,1.427,4504000000.0,200000000.0,4304000000.0,4504000000.0,13000000.0,36000000.0,0.0,0.07,0.212,402000000.0,438000000.0,0.193,438000000.0,402000000.0,334000000.0,0.18,0.18,0.18,7588000000.0,,7588000000.0,17111219341.0,7.0,6.543,1104000000.0,0.942,1.0,1043000000.0,0.459,11594000000.0,68000000.0,5298000000.0,,1072000000.0,85000000.0,85000000.0,0.0,10830000000.0,3701000000.0,7129000000.0,14250219341.0,693000000.0,0.0,-89000000.0,0.0,-250000000.0,-338000000.0,-75000000.0,-3000000.0,1129000000.0,-23000000.0,211000000.0,211000000.0,211000000.0,0.0,0.0,0.093,657000000.0,386000000.0,171000000.0,1.178,1.878,10.349,10.416,1053000000.0,0.0,12.155,1.602,1.602,209000000.0,-541000000.0,2272000000.0,2272000000.0,0.0,,,,,0.0,375000000.0,1.0,1172375100.0,1172375100.0,,1.938,6824000000.0,852000000.0,123000000.0,1220000000.0,5.821,989000000.0
36,RAI,MRQ,2008-06-30,2008-06-30,2008-06-30,2019-05-12,-299000000.0,17888000000.0,,3951000000.0,13937000000.0,,6.554,-31000000.0,1636000000.0,1636000000.0,1305000000.0,364000000.0,1.324,1.311,4497000000.0,200000000.0,4297000000.0,4497000000.0,21000000.0,37000000.0,0.0,0.073,0.212,648000000.0,685000000.0,0.293,685000000.0,648000000.0,580000000.0,0.31,0.307,0.31,7742000000.0,,7742000000.0,15547480326.0,6.0,5.446,-1210000000.0,-1.024,1.0,1034000000.0,0.442,11772000000.0,68000000.0,5992000000.0,,1081000000.0,34000000.0,34000000.0,0.0,10146000000.0,2985000000.0,7161000000.0,13782480326.0,-1170000000.0,164000000.0,-118000000.0,0.0,-251000000.0,-366000000.0,375000000.0,209000000.0,-1179000000.0,0.0,364000000.0,364000000.0,364000000.0,0.0,0.0,0.156,399000000.0,635000000.0,121000000.0,0.684,1.78,9.044,9.031,1076000000.0,0.0,11.668,1.545,1.545,220000000.0,-504000000.0,2339000000.0,2339000000.0,0.0,,,,,0.0,391000000.0,1.0,1181271080.0,1181271080.0,,1.98,6116000000.0,824000000.0,216000000.0,1309000000.0,5.177,966000000.0
37,RAI,MRQ,2008-03-31,2008-03-31,2008-03-31,2019-05-12,-298000000.0,19610000000.0,,5667000000.0,13943000000.0,,6.559,-39000000.0,2806000000.0,2806000000.0,1164000000.0,505000000.0,1.28,1.534,4571000000.0,0.0,4571000000.0,4571000000.0,27000000.0,33000000.0,0.0,0.056,0.212,868000000.0,901000000.0,0.438,901000000.0,868000000.0,796000000.0,0.427,0.427,0.427,7740000000.0,,7740000000.0,19714190131.0,7.0,7.018,839000000.0,0.711,1.0,893000000.0,0.434,11778000000.0,72000000.0,5170000000.0,,1153000000.0,499000000.0,499000000.0,0.0,11870000000.0,4427000000.0,7443000000.0,17414190131.0,591000000.0,0.0,0.0,0.0,-251000000.0,-251000000.0,-36000000.0,2000000.0,878000000.0,0.0,505000000.0,505000000.0,505000000.0,0.0,0.0,0.246,375000000.0,518000000.0,174000000.0,0.496,2.25,11.727,11.74,1075000000.0,0.0,14.758,1.95,1.95,220000000.0,-619000000.0,2057000000.0,2057000000.0,0.0,,,,,0.0,382000000.0,1.0,1180023048.0,1180023048.0,,1.743,7832000000.0,836000000.0,291000000.0,1326000000.0,6.637,1240000000.0
38,RAI,MRQ,2007-12-31,2007-12-31,2007-12-31,2019-05-12,-314000000.0,18629000000.0,,4992000000.0,13637000000.0,,6.327,-44000000.0,2215000000.0,2215000000.0,1192000000.0,297000000.0,1.279,1.495,4515000000.0,0.0,4515000000.0,4515000000.0,35000000.0,37000000.0,0.0,0.049,0.212,554000000.0,591000000.0,0.265,591000000.0,554000000.0,473000000.0,0.25,0.25,0.25,7466000000.0,,7466000000.0,21851144066.0,9.0,8.552,-1000000.0,-0.001,1.0,1038000000.0,0.465,11783000000.0,81000000.0,5243000000.0,,1196000000.0,378000000.0,378000000.0,0.0,11163000000.0,3903000000.0,7260000000.0,19458144066.0,156000000.0,-3000000.0,0.0,0.0,-251000000.0,-249000000.0,362000000.0,406000000.0,43000000.0,0.0,297000000.0,297000000.0,297000000.0,0.0,0.0,0.133,524000000.0,514000000.0,225000000.0,0.848,2.606,14.876,14.896,1073000000.0,0.0,16.49,2.157,2.157,178000000.0,-873000000.0,2230000000.0,2230000000.0,0.0,,,,,0.0,450000000.0,1.0,1179996608.0,1179996608.0,,1.89,6846000000.0,845000000.0,176000000.0,1184000000.0,5.802,1089000000.0
39,RAI,MRQ,2007-09-30,2007-09-30,2007-09-30,2019-05-12,-398000000.0,18639000000.0,,5096000000.0,13543000000.0,,6.214,-35000000.0,2059000000.0,2059000000.0,1250000000.0,358000000.0,1.24,1.542,4452000000.0,0.0,4452000000.0,4452000000.0,25000000.0,36000000.0,0.0,0.049,0.212,642000000.0,678000000.0,0.295,678000000.0,642000000.0,561000000.0,0.305,0.302,0.305,7333000000.0,,7333000000.0,22023979606.0,10.0,9.265,1109000000.0,0.94,1.0,1047000000.0,0.456,11854000000.0,81000000.0,5068000000.0,,1053000000.0,796000000.0,796000000.0,0.0,11306000000.0,4110000000.0,7196000000.0,18758979606.0,896000000.0,0.0,0.0,-29000000.0,-221000000.0,-251000000.0,3000000.0,41000000.0,1144000000.0,0.0,358000000.0,358000000.0,358000000.0,0.0,0.0,0.156,438000000.0,609000000.0,231000000.0,0.695,2.558,15.751,15.74,1066000000.0,0.0,15.898,2.117,2.117,206000000.0,-919000000.0,2297000000.0,2297000000.0,0.0,,,,,0.0,440000000.0,1.0,1179995572.0,1179995572.0,,1.947,6785000000.0,851000000.0,203000000.0,1167000000.0,5.75,986000000.0
40,RAI,MRQ,2007-06-30,2007-06-30,2007-06-30,2019-05-12,-404000000.0,17630000000.0,,4174000000.0,13456000000.0,,6.116,-32000000.0,1163000000.0,1163000000.0,1343000000.0,325000000.0,1.245,1.443,4428000000.0,29000000.0,4399000000.0,4428000000.0,39000000.0,36000000.0,0.0,0.046,0.188,603000000.0,639000000.0,0.272,639000000.0,603000000.0,516000000.0,0.275,0.275,0.275,7217000000.0,,7217000000.0,22897805574.0,11.0,9.887,652000000.0,0.553,1.0,1005000000.0,0.428,11857000000.0,87000000.0,5686000000.0,,1056000000.0,843000000.0,843000000.0,0.0,10413000000.0,3352000000.0,7061000000.0,19233805574.0,95000000.0,0.0,0.0,-291000000.0,-222000000.0,-527000000.0,-62000000.0,-29000000.0,684000000.0,0.0,325000000.0,325000000.0,325000000.0,0.0,0.0,0.138,426000000.0,579000000.0,209000000.0,0.684,2.665,16.842,16.856,1064000000.0,0.0,16.3,2.197,2.197,158000000.0,-1026000000.0,2348000000.0,2348000000.0,0.0,,,,,0.0,404000000.0,1.0,1179988072.0,1179988072.0,,1.99,5773000000.0,835000000.0,191000000.0,1087000000.0,4.892,822000000.0
41,RAI,MRQ,2007-03-31,2007-03-31,2007-03-31,2019-05-12,-411000000.0,17715000000.0,,4268000000.0,13447000000.0,,6.007,-28000000.0,1068000000.0,1068000000.0,1175000000.0,328000000.0,1.189,1.494,4732000000.0,344000000.0,4388000000.0,4732000000.0,54000000.0,34000000.0,0.0,0.046,0.188,613000000.0,647000000.0,0.301,647000000.0,613000000.0,524000000.0,0.278,0.278,0.278,7103000000.0,,7103000000.0,21750050240.0,10.0,9.173,-568000000.0,-0.48,1.0,973000000.0,0.453,11863000000.0,89000000.0,5926000000.0,,1148000000.0,811000000.0,811000000.0,0.0,10612000000.0,3590000000.0,7022000000.0,18450050240.0,-365000000.0,0.0,-60000000.0,-4000000.0,-222000000.0,-285000000.0,460000000.0,488000000.0,-540000000.0,0.0,328000000.0,328000000.0,328000000.0,0.0,0.0,0.153,398000000.0,575000000.0,216000000.0,0.676,2.598,15.465,15.448,1062000000.0,0.0,15.602,2.121,2.121,192000000.0,-1130000000.0,2148000000.0,2148000000.0,0.0,,,,,0.0,393000000.0,1.0,1182506024.0,1182506024.0,,1.816,5852000000.0,811000000.0,196000000.0,1068000000.0,4.949,678000000.0
42,RAI,MRQ,2006-12-31,2006-12-31,2006-12-31,2019-05-12,-418000000.0,18178000000.0,,4935000000.0,13243000000.0,,5.957,-7000000.0,1433000000.0,1433000000.0,1160000000.0,180000000.0,1.206,1.581,4733000000.0,344000000.0,4389000000.0,4733000000.0,62000000.0,39000000.0,0.0,0.042,0.188,374000000.0,413000000.0,0.2,413000000.0,374000000.0,283000000.0,0.152,0.152,0.152,7043000000.0,,7043000000.0,22962957402.0,11.0,9.919,422000000.0,0.357,1.0,909000000.0,0.439,11869000000.0,91000000.0,5517000000.0,,1155000000.0,1293000000.0,1293000000.0,0.0,11135000000.0,4092000000.0,7043000000.0,19352957402.0,305000000.0,-1000000.0,1000000.0,-4000000.0,-222000000.0,-225000000.0,101000000.0,130000000.0,429000000.0,0.0,180000000.0,180000000.0,180000000.0,0.0,0.0,0.087,578000000.0,331000000.0,284000000.0,1.237,2.748,15.994,15.968,1062000000.0,0.0,16.367,2.274,2.274,169000000.0,-1241000000.0,2069000000.0,2069000000.0,0.0,,,,,0.0,487000000.0,1.0,1182401552.0,1182401552.0,,1.75,6309000000.0,793000000.0,103000000.0,1167000000.0,5.336,843000000.0
43,RAI,MRQ,2006-09-30,2006-09-30,2006-09-30,2019-05-12,-502000000.0,17664000000.0,,4805000000.0,12859000000.0,,5.92,-32000000.0,1128000000.0,1128000000.0,1202000000.0,309000000.0,1.122,1.524,4738000000.0,344000000.0,4394000000.0,4738000000.0,33000000.0,36000000.0,0.0,0.042,0.188,581000000.0,617000000.0,0.282,617000000.0,581000000.0,489000000.0,0.263,0.263,0.263,6999000000.0,,6999000000.0,21936960584.0,11.0,9.72,893000000.0,0.755,1.0,988000000.0,0.451,11470000000.0,92000000.0,5523000000.0,,1120000000.0,1403000000.0,1403000000.0,0.0,10665000000.0,4281000000.0,6384000000.0,18314960584.0,23000000.0,-1000000.0,0.0,-4000000.0,-185000000.0,-191000000.0,-711000000.0,-684000000.0,925000000.0,0.0,309000000.0,309000000.0,309000000.0,0.0,0.0,0.141,441000000.0,547000000.0,110000000.0,0.715,2.617,13.802,13.796,1048000000.0,0.0,15.492,2.158,2.158,146000000.0,-1199000000.0,2190000000.0,2190000000.0,0.0,,,,,0.0,437000000.0,1.0,1182182384.0,1182182384.0,,1.853,6194000000.0,905000000.0,180000000.0,672000000.0,5.239,524000000.0
44,RAI,MRQ,2006-06-30,2006-06-30,2006-06-30,2019-05-12,-504000000.0,16934000000.0,,4083000000.0,12851000000.0,,5.847,-32000000.0,1105000000.0,1105000000.0,1276000000.0,376000000.0,1.15,1.45,4727000000.0,314000000.0,4413000000.0,4727000000.0,49000000.0,43000000.0,0.0,0.042,0.156,651000000.0,694000000.0,0.303,694000000.0,651000000.0,599000000.0,0.318,0.318,0.318,6912000000.0,,6912000000.0,17067417263.0,9.0,8.297,381000000.0,0.322,1.0,1015000000.0,0.443,11463000000.0,52000000.0,5544000000.0,,1119000000.0,717000000.0,717000000.0,0.0,10022000000.0,3549000000.0,6473000000.0,17037417263.0,-600000000.0,-3517000000.0,1000000.0,3001000000.0,-184000000.0,2770000000.0,-3783000000.0,-241000000.0,413000000.0,0.0,376000000.0,376000000.0,376000000.0,0.0,0.0,0.164,396000000.0,619000000.0,32000000.0,0.491,2.465,13.84,13.858,1065000000.0,0.0,14.412,2.017,2.017,145000000.0,-1286000000.0,2291000000.0,2291000000.0,0.0,,,,,0.0,392000000.0,1.0,1182127824.0,1182127824.0,,1.938,5471000000.0,876000000.0,223000000.0,580000000.0,4.628,534000000.0
45,RAI,MRQ,2006-03-31,2006-03-31,2006-03-31,2019-05-12,-504000000.0,13927000000.0,,4519000000.0,9408000000.0,,5.694,-41000000.0,1705000000.0,1705000000.0,1165000000.0,345000000.0,1.23,1.073,1735000000.0,190000000.0,1545000000.0,1735000000.0,61000000.0,44000000.0,0.0,0.043,0.156,547000000.0,591000000.0,0.302,591000000.0,547000000.0,512000000.0,0.292,0.292,0.292,6718000000.0,,6718000000.0,15974986321.0,10.0,8.687,-351000000.0,-0.297,1.0,795000000.0,0.406,8079000000.0,35000000.0,2204000000.0,,1030000000.0,476000000.0,476000000.0,0.0,7209000000.0,3674000000.0,3535000000.0,15559986321.0,372000000.0,3000000.0,2000000.0,0.0,-184000000.0,-180000000.0,862000000.0,896000000.0,-310000000.0,0.0,345000000.0,345000000.0,345000000.0,0.0,0.0,0.176,349000000.0,446000000.0,81000000.0,0.534,2.316,14.069,14.104,1050000000.0,0.0,13.188,1.884,1.884,156000000.0,-1477000000.0,1960000000.0,1960000000.0,0.0,,,,,0.0,342000000.0,1.0,1179904176.0,1179904176.0,,1.661,5848000000.0,1020000000.0,167000000.0,562000000.0,4.956,845000000.0
46,RAI,MRQ,2005-12-31,2005-12-31,2005-12-31,2019-05-12,-503000000.0,14519000000.0,,5065000000.0,9454000000.0,,5.557,-27000000.0,1333000000.0,1333000000.0,1183000000.0,297000000.0,1.221,1.216,1748000000.0,190000000.0,1558000000.0,1748000000.0,69000000.0,49000000.0,0.0,0.044,0.156,306000000.0,355000000.0,0.173,355000000.0,306000000.0,274000000.0,0.25,0.252,0.25,6553000000.0,,6553000000.0,14415268890.0,9.0,8.094,395000000.0,0.335,1.0,864000000.0,0.422,8086000000.0,32000000.0,2699000000.0,,1066000000.0,1373000000.0,1373000000.0,0.0,7966000000.0,4149000000.0,3817000000.0,14052268890.0,-59000000.0,-45000000.0,1000000.0,0.0,-155000000.0,-155000000.0,-326000000.0,-251000000.0,422000000.0,0.0,297000000.0,297000000.0,297000000.0,-2000000.0,0.0,0.145,647000000.0,217000000.0,76000000.0,0.624,2.144,13.486,13.51,1053000000.0,0.0,11.916,1.702,1.702,166000000.0,-1638000000.0,2047000000.0,2047000000.0,0.0,,,,,0.0,436000000.0,1.0,1179252608.0,1179252608.0,,1.736,6433000000.0,1024000000.0,-23000000.0,639000000.0,5.455,916000000.0
47,RAI,MRQ,2005-09-30,2005-09-30,2005-09-30,2019-05-12,-683000000.0,14516000000.0,,4834000000.0,9682000000.0,,5.3,-29000000.0,1392000000.0,1392000000.0,1384000000.0,213000000.0,1.164,1.323,1755000000.0,191000000.0,1564000000.0,1755000000.0,0.0,44000000.0,0.0,0.047,0.131,373000000.0,417000000.0,0.194,417000000.0,373000000.0,342000000.0,0.18,0.18,0.18,6249000000.0,,6249000000.0,12926868745.0,10.0,8.202,862000000.0,0.731,1.0,765000000.0,0.356,8261000000.0,31000000.0,2465000000.0,,1110000000.0,1118000000.0,1118000000.0,0.0,8267000000.0,4153000000.0,4114000000.0,12235868745.0,-52000000.0,13000000.0,1000000.0,-359000000.0,-140000000.0,-504000000.0,-439000000.0,-419000000.0,891000000.0,0.0,213000000.0,213000000.0,213000000.0,0.0,0.0,0.099,415000000.0,350000000.0,97000000.0,0.728,1.958,14.904,16.42,1084000000.0,0.0,10.377,1.519,1.519,166000000.0,-1751000000.0,2149000000.0,2149000000.0,0.0,,,,,0.0,399000000.0,1.0,1179076728.0,1179076728.0,,1.823,6255000000.0,939000000.0,129000000.0,676000000.0,5.305,681000000.0
48,RAI,MRQ,2005-06-30,2005-06-30,2005-06-30,2019-05-12,-679000000.0,14205000000.0,,4490000000.0,9715000000.0,,5.253,-27000000.0,1444000000.0,1444000000.0,1241000000.0,251000000.0,1.224,1.293,2135000000.0,555000000.0,1580000000.0,2135000000.0,0.0,49000000.0,0.0,0.048,0.119,427000000.0,476000000.0,0.226,476000000.0,427000000.0,401000000.0,0.212,0.212,0.212,6194000000.0,,6194000000.0,11617634541.0,8.0,7.252,-197000000.0,-0.167,1.0,862000000.0,0.41,8269000000.0,26000000.0,2959000000.0,,1140000000.0,694000000.0,694000000.0,0.0,8011000000.0,3668000000.0,4343000000.0,11613634541.0,-172000000.0,35000000.0,0.0,498000000.0,-140000000.0,351000000.0,-353000000.0,-367000000.0,-170000000.0,0.0,251000000.0,251000000.0,251000000.0,0.0,0.0,0.119,448000000.0,414000000.0,140000000.0,0.561,1.875,12.264,12.532,1094000000.0,0.0,9.85,1.511,1.511,173000000.0,-1809000000.0,2103000000.0,2103000000.0,0.0,,,,,0.0,412000000.0,1.0,1179049192.0,1179049192.0,,1.784,5936000000.0,913000000.0,150000000.0,663000000.0,5.035,822000000.0
49,RAI,MRQ,2005-03-31,2005-03-31,2005-03-31,2019-05-12,-446000000.0,14119000000.0,,4378000000.0,9741000000.0,,5.356,-18000000.0,1616000000.0,1616000000.0,1111000000.0,281000000.0,1.206,1.235,1620000000.0,50000000.0,1570000000.0,1620000000.0,0.0,53000000.0,0.0,0.047,0.119,480000000.0,533000000.0,0.272,533000000.0,480000000.0,456000000.0,0.239,0.237,0.239,6316000000.0,,6316000000.0,12024866713.0,10.0,8.48,112000000.0,0.095,1.0,846000000.0,0.432,8279000000.0,24000000.0,2214000000.0,,1201000000.0,326000000.0,326000000.0,0.0,7803000000.0,3630000000.0,4173000000.0,11878866713.0,117000000.0,0.0,-2000000.0,0.0,-140000000.0,-142000000.0,129000000.0,146000000.0,130000000.0,0.0,281000000.0,281000000.0,281000000.0,0.0,0.0,0.144,383000000.0,463000000.0,129000000.0,0.498,1.881,14.025,12.64,1109000000.0,0.0,10.074,1.713,1.713,152000000.0,-1920000000.0,1957000000.0,1957000000.0,0.0,,,,,0.0,364000000.0,1.0,1179190144.0,1179190144.0,,1.66,5840000000.0,910000000.0,175000000.0,762000000.0,4.953,748000000.0
50,RAI,MRQ,2004-12-31,2004-12-31,2004-12-31,2019-05-12,-445000000.0,14428000000.0,,4624000000.0,9804000000.0,,5.232,-39000000.0,1499000000.0,1499000000.0,1225000000.0,76000000.0,1.14,1.336,1645000000.0,50000000.0,1595000000.0,1645000000.0,0.0,70000000.0,0.0,0.048,0.119,80000000.0,150000000.0,0.081,150000000.0,80000000.0,57000000.0,0.001,0.002,0.001,6176000000.0,,6176000000.0,11436849567.0,12.0,10.139,208000000.0,0.176,1.0,620000000.0,0.336,8294000000.0,23000000.0,2225000000.0,,1265000000.0,473000000.0,473000000.0,0.0,8252000000.0,4055000000.0,4197000000.0,11597849567.0,0.0,-39000000.0,-23000000.0,0.0,-140000000.0,-163000000.0,-84000000.0,-39000000.0,247000000.0,0.0,76000000.0,76000000.0,76000000.0,-11000000.0,0.0,0.041,721000000.0,-101000000.0,70000000.0,119.0,1.878,16.857,12.645,1129000000.0,0.0,9.825,1.872,1.872,182000000.0,-2061000000.0,1845000000.0,1845000000.0,0.0,,,,,0.0,485000000.0,1.0,1180442704.0,1180442704.0,,1.563,6134000000.0,941000000.0,-19000000.0,805000000.0,5.196,569000000.0
51,RAI,MRQ,2004-09-30,2004-09-30,2004-09-30,2019-05-12,-465000000.0,14344000000.0,,4608000000.0,9736000000.0,,6.003,-17000000.0,1818000000.0,1818000000.0,1139000000.0,339000000.0,1.151,1.298,1657000000.0,50000000.0,1607000000.0,1657000000.0,0.0,40000000.0,0.0,0.056,0.119,403000000.0,443000000.0,0.249,443000000.0,403000000.0,382000000.0,0.334,0.333,0.334,6243000000.0,,6243000000.0,,,,682000000.0,0.656,1.0,642000000.0,0.36,8165000000.0,21000000.0,2014000000.0,,1222000000.0,108000000.0,108000000.0,0.0,8101000000.0,4004000000.0,4097000000.0,8845200000.0,1096000000.0,204000000.0,-8000000.0,-3000000.0,-81000000.0,-92000000.0,489000000.0,326000000.0,699000000.0,0.0,339000000.0,339000000.0,339000000.0,0.0,0.0,0.19,380000000.0,262000000.0,114000000.0,0.356,1.417,18.582,15.868,1139000000.0,0.0,8.505,1.584,1.584,258000000.0,-1997000000.0,1781000000.0,1781000000.0,0.0,,,,,0.0,377000000.0,1.0,1040000000.0,1040000000.0,,1.712,6179000000.0,926000000.0,43000000.0,464000000.0,5.941,604000000.0
52,RAI,MRQ,2004-06-30,2004-06-30,2004-06-30,2019-05-12,,,,,,,,-23000000.0,,,797000000.0,151000000.0,,,,,,,,21000000.0,,0.056,0.119,271000000.0,292000000.0,0.216,292000000.0,271000000.0,250000000.0,0.224,0.221,0.224,,,,,,,-145000000.0,-0.139,1.0,555000000.0,0.411,,21000000.0,,,,,,,,,,8786700000.0,-450000000.0,0.0,1000000.0,-53000000.0,-81000000.0,-133000000.0,-195000000.0,-161000000.0,-122000000.0,0.0,151000000.0,151000000.0,151000000.0,-1000000.0,0.0,0.112,289000000.0,266000000.0,,0.531,,-2.651,-1.703,,0.0,8.449,1.694,1.694,,,1352000000.0,1352000000.0,0.0,,,,,0.0,298000000.0,1.0,1040000000.0,1040000000.0,,1.3,,,99000000.0,,,
53,RAI,MRQ,2004-03-31,2004-03-31,2004-03-31,2019-05-12,,,,,,,,-10000000.0,,,711000000.0,122000000.0,,,,,,,,22000000.0,,0.063,0.119,221000000.0,243000000.0,0.2,243000000.0,221000000.0,201000000.0,0.181,0.179,0.181,,,,,,,-98000000.0,,1.0,507000000.0,0.416,,20000000.0,,,,,,,,,,,-117000000.0,0.0,2000000.0,0.0,-81000000.0,-79000000.0,50000000.0,58000000.0,-88000000.0,0.0,122000000.0,122000000.0,122000000.0,0.0,0.0,0.1,291000000.0,216000000.0,,0.657,,,,,0.0,7.563,,,,,1218000000.0,1218000000.0,0.0,,,,,0.0,295000000.0,1.0,,,,,,,79000000.0,,,
54,RAI,MRQ,2003-12-31,2003-12-31,2003-12-31,2019-05-12,-462000000.0,9677000000.0,,3331000000.0,6346000000.0,,,-35000000.0,970000000.0,970000000.0,800000000.0,-136000000.0,1.163,2.166,1727000000.0,56000000.0,1671000000.0,1727000000.0,0.0,33000000.0,0.0,0.065,0.119,-223000000.0,-190000000.0,-0.154,-190000000.0,-223000000.0,-244000000.0,-0.203,-0.203,-0.203,3057000000.0,,3057000000.0,,,,-61000000.0,,1.0,434000000.0,0.352,5052000000.0,21000000.0,2517000000.0,,684000000.0,660000000.0,660000000.0,0.0,6620000000.0,2865000000.0,3755000000.0,,116000000.0,0.0,12000000.0,0.0,-80000000.0,-68000000.0,210000000.0,161000000.0,-26000000.0,0.0,-136000000.0,-136000000.0,-136000000.0,-122000000.0,0.0,-0.11,906000000.0,-472000000.0,36000000.0,-0.586,,,-1.413,894000000.0,0.0,7.269,,,67000000.0,-2469000000.0,1234000000.0,1234000000.0,0.0,,,,,0.0,299000000.0,1.0,,,,,4625000000.0,713000000.0,-108000000.0,806000000.0,,466000000.0
55,RAI,MRQ,2003-09-30,2003-09-30,2003-09-30,2019-05-12,,,,,,,,,,,814000000.0,-3451000000.0,,,,,,,,,,0.096,0.119,-3639000000.0,,,,-3639000000.0,-3664000000.0,-5.164,-5.164,-5.164,,,,,,,,,1.0,570000000.0,0.412,,25000000.0,,,,,,,,,,,,,,,,,,,,,-3451000000.0,-3451000000.0,-3451000000.0,0.0,0.0,-2.493,4215000000.0,-3645000000.0,,-0.023,,,,,0.0,4.942,,,,,1384000000.0,1384000000.0,0.0,,,,,,313000000.0,1.0,,,,,,,-213000000.0,,,
0,RAI,MRT,2017-06-30,2017-06-30,2017-06-30,2019-05-12,-291000000.0,50463000000.0,51327250000.0,3636000000.0,46827000000.0,0.247,15.34,-178000000.0,1758000000.0,1758000000.0,4878000000.0,3411000000.0,0.656,1.306,13138000000.0,1748000000.0,11390000000.0,13138000000.0,125000000.0,125000000.0,0.0,0.03,1.94,5878000000.0,6003000000.0,0.474,6003000000.0,5878000000.0,5279000000.0,2.39,2.39,2.39,21886000000.0,21711750000.0,21886000000.0,102791345813.0,17.0,17.123,3104000000.0,2.176,1.0,7780000000.0,0.615,45424000000.0,599000000.0,10877000000.0,11465750000.0,1448000000.0,0.0,0.0,0.0,28577000000.0,5542000000.0,23035000000.0,92793345813.0,-160000000.0,0.0,-216000000.0,-412000000.0,-2640000000.0,-3355000000.0,-90000000.0,84000000.0,3282000000.0,3000000.0,3411000000.0,3411000000.0,3411000000.0,0.0,0.0,0.269,1910000000.0,5870000000.0,193000000.0,0.812,4.24,27.204,27.213,1338000000.0,0.0,65.04,7.331,7.331,135000000.0,3980000000.0,12658000000.0,12658000000.0,0.0,0.066,0.157,0.513,0.464,0.0,1863000000.0,1.0,1426711959.0,1426711959.0,,8.872,5039000000.0,0.0,1868000000.0,9614000000.0,3.532,-1906000000.0
1,RAI,MRT,2017-03-31,2017-03-31,2017-03-31,2019-05-12,-315000000.0,51959000000.0,51654500000.0,5103000000.0,46856000000.0,0.243,15.222,-196000000.0,3154000000.0,3154000000.0,4875000000.0,3288000000.0,0.866,1.394,13152000000.0,501000000.0,12651000000.0,13152000000.0,151000000.0,125000000.0,0.0,0.029,1.85,5748000000.0,5873000000.0,0.469,5873000000.0,5748000000.0,5147000000.0,2.31,2.31,2.31,21706000000.0,21590250000.0,21706000000.0,100976379901.0,18.0,17.193,1812000000.0,1.271,1.0,7660000000.0,0.611,45430000000.0,601000000.0,10636000000.0,12076750000.0,1592000000.0,0.0,0.0,0.0,30253000000.0,5891000000.0,24362000000.0,89862379901.0,-1287000000.0,1000000.0,-174000000.0,-420000000.0,-2511000000.0,-3193000000.0,-85000000.0,107000000.0,2008000000.0,-17000000.0,3288000000.0,3288000000.0,3288000000.0,0.0,0.0,0.262,1919000000.0,5741000000.0,179000000.0,0.801,4.14,27.33,27.281,1355000000.0,0.0,63.02,7.169,7.169,107000000.0,3790000000.0,12535000000.0,12535000000.0,0.0,0.064,0.152,0.476,0.459,0.0,1884000000.0,1.0,1425934305.0,1425934305.0,,8.791,6529000000.0,0.0,1859000000.0,9627000000.0,4.579,-788000000.0
2,RAI,MRT,2016-12-31,2016-12-31,2016-12-31,2019-05-12,-314000000.0,51095000000.0,52266750000.0,4238000000.0,46857000000.0,0.239,15.227,-206000000.0,2051000000.0,2051000000.0,4841000000.0,6073000000.0,0.85,1.353,13165000000.0,501000000.0,12664000000.0,13165000000.0,105000000.0,123000000.0,0.0,0.031,1.76,10317000000.0,10440000000.0,0.835,10440000000.0,10317000000.0,9691000000.0,4.26,4.25,4.26,21711000000.0,21454500000.0,21711000000.0,91182180143.0,9.0,8.734,1074000000.0,0.753,1.0,7662000000.0,0.613,45436000000.0,626000000.0,11788000000.0,12074000000.0,1645000000.0,0.0,0.0,0.0,29384000000.0,4985000000.0,24399000000.0,79901180143.0,-516000000.0,5015000000.0,-226000000.0,-4150000000.0,-2369000000.0,-6866000000.0,5078000000.0,266000000.0,1280000000.0,-8000000.0,6073000000.0,6073000000.0,6073000000.0,0.0,0.0,0.486,2214000000.0,5448000000.0,228000000.0,0.413,3.68,13.157,13.155,1348000000.0,0.0,56.04,6.391,6.391,189000000.0,3740000000.0,12503000000.0,12503000000.0,0.0,0.116,0.283,0.854,0.825,0.0,1931000000.0,1.0,1425788368.0,1425788368.0,,8.769,5659000000.0,0.0,3618000000.0,9607000000.0,3.969,-747000000.0
3,RAI,MRT,2016-09-30,2016-09-30,2016-09-30,2019-05-12,-274000000.0,51792000000.0,52518000000.0,4962000000.0,46830000000.0,0.236,15.094,-213000000.0,1898000000.0,1898000000.0,4979000000.0,5501000000.0,0.979,1.404,13179000000.0,502000000.0,12677000000.0,13179000000.0,101000000.0,123000000.0,0.0,0.035,1.66,9524000000.0,9647000000.0,0.78,9647000000.0,9524000000.0,8863000000.0,3.77,3.77,3.77,21544000000.0,20589750000.0,21544000000.0,79074139513.0,8.0,8.197,909000000.0,0.637,1.0,7392000000.0,0.598,45442000000.0,661000000.0,12562000000.0,13161250000.0,1604000000.0,61000000.0,61000000.0,0.0,30248000000.0,5069000000.0,25179000000.0,67299139513.0,-1022000000.0,5015000000.0,-308000000.0,-4512000000.0,-2227000000.0,-7257000000.0,5110000000.0,304000000.0,1122000000.0,3000000.0,5501000000.0,5501000000.0,5501000000.0,0.0,0.0,0.445,2413000000.0,4979000000.0,203000000.0,0.44,3.124,12.234,12.507,1310000000.0,0.0,47.15,5.44,5.44,169000000.0,3548000000.0,12371000000.0,12371000000.0,0.0,0.105,0.267,0.724,0.77,0.0,2131000000.0,1.0,1427341241.0,1427341241.0,,8.667,6350000000.0,979000000.0,3362000000.0,10719000000.0,4.449,-107000000.0
4,RAI,MRT,2016-06-30,2016-06-30,2016-06-30,2019-05-12,-274000000.0,51772000000.0,53013500000.0,4905000000.0,46867000000.0,0.233,14.993,-204000000.0,1918000000.0,1918000000.0,5194000000.0,5297000000.0,1.027,1.419,13693000000.0,501000000.0,13192000000.0,13693000000.0,16000000.0,127000000.0,0.0,0.029,1.56,9210000000.0,9337000000.0,0.757,9337000000.0,9210000000.0,8510000000.0,3.63,3.63,3.63,21400000000.0,19823000000.0,21400000000.0,86251513127.0,9.0,9.238,-1181000000.0,-0.827,1.0,7133000000.0,0.579,45448000000.0,700000000.0,13321000000.0,14373250000.0,1541000000.0,26000000.0,26000000.0,0.0,30372000000.0,4778000000.0,25594000000.0,76976513127.0,-2095000000.0,5014000000.0,-233000000.0,-4100000000.0,-1984000000.0,-6443000000.0,5324000000.0,513000000.0,-977000000.0,1000000.0,5297000000.0,5297000000.0,5297000000.0,0.0,0.0,0.43,2476000000.0,4657000000.0,193000000.0,0.43,3.597,14.532,14.857,1295000000.0,0.0,53.93,6.245,6.245,135000000.0,3345000000.0,12327000000.0,12327000000.0,0.0,0.1,0.267,0.641,0.747,0.0,2100000000.0,1.0,1427341241.0,1427341241.0,,8.636,6324000000.0,1018000000.0,3213000000.0,10994000000.0,4.431,127000000.0
5,RAI,MRT,2016-03-31,2016-03-31,2016-03-31,2019-05-12,-312000000.0,54408000000.0,53710000000.0,7529000000.0,46879000000.0,0.215,14.827,-191000000.0,4441000000.0,4441000000.0,5003000000.0,6429000000.0,0.99,1.571,13716000000.0,503000000.0,13213000000.0,13716000000.0,25000000.0,124000000.0,0.0,0.029,1.475,12136000000.0,12260000000.0,1.063,12260000000.0,12136000000.0,11483000000.0,4.77,4.76,4.77,21163000000.0,19054500000.0,21163000000.0,86689542866.0,7.0,7.071,58000000.0,0.041,1.0,6532000000.0,0.566,45454000000.0,653000000.0,10625000000.0,15238750000.0,1658000000.0,14000000.0,14000000.0,0.0,33245000000.0,7604000000.0,25641000000.0,71809542866.0,2826000000.0,-5150000000.0,-217000000.0,4883000000.0,-1741000000.0,7410000000.0,-4849000000.0,491000000.0,249000000.0,16000000.0,6429000000.0,6429000000.0,6429000000.0,0.0,0.0,0.557,2446000000.0,4086000000.0,140000000.0,0.309,3.393,11.17,10.547,1269000000.0,0.0,50.31,6.225,6.225,141000000.0,3151000000.0,11535000000.0,11535000000.0,0.0,0.12,0.337,0.796,1.052,0.0,2052000000.0,1.0,1427341341.0,1427341341.0,,8.081,8954000000.0,992000000.0,5054000000.0,12145000000.0,6.273,-75000000.0
6,RAI,MRT,2015-12-31,2015-12-31,2015-12-31,2019-05-12,-338000000.0,52100000000.0,44070500000.0,5155000000.0,46945000000.0,0.242,12.772,-174000000.0,2567000000.0,2567000000.0,4688000000.0,3253000000.0,0.974,1.854,17355000000.0,506000000.0,16849000000.0,17355000000.0,33000000.0,122000000.0,0.0,0.03,1.39,6954000000.0,7076000000.0,0.663,7076000000.0,6954000000.0,6384000000.0,2.57,2.57,2.57,18252000000.0,14893500000.0,18252000000.0,80963029887.0,12.0,11.442,22000000.0,0.015,1.0,5987000000.0,0.561,45460000000.0,570000000.0,16137000000.0,13746500000.0,1734000000.0,149000000.0,149000000.0,0.0,33848000000.0,5291000000.0,28557000000.0,65953029887.0,1601000000.0,-10164000000.0,-124000000.0,8525000000.0,-1583000000.0,11438000000.0,-10005000000.0,332000000.0,196000000.0,-28000000.0,3253000000.0,3253000000.0,3253000000.0,0.0,0.0,0.305,2220000000.0,3767000000.0,188000000.0,0.541,3.613,20.275,17.957,1255000000.0,0.0,46.15,6.178,6.178,141000000.0,188000000.0,10675000000.0,10675000000.0,0.0,0.074,0.218,0.506,0.651,0.0,2098000000.0,1.0,1429101406.0,1429101406.0,,7.47,6640000000.0,0.0,3131000000.0,9204000000.0,4.646,-136000000.0
7,RAI,MRT,2015-09-30,2015-09-30,2015-09-30,2019-05-12,-412000000.0,53774000000.0,34844500000.0,6423000000.0,47351000000.0,0.28,12.929,-129000000.0,2920000000.0,2920000000.0,4473000000.0,3122000000.0,1.131,1.91,17930000000.0,958000000.0,16972000000.0,17930000000.0,9000000.0,119000000.0,0.0,0.031,1.365,6557000000.0,6676000000.0,0.684,6676000000.0,6557000000.0,6083000000.0,2.66,2.65,2.66,18477000000.0,11461000000.0,18477000000.0,77253319244.0,12.0,11.572,-99000000.0,-0.069,1.0,5282000000.0,0.541,45696000000.0,474000000.0,17410000000.0,11045250000.0,1596000000.0,265000000.0,265000000.0,0.0,35297000000.0,5678000000.0,29619000000.0,63266319244.0,1631000000.0,-10164000000.0,-40000000.0,8575000000.0,-1424000000.0,11705000000.0,-10073000000.0,223000000.0,30000000.0,-31000000.0,3122000000.0,3122000000.0,3122000000.0,0.0,0.0,0.32,2235000000.0,3047000000.0,148000000.0,0.513,3.424,20.265,16.643,1218000000.0,0.0,44.27,6.486,6.486,135000000.0,425000000.0,9755000000.0,9755000000.0,0.0,0.09,0.272,0.594,0.672,0.0,2118000000.0,1.0,1429101406.0,1429101406.0,,6.826,8078000000.0,1051000000.0,2961000000.0,10224000000.0,5.653,745000000.0
8,RAI,MRT,2015-06-30,2015-06-30,2015-06-30,2019-05-12,-406000000.0,54558000000.0,25234000000.0,7451000000.0,47107000000.0,0.35,17.223,-145000000.0,4013000000.0,4013000000.0,4103000000.0,2932000000.0,1.157,1.977,18000000000.0,450000000.0,17550000000.0,18000000000.0,15000000.0,111000000.0,0.0,0.036,1.34,6176000000.0,6287000000.0,0.712,6287000000.0,6176000000.0,5815000000.0,2.64,2.63,2.64,18326000000.0,8090000000.0,18326000000.0,43184100584.0,7.0,6.869,1671000000.0,1.57,1.0,4731000000.0,0.536,45320000000.0,361000000.0,16783000000.0,8143500000.0,1677000000.0,347000000.0,347000000.0,0.0,36232000000.0,6442000000.0,29790000000.0,39720100584.0,2700000000.0,-10163000000.0,-40000000.0,8175000000.0,-1424000000.0,11258000000.0,-10319000000.0,5000000.0,1816000000.0,-55000000.0,2932000000.0,2932000000.0,2932000000.0,0.0,0.0,0.332,2056000000.0,2675000000.0,185000000.0,0.508,2.167,13.547,14.14,1298000000.0,0.0,37.33,4.496,4.496,194000000.0,285000000.0,8834000000.0,8834000000.0,0.0,0.116,0.362,0.758,0.699,0.0,2056000000.0,1.0,1064026268.0,1064026268.0,,8.302,9238000000.0,935000000.0,2883000000.0,11938000000.0,8.682,1009000000.0
9,RAI,MRT,2015-03-31,2015-03-31,2015-03-31,2019-05-12,-397000000.0,15850000000.0,15419750000.0,3989000000.0,11861000000.0,0.557,4.253,-175000000.0,1615000000.0,1615000000.0,3978000000.0,1496000000.0,0.944,2.507,5079000000.0,450000000.0,4629000000.0,5079000000.0,23000000.0,109000000.0,0.0,0.039,1.34,2669000000.0,2778000000.0,0.323,2778000000.0,2669000000.0,2351000000.0,1.4,1.4,1.4,4519000000.0,4732250000.0,4519000000.0,40727746881.0,15.0,14.661,1616000000.0,1.521,1.0,4615000000.0,0.537,10433000000.0,318000000.0,4656000000.0,5479250000.0,1268000000.0,0.0,0.0,0.0,11331000000.0,4225000000.0,7106000000.0,36610746881.0,-211000000.0,35000000.0,-299000000.0,0.0,-1428000000.0,-1790000000.0,-145000000.0,4000000.0,1791000000.0,-67000000.0,1496000000.0,1496000000.0,1496000000.0,0.0,0.0,0.174,1949000000.0,2666000000.0,127000000.0,0.957,8.102,24.472,24.611,1202000000.0,0.0,34.455,4.261,4.261,186000000.0,-1284000000.0,8593000000.0,8593000000.0,0.0,0.097,0.316,0.487,0.311,0.0,1969000000.0,1.0,1062567026.0,1062567026.0,,8.087,5417000000.0,704000000.0,855000000.0,397000000.0,5.098,-236000000.0
10,RAI,MRT,2014-12-31,2014-12-31,2014-12-31,2019-05-12,-364000000.0,15196000000.0,15407000000.0,3323000000.0,11873000000.0,0.55,4.256,-204000000.0,966000000.0,966000000.0,4058000000.0,1470000000.0,0.938,2.36,5083000000.0,450000000.0,4633000000.0,5083000000.0,32000000.0,106000000.0,0.0,0.042,1.34,2573000000.0,2679000000.0,0.316,2679000000.0,2573000000.0,2287000000.0,1.38,1.37,1.38,4522000000.0,4855750000.0,4522000000.0,38343591381.0,15.0,14.313,1419000000.0,1.335,1.0,4413000000.0,0.521,10437000000.0,286000000.0,5332000000.0,5554000000.0,1281000000.0,0.0,0.0,0.0,10674000000.0,3544000000.0,7130000000.0,34145591381.0,-534000000.0,35000000.0,-440000000.0,0.0,-1411000000.0,-1918000000.0,-205000000.0,4000000.0,1623000000.0,-34000000.0,1470000000.0,1470000000.0,1470000000.0,-25000000.0,0.0,0.174,1868000000.0,2545000000.0,143000000.0,0.971,7.551,23.228,23.286,1203000000.0,0.0,32.135,4.031,4.031,169000000.0,-1314000000.0,8471000000.0,8471000000.0,0.0,0.095,0.303,0.463,0.304,0.0,1871000000.0,1.0,1062567026.0,1062567026.0,,7.972,4759000000.0,703000000.0,817000000.0,383000000.0,4.479,-221000000.0
11,RAI,MRT,2014-09-30,2014-09-30,2014-09-30,2019-05-12,-82000000.0,15332000000.0,15458500000.0,3456000000.0,11876000000.0,0.542,4.699,-234000000.0,1289000000.0,1289000000.0,3904000000.0,1614000000.0,1.052,2.071,5487000000.0,400000000.0,5087000000.0,5487000000.0,8000000.0,102000000.0,0.0,0.045,1.32,2801000000.0,2903000000.0,0.347,2903000000.0,2801000000.0,2538000000.0,1.515,1.505,1.515,4993000000.0,5017000000.0,4993000000.0,35923727267.0,13.0,12.375,1528000000.0,1.438,1.0,4472000000.0,0.534,10441000000.0,263000000.0,5803000000.0,5595250000.0,1108000000.0,1000000.0,1000000.0,0.0,10339000000.0,3286000000.0,7053000000.0,31345727267.0,-1405000000.0,35000000.0,-590000000.0,-880000000.0,-1396000000.0,-2912000000.0,-234000000.0,6000000.0,1762000000.0,-21000000.0,1614000000.0,1614000000.0,1614000000.0,-25000000.0,0.0,0.193,1700000000.0,2772000000.0,130000000.0,0.871,6.278,19.421,19.472,1198000000.0,0.0,29.5,3.742,3.742,152000000.0,-1103000000.0,8376000000.0,8376000000.0,0.0,0.104,0.322,0.501,0.334,0.0,1537000000.0,1.0,1062567026.0,1062567026.0,,7.883,4891000000.0,674000000.0,924000000.0,715000000.0,4.603,170000000.0
12,RAI,MRT,2014-06-30,2014-06-30,2014-06-30,2019-05-12,-55000000.0,15301000000.0,15773500000.0,3458000000.0,11843000000.0,0.524,4.566,-226000000.0,1313000000.0,1313000000.0,3874000000.0,1604000000.0,1.041,2.126,5891000000.0,800000000.0,5091000000.0,5891000000.0,17000000.0,99000000.0,0.0,0.043,1.3,2764000000.0,2863000000.0,0.346,2863000000.0,2764000000.0,2511000000.0,1.495,1.485,1.495,4895000000.0,5038750000.0,4895000000.0,35618233735.0,13.0,12.441,1541000000.0,1.437,1.0,4397000000.0,0.532,10430000000.0,253000000.0,6126000000.0,5566500000.0,1059000000.0,1000000.0,1000000.0,0.0,10406000000.0,3323000000.0,7083000000.0,32349233735.0,-351000000.0,35000000.0,-740000000.0,207000000.0,-1384000000.0,-1919000000.0,-211000000.0,6000000.0,1767000000.0,12000000.0,1604000000.0,1604000000.0,1604000000.0,-25000000.0,0.0,0.194,1662000000.0,2735000000.0,138000000.0,0.87,6.609,20.168,20.184,1177000000.0,0.0,30.175,3.911,3.911,175000000.0,-1212000000.0,8271000000.0,8271000000.0,0.0,0.102,0.318,0.497,0.334,0.0,1485000000.0,1.0,1072054142.0,1072054142.0,,7.715,4871000000.0,637000000.0,907000000.0,710000000.0,4.544,135000000.0
13,RAI,MRT,2014-03-31,2014-03-31,2014-03-31,2019-05-12,-60000000.0,15799000000.0,15831250000.0,4005000000.0,11794000000.0,0.524,4.668,-185000000.0,1826000000.0,1826000000.0,3914000000.0,1573000000.0,1.088,2.152,5095000000.0,0.0,5095000000.0,5095000000.0,30000000.0,100000000.0,0.0,0.048,1.28,2724000000.0,2824000000.0,0.341,2824000000.0,2724000000.0,2468000000.0,1.455,1.445,1.455,5013000000.0,5089000000.0,5013000000.0,32282716860.0,12.0,11.432,1090000000.0,1.015,1.0,4374000000.0,0.528,10433000000.0,256000000.0,4955000000.0,5543750000.0,1117000000.0,37000000.0,37000000.0,0.0,10786000000.0,3680000000.0,7106000000.0,28683716860.0,-952000000.0,31000000.0,-623000000.0,-93000000.0,-1348000000.0,-2066000000.0,-178000000.0,6000000.0,1275000000.0,17000000.0,1573000000.0,1573000000.0,1573000000.0,-25000000.0,0.0,0.19,1679000000.0,2695000000.0,180000000.0,0.88,5.722,18.235,18.357,1131000000.0,0.0,26.71,3.461,3.461,161000000.0,-1347000000.0,8288000000.0,8288000000.0,0.0,0.099,0.309,0.491,0.329,0.0,1501000000.0,1.0,1073894304.0,1073894304.0,,7.718,5366000000.0,634000000.0,895000000.0,682000000.0,4.997,325000000.0
14,RAI,MRT,2013-12-31,2013-12-31,2013-12-31,2019-05-12,-56000000.0,15402000000.0,16076000000.0,3655000000.0,11747000000.0,0.512,4.78,-153000000.0,1500000000.0,1500000000.0,3678000000.0,1718000000.0,1.188,1.981,5099000000.0,0.0,5099000000.0,5099000000.0,48000000.0,103000000.0,0.0,0.05,1.24,3000000000.0,3103000000.0,0.377,3103000000.0,3000000000.0,2741000000.0,1.58,1.57,1.58,5167000000.0,5115250000.0,5167000000.0,30585287212.0,10.0,9.857,1155000000.0,1.069,1.0,4558000000.0,0.553,10428000000.0,259000000.0,5497000000.0,5424500000.0,1127000000.0,37000000.0,37000000.0,0.0,10235000000.0,3076000000.0,7159000000.0,27017287212.0,-1002000000.0,31000000.0,-775000000.0,-93000000.0,-1335000000.0,-2207000000.0,-113000000.0,6000000.0,1308000000.0,10000000.0,1718000000.0,1718000000.0,1718000000.0,0.0,0.0,0.209,1563000000.0,2995000000.0,185000000.0,0.785,5.229,15.726,15.82,1074000000.0,0.0,24.995,3.28,3.28,178000000.0,-1348000000.0,8236000000.0,8236000000.0,0.0,0.107,0.336,0.553,0.364,0.0,1389000000.0,1.0,1080907670.0,1080907670.0,,7.62,4974000000.0,606000000.0,1023000000.0,658000000.0,4.602,579000000.0
15,RAI,MRT,2013-09-30,2013-09-30,2013-09-30,2019-05-12,-329000000.0,16592000000.0,16364750000.0,4839000000.0,11753000000.0,0.506,4.669,-119000000.0,2694000000.0,2694000000.0,3830000000.0,1565000000.0,1.207,2.266,6262000000.0,1159000000.0,5103000000.0,6262000000.0,16000000.0,111000000.0,0.0,0.05,1.22,2723000000.0,2834000000.0,0.342,2834000000.0,2723000000.0,2466000000.0,1.43,1.43,1.43,5080000000.0,5137750000.0,5080000000.0,30456272712.0,11.0,10.747,1206000000.0,1.108,1.0,4445000000.0,0.537,10462000000.0,257000000.0,5688000000.0,5279000000.0,1085000000.0,36000000.0,36000000.0,0.0,11512000000.0,4010000000.0,7502000000.0,26538272712.0,1451000000.0,31000000.0,-875000000.0,2433000000.0,-1324000000.0,197000000.0,-82000000.0,0.0,1325000000.0,11000000.0,1565000000.0,1565000000.0,1565000000.0,0.0,0.0,0.189,1728000000.0,2717000000.0,127000000.0,0.853,5.224,16.957,17.056,1049000000.0,0.0,24.39,3.207,3.207,150000000.0,-1298000000.0,8275000000.0,8275000000.0,0.0,0.096,0.305,0.516,0.329,0.0,1556000000.0,1.0,1088080062.0,1088080062.0,,7.605,6130000000.0,684000000.0,901000000.0,485000000.0,5.634,829000000.0
16,RAI,MRT,2013-06-30,2013-06-30,2013-06-30,2019-05-12,-334000000.0,15532000000.0,16065250000.0,3824000000.0,11708000000.0,0.514,4.657,-88000000.0,1664000000.0,1664000000.0,3908000000.0,1528000000.0,1.295,2.048,5582000000.0,560000000.0,5022000000.0,5582000000.0,26000000.0,120000000.0,0.0,0.05,1.2,2656000000.0,2776000000.0,0.336,2776000000.0,2656000000.0,2409000000.0,1.385,1.38,1.385,5096000000.0,5300500000.0,5096000000.0,28773329351.0,11.0,10.365,1340000000.0,1.225,1.0,4349000000.0,0.527,10462000000.0,247000000.0,6035000000.0,4516000000.0,1026000000.0,34000000.0,34000000.0,0.0,10436000000.0,2953000000.0,7483000000.0,26463329351.0,659000000.0,31000000.0,-1025000000.0,1644000000.0,-1314000000.0,-723000000.0,-51000000.0,0.0,1428000000.0,5000000.0,1528000000.0,1528000000.0,1528000000.0,0.0,0.0,0.185,1699000000.0,2650000000.0,150000000.0,0.866,5.193,17.319,17.462,1027000000.0,0.0,24.185,3.205,3.205,174000000.0,-1411000000.0,8257000000.0,8257000000.0,0.0,0.095,0.288,0.588,0.322,0.0,1528000000.0,1.0,1094204232.0,1094204232.0,,7.546,5070000000.0,750000000.0,881000000.0,470000000.0,4.634,871000000.0
17,RAI,MRT,2013-03-31,2013-03-31,2013-03-31,2019-05-12,-329000000.0,16778000000.0,15990750000.0,5029000000.0,11749000000.0,0.516,4.628,-84000000.0,2778000000.0,2778000000.0,4021000000.0,1510000000.0,1.213,2.278,5088000000.0,60000000.0,5028000000.0,5088000000.0,32000000.0,127000000.0,0.0,0.053,1.18,2593000000.0,2720000000.0,0.33,2720000000.0,2593000000.0,2353000000.0,1.355,1.35,1.355,5118000000.0,5499250000.0,5118000000.0,27193665062.0,10.0,9.998,1376000000.0,1.244,1.0,4233000000.0,0.513,10465000000.0,240000000.0,4478000000.0,3822250000.0,1046000000.0,35000000.0,35000000.0,0.0,11660000000.0,4145000000.0,7515000000.0,24600665062.0,382000000.0,30000000.0,-1126000000.0,1443000000.0,-1310000000.0,-1021000000.0,-48000000.0,0.0,1460000000.0,-9000000.0,1510000000.0,1510000000.0,1510000000.0,0.0,0.0,0.183,1647000000.0,2586000000.0,137000000.0,0.871,4.807,16.292,16.417,1034000000.0,0.0,22.245,2.98,2.98,168000000.0,-1525000000.0,8254000000.0,8254000000.0,0.0,0.094,0.275,0.678,0.314,0.0,1473000000.0,1.0,1105896384.0,1105896384.0,,7.464,6313000000.0,826000000.0,843000000.0,482000000.0,5.708,884000000.0
18,RAI,MRT,2012-12-31,2012-12-31,2012-12-31,2019-05-12,-311000000.0,16557000000.0,15964250000.0,4812000000.0,11745000000.0,0.52,4.703,-88000000.0,2502000000.0,2502000000.0,4321000000.0,1272000000.0,1.277,2.15,5095000000.0,60000000.0,5035000000.0,5095000000.0,42000000.0,131000000.0,0.0,0.056,1.165,2187000000.0,2318000000.0,0.279,2318000000.0,2187000000.0,1953000000.0,1.125,1.12,1.125,5257000000.0,5726750000.0,5257000000.0,25751235154.0,12.0,11.109,1480000000.0,1.324,1.0,3983000000.0,0.48,10466000000.0,234000000.0,4915000000.0,3308000000.0,984000000.0,35000000.0,35000000.0,0.0,11300000000.0,3769000000.0,7531000000.0,23157235154.0,546000000.0,30000000.0,-1101000000.0,1443000000.0,-1307000000.0,-971000000.0,-54000000.0,0.0,1568000000.0,3000000.0,1272000000.0,1272000000.0,1272000000.0,0.0,0.0,0.153,1803000000.0,2180000000.0,188000000.0,1.036,4.405,18.205,18.413,1037000000.0,0.0,20.715,2.789,2.789,164000000.0,-1707000000.0,8304000000.0,8304000000.0,0.0,0.08,0.222,0.661,0.263,0.0,1470000000.0,1.0,1117896942.0,1117896942.0,,7.428,6091000000.0,908000000.0,681000000.0,461000000.0,5.449,1043000000.0
19,RAI,MRT,2012-09-30,2012-09-30,2012-09-30,2019-05-12,-256000000.0,15394000000.0,15888500000.0,3519000000.0,11875000000.0,0.523,5.068,-109000000.0,1243000000.0,1243000000.0,4299000000.0,1437000000.0,0.74,1.686,3837000000.0,1335000000.0,2502000000.0,3837000000.0,10000000.0,133000000.0,0.0,0.053,1.15,2455000000.0,2588000000.0,0.311,2588000000.0,2455000000.0,2229000000.0,1.26,1.255,1.26,5731000000.0,5975250000.0,5731000000.0,27444561480.0,11.0,10.605,1383000000.0,1.223,1.0,4010000000.0,0.483,10599000000.0,226000000.0,2636000000.0,2847500000.0,924000000.0,0.0,0.0,0.0,9663000000.0,4753000000.0,4910000000.0,24506561480.0,-767000000.0,30000000.0,-1127000000.0,197000000.0,-1286000000.0,-2183000000.0,-71000000.0,0.0,1492000000.0,-5000000.0,1437000000.0,1437000000.0,1437000000.0,0.0,0.0,0.173,1562000000.0,2448000000.0,147000000.0,0.913,4.276,17.054,17.198,1038000000.0,0.0,21.67,2.949,2.949,207000000.0,-1517000000.0,8309000000.0,8309000000.0,0.0,0.09,0.24,0.862,0.295,0.0,1336000000.0,1.0,1130898084.0,1130898084.0,,7.347,4795000000.0,921000000.0,792000000.0,678000000.0,4.24,-1234000000.0
20,RAI,MRT,2012-06-30,2012-06-30,2012-06-30,2019-05-12,-300000000.0,15234000000.0,16140750000.0,3347000000.0,11887000000.0,0.52,5.154,-148000000.0,1005000000.0,1005000000.0,4342000000.0,1411000000.0,0.776,1.586,3943000000.0,1374000000.0,2569000000.0,3943000000.0,17000000.0,132000000.0,0.0,0.05,1.12,2417000000.0,2549000000.0,0.304,2549000000.0,2417000000.0,2192000000.0,1.225,1.22,1.225,5891000000.0,6221000000.0,5891000000.0,26900882627.0,11.0,10.554,1224000000.0,1.071,1.0,4050000000.0,0.483,10601000000.0,225000000.0,3260000000.0,3026750000.0,917000000.0,0.0,0.0,0.0,9343000000.0,4311000000.0,5032000000.0,25643882627.0,-333000000.0,30000000.0,-827000000.0,299000000.0,-1261000000.0,-1579000000.0,-104000000.0,0.0,1372000000.0,-22000000.0,1411000000.0,1411000000.0,1411000000.0,0.0,0.0,0.168,1642000000.0,2408000000.0,124000000.0,0.914,4.353,18.174,18.314,1053000000.0,0.0,22.435,3.056,3.056,209000000.0,-1605000000.0,8392000000.0,8392000000.0,0.0,0.087,0.227,0.799,0.288,0.0,1414000000.0,1.0,1143030204.0,1143030204.0,,7.342,4633000000.0,930000000.0,781000000.0,641000000.0,4.053,-964000000.0
21,RAI,MRT,2012-03-31,2012-03-31,2012-03-31,2019-05-12,-296000000.0,16672000000.0,16333500000.0,4734000000.0,11938000000.0,0.519,5.231,-173000000.0,2396000000.0,2396000000.0,4423000000.0,1295000000.0,0.966,1.766,3653000000.0,453000000.0,3200000000.0,3653000000.0,29000000.0,133000000.0,0.0,0.053,1.09,2266000000.0,2399000000.0,0.283,2399000000.0,2266000000.0,2044000000.0,1.115,1.11,1.115,6028000000.0,6411000000.0,6028000000.0,25582334343.0,11.0,10.664,1372000000.0,1.191,1.0,4060000000.0,0.479,10608000000.0,222000000.0,2421000000.0,3224750000.0,972000000.0,0.0,0.0,0.0,10644000000.0,4900000000.0,5744000000.0,23875334343.0,-603000000.0,32000000.0,-576000000.0,-400000000.0,-1250000000.0,-2016000000.0,-125000000.0,0.0,1545000000.0,-7000000.0,1295000000.0,1295000000.0,1295000000.0,0.0,0.0,0.153,1804000000.0,2256000000.0,151000000.0,0.978,3.961,18.437,18.583,1063000000.0,0.0,20.72,2.814,2.814,185000000.0,-1713000000.0,8483000000.0,8483000000.0,0.0,0.079,0.202,0.703,0.267,0.0,1577000000.0,1.0,1152284476.0,1152284476.0,,7.362,6064000000.0,939000000.0,749000000.0,586000000.0,5.263,-166000000.0
22,RAI,MRT,2011-12-31,2011-12-31,2011-12-31,2019-05-12,-382000000.0,16254000000.0,16597500000.0,4307000000.0,11947000000.0,0.515,5.362,-190000000.0,1956000000.0,1956000000.0,4464000000.0,1406000000.0,1.007,1.6,3663000000.0,457000000.0,3206000000.0,3663000000.0,42000000.0,138000000.0,0.0,0.052,1.075,2407000000.0,2545000000.0,0.298,2545000000.0,2407000000.0,2186000000.0,1.205,1.2,1.205,6251000000.0,6551750000.0,6251000000.0,25806208247.0,11.0,10.14,1230000000.0,1.055,1.0,4077000000.0,0.477,10612000000.0,221000000.0,3073000000.0,3415250000.0,967000000.0,33000000.0,33000000.0,0.0,10003000000.0,4276000000.0,5727000000.0,24144208247.0,-239000000.0,234000000.0,-282000000.0,-400000000.0,-1212000000.0,-1714000000.0,60000000.0,0.0,1420000000.0,-5000000.0,1406000000.0,1406000000.0,1406000000.0,0.0,0.0,0.165,1681000000.0,2396000000.0,115000000.0,0.892,3.862,17.172,17.187,1070000000.0,0.0,20.71,2.827,2.827,181000000.0,-1660000000.0,8541000000.0,8541000000.0,0.0,0.085,0.215,0.705,0.282,0.0,1606000000.0,1.0,1165823672.0,1165823672.0,,7.326,5642000000.0,945000000.0,780000000.0,511000000.0,4.839,31000000.0
23,RAI,MRT,2011-09-30,2011-09-30,2011-09-30,2019-05-12,-1387000000.0,16403000000.0,16803500000.0,4405000000.0,11998000000.0,0.508,5.759,-201000000.0,2010000000.0,2010000000.0,4460000000.0,1419000000.0,1.089,1.443,3672000000.0,460000000.0,3212000000.0,3672000000.0,10000000.0,140000000.0,0.0,0.055,1.04,2470000000.0,2610000000.0,0.306,2610000000.0,2470000000.0,2249000000.0,1.215,1.21,1.215,6714000000.0,6616500000.0,6714000000.0,24191535613.0,10.0,9.269,887000000.0,0.761,1.0,4079000000.0,0.478,10666000000.0,221000000.0,3353000000.0,3628750000.0,914000000.0,33000000.0,33000000.0,0.0,9689000000.0,4046000000.0,5643000000.0,21847535613.0,-242000000.0,234000000.0,-11000000.0,-400000000.0,-1165000000.0,-1391000000.0,49000000.0,0.0,1088000000.0,-7000000.0,1419000000.0,1419000000.0,1419000000.0,0.0,0.0,0.166,1621000000.0,2458000000.0,118000000.0,0.856,3.254,15.396,15.424,1052000000.0,0.0,18.74,2.559,2.559,180000000.0,-458000000.0,8539000000.0,8539000000.0,0.0,0.084,0.214,0.681,0.289,0.0,1560000000.0,1.0,1165823672.0,1165823672.0,,7.324,5737000000.0,963000000.0,830000000.0,702000000.0,4.921,359000000.0
24,RAI,MRT,2011-06-30,2011-06-30,2011-06-30,2019-05-12,-1385000000.0,16005000000.0,17003250000.0,3794000000.0,12211000000.0,0.504,5.705,-189000000.0,1338000000.0,1338000000.0,4519000000.0,1406000000.0,1.048,1.406,3682000000.0,464000000.0,3218000000.0,3682000000.0,24000000.0,149000000.0,0.0,0.054,1.0,2462000000.0,2611000000.0,0.304,2611000000.0,2462000000.0,2241000000.0,1.2,1.2,1.2,6651000000.0,6595000000.0,6651000000.0,22687994324.0,9.0,8.689,1235000000.0,1.059,1.0,4059000000.0,0.473,10677000000.0,221000000.0,4052000000.0,3825500000.0,909000000.0,34000000.0,34000000.0,0.0,9354000000.0,3620000000.0,5734000000.0,21595994324.0,-283000000.0,234000000.0,-11000000.0,-700000000.0,-1119000000.0,-1825000000.0,55000000.0,0.0,1424000000.0,22000000.0,1406000000.0,1406000000.0,1406000000.0,0.0,0.0,0.164,1609000000.0,2450000000.0,109000000.0,0.833,3.247,15.36,15.438,1025000000.0,0.0,18.525,2.518,2.518,255000000.0,-513000000.0,8578000000.0,8578000000.0,0.0,0.083,0.213,0.644,0.287,0.0,1558000000.0,1.0,1165775672.0,1165775672.0,,7.358,5328000000.0,950000000.0,835000000.0,656000000.0,4.57,174000000.0
25,RAI,MRT,2011-03-31,2011-03-31,2011-03-31,2019-05-12,-1441000000.0,17728000000.0,17161000000.0,5442000000.0,12286000000.0,0.499,5.652,-186000000.0,2999000000.0,2999000000.0,4509000000.0,1420000000.0,1.099,1.69,4091000000.0,400000000.0,3691000000.0,4091000000.0,36000000.0,153000000.0,0.0,0.054,0.96,2491000000.0,2644000000.0,0.309,2644000000.0,2491000000.0,2264000000.0,1.21,1.21,1.21,6591000000.0,6544500000.0,6591000000.0,22621785189.0,9.0,8.556,1167000000.0,1.001,1.0,4047000000.0,0.473,10683000000.0,227000000.0,3183000000.0,4005250000.0,1006000000.0,38000000.0,38000000.0,0.0,11137000000.0,4954000000.0,6183000000.0,20715785189.0,-273000000.0,230000000.0,-11000000.0,-300000000.0,-1072000000.0,-1375000000.0,52000000.0,0.0,1353000000.0,4000000.0,1420000000.0,1420000000.0,1420000000.0,0.0,0.0,0.166,1567000000.0,2480000000.0,101000000.0,0.793,3.143,14.589,14.682,1011000000.0,0.0,17.765,2.421,2.421,237000000.0,-505000000.0,8556000000.0,8556000000.0,0.0,0.083,0.217,0.622,0.291,0.0,1468000000.0,1.0,1166101052.0,1166101052.0,,7.337,7045000000.0,947000000.0,844000000.0,575000000.0,6.042,488000000.0
26,RAI,MRT,2010-12-31,2010-12-31,2010-12-31,2019-05-12,-218000000.0,17078000000.0,17329500000.0,4802000000.0,12276000000.0,0.493,5.583,-174000000.0,2195000000.0,2195000000.0,4544000000.0,1121000000.0,1.098,1.623,4101000000.0,400000000.0,3701000000.0,4101000000.0,53000000.0,151000000.0,0.0,0.056,0.92,2221000000.0,2372000000.0,0.277,2372000000.0,2221000000.0,1989000000.0,0.96,0.96,0.96,6510000000.0,6487000000.0,6510000000.0,20877163221.0,9.0,8.802,1091000000.0,0.936,1.0,4007000000.0,0.469,10685000000.0,232000000.0,3927000000.0,4064500000.0,1055000000.0,0.0,0.0,0.0,10568000000.0,4372000000.0,6196000000.0,19019163221.0,-528000000.0,28000000.0,-5000000.0,-300000000.0,-1049000000.0,-1349000000.0,-126000000.0,0.0,1265000000.0,-11000000.0,1121000000.0,1121000000.0,1121000000.0,216000000.0,0.0,0.131,1582000000.0,2425000000.0,183000000.0,0.958,2.922,16.966,16.99,1002000000.0,0.0,16.31,2.224,2.224,210000000.0,-1807000000.0,8551000000.0,8551000000.0,0.0,0.065,0.173,0.546,0.26,0.0,1480000000.0,1.0,1166104428.0,1166104428.0,,7.333,6393000000.0,946000000.0,868000000.0,518000000.0,5.482,430000000.0
27,RAI,MRT,2010-09-30,2010-09-30,2010-09-30,2019-05-12,-1328000000.0,17202000000.0,17562250000.0,4699000000.0,12503000000.0,0.488,5.684,-181000000.0,2252000000.0,2252000000.0,4588000000.0,1012000000.0,1.165,1.595,4110000000.0,400000000.0,3710000000.0,4110000000.0,18000000.0,150000000.0,0.0,0.061,0.9,2026000000.0,2176000000.0,0.254,2176000000.0,2026000000.0,1789000000.0,0.865,0.865,0.865,6628000000.0,6484000000.0,6628000000.0,20111747610.0,10.0,9.243,1402000000.0,1.202,1.0,3978000000.0,0.464,10886000000.0,237000000.0,4140000000.0,4202500000.0,1020000000.0,33000000.0,33000000.0,0.0,10574000000.0,4034000000.0,6540000000.0,17313747610.0,-261000000.0,-15000000.0,-5000000.0,-300000000.0,-1035000000.0,-1333000000.0,-176000000.0,21000000.0,1583000000.0,-9000000.0,1012000000.0,1012000000.0,1012000000.0,216000000.0,0.0,0.118,1749000000.0,2229000000.0,103000000.0,1.04,2.612,17.108,17.165,980000000.0,0.0,14.848,2.021,2.021,193000000.0,-568000000.0,8566000000.0,8566000000.0,0.0,0.058,0.156,0.482,0.237,0.0,1512000000.0,1.0,1166105244.0,1166105244.0,,7.346,6316000000.0,945000000.0,777000000.0,573000000.0,5.416,665000000.0
28,RAI,MRT,2010-06-30,2010-06-30,2010-06-30,2019-05-12,-1380000000.0,16636000000.0,17671250000.0,4221000000.0,12415000000.0,0.48,5.532,-170000000.0,1621000000.0,1621000000.0,4542000000.0,993000000.0,1.118,1.58,4419000000.0,700000000.0,3719000000.0,4419000000.0,29000000.0,144000000.0,0.0,0.068,0.888,1992000000.0,2136000000.0,0.252,2136000000.0,1992000000.0,1750000000.0,0.85,0.85,0.85,6449000000.0,6416000000.0,6449000000.0,16345484182.0,8.0,7.652,818000000.0,0.702,1.0,3937000000.0,0.464,10886000000.0,242000000.0,4771000000.0,4337250000.0,1102000000.0,28000000.0,28000000.0,0.0,10187000000.0,3777000000.0,6410000000.0,15190484182.0,-559000000.0,-15000000.0,-5000000.0,0.0,-1020000000.0,-1018000000.0,-164000000.0,22000000.0,988000000.0,-17000000.0,993000000.0,993000000.0,993000000.0,216000000.0,0.0,0.117,1744000000.0,2193000000.0,101000000.0,1.045,2.355,15.298,15.329,997000000.0,0.0,13.03,1.792,1.792,214000000.0,-685000000.0,8479000000.0,8479000000.0,0.0,0.056,0.155,0.459,0.235,0.0,1496000000.0,1.0,1165808456.0,1165808456.0,,7.273,5750000000.0,942000000.0,757000000.0,472000000.0,4.932,444000000.0
29,RAI,MRT,2010-03-31,2010-03-31,2010-03-31,2019-05-12,-1381000000.0,18402000000.0,17826500000.0,5901000000.0,12501000000.0,0.476,5.457,-146000000.0,3272000000.0,3272000000.0,4560000000.0,1029000000.0,1.126,1.893,4427000000.0,300000000.0,4127000000.0,4427000000.0,37000000.0,141000000.0,0.0,0.065,0.875,2046000000.0,2187000000.0,0.258,2187000000.0,2046000000.0,1801000000.0,0.882,0.882,0.882,6361000000.0,6353250000.0,6361000000.0,17445003317.0,9.0,7.977,1285000000.0,1.102,1.0,3924000000.0,0.463,10896000000.0,245000000.0,3420000000.0,4442000000.0,1190000000.0,36000000.0,36000000.0,0.0,12041000000.0,5241000000.0,6800000000.0,15732003317.0,103000000.0,-19000000.0,-5000000.0,-200000000.0,-1005000000.0,-1205000000.0,-130000000.0,23000000.0,1431000000.0,7000000.0,1029000000.0,1029000000.0,1029000000.0,216000000.0,0.0,0.121,1680000000.0,2244000000.0,116000000.0,0.992,2.473,15.289,15.3,1024000000.0,0.0,13.495,1.854,1.854,205000000.0,-761000000.0,8484000000.0,8484000000.0,0.0,0.058,0.162,0.461,0.241,0.0,1491000000.0,1.0,1165765344.0,1165765344.0,,7.278,7506000000.0,951000000.0,772000000.0,454000000.0,6.439,660000000.0
30,RAI,MRT,2009-12-31,2009-12-31,2009-12-31,2019-05-12,-1421000000.0,18009000000.0,17798250000.0,5495000000.0,12514000000.0,0.473,5.575,-141000000.0,2723000000.0,2723000000.0,4488000000.0,955000000.0,1.266,1.771,4436000000.0,300000000.0,4136000000.0,4436000000.0,57000000.0,144000000.0,0.0,0.065,0.863,1773000000.0,1917000000.0,0.228,1917000000.0,1773000000.0,1522000000.0,0.82,0.82,0.82,6498000000.0,6263500000.0,6498000000.0,17365194877.0,10.0,9.059,1313000000.0,1.127,1.0,3931000000.0,0.467,10903000000.0,251000000.0,4479000000.0,4662500000.0,1219000000.0,36000000.0,36000000.0,0.0,11511000000.0,4340000000.0,7171000000.0,15434194877.0,145000000.0,-19000000.0,-5000000.0,-200000000.0,-991000000.0,-1192000000.0,-123000000.0,25000000.0,1454000000.0,6000000.0,955000000.0,955000000.0,955000000.0,0.0,0.0,0.113,2177000000.0,1754000000.0,199000000.0,1.052,2.375,16.161,16.149,1025000000.0,0.0,13.242,1.833,1.833,220000000.0,-579000000.0,8419000000.0,8419000000.0,0.0,0.054,0.152,0.38,0.211,0.0,1517000000.0,1.0,1165504616.0,1165504616.0,,7.223,7106000000.0,956000000.0,567000000.0,441000000.0,6.097,1155000000.0
31,RAI,MRT,2009-09-30,2009-09-30,2009-09-30,2019-05-12,-1604000000.0,17638000000.0,17834500000.0,5076000000.0,12562000000.0,0.477,5.454,-85000000.0,2513000000.0,2513000000.0,4502000000.0,1005000000.0,1.295,1.775,4444000000.0,300000000.0,4144000000.0,4444000000.0,13000000.0,145000000.0,0.0,0.076,0.85,1873000000.0,2018000000.0,0.237,2018000000.0,1873000000.0,1616000000.0,0.862,0.862,0.862,6356000000.0,6198250000.0,6356000000.0,15243272629.0,8.0,7.554,1291000000.0,1.108,1.0,3998000000.0,0.47,10969000000.0,257000000.0,4679000000.0,4766500000.0,1095000000.0,41000000.0,41000000.0,0.0,11282000000.0,3921000000.0,7361000000.0,12971272629.0,184000000.0,24000000.0,-3000000.0,-200000000.0,-990000000.0,-1197000000.0,-3000000.0,13000000.0,1376000000.0,8000000.0,1005000000.0,1005000000.0,1005000000.0,0.0,0.0,0.118,2149000000.0,1849000000.0,115000000.0,0.986,2.041,12.907,12.912,990000000.0,0.0,11.13,1.526,1.526,173000000.0,-530000000.0,8500000000.0,8500000000.0,0.0,0.056,0.162,0.393,0.22,0.0,1481000000.0,1.0,1165433300.0,1165433300.0,,7.293,6669000000.0,912000000.0,611000000.0,233000000.0,5.722,1155000000.0
32,RAI,MRT,2009-06-30,2009-06-30,2009-06-30,2019-05-12,-1641000000.0,17257000000.0,18029500000.0,4710000000.0,12547000000.0,0.478,5.319,-83000000.0,2180000000.0,2180000000.0,4593000000.0,854000000.0,1.401,1.784,4452000000.0,0.0,4452000000.0,4452000000.0,24000000.0,146000000.0,0.0,0.088,0.85,1636000000.0,1782000000.0,0.207,1782000000.0,1636000000.0,1371000000.0,0.732,0.732,0.732,6198000000.0,6506250000.0,6198000000.0,12742071256.0,8.0,7.15,1824000000.0,1.565,1.0,4027000000.0,0.467,10976000000.0,265000000.0,5190000000.0,4921250000.0,1118000000.0,37000000.0,37000000.0,0.0,11059000000.0,3363000000.0,7696000000.0,11251071256.0,544000000.0,24000000.0,-92000000.0,-200000000.0,-992000000.0,-1287000000.0,-54000000.0,9000000.0,1907000000.0,-22000000.0,854000000.0,854000000.0,854000000.0,0.0,0.0,0.099,2426000000.0,1601000000.0,115000000.0,1.161,1.815,13.175,13.19,999000000.0,0.0,9.655,1.305,1.305,173000000.0,-643000000.0,8620000000.0,8620000000.0,0.0,0.047,0.131,0.332,0.19,0.0,1485000000.0,1.0,1165310332.0,1165310332.0,,7.397,6281000000.0,874000000.0,517000000.0,137000000.0,5.39,1347000000.0
33,RAI,MRT,2009-03-31,2009-03-31,2009-03-31,2019-05-12,-1701000000.0,18289000000.0,18187250000.0,5660000000.0,12629000000.0,0.479,5.148,-93000000.0,3169000000.0,3169000000.0,4697000000.0,841000000.0,1.259,2.047,4660000000.0,200000000.0,4460000000.0,4660000000.0,34000000.0,147000000.0,0.0,0.095,0.85,1618000000.0,1765000000.0,0.203,1765000000.0,1618000000.0,1349000000.0,0.72,0.717,0.72,6002000000.0,6892250000.0,6002000000.0,12553885829.0,8.0,7.113,1207000000.0,1.035,1.0,4012000000.0,0.461,10983000000.0,269000000.0,4302000000.0,5121750000.0,1215000000.0,45000000.0,45000000.0,0.0,12287000000.0,4495000000.0,7792000000.0,10445885829.0,363000000.0,164000000.0,-210000000.0,0.0,-996000000.0,-1207000000.0,302000000.0,217000000.0,1300000000.0,-32000000.0,841000000.0,841000000.0,841000000.0,0.0,0.0,0.097,2437000000.0,1575000000.0,124000000.0,1.181,1.74,12.421,12.444,1025000000.0,0.0,8.96,1.199,1.199,176000000.0,-772000000.0,8709000000.0,8709000000.0,0.0,0.046,0.122,0.316,0.186,0.0,1483000000.0,1.0,1165835472.0,1165835472.0,,7.47,7306000000.0,851000000.0,508000000.0,97000000.0,6.267,1165000000.0
34,RAI,MRT,2008-12-31,2008-12-31,2008-12-31,2019-05-12,-1695000000.0,18154000000.0,18517500000.0,5019000000.0,13135000000.0,0.478,5.35,-105000000.0,2578000000.0,2578000000.0,4863000000.0,1338000000.0,1.279,1.911,4686000000.0,200000000.0,4486000000.0,4686000000.0,50000000.0,142000000.0,0.0,0.084,0.85,2403000000.0,2545000000.0,0.288,2545000000.0,2403000000.0,2128000000.0,1.14,1.14,1.14,6237000000.0,7326750000.0,6237000000.0,13923456805.0,6.0,5.471,1210000000.0,1.038,1.0,3982000000.0,0.45,11444000000.0,275000000.0,4895000000.0,5338750000.0,1170000000.0,58000000.0,58000000.0,0.0,11917000000.0,3923000000.0,7994000000.0,11748456805.0,363000000.0,164000000.0,-210000000.0,0.0,-999000000.0,-1206000000.0,278000000.0,217000000.0,1315000000.0,-24000000.0,1338000000.0,1338000000.0,1338000000.0,0.0,0.0,0.151,1967000000.0,2015000000.0,209000000.0,0.746,1.884,8.781,8.84,1031000000.0,0.0,10.078,1.328,1.328,212000000.0,-531000000.0,8845000000.0,8845000000.0,0.0,0.072,0.183,0.45,0.272,0.0,1500000000.0,1.0,1165810648.0,1165810648.0,,7.587,6710000000.0,838000000.0,790000000.0,282000000.0,5.756,1096000000.0
35,RAI,MRT,2008-09-30,2008-09-30,2008-09-30,2019-05-12,-330000000.0,18418000000.0,18636250000.0,4690000000.0,13728000000.0,0.477,6.472,-139000000.0,2329000000.0,2329000000.0,4890000000.0,1377000000.0,1.267,1.427,4504000000.0,200000000.0,4304000000.0,4504000000.0,13000000.0,143000000.0,0.0,0.07,0.85,2472000000.0,2615000000.0,0.294,2615000000.0,2472000000.0,2183000000.0,1.167,1.165,1.167,7588000000.0,7634000000.0,7588000000.0,17111219341.0,7.0,6.543,732000000.0,0.624,1.0,4008000000.0,0.45,11594000000.0,289000000.0,5298000000.0,5425750000.0,1072000000.0,85000000.0,85000000.0,0.0,10830000000.0,3701000000.0,7129000000.0,14250219341.0,270000000.0,161000000.0,-207000000.0,0.0,-1003000000.0,-1204000000.0,626000000.0,614000000.0,871000000.0,-23000000.0,1377000000.0,1377000000.0,1377000000.0,0.0,0.0,0.155,1955000000.0,2053000000.0,171000000.0,0.728,1.878,10.349,10.416,1053000000.0,0.0,12.155,1.602,1.602,209000000.0,-541000000.0,8898000000.0,8898000000.0,0.0,0.074,0.18,0.456,0.278,0.0,1598000000.0,1.0,1172375100.0,1172375100.0,,7.59,6824000000.0,852000000.0,806000000.0,1220000000.0,5.821,989000000.0
36,RAI,MRT,2008-06-30,2008-06-30,2008-06-30,2019-05-12,-299000000.0,17888000000.0,18691500000.0,3951000000.0,13937000000.0,0.477,6.554,-149000000.0,1636000000.0,1636000000.0,4911000000.0,1524000000.0,1.324,1.311,4497000000.0,200000000.0,4297000000.0,4497000000.0,21000000.0,143000000.0,0.0,0.073,0.85,2712000000.0,2855000000.0,0.32,2855000000.0,2712000000.0,2410000000.0,1.292,1.287,1.292,7742000000.0,7570250000.0,7742000000.0,15547480326.0,6.0,5.446,737000000.0,0.624,1.0,4012000000.0,0.45,11772000000.0,302000000.0,5992000000.0,5368250000.0,1081000000.0,34000000.0,34000000.0,0.0,10146000000.0,2985000000.0,7161000000.0,13782480326.0,473000000.0,161000000.0,-118000000.0,-29000000.0,-974000000.0,-1117000000.0,704000000.0,658000000.0,886000000.0,0.0,1524000000.0,1524000000.0,1524000000.0,0.0,0.0,0.171,1736000000.0,2276000000.0,121000000.0,0.658,1.78,9.044,9.031,1076000000.0,0.0,11.668,1.545,1.545,220000000.0,-504000000.0,8923000000.0,8923000000.0,0.0,0.082,0.201,0.505,0.304,0.0,1663000000.0,1.0,1181271080.0,1181271080.0,,7.554,6116000000.0,824000000.0,886000000.0,1309000000.0,5.177,966000000.0
37,RAI,MRT,2008-03-31,2008-03-31,2008-03-31,2019-05-12,-298000000.0,19610000000.0,18627000000.0,5667000000.0,13943000000.0,0.48,6.559,-150000000.0,2806000000.0,2806000000.0,4949000000.0,1485000000.0,1.28,1.534,4571000000.0,0.0,4571000000.0,4571000000.0,27000000.0,142000000.0,0.0,0.056,0.825,2667000000.0,2809000000.0,0.314,2809000000.0,2667000000.0,2346000000.0,1.257,1.255,1.257,7740000000.0,7439000000.0,7740000000.0,19714190131.0,7.0,7.018,2599000000.0,2.202,1.0,3983000000.0,0.446,11778000000.0,321000000.0,5170000000.0,5291750000.0,1153000000.0,499000000.0,499000000.0,0.0,11870000000.0,4427000000.0,7443000000.0,17414190131.0,1738000000.0,-3000000.0,0.0,-320000000.0,-945000000.0,-1278000000.0,267000000.0,420000000.0,2749000000.0,0.0,1485000000.0,1485000000.0,1485000000.0,0.0,0.0,0.166,1763000000.0,2220000000.0,174000000.0,0.656,2.25,11.727,11.74,1075000000.0,0.0,14.758,1.95,1.95,220000000.0,-619000000.0,8932000000.0,8932000000.0,0.0,0.08,0.2,0.504,0.299,0.0,1676000000.0,1.0,1180023048.0,1180023048.0,,7.569,7832000000.0,836000000.0,861000000.0,1326000000.0,6.637,1240000000.0
38,RAI,MRT,2007-12-31,2007-12-31,2007-12-31,2019-05-12,-314000000.0,18629000000.0,18153250000.0,4992000000.0,13637000000.0,0.497,6.327,-139000000.0,2215000000.0,2215000000.0,4960000000.0,1308000000.0,1.279,1.495,4515000000.0,0.0,4515000000.0,4515000000.0,35000000.0,143000000.0,0.0,0.049,0.8,2412000000.0,2555000000.0,0.283,2555000000.0,2412000000.0,2074000000.0,1.107,1.107,1.107,7466000000.0,7279750000.0,7466000000.0,21851144066.0,9.0,8.552,1192000000.0,1.01,1.0,4063000000.0,0.45,11783000000.0,338000000.0,5243000000.0,5480750000.0,1196000000.0,378000000.0,378000000.0,0.0,11163000000.0,3903000000.0,7260000000.0,19458144066.0,782000000.0,-3000000.0,-60000000.0,-324000000.0,-916000000.0,-1312000000.0,763000000.0,906000000.0,1331000000.0,0.0,1308000000.0,1308000000.0,1308000000.0,0.0,0.0,0.145,1786000000.0,2277000000.0,225000000.0,0.723,2.606,14.876,14.896,1073000000.0,0.0,16.49,2.157,2.157,178000000.0,-873000000.0,9023000000.0,9023000000.0,0.0,0.072,0.18,0.44,0.267,0.0,1687000000.0,1.0,1179996608.0,1179996608.0,,7.647,6846000000.0,845000000.0,766000000.0,1184000000.0,5.802,1089000000.0
39,RAI,MRT,2007-09-30,2007-09-30,2007-09-30,2019-05-12,-398000000.0,18639000000.0,18040500000.0,5096000000.0,13543000000.0,0.491,6.214,-102000000.0,2059000000.0,2059000000.0,4928000000.0,1191000000.0,1.24,1.542,4452000000.0,0.0,4452000000.0,4452000000.0,25000000.0,145000000.0,0.0,0.049,0.775,2232000000.0,2377000000.0,0.268,2377000000.0,2232000000.0,1884000000.0,1.01,1.007,1.01,7333000000.0,7174000000.0,7333000000.0,22023979606.0,10.0,9.265,1615000000.0,1.369,1.0,3934000000.0,0.444,11854000000.0,348000000.0,5068000000.0,5549250000.0,1053000000.0,796000000.0,796000000.0,0.0,11306000000.0,4110000000.0,7196000000.0,18758979606.0,931000000.0,-1000000.0,-59000000.0,-328000000.0,-887000000.0,-1288000000.0,502000000.0,630000000.0,1717000000.0,0.0,1191000000.0,1191000000.0,1191000000.0,0.0,0.0,0.134,1840000000.0,2094000000.0,231000000.0,0.767,2.558,15.751,15.74,1066000000.0,0.0,15.898,2.117,2.117,206000000.0,-919000000.0,8862000000.0,8862000000.0,0.0,0.066,0.166,0.402,0.252,0.0,1724000000.0,1.0,1179995572.0,1179995572.0,,7.51,6785000000.0,851000000.0,693000000.0,1167000000.0,5.75,986000000.0
40,RAI,MRT,2007-06-30,2007-06-30,2007-06-30,2019-05-12,-404000000.0,17630000000.0,17796750000.0,4174000000.0,13456000000.0,0.492,6.116,-99000000.0,1163000000.0,1163000000.0,4880000000.0,1142000000.0,1.245,1.443,4428000000.0,29000000.0,4399000000.0,4428000000.0,39000000.0,145000000.0,0.0,0.046,0.75,2171000000.0,2316000000.0,0.265,2316000000.0,2171000000.0,1812000000.0,0.967,0.967,0.967,7217000000.0,7090500000.0,7217000000.0,22897805574.0,11.0,9.887,1399000000.0,1.186,1.0,3875000000.0,0.443,11857000000.0,359000000.0,5686000000.0,5663000000.0,1056000000.0,843000000.0,843000000.0,0.0,10413000000.0,3352000000.0,7061000000.0,19233805574.0,58000000.0,-2000000.0,-59000000.0,-303000000.0,-851000000.0,-1228000000.0,-212000000.0,-95000000.0,1498000000.0,0.0,1142000000.0,1142000000.0,1142000000.0,0.0,0.0,0.13,1843000000.0,2032000000.0,209000000.0,0.776,2.665,16.842,16.856,1064000000.0,0.0,16.3,2.197,2.197,158000000.0,-1026000000.0,8755000000.0,8755000000.0,0.0,0.064,0.161,0.383,0.248,0.0,1721000000.0,1.0,1179988072.0,1179988072.0,,7.42,5773000000.0,835000000.0,670000000.0,1087000000.0,4.892,822000000.0
41,RAI,MRT,2007-03-31,2007-03-31,2007-03-31,2019-05-12,-411000000.0,17715000000.0,17622750000.0,4268000000.0,13447000000.0,0.494,6.007,-99000000.0,1068000000.0,1068000000.0,4813000000.0,1193000000.0,1.189,1.494,4732000000.0,344000000.0,4388000000.0,4732000000.0,54000000.0,152000000.0,0.0,0.046,0.719,2219000000.0,2371000000.0,0.273,2371000000.0,2219000000.0,1895000000.0,1.01,1.01,1.01,7103000000.0,7014250000.0,7103000000.0,21750050240.0,10.0,9.173,1128000000.0,0.954,1.0,3885000000.0,0.447,11863000000.0,324000000.0,5926000000.0,5627500000.0,1148000000.0,811000000.0,811000000.0,0.0,10612000000.0,3590000000.0,7022000000.0,18450050240.0,-637000000.0,-3519000000.0,-58000000.0,2989000000.0,-813000000.0,2069000000.0,-3933000000.0,-307000000.0,1227000000.0,0.0,1193000000.0,1193000000.0,1193000000.0,0.0,0.0,0.137,1813000000.0,2072000000.0,216000000.0,0.712,2.598,15.465,15.448,1062000000.0,0.0,15.602,2.121,2.121,192000000.0,-1130000000.0,8698000000.0,8698000000.0,0.0,0.068,0.17,0.394,0.255,0.0,1709000000.0,1.0,1182506024.0,1182506024.0,,7.356,5852000000.0,811000000.0,702000000.0,1068000000.0,4.949,678000000.0
42,RAI,MRT,2006-12-31,2006-12-31,2006-12-31,2019-05-12,-418000000.0,18178000000.0,16675750000.0,4935000000.0,13243000000.0,0.51,5.957,-112000000.0,1433000000.0,1433000000.0,4803000000.0,1210000000.0,1.206,1.581,4733000000.0,344000000.0,4389000000.0,4733000000.0,62000000.0,162000000.0,0.0,0.042,0.688,2153000000.0,2315000000.0,0.272,2315000000.0,2153000000.0,1883000000.0,1.025,1.025,1.025,7043000000.0,6918000000.0,7043000000.0,22962957402.0,11.0,9.919,1345000000.0,1.138,1.0,3707000000.0,0.436,11869000000.0,270000000.0,5517000000.0,4697000000.0,1155000000.0,1293000000.0,1293000000.0,0.0,11135000000.0,4092000000.0,7043000000.0,19352957402.0,100000000.0,-3516000000.0,4000000.0,2993000000.0,-775000000.0,2174000000.0,-3531000000.0,101000000.0,1457000000.0,0.0,1210000000.0,1210000000.0,1210000000.0,0.0,0.0,0.142,1764000000.0,1943000000.0,284000000.0,0.671,2.748,15.994,15.968,1062000000.0,0.0,16.367,2.274,2.274,169000000.0,-1241000000.0,8510000000.0,8510000000.0,0.0,0.073,0.175,0.458,0.253,0.0,1658000000.0,1.0,1182401552.0,1182401552.0,,7.197,6309000000.0,793000000.0,673000000.0,1167000000.0,5.336,843000000.0
43,RAI,MRT,2006-09-30,2006-09-30,2006-09-30,2019-05-12,-502000000.0,17664000000.0,15761000000.0,4805000000.0,12859000000.0,0.539,5.92,-132000000.0,1128000000.0,1128000000.0,4826000000.0,1327000000.0,1.122,1.524,4738000000.0,344000000.0,4394000000.0,4738000000.0,33000000.0,172000000.0,0.0,0.042,0.656,2085000000.0,2257000000.0,0.266,2257000000.0,2085000000.0,1874000000.0,1.123,1.125,1.123,6999000000.0,6795500000.0,6999000000.0,21936960584.0,11.0,9.72,1318000000.0,1.115,1.0,3662000000.0,0.431,11470000000.0,211000000.0,5523000000.0,3992500000.0,1120000000.0,1403000000.0,1403000000.0,0.0,10665000000.0,4281000000.0,6384000000.0,18314960584.0,-264000000.0,-3560000000.0,4000000.0,2997000000.0,-708000000.0,2244000000.0,-3958000000.0,-280000000.0,1450000000.0,0.0,1327000000.0,1327000000.0,1327000000.0,-2000000.0,0.0,0.156,1833000000.0,1829000000.0,110000000.0,0.584,2.617,13.802,13.796,1048000000.0,0.0,15.492,2.158,2.158,146000000.0,-1199000000.0,8488000000.0,8488000000.0,0.0,0.084,0.195,0.522,0.246,0.0,1607000000.0,1.0,1182182384.0,1182182384.0,,7.18,6194000000.0,905000000.0,547000000.0,672000000.0,5.239,524000000.0
44,RAI,MRT,2006-06-30,2006-06-30,2006-06-30,2019-05-12,-504000000.0,16934000000.0,14974000000.0,4083000000.0,12851000000.0,0.564,5.847,-129000000.0,1105000000.0,1105000000.0,5008000000.0,1231000000.0,1.15,1.45,4727000000.0,314000000.0,4413000000.0,4727000000.0,49000000.0,180000000.0,0.0,0.042,0.6,1877000000.0,2057000000.0,0.244,2057000000.0,1877000000.0,1727000000.0,1.04,1.042,1.04,6912000000.0,6608000000.0,6912000000.0,17067417263.0,9.0,8.297,1287000000.0,1.089,1.0,3439000000.0,0.407,11463000000.0,150000000.0,5544000000.0,3228000000.0,1119000000.0,717000000.0,717000000.0,0.0,10022000000.0,3549000000.0,6473000000.0,17037417263.0,-339000000.0,-3546000000.0,5000000.0,2642000000.0,-663000000.0,1931000000.0,-3686000000.0,-15000000.0,1416000000.0,0.0,1231000000.0,1231000000.0,1231000000.0,-2000000.0,0.0,0.146,1807000000.0,1632000000.0,32000000.0,0.577,2.465,13.84,13.858,1065000000.0,0.0,14.412,2.017,2.017,145000000.0,-1286000000.0,8447000000.0,8447000000.0,0.0,0.082,0.186,0.581,0.222,0.0,1569000000.0,1.0,1182127824.0,1182127824.0,,7.146,5471000000.0,876000000.0,496000000.0,580000000.0,4.628,534000000.0
45,RAI,MRT,2006-03-31,2006-03-31,2006-03-31,2019-05-12,-504000000.0,13927000000.0,14291750000.0,4519000000.0,9408000000.0,0.578,5.694,-124000000.0,1705000000.0,1705000000.0,4973000000.0,1106000000.0,1.23,1.073,1735000000.0,190000000.0,1545000000.0,1735000000.0,61000000.0,186000000.0,0.0,0.043,0.563,1653000000.0,1839000000.0,0.223,1839000000.0,1653000000.0,1529000000.0,0.935,0.937,0.935,6718000000.0,6428500000.0,6718000000.0,15974986321.0,10.0,8.687,709000000.0,0.601,1.0,3286000000.0,0.398,8079000000.0,124000000.0,2204000000.0,2581750000.0,1030000000.0,476000000.0,476000000.0,0.0,7209000000.0,3674000000.0,3535000000.0,15559986321.0,89000000.0,6000000.0,4000000.0,139000000.0,-619000000.0,-488000000.0,-256000000.0,-141000000.0,833000000.0,0.0,1106000000.0,1106000000.0,1106000000.0,-2000000.0,0.0,0.134,1859000000.0,1427000000.0,81000000.0,0.602,2.316,14.069,14.104,1050000000.0,0.0,13.188,1.884,1.884,156000000.0,-1477000000.0,8259000000.0,8259000000.0,0.0,0.077,0.172,0.64,0.2,0.0,1589000000.0,1.0,1179904176.0,1179904176.0,,7.0,5848000000.0,1020000000.0,423000000.0,562000000.0,4.956,845000000.0
46,RAI,MRT,2005-12-31,2005-12-31,2005-12-31,2019-05-12,-503000000.0,14519000000.0,14339750000.0,5065000000.0,9454000000.0,0.576,5.557,-101000000.0,1333000000.0,1333000000.0,4919000000.0,1042000000.0,1.221,1.216,1748000000.0,190000000.0,1558000000.0,1748000000.0,69000000.0,195000000.0,0.0,0.044,0.525,1586000000.0,1781000000.0,0.216,1781000000.0,1586000000.0,1473000000.0,0.882,0.882,0.882,6553000000.0,6328000000.0,6553000000.0,14415268890.0,9.0,8.094,1172000000.0,0.994,1.0,3337000000.0,0.404,8086000000.0,113000000.0,2699000000.0,2584250000.0,1066000000.0,1373000000.0,1373000000.0,0.0,7966000000.0,4149000000.0,3817000000.0,14052268890.0,-166000000.0,3000000.0,0.0,139000000.0,-575000000.0,-450000000.0,-989000000.0,-891000000.0,1273000000.0,0.0,1042000000.0,1042000000.0,1042000000.0,-2000000.0,0.0,0.126,1893000000.0,1444000000.0,76000000.0,0.595,2.144,13.486,13.51,1053000000.0,0.0,11.916,1.702,1.702,166000000.0,-1638000000.0,8256000000.0,8256000000.0,0.0,0.073,0.165,0.614,0.192,0.0,1611000000.0,1.0,1179252608.0,1179252608.0,,7.001,6433000000.0,1024000000.0,431000000.0,639000000.0,5.455,916000000.0
47,RAI,MRT,2005-09-30,2005-09-30,2005-09-30,2019-05-12,-683000000.0,14516000000.0,14317000000.0,4834000000.0,9682000000.0,0.563,5.3,-113000000.0,1392000000.0,1392000000.0,4961000000.0,821000000.0,1.164,1.323,1755000000.0,191000000.0,1564000000.0,1755000000.0,0.0,216000000.0,0.0,0.047,0.488,1360000000.0,1576000000.0,0.196,1576000000.0,1360000000.0,1256000000.0,0.632,0.632,0.632,6249000000.0,6233750000.0,6249000000.0,12926868745.0,10.0,8.202,985000000.0,0.835,1.0,3093000000.0,0.384,8261000000.0,104000000.0,2465000000.0,2465750000.0,1110000000.0,1118000000.0,1118000000.0,0.0,8267000000.0,4153000000.0,4114000000.0,12235868745.0,-107000000.0,9000000.0,-24000000.0,139000000.0,-560000000.0,-458000000.0,-747000000.0,-679000000.0,1098000000.0,0.0,821000000.0,821000000.0,821000000.0,-11000000.0,0.0,0.102,1967000000.0,1126000000.0,97000000.0,0.772,1.958,14.904,16.42,1084000000.0,0.0,10.377,1.519,1.519,166000000.0,-1751000000.0,8054000000.0,8054000000.0,0.0,0.057,0.132,0.552,0.169,0.0,1660000000.0,1.0,1179076728.0,1179076728.0,,6.831,6255000000.0,939000000.0,435000000.0,676000000.0,5.305,681000000.0
48,RAI,MRT,2005-06-30,2005-06-30,2005-06-30,2019-05-12,-679000000.0,14205000000.0,14274000000.0,4490000000.0,9715000000.0,0.538,5.253,-101000000.0,1444000000.0,1444000000.0,4716000000.0,947000000.0,1.224,1.293,2135000000.0,555000000.0,1580000000.0,2135000000.0,0.0,212000000.0,0.0,0.048,0.475,1390000000.0,1602000000.0,0.208,1602000000.0,1390000000.0,1296000000.0,0.786,0.785,0.786,6194000000.0,6232250000.0,6194000000.0,11617634541.0,8.0,7.252,805000000.0,0.683,1.0,2970000000.0,0.386,8269000000.0,94000000.0,2959000000.0,2353000000.0,1140000000.0,694000000.0,694000000.0,0.0,8011000000.0,3668000000.0,4343000000.0,11613634541.0,1041000000.0,200000000.0,-33000000.0,495000000.0,-501000000.0,-46000000.0,181000000.0,66000000.0,906000000.0,0.0,947000000.0,947000000.0,947000000.0,-11000000.0,0.0,0.123,1932000000.0,1038000000.0,140000000.0,0.604,1.875,12.264,12.532,1094000000.0,0.0,9.85,1.511,1.511,173000000.0,-1809000000.0,7686000000.0,7686000000.0,0.0,0.066,0.152,0.591,0.181,0.0,1638000000.0,1.0,1179049192.0,1179049192.0,,6.519,5936000000.0,913000000.0,349000000.0,663000000.0,5.035,822000000.0
49,RAI,MRT,2005-03-31,2005-03-31,2005-03-31,2019-05-12,-446000000.0,14119000000.0,,4378000000.0,9741000000.0,,5.356,-97000000.0,1616000000.0,1616000000.0,4272000000.0,847000000.0,1.206,1.235,1620000000.0,50000000.0,1570000000.0,1620000000.0,0.0,184000000.0,0.0,0.047,0.475,1234000000.0,1418000000.0,0.204,1418000000.0,1234000000.0,1145000000.0,0.797,0.794,0.797,6316000000.0,,6316000000.0,12024866713.0,10.0,8.48,857000000.0,0.727,1.0,2663000000.0,0.384,8279000000.0,89000000.0,2214000000.0,,1201000000.0,326000000.0,326000000.0,0.0,7803000000.0,3630000000.0,4173000000.0,11878866713.0,763000000.0,165000000.0,-32000000.0,-56000000.0,-442000000.0,-530000000.0,339000000.0,272000000.0,954000000.0,0.0,847000000.0,847000000.0,847000000.0,-12000000.0,0.0,0.122,1773000000.0,890000000.0,129000000.0,0.596,1.881,14.025,12.64,1109000000.0,0.0,10.074,1.713,1.713,152000000.0,-1920000000.0,6935000000.0,6935000000.0,0.0,,,,0.178,0.0,1524000000.0,1.0,1179190144.0,1179190144.0,,5.881,5840000000.0,910000000.0,298000000.0,762000000.0,4.953,748000000.0
50,RAI,MRT,2004-12-31,2004-12-31,2004-12-31,2019-05-12,-445000000.0,14428000000.0,12052500000.0,4624000000.0,9804000000.0,0.514,5.232,-89000000.0,1499000000.0,1499000000.0,3872000000.0,688000000.0,1.14,1.336,1645000000.0,50000000.0,1595000000.0,1645000000.0,0.0,153000000.0,0.0,0.048,0.475,975000000.0,1128000000.0,0.182,1128000000.0,975000000.0,890000000.0,0.777,0.772,0.777,6176000000.0,4616500000.0,6176000000.0,11436849567.0,12.0,10.139,647000000.0,0.548,1.0,2324000000.0,0.375,8294000000.0,85000000.0,2225000000.0,2371000000.0,1265000000.0,473000000.0,473000000.0,0.0,8252000000.0,4055000000.0,4197000000.0,11597849567.0,529000000.0,165000000.0,-28000000.0,-56000000.0,-383000000.0,-467000000.0,260000000.0,184000000.0,736000000.0,0.0,688000000.0,688000000.0,688000000.0,-12000000.0,0.0,0.111,1681000000.0,643000000.0,70000000.0,0.611,1.878,16.857,12.645,1129000000.0,0.0,9.825,1.872,1.872,182000000.0,-2061000000.0,6196000000.0,6196000000.0,0.0,0.057,0.149,0.411,0.157,0.0,1455000000.0,1.0,1180442704.0,1180442704.0,,5.249,6134000000.0,941000000.0,202000000.0,805000000.0,5.196,569000000.0
51,RAI,MRT,2004-09-30,2004-09-30,2004-09-30,2019-05-12,-465000000.0,14344000000.0,,4608000000.0,9736000000.0,,6.003,-85000000.0,1818000000.0,1818000000.0,3447000000.0,476000000.0,1.151,1.298,1657000000.0,50000000.0,1607000000.0,1657000000.0,0.0,116000000.0,0.0,0.056,0.475,672000000.0,788000000.0,0.141,788000000.0,672000000.0,589000000.0,0.536,0.53,0.536,6243000000.0,,6243000000.0,,,,378000000.0,0.363,1.0,2138000000.0,0.383,8165000000.0,83000000.0,2014000000.0,,1222000000.0,108000000.0,108000000.0,0.0,8101000000.0,4004000000.0,4097000000.0,8845200000.0,645000000.0,204000000.0,7000000.0,-56000000.0,-323000000.0,-372000000.0,554000000.0,384000000.0,463000000.0,0.0,476000000.0,476000000.0,476000000.0,-123000000.0,0.0,0.085,1866000000.0,272000000.0,114000000.0,0.886,1.417,18.582,15.868,1139000000.0,0.0,8.505,1.584,1.584,258000000.0,-1997000000.0,5585000000.0,5585000000.0,0.0,,,,0.12,0.0,1269000000.0,1.0,1040000000.0,1040000000.0,,5.37,6179000000.0,926000000.0,113000000.0,464000000.0,5.941,604000000.0
52,RAI,MRT,2004-06-30,2004-06-30,2004-06-30,2019-05-12,,,,,,,,,,,3122000000.0,-3314000000.0,,,,,,,,,,0.056,0.475,-3370000000.0,,,,-3370000000.0,-3457000000.0,-4.961,-4.966,-4.961,,,,,,,,,1.0,2066000000.0,0.398,,87000000.0,,,,,,,,,,8786700000.0,,,,,,,,,,,-3314000000.0,-3314000000.0,-3314000000.0,-123000000.0,0.0,-0.639,5701000000.0,-3635000000.0,,-0.096,,-2.651,-1.703,,0.0,8.449,1.694,1.694,,,5188000000.0,5188000000.0,0.0,,,,-0.65,,1205000000.0,1.0,1040000000.0,1040000000.0,,4.988,,,-143000000.0,,,
53,RAI,MRT,2004-03-31,2004-03-31,2004-03-31,2019-05-12,,,,,,,,,,,,,,,,,,,,,,0.063,0.475,,,,,,,,,,,,,,,,,,1.0,,,,,,,,,,,,,,,,,,,,,,,,,,,,,,,,,,,,,,,,7.563,,,,,,,,,,,,,,1.0,,,,,,,,,,
54,RAI,MRT,2003-12-31,2003-12-31,2003-12-31,2019-05-12,-462000000.0,9677000000.0,,3331000000.0,6346000000.0,,,-70000000.0,970000000.0,970000000.0,3218000000.0,-3446000000.0,1.163,2.166,1727000000.0,56000000.0,1671000000.0,1727000000.0,0.0,151000000.0,0.0,0.065,0.475,-3564000000.0,-3413000000.0,-0.648,-3413000000.0,-3564000000.0,-3675000000.0,-5.146,-5.146,-5.146,3057000000.0,,3057000000.0,,,,511000000.0,,1.0,2049000000.0,0.389,5052000000.0,111000000.0,2517000000.0,,684000000.0,660000000.0,660000000.0,0.0,6620000000.0,2865000000.0,3755000000.0,,100000000.0,-3000000.0,-58000000.0,-741000000.0,-323000000.0,-1122000000.0,641000000.0,649000000.0,581000000.0,0.0,-3446000000.0,-3446000000.0,-3446000000.0,-122000000.0,0.0,-0.654,5885000000.0,-3836000000.0,36000000.0,-0.092,,,-1.413,894000000.0,0.0,7.269,,,67000000.0,-2469000000.0,5267000000.0,5267000000.0,0.0,,,,-0.677,0.0,1327000000.0,1.0,,,,,4625000000.0,713000000.0,-229000000.0,806000000.0,,466000000.0
55,RAI,MRT,2003-09-30,2003-09-30,2003-09-30,2019-05-12,,,,,,,,,,,,,,,,,,,,,,0.096,0.475,,,,,,,,,,,,,,,,,,1.0,,,,,,,,,,,,,,,,,,,,,,,,,,,,,,,,,,,,,,,,4.942,,,,,,,,,,,,,,1.0,,,,,,,,,,
56,RAI,MRT,2002-12-31,2002-12-31,2002-12-31,2019-05-12,,,,,,,,-111000000.0,,,3732000000.0,-44000000.0,,,,,,,,184000000.0,,0.089,0.466,368000000.0,552000000.0,0.089,552000000.0,368000000.0,221000000.0,-0.063,-0.061,-0.063,,,,,,,378000000.0,,1.0,2479000000.0,0.399,,147000000.0,,,,,,,,,,,-517000000.0,-339000000.0,-472000000.0,702000000.0,-335000000.0,-105000000.0,-901000000.0,-469000000.0,489000000.0,0.0,-44000000.0,-44000000.0,-44000000.0,-40000000.0,0.0,-0.007,1711000000.0,768000000.0,,-7.397,,,-83.552,,0.0,5.264,,,,,6211000000.0,6211000000.0,0.0,,,,0.059,0.0,1463000000.0,,,,,,,,265000000.0,,,
