None,ticker,dimension,calendardate,datekey,reportperiod,lastupdated,accoci,assets,assetsavg,assetsc,assetsnc,assetturnover,bvps,capex,cashneq,cashnequsd,cor,consolinc,currentratio,de,debt,debtc,debtnc,debtusd,deferredrev,depamor,deposits,divyield,dps,ebit,ebitda,ebitdamargin,ebitdausd,ebitusd,ebt,eps,epsdil,epsusd,equity,equityavg,equityusd,ev,evebit,evebitda,fcf,fcfps,fxusd,gp,grossmargin,intangibles,intexp,invcap,invcapavg,inventory,investments,investmentsc,investmentsnc,liabilities,liabilitiesc,liabilitiesnc,marketcap,ncf,ncfbus,ncfcommon,ncfdebt,ncfdiv,ncff,ncfi,ncfinv,ncfo,ncfx,netinc,netinccmn,netinccmnusd,netincdis,netincnci,netmargin,opex,opinc,payables,payoutratio,pb,pe,pe1,ppnenet,prefdivis,price,ps,ps1,receivables,retearn,revenue,revenueusd,rnd,roa,roe,roic,ros,sbcomp,sgna,sharefactor,sharesbas,shareswa,shareswadil,sps,tangibles,taxassets,taxexp,taxliabilities,tbvps,workingcapital
0,MI,MRY,2010-12-31,2010-12-31,2010-12-31,2021-08-25,-106813000.0,50831951000.0,53298009500.0,,,0.013,11.985,-23766000.0,600966000.0,600966000.0,0.0,-514435000.0,,7.031,5256625000.0,,,5256625000.0,0.0,88130000.0,38258632000.0,0.0,0.0,-900930000.0,-812800000.0,-1.207,-812800000.0,-900930000.0,-900930000.0,-1.18,-1.18,-1.18,6327935000.0,6628768000.0,6327935000.0,8868533942.0,-10.0,-10.911,1090895000.0,2.066,1.0,673355000.0,1.0,724330000.0,0.0,54763280000.0,58012959000.0,0.0,45200480000.0,,,44493078000.0,,,3653624942.0,-231517000.0,46304000.0,5934000.0,-2282066000.0,-21031000.0,-5723273000.0,4377095000.0,3865282000.0,1114661000.0,0.0,-515871000.0,-616939000.0,-616939000.0,0.0,1436000.0,-0.916,1525771000.0,-852416000.0,0.0,0.0,0.577,-5.922,-5.864,527962000.0,101068000.0,6.92,5.426,5.426,0.0,1028051000.0,673355000.0,673355000.0,0.0,-0.012,-0.093,-0.016,-1.338,34858000.0,996379000.0,1.0,527980483.0,527980483.0,,1.275,50107621000.0,0.0,-385059000.0,0.0,94.904,
1,MI,MRY,2009-12-31,2009-12-31,2009-12-31,2021-08-25,-51321000.0,57209978000.0,59309759000.0,,,0.003,13.292,-50526000.0,832483000.0,832483000.0,0.0,-757039000.0,,7.201,7546002000.0,,,7546002000.0,0.0,51359000.0,41637525000.0,0.0,0.0,-1395850000.0,-1344491000.0,-7.864,-1344491000.0,-1395850000.0,-1395850000.0,-2.46,-2.46,-2.46,6974456000.0,6547453500.0,6974456000.0,11163020426.0,-8.0,-8.303,765351000.0,1.459,1.0,170963000.0,1.0,743584000.0,0.0,63179913000.0,68237731750.0,0.0,51298754000.0,,,50224387000.0,,,2859586426.0,-239924000.0,-479000.0,1428353000.0,-5924194000.0,-14187000.0,-3976268000.0,2920467000.0,2668969000.0,815877000.0,0.0,-758617000.0,-858781000.0,-858781000.0,0.0,1578000.0,-5.023,1556032000.0,-1385069000.0,0.0,0.0,0.41,-3.33,-2.215,565806000.0,100164000.0,5.45,16.726,16.726,0.0,1666021000.0,170963000.0,170963000.0,0.0,-0.014,-0.131,-0.02,-8.165,28257000.0,953091000.0,1.0,524694757.0,524694757.0,,0.326,56466394000.0,0.0,-637233000.0,0.0,107.618,
2,MI,MRY,2008-12-31,2008-12-31,2008-12-31,2021-08-25,-157952000.0,62336418000.0,63374021250.0,,,0.008,24.05,-101657000.0,1072407000.0,1072407000.0,0.0,-2042593000.0,,8.956,13671750000.0,,,13671750000.0,0.0,9248000.0,41023141000.0,0.0,0.0,-2502987000.0,-2493739000.0,-5.158,-2493739000.0,-2502987000.0,-2502987000.0,-7.92,-7.92,-7.92,6260181000.0,6560127250.0,6260181000.0,18421661221.0,-7.0,-7.387,695733000.0,2.673,1.0,483449000.0,1.0,763449000.0,0.0,74172312000.0,75559032250.0,0.0,56978983000.0,,,56065860000.0,,,3550469221.0,-750105000.0,-474301000.0,-103038000.0,-3225437000.0,-327820000.0,2280830000.0,-3828325000.0,-3338436000.0,797390000.0,0.0,-2043462000.0,-2056199000.0,-2056199000.0,0.0,869000.0,-4.253,2983788000.0,-2500339000.0,0.0,0.0,0.567,-1.727,-1.722,564789000.0,12737000.0,13.64,7.344,7.344,0.0,2538989000.0,483449000.0,483449000.0,0.0,-0.032,-0.313,-0.033,-5.177,30812000.0,964315000.0,1.0,260298330.0,260298330.0,,1.857,61572969000.0,0.0,-459525000.0,0.0,236.548,
3,MI,MRY,2007-12-31,2007-12-31,2007-12-31,2021-08-25,-53707000.0,59848596000.0,58861504750.0,,,0.034,26.282,-87646000.0,1822512000.0,1822512000.0,0.0,1150936000.0,,7.51,16683788000.0,,,16683788000.0,0.0,133099000.0,35191354000.0,0.0,0.0,1364577000.0,1497676000.0,0.739,1497676000.0,1364577000.0,1364577000.0,4.42,4.34,4.42,7032729000.0,6711720500.0,7032729000.0,23646806898.0,17.0,15.789,915043000.0,3.42,1.0,2025523000.0,1.0,1807961000.0,0.0,72901911000.0,72100652000.0,0.0,53750733000.0,,,52815867000.0,,,7085670898.0,337254000.0,1639422000.0,81093000.0,1994143000.0,-313298000.0,1158679000.0,-1824114000.0,-3122232000.0,1002689000.0,0.0,1150936000.0,1150936000.0,1150936000.0,-653997000.0,0.0,0.568,1228386000.0,797137000.0,0.0,0.0,1.008,6.156,5.991,469879000.0,0.0,26.48,3.498,3.498,0.0,4923008000.0,2025523000.0,2025523000.0,0.0,0.02,0.171,0.019,0.674,42672000.0,856849000.0,1.0,267585759.0,267585759.0,,7.57,58040635000.0,0.0,213641000.0,0.0,216.905,
4,MI,MRY,2006-12-31,2006-12-31,2006-12-31,2021-08-25,-17546000.0,56230257000.0,53382934250.0,,,0.038,24.113,-104911000.0,1439080000.0,1439080000.0,0.0,807838000.0,,8.141,14450890000.0,,,14450890000.0,0.0,171093000.0,34626772000.0,0.0,0.0,1115273000.0,1286366000.0,0.631,1286366000.0,1115273000.0,1115273000.0,3.24,3.17,3.24,6151371000.0,5674052750.0,6151371000.0,25281526203.0,23.0,19.653,739985000.0,2.901,1.0,2038691000.0,1.0,1572933000.0,0.0,67669134000.0,63352000000.0,0.0,49953490000.0,,,50078886000.0,,,12273254203.0,70907000.0,-137939000.0,42251000.0,1257658000.0,-261535000.0,3741155000.0,-4515144000.0,-4024656000.0,844896000.0,0.0,807838000.0,807838000.0,807838000.0,-160124000.0,0.0,0.396,1083542000.0,955149000.0,0.0,0.0,1.995,15.193,14.849,436416000.0,0.0,48.11,6.02,6.02,0.0,4383642000.0,2038691000.0,2038691000.0,0.0,0.015,0.142,0.018,0.547,28345000.0,792736000.0,1.0,255108173.0,255108173.0,,7.991,54657324000.0,0.0,307435000.0,0.0,214.252,
5,MI,MRY,2005-12-31,2005-12-31,2005-12-31,2021-08-25,-37291000.0,46212717000.0,44083062750.0,,,0.041,20.15,-93624000.0,1414351000.0,1414351000.0,0.0,706190000.0,,8.759,12295404000.0,,,12295404000.0,0.0,202353000.0,27674221000.0,0.0,0.0,984314000.0,1186667000.0,0.652,1186667000.0,984314000.0,984314000.0,3.06,2.99,3.06,4735471000.0,4427981000.0,4735471000.0,20614538943.0,21.0,17.372,542555000.0,2.309,1.0,1819208000.0,1.0,2461461000.0,0.0,54632309000.0,52068912250.0,0.0,40193839000.0,,,41477246000.0,,,10114648943.0,426213000.0,-124065000.0,60911000.0,3772730000.0,-214788000.0,4913170000.0,-5123136000.0,-4637732000.0,636179000.0,0.0,706190000.0,706190000.0,706190000.0,-119531000.0,0.0,0.388,954425000.0,864783000.0,0.0,0.0,2.136,14.323,14.065,490687000.0,0.0,43.04,5.56,5.56,0.0,3871614000.0,1819208000.0,1819208000.0,0.0,0.016,0.159,0.019,0.541,28361000.0,703647000.0,1.0,235005784.0,235005784.0,,7.741,43751256000.0,0.0,278124000.0,0.0,186.171,
6,MI,MRY,2004-12-31,2004-12-31,2004-12-31,2021-08-25,23338000.0,40437402000.0,37991244750.0,,,0.067,17.409,-80428000.0,988138000.0,988138000.0,0.0,605853000.0,,9.396,8556635000.0,,,8556635000.0,0.0,192070000.0,26455087000.0,0.0,0.0,911840000.0,1103910000.0,0.435,1103910000.0,911840000.0,911840000.0,2.72,2.66,2.72,3889814000.0,3578657750.0,3889814000.0,17960480876.0,20.0,16.27,915850000.0,4.099,1.0,2540524000.0,1.0,2126433000.0,0.0,45879466000.0,43571618000.0,0.0,35305570000.0,,,36547588000.0,,,9875712876.0,76512000.0,-1012100000.0,108281000.0,907756000.0,-179855000.0,5045118000.0,-5964884000.0,-4681920000.0,996278000.0,0.0,605853000.0,605853000.0,605853000.0,0.0,0.0,0.238,1628684000.0,911840000.0,0.0,0.0,2.539,16.301,16.25,467225000.0,0.0,44.2,3.887,3.887,0.0,3508477000.0,2540524000.0,2540524000.0,0.0,0.016,0.169,0.021,0.359,25125000.0,1247406000.0,1.0,223432418.0,223432418.0,,11.37,38310969000.0,0.0,305987000.0,0.0,171.466,
7,MI,MRY,2003-12-31,2003-12-31,2003-12-31,2021-08-25,2694000.0,34372643000.0,33859168000.0,,,0.065,14.7,-62125000.0,911626000.0,911626000.0,0.0,544105000.0,,9.326,7667624000.0,,,7667624000.0,0.0,200085000.0,22270105000.0,0.0,0.0,758387000.0,958472000.0,0.434,958472000.0,758387000.0,758387000.0,2.41,2.38,2.41,3328693000.0,3259545000.0,3328693000.0,14728390336.0,19.0,15.367,971443000.0,4.29,1.0,2210094000.0,1.0,1104552000.0,0.0,40024089000.0,39243488000.0,0.0,30504459000.0,,,31043950000.0,,,8661269336.0,-234906000.0,-29395000.0,-151981000.0,-674925000.0,-158007000.0,901648000.0,-2170122000.0,-1852649000.0,1033568000.0,0.0,544105000.0,544105000.0,544105000.0,0.0,0.0,0.246,1451707000.0,758387000.0,0.0,0.0,2.602,15.918,15.871,438485000.0,0.0,38.25,3.919,3.919,0.0,3061246000.0,2210094000.0,2210094000.0,0.0,0.016,0.167,0.019,0.343,0.0,1094810000.0,1.0,226438414.0,226438414.0,,9.76,33268091000.0,0.0,214282000.0,0.0,146.919,
8,MI,MRY,2002-12-31,2002-12-31,2002-12-31,2021-08-25,-44427000.0,32874642000.0,30158957500.0,,,0.067,13.908,-52611000.0,1146532000.0,1146532000.0,0.0,480327000.0,,9.826,8377148000.0,,,8377148000.0,0.0,91050000.0,20393706000.0,0.0,0.0,718592000.0,809642000.0,0.402,809642000.0,718592000.0,718592000.0,2.24,2.16,2.24,3036668000.0,2796997500.0,3036668000.0,13637875478.0,19.0,16.844,885201000.0,4.054,1.0,2014570000.0,1.0,1088804000.0,0.0,39016454000.0,35873420000.0,0.0,28894731000.0,,,29837974000.0,,,5978338478.0,-417233000.0,-153443000.0,-149929000.0,540420000.0,-136955000.0,1623679000.0,-2978724000.0,-2598674000.0,937812000.0,0.0,480327000.0,480327000.0,480327000.0,0.0,0.0,0.238,1295978000.0,718592000.0,0.0,0.0,1.969,12.446,12.223,442395000.0,0.0,27.38,2.968,2.968,0.0,2675148000.0,2014570000.0,2014570000.0,0.0,0.016,0.172,0.02,0.357,0.0,1041271000.0,1.0,218346913.0,218346913.0,,9.226,31785838000.0,0.0,238265000.0,0.0,145.575,
9,MI,MRY,2001-12-31,2001-12-31,2001-12-31,2021-08-25,40600000.0,27252487000.0,26657333250.0,,,0.067,11.81,-44620000.0,1563765000.0,1563765000.0,0.0,337485000.0,,9.932,7417419000.0,,,7417419000.0,0.0,61894000.0,16493047000.0,0.0,0.0,500609000.0,562503000.0,0.314,562503000.0,500609000.0,500609000.0,1.6,1.55,1.6,2492968000.0,2437380000.0,2492968000.0,12335980014.0,25.0,21.931,191063000.0,0.905,1.0,1789914000.0,1.0,586838000.0,0.0,32519303000.0,31488608250.0,0.0,23490686000.0,,,24759519000.0,,,6678911014.0,699072000.0,-64752000.0,-243808000.0,3420849000.0,-122777000.0,-745249000.0,1208638000.0,1877496000.0,235683000.0,0.0,337485000.0,337485000.0,337485000.0,0.0,0.0,0.189,1288869000.0,501045000.0,0.0,0.0,2.679,19.79,19.775,393030000.0,0.0,31.64,3.731,3.731,0.0,2331776000.0,1789914000.0,1789914000.0,0.0,0.013,0.138,0.016,0.28,0.0,985205000.0,1.0,211090740.0,211090740.0,,8.479,26665649000.0,0.0,163124000.0,0.0,126.323,
10,MI,MRY,2000-12-31,2000-12-31,2000-12-31,2021-08-25,38127000.0,26077739000.0,25389602000.0,,,0.062,10.776,-78817000.0,864693000.0,864693000.0,0.0,315123000.0,,10.63,3736007000.0,,,3736007000.0,0.0,69197000.0,19248627000.0,0.0,0.0,468071000.0,537268000.0,0.341,537268000.0,468071000.0,468071000.0,1.5,1.45,1.5,2242189000.0,2162276500.0,2242189000.0,8659224587.0,18.0,16.117,919650000.0,4.42,1.0,1574248000.0,1.0,345284000.0,0.0,28603769000.0,28840912000.0,0.0,23259084000.0,,,23835550000.0,,,5288015587.0,-15163000.0,-265000.0,-151078000.0,-1473311000.0,-111379000.0,728912000.0,-1742542000.0,-1108055000.0,998467000.0,0.0,315123000.0,315123000.0,315123000.0,0.0,0.0,0.2,1103898000.0,470350000.0,0.0,0.0,2.358,16.781,16.943,392995000.0,0.0,25.415,3.359,3.359,0.0,2117759000.0,1574248000.0,1574248000.0,0.0,0.012,0.146,0.016,0.297,0.0,900842000.0,1.0,208066716.0,208066716.0,,7.566,25732455000.0,0.0,152948000.0,0.0,123.674,
11,MI,MRY,1999-12-31,1999-12-31,1999-12-31,2021-08-25,-32749000.0,24369723000.0,23185020250.0,,,0.067,9.938,-66899000.0,879856000.0,879856000.0,0.0,354511000.0,,10.512,5205279000.0,,,5205279000.0,0.0,86156000.0,16435182000.0,0.0,0.0,527939000.0,614095000.0,0.393,614095000.0,527939000.0,527939000.0,1.66,1.57,1.66,2116926000.0,2138870500.0,2116926000.0,11033472573.0,21.0,17.967,557316000.0,2.616,1.0,1562938000.0,1.0,366416000.0,0.0,28328730000.0,26623778750.0,0.0,21684291000.0,,,22252797000.0,,,6689960573.0,-26882000.0,-53591000.0,-298790000.0,2329509000.0,-104490000.0,2449262000.0,-3100359000.0,-2563275000.0,624215000.0,0.0,354511000.0,354511000.0,354511000.0,0.0,0.0,0.227,1034999000.0,527939000.0,0.0,0.0,3.16,18.871,18.919,370534000.0,0.0,31.406,4.28,4.28,0.0,1914128000.0,1562938000.0,1562938000.0,0.0,0.015,0.166,0.02,0.338,0.0,834173000.0,1.0,213013670.0,213013670.0,,7.337,24003307000.0,0.0,173428000.0,0.0,112.684,
12,MI,MRY,1998-12-31,1998-12-31,1998-12-31,2021-08-25,58102000.0,21566293000.0,21101729750.0,,,0.068,10.577,-60811000.0,906738000.0,906738000.0,0.0,301323000.0,,8.612,2871767000.0,,,2871767000.0,0.0,111392000.0,15919919000.0,0.0,0.0,465285000.0,576677000.0,0.4,576677000.0,465285000.0,465285000.0,1.395,1.305,1.395,2243779000.0,2157039000.0,2243779000.0,9281894479.0,20.0,16.095,209099000.0,0.986,1.0,1443480000.0,1.0,335533000.0,0.0,23195789000.0,23320627000.0,0.0,18961785000.0,,,19322514000.0,,,6198229479.0,-11325000.0,-5170000.0,-14547000.0,-80604000.0,-97241000.0,708433000.0,-989668000.0,-220822000.0,269910000.0,0.0,301323000.0,301323000.0,301323000.0,0.0,0.0,0.209,978195000.0,465285000.0,0.0,0.0,2.762,20.57,20.945,360345000.0,0.0,29.219,4.294,4.294,0.0,1664123000.0,1443480000.0,1443480000.0,0.0,0.014,0.14,0.02,0.322,0.0,746038000.0,1.0,212131918.0,212131918.0,,6.805,21230760000.0,0.0,163962000.0,0.0,100.083,
13,MI,MRY,1997-12-31,1997-12-31,1997-12-31,2021-08-25,52098000.0,20502158000.0,17145744250.0,,,0.069,9.948,-68829000.0,918063000.0,918063000.0,0.0,256685000.0,,9.137,2942622000.0,,,2942622000.0,0.0,63935000.0,15020328000.0,0.0,0.0,388172000.0,452107000.0,0.381,452107000.0,388172000.0,388172000.0,1.31,1.215,1.31,2022429000.0,1552527500.0,2022429000.0,,,,205945000.0,1.013,1.0,1185383000.0,1.0,356966000.0,0.0,22169751000.0,18879297250.0,0.0,18359227000.0,,,18479729000.0,,,6314909770.0,-98953000.0,-231853000.0,-40892000.0,-114858000.0,-79272000.0,773123000.0,-1146850000.0,-562724000.0,274774000.0,0.0,256685000.0,256685000.0,256685000.0,0.0,0.0,0.217,797211000.0,388172000.0,0.0,0.0,3.122,24.602,23.712,351423000.0,0.0,31.062,5.327,5.327,0.0,1460646000.0,1185383000.0,1185383000.0,0.0,0.015,0.165,0.021,0.327,0.0,624112000.0,1.0,203296894.0,203296894.0,,5.831,20145192000.0,0.0,131487000.0,0.0,99.092,
14,MI,MRY,1996-12-31,1996-12-31,1996-12-31,2021-08-25,27865000.0,14763313000.0,,,,,,-53383000.0,967924000.0,967924000.0,0.0,206635000.0,,10.706,2170645000.0,,,2170645000.0,0.0,56094000.0,10952358000.0,0.0,0.0,317949000.0,374043000.0,0.363,374043000.0,317949000.0,317949000.0,1.06,0.99,1.06,1261210000.0,,1261210000.0,,,,186807000.0,,1.0,1031481000.0,1.0,0.0,0.0,15966034000.0,,0.0,12296419000.0,,,13502103000.0,,,,88752000.0,13729000.0,-166748000.0,793708000.0,-70966000.0,1233146000.0,-1384584000.0,-1154590000.0,240190000.0,0.0,206635000.0,206635000.0,206635000.0,0.0,0.0,0.2,713532000.0,317949000.0,0.0,0.0,,,16.333,313381000.0,0.0,17.312,,,0.0,1209167000.0,1031481000.0,1031481000.0,0.0,,,,0.308,0.0,557008000.0,1.0,,,,,14763313000.0,0.0,111314000.0,0.0,,
15,MI,MRY,1995-12-31,1995-12-31,1995-12-31,2021-08-25,,,,,,,,-39881000.0,,,0.0,193299000.0,,,,,,,,47167000.0,,0.0,0.0,299879000.0,347046000.0,0.386,347046000.0,299879000.0,299879000.0,1.02,0.95,1.02,,,,,,,187823000.0,,1.0,899501000.0,1.0,,0.0,,,,,,,,,,,-70402000.0,0.0,-52025000.0,-355188000.0,-62985000.0,80069000.0,-378175000.0,-232598000.0,227704000.0,0.0,193299000.0,193299000.0,193299000.0,0.0,0.0,0.215,599622000.0,299879000.0,,0.0,,,12.745,,0.0,13.0,,,,,899501000.0,899501000.0,0.0,,,,0.333,0.0,492002000.0,1.0,,,,,,,106580000.0,,,
0,MI,MRQ,2011-03-31,2011-03-31,2011-03-31,2021-08-25,-77860000.0,49640946000.0,,,,,11.831,-3905000.0,578350000.0,578350000.0,0.0,-116263000.0,,6.975,5166453000.0,,,5166453000.0,0.0,0.0,37403455000.0,0.0,0.0,-211622000.0,-211622000.0,-1.85,-211622000.0,-211622000.0,-211622000.0,-0.27,-0.27,-0.27,6223392000.0,,6223392000.0,8891312966.0,-10.0,-10.771,253916000.0,0.483,1.0,114387000.0,1.0,719941000.0,0.0,53509108000.0,,0.0,44019896000.0,,,43406472000.0,,,4235653966.0,-22616000.0,0.0,261000.0,-84648000.0,-5288000.0,-966713000.0,686276000.0,597223000.0,257821000.0,0.0,-116594000.0,-142009000.0,-142009000.0,0.0,331000.0,-1.241,324883000.0,-210496000.0,0.0,0.0,0.681,-6.849,-6.771,519825000.0,25415000.0,7.99,6.889,6.836,0.0,880754000.0,114387000.0,114387000.0,0.0,,,,,0.0,219524000.0,1.0,530119395.0,526020000.0,526020000.0,0.217,48921005000.0,0.0,-95028000.0,0.0,93.002,
1,MI,MRQ,2010-12-31,2010-12-31,2010-12-31,2021-08-25,-106813000.0,50831951000.0,,,,,11.985,-6084000.0,600966000.0,600966000.0,0.0,-107750000.0,,7.031,5256625000.0,,,5256625000.0,0.0,88130000.0,38258632000.0,0.0,0.0,-203226000.0,-115096000.0,-0.602,-115096000.0,-203226000.0,-203226000.0,-0.26,-0.26,-0.26,6327935000.0,,6327935000.0,8868533942.0,-10.0,-10.911,249785000.0,0.473,1.0,191239000.0,1.0,724330000.0,0.0,54763280000.0,,0.0,45200480000.0,,,44493078000.0,,,3653624942.0,-110252000.0,0.0,1407000.0,-628782000.0,-5264000.0,-608136000.0,242015000.0,106029000.0,255869000.0,0.0,-108081000.0,-133436000.0,-133436000.0,0.0,331000.0,-0.698,375885000.0,-184646000.0,0.0,0.0,0.577,-5.922,-5.864,527962000.0,25355000.0,6.92,5.426,5.426,0.0,1028051000.0,191239000.0,191239000.0,0.0,,,,,34858000.0,258626000.0,1.0,527980483.0,527980483.0,,0.362,50107621000.0,0.0,-95145000.0,0.0,94.904,
2,MI,MRQ,2010-09-30,2010-09-30,2010-09-30,2021-08-25,17862000.0,51886825000.0,,,,,12.542,-4855000.0,711218000.0,711218000.0,0.0,-143523000.0,,6.882,5926127000.0,,,5926127000.0,0.0,0.0,38201343000.0,0.0,0.0,-246712000.0,-246712000.0,-1.424,-246712000.0,-246712000.0,-246712000.0,-0.32,-0.32,-0.32,6581194000.0,,6581194000.0,9542012090.0,-9.0,-9.082,197739000.0,0.377,1.0,173239000.0,1.0,729327000.0,0.0,56372407000.0,,0.0,46068119000.0,,,45294833000.0,,,3714442090.0,-22320000.0,0.0,1474000.0,-624695000.0,-5260000.0,-2039953000.0,1815039000.0,1665372000.0,202594000.0,0.0,-143871000.0,-169166000.0,-169166000.0,0.0,348000.0,-0.976,390774000.0,-217535000.0,0.0,0.0,0.564,-4.999,-4.923,545709000.0,25295000.0,7.04,7.818,7.775,0.0,1166751000.0,173239000.0,173239000.0,0.0,,,,,0.0,259545000.0,1.0,527619615.0,524747000.0,524747000.0,0.33,51157498000.0,0.0,-102841000.0,0.0,97.49,
3,MI,MRQ,2010-06-30,2010-06-30,2010-06-30,2021-08-25,22163000.0,53903893000.0,,,,,12.868,-7353000.0,733538000.0,733538000.0,0.0,-148193000.0,,6.988,6561108000.0,,,6561108000.0,0.0,0.0,39562053000.0,0.0,0.0,-252029000.0,-252029000.0,-1.854,-252029000.0,-252029000.0,-252029000.0,-0.33,-0.33,-0.33,6746883000.0,,6746883000.0,9873834842.0,-8.0,-8.4,269232000.0,0.513,1.0,135960000.0,1.0,734318000.0,0.0,58997145000.0,,0.0,48194825000.0,,,47146373000.0,,,3785618842.0,62360000.0,-1968000.0,1511000.0,-209005000.0,-5238000.0,-2644370000.0,2430145000.0,2353424000.0,276585000.0,0.0,-148561000.0,-173799000.0,-173799000.0,0.0,368000.0,-1.278,387621000.0,-251661000.0,0.0,0.0,0.561,-4.604,-4.011,552985000.0,25238000.0,7.18,11.272,11.21,0.0,1341177000.0,135960000.0,135960000.0,0.0,,,,,0.0,253564000.0,1.0,527244964.0,524325000.0,524325000.0,0.259,53169575000.0,0.0,-103468000.0,0.0,101.406,
4,MI,MRQ,2010-03-31,2010-03-31,2010-03-31,2021-08-25,-33730000.0,56569369000.0,,,,,13.088,-5474000.0,671178000.0,671178000.0,0.0,-114969000.0,,7.246,6759394000.0,,,6759394000.0,0.0,0.0,41982250000.0,0.0,0.0,-198963000.0,-198963000.0,-1.191,-198963000.0,-198963000.0,-198963000.0,-0.27,-0.27,-0.27,6859060000.0,,6859060000.0,10953258449.0,-8.0,-8.435,374139000.0,0.714,1.0,167013000.0,1.0,738581000.0,0.0,61919004000.0,,0.0,50951918000.0,,,49698973000.0,,,4239739449.0,-161305000.0,48272000.0,1542000.0,-819584000.0,-5269000.0,-430814000.0,-110104000.0,-259543000.0,379613000.0,0.0,-115358000.0,-140538000.0,-140538000.0,0.0,389000.0,-0.841,359795000.0,-192782000.0,0.0,0.0,0.618,-4.805,-3.515,557650000.0,25180000.0,8.05,17.855,17.768,0.0,1520214000.0,167013000.0,167013000.0,0.0,,,,,0.0,224644000.0,1.0,526675708.0,524086000.0,524086000.0,0.319,55830788000.0,0.0,-83605000.0,0.0,106.53,
5,MI,MRQ,2009-12-31,2009-12-31,2009-12-31,2021-08-25,-51321000.0,57209978000.0,,,,,13.292,-8421000.0,832483000.0,832483000.0,0.0,-233952000.0,,7.201,7546002000.0,,,7546002000.0,0.0,51359000.0,41637525000.0,0.0,0.0,-404275000.0,-352916000.0,322.004,-352916000.0,-404275000.0,-404275000.0,-0.51,-0.51,-0.51,6974456000.0,,6974456000.0,11163020426.0,-8.0,-8.303,-21311000.0,-0.041,1.0,-1096000.0,1.0,743584000.0,0.0,63179913000.0,,0.0,51298754000.0,,,50224387000.0,,,2859586426.0,83331000.0,0.0,866366000.0,-1421221000.0,-5234000.0,-694467000.0,790688000.0,703799000.0,-12890000.0,0.0,-234337000.0,-259461000.0,-259461000.0,0.0,385000.0,236.734,395727000.0,-396823000.0,0.0,0.0,0.41,-3.33,-2.215,565806000.0,25124000.0,5.45,16.726,16.726,0.0,1666021000.0,-1096000.0,-1096000.0,0.0,,,,,28257000.0,240844000.0,1.0,524694757.0,524694757.0,,-0.002,56466394000.0,0.0,-169938000.0,0.0,107.618,
6,MI,MRQ,2009-09-30,2009-09-30,2009-09-30,2021-08-25,-22278000.0,58545323000.0,,,,,17.422,-10575000.0,749152000.0,749152000.0,0.0,-222957000.0,,8.158,9052586000.0,,,9052586000.0,0.0,0.0,41720389000.0,0.0,0.0,-371529000.0,-371529000.0,-10.938,-371529000.0,-371529000.0,-371529000.0,-0.68,-0.68,-0.68,6391374000.0,,6391374000.0,12881207644.0,-4.0,-4.099,336329000.0,0.917,1.0,33966000.0,1.0,751666000.0,0.0,66097091000.0,,0.0,52924093000.0,,,52143007000.0,,,2970684644.0,-112735000.0,0.0,1764000.0,-1649429000.0,-3665000.0,-1109648000.0,650009000.0,572078000.0,346904000.0,0.0,-223359000.0,-248427000.0,-248427000.0,0.0,402000.0,-7.314,402957000.0,-368991000.0,0.0,0.0,0.465,-1.193,-0.874,569875000.0,25068000.0,8.07,-51.253,-51.077,0.0,1930715000.0,33966000.0,33966000.0,0.0,,,,,0.0,244389000.0,1.0,368114578.0,366846000.0,366846000.0,0.093,57793657000.0,0.0,-148170000.0,0.0,157.542,
7,MI,MRQ,2009-06-30,2009-06-30,2009-06-30,2021-08-25,-69390000.0,59693703000.0,,,,,23.443,-14640000.0,861887000.0,861887000.0,0.0,-208483000.0,,8.065,10772410000.0,,,10772410000.0,0.0,0.0,41192345000.0,0.0,0.0,-375098000.0,-375098000.0,-9.985,-375098000.0,-375098000.0,-375098000.0,-0.83,-0.83,-0.83,6583771000.0,,6583771000.0,15070547517.0,-6.0,-5.662,530955000.0,1.891,1.0,37565000.0,1.0,757308000.0,0.0,68846918000.0,,0.0,54052468000.0,,,53099206000.0,,,1275466517.0,-217979000.0,-25000.0,558118000.0,-4072016000.0,-2658000.0,-1908007000.0,1144433000.0,1090095000.0,545595000.0,0.0,-208955000.0,-233968000.0,-233968000.0,0.0,472000.0,-6.228,412191000.0,-374626000.0,0.0,0.0,0.194,-0.591,-0.583,572720000.0,25013000.0,4.8,3.378,3.57,0.0,2182808000.0,37565000.0,37565000.0,0.0,,,,,0.0,250602000.0,1.0,265722191.0,280836000.0,280836000.0,0.134,58936395000.0,0.0,-166143000.0,0.0,209.861,
8,MI,MRQ,2009-03-31,2009-03-31,2009-03-31,2021-08-25,-75606000.0,61790032000.0,,,,,23.589,-16890000.0,1079866000.0,1079866000.0,0.0,-91647000.0,,8.9,14874947000.0,,,14874947000.0,0.0,0.0,39564364000.0,0.0,0.0,-244948000.0,-244948000.0,-2.437,-244948000.0,-244948000.0,-244948000.0,-0.44,-0.44,-0.44,6240213000.0,,6240213000.0,14093123172.0,-5.0,-4.829,-80622000.0,-0.305,1.0,100528000.0,1.0,758108000.0,0.0,74827005000.0,,0.0,56423240000.0,,,55539374000.0,,,1493780172.0,7459000.0,-454000.0,2105000.0,1218472000.0,-2630000.0,-264146000.0,335337000.0,302997000.0,-63732000.0,0.0,-91966000.0,-116925000.0,-116925000.0,0.0,319000.0,-1.163,345157000.0,-244629000.0,0.0,0.0,0.239,-0.644,-0.631,570303000.0,24959000.0,5.63,16.844,16.795,0.0,2419433000.0,100528000.0,100528000.0,0.0,,,,,0.0,217256000.0,1.0,265325075.0,264544000.0,264544000.0,0.38,61031924000.0,0.0,-152982000.0,0.0,230.706,
9,MI,MRQ,2008-12-31,2008-12-31,2008-12-31,2021-08-25,-157952000.0,62336418000.0,,,,,24.05,-30551000.0,1072407000.0,1072407000.0,0.0,-1878789000.0,,8.956,13671750000.0,,,13671750000.0,0.0,9248000.0,41023141000.0,0.0,0.0,-2160271000.0,-2151023000.0,9.351,-2151023000.0,-2160271000.0,-2160271000.0,-7.28,-7.28,-7.28,6260181000.0,,6260181000.0,18421661221.0,-7.0,-7.387,204999000.0,0.788,1.0,-230020000.0,1.0,763449000.0,0.0,74172312000.0,,0.0,56978983000.0,,,56065860000.0,,,3550469221.0,-38286000.0,-136000.0,2226000.0,-2374673000.0,-82830000.0,226084000.0,-499920000.0,-488098000.0,235550000.0,0.0,-1879018000.0,-1891755000.0,-1891755000.0,0.0,229000.0,8.224,1928243000.0,-2158263000.0,0.0,0.0,0.567,-1.727,-1.722,564789000.0,12737000.0,13.64,7.344,7.344,0.0,2538989000.0,-230020000.0,-230020000.0,0.0,,,,,30812000.0,244202000.0,1.0,260298330.0,260298330.0,,-0.884,61572969000.0,0.0,-281253000.0,0.0,236.548,
10,MI,MRQ,2008-09-30,2008-09-30,2008-09-30,2021-08-25,-107803000.0,63500897000.0,,,,,25.077,-29480000.0,1110693000.0,1110693000.0,0.0,83341000.0,,8.78,15981885000.0,,,15981885000.0,0.0,0.0,40039602000.0,0.0,0.0,109516000.0,109516000.0,0.233,109516000.0,109516000.0,109516000.0,0.32,0.32,0.32,6491942000.0,,6491942000.0,18925277370.0,162.0,75.674,144224000.0,0.557,1.0,469519000.0,1.0,2236599000.0,0.0,76135490000.0,,0.0,56940490000.0,,,56999039000.0,,,5227682370.0,-792607000.0,-25000.0,11051000.0,371875000.0,-82584000.0,-831438000.0,-134873000.0,-130895000.0,173704000.0,0.0,83138000.0,83138000.0,83138000.0,0.0,203000.0,0.177,359800000.0,109719000.0,0.0,0.0,0.805,15.865,16.25,541799000.0,0.0,20.15,4.749,4.738,0.0,4513574000.0,469519000.0,469519000.0,0.0,,,,,0.0,241455000.0,1.0,259438331.0,258877000.0,259224000.0,1.814,61264298000.0,0.0,26378000.0,0.0,236.654,
11,MI,MRQ,2008-06-30,2008-06-30,2008-06-30,2021-08-25,-68594000.0,64260422000.0,,,,,25.191,-22412000.0,1903300000.0,1903300000.0,0.0,-393576000.0,,8.863,15600895000.0,,,15600895000.0,0.0,0.0,41173493000.0,0.0,0.0,-631741000.0,-631741000.0,2.513,-631741000.0,-631741000.0,-631741000.0,-1.52,-1.52,-1.52,6514230000.0,,6514230000.0,19033640493.0,62.0,43.43,281423000.0,1.088,1.0,-251346000.0,1.0,2241813000.0,0.0,75716204000.0,,0.0,57040783000.0,,,57736279000.0,,,3973397493.0,246136000.0,2485000.0,7162000.0,-1071562000.0,-82538000.0,1300648000.0,-1358347000.0,-1365684000.0,303835000.0,0.0,-393791000.0,-393791000.0,-393791000.0,0.0,215000.0,1.567,380180000.0,-631526000.0,0.0,0.0,0.61,8.521,8.71,524284000.0,0.0,15.33,3.378,3.37,0.0,4513019000.0,-251346000.0,-251346000.0,0.0,,,,,0.0,247545000.0,1.0,259190965.0,258592000.0,258592000.0,-0.972,62018609000.0,0.0,-237950000.0,0.0,239.832,
12,MI,MRQ,2008-03-31,2008-03-31,2008-03-31,2021-08-25,-67558000.0,63398348000.0,,,,,26.826,-19214000.0,1657164000.0,1657164000.0,0.0,146431000.0,,8.089,16717407000.0,,,16717407000.0,0.0,0.0,38726819000.0,0.0,0.0,179509000.0,179509000.0,0.362,179509000.0,179509000.0,179509000.0,0.56,0.56,0.56,6974156000.0,,6974156000.0,20934647748.0,17.0,15.199,65087000.0,0.25,1.0,495296000.0,1.0,2246468000.0,0.0,76212123000.0,,0.0,56814677000.0,,,56414281000.0,,,6073371748.0,-165348000.0,-476625000.0,-123477000.0,-151077000.0,-79868000.0,1585536000.0,-1835185000.0,-1353759000.0,84301000.0,0.0,146209000.0,146209000.0,146209000.0,0.0,222000.0,0.295,315565000.0,179731000.0,0.0,0.0,0.871,5.621,5.617,513305000.0,0.0,23.2,3.055,3.034,0.0,4989349000.0,495296000.0,495296000.0,0.0,,,,,0.0,231113000.0,1.0,261783265.0,259973000.0,262269000.0,1.905,61151880000.0,0.0,33300000.0,0.0,235.224,
13,MI,MRQ,2007-12-31,2007-12-31,2007-12-31,2021-08-25,-53707000.0,59848596000.0,,,,,26.282,-16900000.0,1822512000.0,1822512000.0,0.0,493946000.0,,7.51,16683788000.0,,,16683788000.0,0.0,133099000.0,35191354000.0,0.0,0.0,459708000.0,592807000.0,1.53,592807000.0,459708000.0,459708000.0,1.88,1.85,1.88,7032729000.0,,7032729000.0,23646806898.0,17.0,15.789,298981000.0,1.117,1.0,387411000.0,1.0,1807961000.0,0.0,72901911000.0,,0.0,53750733000.0,,,52815867000.0,,,7085670898.0,405735000.0,1666464000.0,291444000.0,-1400651000.0,-81809000.0,-689240000.0,-1458675000.0,-1444698000.0,315881000.0,0.0,493946000.0,493946000.0,493946000.0,-518391000.0,0.0,1.275,369015000.0,18396000.0,0.0,0.0,1.008,6.156,5.991,469879000.0,0.0,26.48,3.498,3.498,0.0,4923008000.0,387411000.0,387411000.0,0.0,,,,,42672000.0,229302000.0,1.0,267585759.0,267585759.0,,1.448,58040635000.0,0.0,-34238000.0,0.0,216.905,
14,MI,MRQ,2007-09-30,2007-09-30,2007-09-30,2021-08-25,-46877000.0,60768326000.0,,,,,26.854,-25731000.0,1370087000.0,1370087000.0,0.0,219939000.0,,7.654,17977759000.0,,,17977759000.0,0.0,0.0,34407762000.0,0.0,0.0,297690000.0,297690000.0,0.546,297690000.0,297690000.0,297690000.0,0.84,0.83,0.84,7021963000.0,,7021963000.0,24869695596.0,22.0,19.257,147742000.0,0.565,1.0,544952000.0,1.0,1824057000.0,0.0,75551941000.0,,0.0,53105976000.0,,,53746363000.0,,,11262710596.0,-352640000.0,-88397000.0,17129000.0,2485251000.0,-82356000.0,1117586000.0,594070000.0,-841473000.0,173473000.0,0.0,219939000.0,219939000.0,219939000.0,-46213000.0,0.0,0.404,293475000.0,251477000.0,0.0,0.0,1.604,13.061,13.066,469599000.0,0.0,43.77,9.536,9.691,0.0,4809143000.0,544952000.0,544952000.0,0.0,,,,,0.0,214036000.0,1.0,257315755.0,261491000.0,266283000.0,2.084,58944269000.0,0.0,77751000.0,0.0,225.416,
15,MI,MRQ,2007-06-30,2007-06-30,2007-06-30,2021-08-25,-63787000.0,58297729000.0,,,,,24.88,-19986000.0,1718928000.0,1718928000.0,0.0,220289000.0,,8.055,15376139000.0,,,15376139000.0,0.0,0.0,35539093000.0,0.0,0.0,307353000.0,307353000.0,0.549,307353000.0,307353000.0,307353000.0,0.85,0.83,0.85,6438264000.0,,6438264000.0,27067494931.0,23.0,20.032,284391000.0,1.099,1.0,560275000.0,1.0,1745313000.0,0.0,70209627000.0,,0.0,51392235000.0,,,51859465000.0,,,12341254931.0,520525000.0,107972000.0,-250282000.0,-598122000.0,-80155000.0,728573000.0,-512425000.0,-530201000.0,304377000.0,0.0,220289000.0,220289000.0,220289000.0,-41412000.0,0.0,0.393,294334000.0,265941000.0,0.0,0.0,1.917,14.004,13.806,456324000.0,0.0,47.63,8.013,8.003,0.0,4671559000.0,560275000.0,560275000.0,0.0,,,,,0.0,217173000.0,1.0,259106759.0,258772000.0,264840000.0,2.165,56552416000.0,0.0,87064000.0,0.0,218.541,
16,MI,MRQ,2007-03-31,2007-03-31,2007-03-31,2021-08-25,-14778000.0,56531368000.0,,,,,24.869,-25029000.0,1201007000.0,1201007000.0,0.0,216762000.0,,7.897,15974779000.0,,,15974779000.0,0.0,0.0,33132432000.0,0.0,0.0,299826000.0,299826000.0,0.563,299826000.0,299826000.0,299826000.0,0.85,0.83,0.85,6353926000.0,,6353926000.0,24808417792.0,21.0,18.705,183929000.0,0.72,1.0,532885000.0,1.0,1566011000.0,0.0,69739129000.0,,0.0,50397763000.0,,,50177442000.0,,,11842390792.0,-236366000.0,-46617000.0,22802000.0,1507665000.0,-68978000.0,1760000.0,-447084000.0,-305860000.0,208958000.0,0.0,216762000.0,216762000.0,216762000.0,-47981000.0,0.0,0.407,271562000.0,261323000.0,0.0,0.0,1.864,13.907,13.824,443316000.0,0.0,46.31,6.555,6.549,0.0,4531426000.0,532885000.0,532885000.0,0.0,,,,,0.0,196338000.0,1.0,255719948.0,255493000.0,261330000.0,2.086,54965357000.0,0.0,83064000.0,0.0,215.134,
17,MI,MRQ,2006-12-31,2006-12-31,2006-12-31,2021-08-25,-17546000.0,56230257000.0,,,,,24.113,-25877000.0,1439080000.0,1439080000.0,0.0,205357000.0,,8.141,14450890000.0,,,14450890000.0,0.0,171093000.0,34626772000.0,0.0,0.0,215520000.0,386613000.0,-0.846,386613000.0,215520000.0,215520000.0,0.81,0.79,0.81,6151371000.0,,6151371000.0,25281526203.0,23.0,19.653,73864000.0,0.29,1.0,-457069000.0,1.0,1572933000.0,0.0,67669134000.0,,0.0,49953490000.0,,,50078886000.0,,,12273254203.0,-1817000.0,-8298000.0,15032000.0,-40265000.0,-68589000.0,538941000.0,-4515144000.0,-558015000.0,99741000.0,0.0,205357000.0,205357000.0,205357000.0,-160124000.0,0.0,-0.449,-512465000.0,55396000.0,0.0,0.0,1.995,15.193,14.849,436416000.0,0.0,48.11,6.02,6.02,0.0,4383642000.0,-457069000.0,-457069000.0,0.0,,,,,28345000.0,-417637000.0,1.0,255108173.0,255108173.0,,-1.792,54657324000.0,0.0,10163000.0,0.0,214.252,
18,MI,MRQ,2006-09-30,2006-09-30,2006-09-30,2021-08-25,-43102000.0,55482757000.0,,,,,23.468,-22057000.0,1487075000.0,1487075000.0,0.0,238867000.0,,8.315,14495347000.0,,,14495347000.0,0.0,0.0,33459744000.0,0.0,0.0,357426000.0,357426000.0,0.395,357426000.0,357426000.0,357426000.0,0.94,0.92,0.94,5956058000.0,,5956058000.0,24962640513.0,23.0,19.335,286126000.0,1.127,1.0,904044000.0,1.0,3221054000.0,0.0,65269975000.0,,0.0,48258622000.0,,,49526699000.0,,,12251964513.0,-56194000.0,-62730000.0,19601000.0,200494000.0,-68422000.0,630198000.0,2880070000.0,-813854000.0,308183000.0,0.0,238867000.0,238867000.0,238867000.0,0.0,0.0,0.264,546618000.0,357426000.0,0.0,0.0,2.057,15.709,15.103,567622000.0,0.0,48.18,5.709,5.698,0.0,4246875000.0,904044000.0,904044000.0,0.0,,,,,0.0,420628000.0,1.0,254295652.0,253799000.0,259667000.0,3.562,52261703000.0,0.0,118559000.0,0.0,205.918,
19,MI,MRQ,2006-06-30,2006-06-30,2006-06-30,2021-08-25,-71647000.0,54454104000.0,,,,,22.653,-29119000.0,1543269000.0,1543269000.0,0.0,190542000.0,,8.51,14253945000.0,,,14253945000.0,0.0,0.0,32963426000.0,0.0,0.0,282450000.0,282450000.0,0.342,282450000.0,282450000.0,282450000.0,0.75,0.74,0.75,5725952000.0,,5725952000.0,23156948606.0,23.0,19.217,182083000.0,0.72,1.0,826706000.0,1.0,3154828000.0,0.0,64009952000.0,,0.0,47271471000.0,,,48728152000.0,,,11578755606.0,382701000.0,-65449000.0,30305000.0,640833000.0,-68150000.0,1759192000.0,-1587693000.0,-1431343000.0,211202000.0,0.0,190542000.0,190542000.0,190542000.0,0.0,0.0,0.23,544256000.0,282450000.0,0.0,0.0,2.022,16.065,15.146,569240000.0,0.0,45.74,5.836,5.827,0.0,4076429000.0,826706000.0,826706000.0,0.0,,,,,0.0,413049000.0,1.0,253142886.0,252764000.0,258298000.0,3.271,51299276000.0,0.0,91908000.0,0.0,202.953,
20,MI,MRQ,2006-03-31,2006-03-31,2006-03-31,2021-08-25,-19525000.0,47364619000.0,,,,,20.665,-27858000.0,1160568000.0,1160568000.0,0.0,173072000.0,,8.74,12738761000.0,,,12738761000.0,0.0,0.0,28098984000.0,0.0,0.0,259877000.0,259877000.0,0.34,259877000.0,259877000.0,259877000.0,0.74,0.72,0.74,4862830000.0,,4862830000.0,21157993334.0,21.0,17.686,197912000.0,0.841,1.0,765010000.0,1.0,2483873000.0,0.0,56458939000.0,,0.0,41549924000.0,,,42501789000.0,,,10276940334.0,-253783000.0,-1462000.0,-22687000.0,456596000.0,-56374000.0,812824000.0,-1292377000.0,-1221444000.0,225770000.0,0.0,173072000.0,173072000.0,173072000.0,0.0,0.0,0.226,505133000.0,259877000.0,0.0,0.0,2.113,14.395,14.195,500261000.0,0.0,43.58,5.435,5.423,0.0,3954037000.0,765010000.0,765010000.0,0.0,,,,,0.0,376696000.0,1.0,235817814.0,235317000.0,240343000.0,3.251,44880746000.0,0.0,86805000.0,0.0,190.725,
21,MI,MRQ,2005-12-31,2005-12-31,2005-12-31,2021-08-25,-37291000.0,46212717000.0,,,,,20.15,-42459000.0,1414351000.0,1414351000.0,0.0,177455000.0,,8.759,12295404000.0,,,12295404000.0,0.0,202353000.0,27674221000.0,0.0,0.0,188930000.0,391283000.0,-1.119,391283000.0,188930000.0,188930000.0,0.76,0.74,0.76,4735471000.0,,4735471000.0,20614538943.0,21.0,17.372,137533000.0,0.585,1.0,-349570000.0,1.0,2461461000.0,0.0,54632309000.0,,0.0,40193839000.0,,,41477246000.0,,,10114648943.0,42240000.0,-89154000.0,14174000.0,430804000.0,-56190000.0,1126467000.0,-1264219000.0,-1056831000.0,179992000.0,0.0,177455000.0,177455000.0,177455000.0,-119531000.0,0.0,-0.508,-418969000.0,69399000.0,0.0,0.0,2.136,14.323,14.065,490687000.0,0.0,43.04,5.56,5.56,0.0,3871614000.0,-349570000.0,-349570000.0,0.0,,,,,28361000.0,-356462000.0,1.0,235005784.0,235005784.0,,-1.487,43751256000.0,0.0,11475000.0,0.0,186.171,
22,MI,MRQ,2005-09-30,2005-09-30,2005-09-30,2021-08-25,6013000.0,44995293000.0,,,,,19.828,-33143000.0,1372111000.0,1372111000.0,0.0,179674000.0,,8.756,11872001000.0,,,11872001000.0,0.0,0.0,26991361000.0,0.0,0.0,271435000.0,271435000.0,0.366,271435000.0,271435000.0,271435000.0,0.77,0.75,0.77,4611908000.0,,4611908000.0,20517536846.0,20.0,16.895,73093000.0,0.314,1.0,741985000.0,1.0,2387539000.0,0.0,53107644000.0,,0.0,39115911000.0,,,40383385000.0,,,10129274846.0,127489000.0,-19001000.0,10365000.0,253654000.0,-56031000.0,1138914000.0,-1117661000.0,-1012896000.0,106236000.0,0.0,179674000.0,179674000.0,179674000.0,0.0,0.0,0.242,470550000.0,271435000.0,0.0,0.0,2.196,14.867,14.601,469062000.0,0.0,43.51,3.518,3.515,0.0,3750349000.0,741985000.0,741985000.0,0.0,,,,,0.0,369458000.0,1.0,232803375.0,232590000.0,238162000.0,3.19,42607754000.0,0.0,91761000.0,0.0,183.188,
23,MI,MRQ,2005-06-30,2005-06-30,2005-06-30,2021-08-25,15508000.0,43483720000.0,,,,,18.716,-22834000.0,1244622000.0,1244622000.0,0.0,183745000.0,,9.162,11632884000.0,,,11632884000.0,0.0,0.0,26061440000.0,0.0,0.0,273751000.0,273751000.0,0.373,273751000.0,273751000.0,273751000.0,0.8,0.79,0.8,4278935000.0,,4278935000.0,19512084674.0,20.0,16.577,148273000.0,0.649,1.0,733604000.0,1.0,2159624000.0,0.0,51712358000.0,,0.0,38063349000.0,,,39204785000.0,,,10177151674.0,231104000.0,-3602000.0,25238000.0,1271349000.0,-54769000.0,1603326000.0,-1543329000.0,-1417465000.0,171107000.0,0.0,183745000.0,183745000.0,183745000.0,0.0,0.0,0.25,459853000.0,273751000.0,0.0,0.0,2.378,15.488,15.275,448730000.0,0.0,44.45,3.661,3.656,0.0,3626707000.0,733604000.0,733604000.0,0.0,,,,,0.0,355184000.0,1.0,228957293.0,228630000.0,233904000.0,3.209,41324096000.0,0.0,90006000.0,0.0,180.747,
24,MI,MRQ,2005-03-31,2005-03-31,2005-03-31,2021-08-25,-16353000.0,41640521000.0,,,,,17.954,4812000.0,1013518000.0,1013518000.0,0.0,165316000.0,,9.192,10348451000.0,,,10348451000.0,0.0,0.0,25701708000.0,0.0,0.0,250198000.0,250198000.0,0.361,250198000.0,250198000.0,250198000.0,0.73,0.71,0.73,4085610000.0,,4085610000.0,17066426986.0,18.0,15.058,183656000.0,0.807,1.0,693189000.0,1.0,2152116000.0,0.0,48823338000.0,,0.0,36424243000.0,,,37554911000.0,,,9497929986.0,25380000.0,-12308000.0,11134000.0,1816923000.0,-47798000.0,1044463000.0,-1197927000.0,-1150540000.0,178844000.0,0.0,165316000.0,165316000.0,165316000.0,0.0,0.0,0.238,442991000.0,250198000.0,0.0,0.0,2.325,15.195,14.964,444702000.0,0.0,41.75,3.583,3.584,0.0,3497731000.0,693189000.0,693189000.0,0.0,,,,,0.0,335467000.0,1.0,227495329.0,227557000.0,232788000.0,3.046,39488405000.0,0.0,84882000.0,0.0,173.532,
25,MI,MRQ,2004-12-31,2004-12-31,2004-12-31,2021-08-25,23338000.0,40437402000.0,,,,,17.409,-25607000.0,988138000.0,988138000.0,0.0,152586000.0,,9.396,8556635000.0,,,8556635000.0,0.0,192070000.0,26455087000.0,0.0,0.0,226944000.0,419014000.0,0.59,419014000.0,226944000.0,226944000.0,0.68,0.65,0.68,3889814000.0,,3889814000.0,17960480876.0,20.0,16.27,291088000.0,1.303,1.0,710526000.0,1.0,2126433000.0,0.0,45879466000.0,,0.0,35305570000.0,,,36547588000.0,,,9875712876.0,-35583000.0,-102411000.0,206663000.0,-540524000.0,-46779000.0,1166305000.0,-1518583000.0,-1331528000.0,316695000.0,0.0,152586000.0,152586000.0,152586000.0,0.0,0.0,0.215,483582000.0,226944000.0,0.0,0.0,2.539,16.301,16.25,467225000.0,0.0,44.2,3.887,3.887,0.0,3508477000.0,710526000.0,710526000.0,0.0,,,,,25125000.0,359095000.0,1.0,223432418.0,223432418.0,,3.18,38310969000.0,0.0,74358000.0,0.0,171.466,
26,MI,MRQ,2004-09-30,2004-09-30,2004-09-30,2021-08-25,20842000.0,38979524000.0,,,,,16.119,-26302000.0,1023721000.0,1023721000.0,0.0,155449000.0,,9.863,9108489000.0,,,9108489000.0,0.0,0.0,24885781000.0,0.0,0.0,234098000.0,234098000.0,0.365,234098000.0,234098000.0,234098000.0,0.7,0.69,0.7,3588296000.0,,3588296000.0,15107246635.0,17.0,13.981,234533000.0,1.054,1.0,642194000.0,1.0,2041541000.0,0.0,45022751000.0,,0.0,33927136000.0,,,35391228000.0,,,8980354635.0,-112177000.0,-744016000.0,-1000.0,1830235000.0,-46659000.0,1435395000.0,-1808407000.0,-999897000.0,260835000.0,0.0,155449000.0,155449000.0,155449000.0,0.0,0.0,0.242,408096000.0,234098000.0,0.0,0.0,2.503,15.108,15.094,461208000.0,0.0,40.3,3.748,3.744,0.0,3381436000.0,642194000.0,642194000.0,0.0,,,,,0.0,315274000.0,1.0,222837584.0,222612000.0,226235000.0,2.885,36937983000.0,0.0,78649000.0,0.0,165.93,
27,MI,MRQ,2004-06-30,2004-06-30,2004-06-30,2021-08-25,-51912000.0,37071618000.0,,,,,15.473,-15906000.0,1135898000.0,1135898000.0,0.0,151709000.0,,9.795,7262790000.0,,,7262790000.0,0.0,0.0,25225286000.0,0.0,0.0,230088000.0,230088000.0,0.38,230088000.0,230088000.0,230088000.0,0.68,0.67,0.68,3434163000.0,,3434163000.0,15766014606.0,19.0,15.575,247119000.0,1.113,1.0,604766000.0,1.0,1269059000.0,0.0,41929451000.0,,0.0,32804000000.0,,,33637455000.0,,,8683450606.0,378740000.0,-158870000.0,0.0,-542288000.0,-46529000.0,1526869000.0,-1411154000.0,-1191567000.0,263025000.0,0.0,151709000.0,151709000.0,151709000.0,0.0,0.0,0.251,374678000.0,230088000.0,0.0,0.0,2.529,14.991,15.093,433562000.0,0.0,39.09,3.727,3.724,0.0,3272646000.0,604766000.0,604766000.0,0.0,,,,,0.0,290544000.0,1.0,222139949.0,221950000.0,225502000.0,2.725,35802559000.0,0.0,78379000.0,0.0,161.309,
28,MI,MRQ,2004-03-31,2004-03-31,2004-03-31,2021-08-25,38230000.0,35476435000.0,,,,,15.305,-12613000.0,757158000.0,757158000.0,0.0,146109000.0,,9.427,7839722000.0,,,7839722000.0,0.0,0.0,23151011000.0,0.0,0.0,220710000.0,220710000.0,0.379,220710000.0,220710000.0,220710000.0,0.66,0.65,0.66,3402358000.0,,3402358000.0,15186895696.0,19.0,15.41,143110000.0,0.644,1.0,583038000.0,1.0,1104195000.0,0.0,41454804000.0,,0.0,31827772000.0,,,32074077000.0,,,8430897696.0,-154468000.0,-6803000.0,-98381000.0,160333000.0,-39888000.0,916549000.0,-1226740000.0,-1158928000.0,155723000.0,0.0,146109000.0,146109000.0,146109000.0,0.0,0.0,0.251,362328000.0,220710000.0,0.0,0.0,2.478,14.997,15.124,434376000.0,0.0,37.81,3.724,3.713,0.0,3167467000.0,583038000.0,583038000.0,0.0,,,,,0.0,282493000.0,1.0,222980632.0,222301000.0,226025000.0,2.623,34372240000.0,0.0,74601000.0,0.0,154.62,
29,MI,MRQ,2003-12-31,2003-12-31,2003-12-31,2021-08-25,2694000.0,34372643000.0,,,,,14.7,-15897000.0,911626000.0,911626000.0,0.0,141124000.0,,9.326,7667624000.0,,,7667624000.0,0.0,200085000.0,22270105000.0,0.0,0.0,195547000.0,395632000.0,0.699,395632000.0,195547000.0,195547000.0,0.63,0.61,0.63,3328693000.0,,3328693000.0,14728390336.0,19.0,15.367,331032000.0,1.462,1.0,565975000.0,1.0,1104552000.0,0.0,40024089000.0,,0.0,30504459000.0,,,31043950000.0,,,8661269336.0,-82018000.0,-26354000.0,-99557000.0,584095000.0,-40453000.0,397941000.0,-826888000.0,-991993000.0,346929000.0,0.0,141124000.0,141124000.0,141124000.0,0.0,0.0,0.249,370428000.0,195547000.0,0.0,0.0,2.602,15.918,15.871,438485000.0,0.0,38.25,3.919,3.919,0.0,3061246000.0,565975000.0,565975000.0,0.0,,,,,0.0,284456000.0,1.0,226438414.0,226438414.0,,2.499,33268091000.0,0.0,54423000.0,0.0,146.919,
30,MI,MRQ,2003-09-30,2003-09-30,2003-09-30,2021-08-25,-6530000.0,33749262000.0,,,,,14.719,-14408000.0,993644000.0,993644000.0,0.0,140299000.0,,9.113,7060765000.0,,,7060765000.0,0.0,0.0,22308937000.0,0.0,0.0,165839000.0,165839000.0,0.288,165839000.0,165839000.0,165839000.0,0.62,0.61,0.62,3337159000.0,,3337159000.0,13615671724.0,18.0,16.153,304587000.0,1.343,1.0,575854000.0,1.0,1082395000.0,0.0,38733988000.0,,0.0,29910038000.0,,,30412103000.0,,,7164879724.0,-124498000.0,0.0,-48064000.0,-462082000.0,-40718000.0,-499116000.0,55623000.0,217232000.0,318995000.0,0.0,140299000.0,140299000.0,140299000.0,0.0,0.0,0.244,410015000.0,165839000.0,0.0,0.0,2.147,13.569,13.413,435379000.0,0.0,31.52,3.3,3.292,0.0,2960574000.0,575854000.0,575854000.0,0.0,,,,,0.0,268581000.0,1.0,227312174.0,226724000.0,228935000.0,2.54,32666867000.0,0.0,25540000.0,0.0,144.082,
31,MI,MRQ,2003-06-30,2003-06-30,2003-06-30,2021-08-25,-41127000.0,34066095000.0,,,,,14.32,-17905000.0,1118142000.0,1118142000.0,0.0,134652000.0,,9.504,7568934000.0,,,7568934000.0,0.0,0.0,22270140000.0,0.0,0.0,203367000.0,203367000.0,0.377,203367000.0,203367000.0,203367000.0,0.59,0.59,0.59,3243286000.0,,3243286000.0,13560777703.0,18.0,15.823,135066000.0,0.596,1.0,539040000.0,1.0,1084813000.0,0.0,39432074000.0,,0.0,30076833000.0,,,30822809000.0,,,6931780703.0,-36259000.0,500000.0,-4360000.0,-216132000.0,-40691000.0,684781000.0,-874011000.0,-728460000.0,152971000.0,0.0,134652000.0,134652000.0,134652000.0,0.0,0.0,0.25,335673000.0,203367000.0,0.0,0.0,2.137,13.673,13.354,438197000.0,0.0,30.58,3.298,3.296,0.0,2860996000.0,539040000.0,539040000.0,0.0,,,,,0.0,267314000.0,1.0,226676936.0,226483000.0,228394000.0,2.38,32981282000.0,0.0,68715000.0,0.0,145.624,
32,MI,MRQ,2003-03-31,2003-03-31,2003-03-31,2021-08-25,-50209000.0,33248672000.0,,,,,13.832,-13915000.0,1154401000.0,1154401000.0,0.0,128030000.0,,9.626,7783398000.0,,,7783398000.0,0.0,0.0,21326174000.0,0.0,0.0,193634000.0,193634000.0,0.366,193634000.0,193634000.0,193634000.0,0.57,0.56,0.57,3129042000.0,,3129042000.0,13016559511.0,18.0,15.63,200758000.0,0.887,1.0,529225000.0,1.0,1093868000.0,0.0,38783801000.0,,0.0,29239187000.0,,,30119630000.0,,,5785943511.0,7869000.0,-3541000.0,0.0,-580806000.0,-36145000.0,318042000.0,-524846000.0,-349428000.0,214673000.0,0.0,128030000.0,128030000.0,128030000.0,0.0,0.0,0.242,335591000.0,193634000.0,0.0,0.0,1.849,11.743,11.31,438820000.0,0.0,25.56,2.809,2.807,0.0,2767034000.0,529225000.0,529225000.0,0.0,,,,,0.0,274460000.0,1.0,226367117.0,226225000.0,227774000.0,2.339,32154804000.0,0.0,65604000.0,0.0,142.136,
33,MI,MRQ,2002-12-31,2002-12-31,2002-12-31,2021-08-25,-44427000.0,32874642000.0,,,,,13.908,-21230000.0,1146532000.0,1146532000.0,0.0,125035000.0,,9.826,8377148000.0,,,8377148000.0,0.0,91050000.0,20393706000.0,0.0,0.0,189031000.0,280081000.0,0.532,280081000.0,189031000.0,189031000.0,0.57,0.55,0.57,3036668000.0,,3036668000.0,13637875478.0,19.0,16.844,255704000.0,1.171,1.0,526815000.0,1.0,1088804000.0,0.0,39016454000.0,,0.0,28894731000.0,,,29837974000.0,,,5978338478.0,38093000.0,125031000.0,9476000.0,-333923000.0,-36078000.0,643756000.0,-882597000.0,-954691000.0,276934000.0,0.0,125035000.0,125035000.0,125035000.0,0.0,0.0,0.237,337784000.0,189031000.0,0.0,0.0,1.969,12.446,12.223,442395000.0,0.0,27.38,2.968,2.968,0.0,2675148000.0,526815000.0,526815000.0,0.0,,,,,0.0,269110000.0,1.0,218346913.0,218346913.0,,2.413,31785838000.0,0.0,63996000.0,0.0,145.575,
34,MI,MRQ,2002-09-30,2002-09-30,2002-09-30,2021-08-25,-30404000.0,30077535000.0,,,,,12.957,-10856000.0,1108439000.0,1108439000.0,0.0,119236000.0,,10.052,8767976000.0,,,8767976000.0,0.0,0.0,17669158000.0,0.0,0.0,179926000.0,179926000.0,0.355,179926000.0,179926000.0,179926000.0,0.56,0.54,0.56,2721562000.0,,2721562000.0,11889594913.0,17.0,15.777,43917000.0,0.209,1.0,506500000.0,1.0,746192000.0,0.0,36990880000.0,,0.0,26267192000.0,,,27355973000.0,,,5863629913.0,-242857000.0,-268136000.0,-19599000.0,1012282000.0,-34781000.0,467448000.0,-765078000.0,-427210000.0,54773000.0,0.0,119236000.0,119236000.0,119236000.0,0.0,0.0,0.235,326574000.0,179926000.0,0.0,0.0,2.155,12.648,12.794,408944000.0,0.0,27.89,2.981,2.978,0.0,2586191000.0,506500000.0,506500000.0,0.0,,,,,0.0,262701000.0,1.0,210241302.0,210047000.0,219554000.0,2.411,29331343000.0,0.0,60690000.0,0.0,139.642,
35,MI,MRQ,2002-06-30,2002-06-30,2002-06-30,2021-08-25,32272000.0,29124423000.0,,,,,12.803,-14125000.0,1351296000.0,1351296000.0,0.0,120427000.0,,9.759,7377261000.0,,,7377261000.0,0.0,0.0,18148040000.0,0.0,0.0,179159000.0,179159000.0,0.36,179159000.0,179159000.0,179159000.0,0.56,0.54,0.56,2706970000.0,,2706970000.0,11800756926.0,19.0,16.959,164051000.0,0.776,1.0,497173000.0,1.0,730705000.0,0.0,34419683000.0,,0.0,25408680000.0,,,26417453000.0,,,6563618926.0,-544211000.0,-2485000.0,-91314000.0,205405000.0,-34932000.0,402160000.0,-1124547000.0,-1060455000.0,178176000.0,0.0,120427000.0,120427000.0,120427000.0,0.0,0.0,0.242,318014000.0,179159000.0,0.0,0.0,2.425,15.347,15.388,414462000.0,0.0,30.93,3.415,3.403,0.0,2501735000.0,497173000.0,497173000.0,0.0,,,,,0.0,257835000.0,1.0,212208824.0,211428000.0,221331000.0,2.352,28393718000.0,0.0,58732000.0,0.0,134.295,
36,MI,MRQ,2002-03-31,2002-03-31,2002-03-31,2021-08-25,41793000.0,28559230000.0,,,,,12.989,-6400000.0,1895507000.0,1895507000.0,0.0,115629000.0,,9.489,7132645000.0,,,7132645000.0,0.0,0.0,17828710000.0,0.0,0.0,170476000.0,170476000.0,0.352,170476000.0,170476000.0,170476000.0,0.55,0.53,0.55,2722790000.0,,2722790000.0,12321218726.0,23.0,20.45,421529000.0,2.011,1.0,484082000.0,1.0,729705000.0,0.0,33066663000.0,,0.0,24295803000.0,,,25836440000.0,,,6467564726.0,331742000.0,-7853000.0,-48492000.0,-343344000.0,-31164000.0,110315000.0,-206502000.0,-156318000.0,427929000.0,0.0,115629000.0,115629000.0,115629000.0,0.0,0.0,0.239,313606000.0,170476000.0,0.0,0.0,2.375,17.625,17.937,416547000.0,0.0,31.12,3.491,3.521,0.0,2416242000.0,484082000.0,484082000.0,0.0,,,,,0.0,251625000.0,1.0,207826630.0,209626000.0,219541000.0,2.309,27829525000.0,0.0,54847000.0,0.0,132.758,
37,MI,MRQ,2001-12-31,2001-12-31,2001-12-31,2021-08-25,40600000.0,27252487000.0,,,,,11.81,-10404000.0,1563765000.0,1563765000.0,0.0,108321000.0,,9.932,7417419000.0,,,7417419000.0,0.0,61894000.0,16493047000.0,0.0,0.0,162168000.0,224062000.0,0.468,224062000.0,162168000.0,162168000.0,0.51,0.5,0.51,2492968000.0,,2492968000.0,12335980014.0,25.0,21.931,-194246000.0,-0.92,1.0,479100000.0,1.0,586838000.0,0.0,32519303000.0,,0.0,23490686000.0,,,24759519000.0,,,6678911014.0,85196000.0,-17849000.0,-142615000.0,295165000.0,-31461000.0,-88261000.0,357299000.0,552863000.0,-183842000.0,0.0,108321000.0,108321000.0,108321000.0,0.0,0.0,0.226,316932000.0,162168000.0,0.0,0.0,2.679,19.79,19.775,393030000.0,0.0,31.64,3.731,3.731,0.0,2331776000.0,479100000.0,479100000.0,0.0,,,,,0.0,249233000.0,1.0,211090740.0,211090740.0,,2.27,26665649000.0,0.0,53847000.0,0.0,126.323,
38,MI,MRQ,2001-09-30,2001-09-30,2001-09-30,2021-08-25,53453000.0,27326646000.0,,,,,12.198,-15806000.0,1478569000.0,1478569000.0,0.0,83315000.0,,9.568,7135638000.0,,,7135638000.0,0.0,0.0,16677626000.0,0.0,0.0,122158000.0,122158000.0,0.265,122158000.0,122158000.0,122158000.0,0.39,0.37,0.39,2585833000.0,,2585833000.0,11232834669.0,24.0,21.085,196939000.0,0.929,1.0,461542000.0,1.0,573576000.0,0.0,32410139000.0,,0.0,23692036000.0,,,24740813000.0,,,5861962669.0,410693000.0,-22058000.0,-85673000.0,447644000.0,-32200000.0,-275245000.0,473193000.0,647823000.0,212745000.0,0.0,83315000.0,83315000.0,83315000.0,0.0,0.0,0.181,339384000.0,122158000.0,0.0,0.0,2.267,18.699,18.96,400068000.0,0.0,28.345,3.4,3.486,0.0,2254916000.0,461542000.0,461542000.0,0.0,,,,,0.0,254718000.0,1.0,206807644.0,211994000.0,221808000.0,2.177,26753070000.0,0.0,38843000.0,0.0,126.197,
39,MI,MRQ,2001-06-30,2001-06-30,2001-06-30,2021-08-25,64923000.0,25895655000.0,,,,,11.454,-11263000.0,1067876000.0,1067876000.0,0.0,59683000.0,,9.985,6438748000.0,,,6438748000.0,0.0,0.0,16249653000.0,0.0,0.0,85818000.0,85818000.0,0.201,85818000.0,85818000.0,85818000.0,0.285,0.28,0.285,2357401000.0,,2357401000.0,9868970932.0,24.0,20.339,204345000.0,0.993,1.0,427985000.0,1.0,377112000.0,0.0,30889415000.0,,0.0,22883402000.0,,,23538254000.0,,,5549359932.0,126581000.0,-24845000.0,0.0,1177083000.0,-30837000.0,-368974000.0,279947000.0,452632000.0,215608000.0,0.0,59683000.0,59683000.0,59683000.0,0.0,0.0,0.139,342167000.0,85818000.0,0.0,0.0,2.354,19.693,19.963,390181000.0,0.0,26.95,3.43,3.428,0.0,2203803000.0,427985000.0,427985000.0,0.0,,,,,0.0,245376000.0,1.0,205913170.0,205812000.0,215450000.0,2.079,25518543000.0,0.0,26135000.0,0.0,123.99,
40,MI,MRQ,2001-03-31,2001-03-31,2001-03-31,2021-08-25,59548000.0,26154545000.0,,,,,11.247,-7147000.0,941295000.0,941295000.0,0.0,86166000.0,,10.306,5260906000.0,,,5260906000.0,0.0,0.0,17773340000.0,0.0,0.0,130465000.0,130465000.0,0.31,130465000.0,130465000.0,130465000.0,0.415,0.4,0.415,2313318000.0,,2313318000.0,8303780209.0,18.0,15.571,-15975000.0,-0.078,1.0,421287000.0,1.0,338580000.0,0.0,30135576000.0,,0.0,23316058000.0,,,23841227000.0,,,5432466209.0,76602000.0,0.0,-15520000.0,1500957000.0,-28279000.0,-12769000.0,98199000.0,224178000.0,-8828000.0,0.0,86166000.0,86166000.0,86166000.0,0.0,0.0,0.205,290386000.0,130901000.0,0.0,0.0,2.348,17.364,17.662,384174000.0,0.0,26.405,3.415,3.414,0.0,2174964000.0,421287000.0,421287000.0,0.0,,,,,0.0,235878000.0,1.0,205736270.0,205678000.0,215638000.0,2.048,25815965000.0,0.0,44299000.0,0.0,125.516,
41,MI,MRQ,2000-12-31,2000-12-31,2000-12-31,2021-08-25,38127000.0,26077739000.0,,,,,10.776,-27509000.0,864693000.0,864693000.0,0.0,84331000.0,,10.63,3736007000.0,,,3736007000.0,0.0,69197000.0,19248627000.0,0.0,0.0,125104000.0,194301000.0,0.47,194301000.0,125104000.0,125104000.0,0.405,0.39,0.405,2242189000.0,,2242189000.0,8659224587.0,18.0,16.117,133426000.0,0.641,1.0,413176000.0,1.0,345284000.0,0.0,28603769000.0,,0.0,23259084000.0,,,23835550000.0,,,5288015587.0,-22527000.0,0.0,-52774000.0,-524401000.0,-28490000.0,191585000.0,-375047000.0,-223676000.0,160935000.0,0.0,84331000.0,84331000.0,84331000.0,0.0,0.0,0.204,288072000.0,125104000.0,0.0,0.0,2.358,16.781,16.943,392995000.0,0.0,25.415,3.359,3.359,0.0,2117759000.0,413176000.0,413176000.0,0.0,,,,,0.0,225982000.0,1.0,208066716.0,208066716.0,,1.986,25732455000.0,0.0,40773000.0,0.0,123.674,
42,MI,MRQ,2000-09-30,2000-09-30,2000-09-30,2021-08-25,1812000.0,25297179000.0,,,,,10.604,-21850000.0,887220000.0,887220000.0,0.0,51609000.0,,10.48,4258429000.0,,,4258429000.0,0.0,0.0,18089400000.0,0.0,0.0,74634000.0,74634000.0,0.21,74634000.0,74634000.0,74634000.0,0.245,0.24,0.245,2203614000.0,,2203614000.0,9857935147.0,21.0,17.63,464624000.0,2.236,1.0,355482000.0,1.0,345498000.0,0.0,28322890000.0,,0.0,22491873000.0,,,23093565000.0,,,5211876147.0,1126000.0,0.0,-95000.0,-1274660000.0,-28500000.0,-117906000.0,-367442000.0,-141827000.0,486474000.0,0.0,51609000.0,51609000.0,51609000.0,0.0,0.0,0.145,280848000.0,74634000.0,0.0,0.0,2.365,16.215,16.543,379277000.0,0.0,25.062,3.29,3.288,0.0,2062001000.0,355482000.0,355482000.0,0.0,,,,,0.0,228330000.0,1.0,207955158.0,207802000.0,217556000.0,1.711,24951681000.0,0.0,23025000.0,0.0,120.074,
43,MI,MRQ,2000-06-30,2000-06-30,2000-06-30,2021-08-25,-50246000.0,25219752000.0,,,,,10.244,-14887000.0,886094000.0,886094000.0,0.0,90747000.0,,10.848,5532153000.0,,,5532153000.0,0.0,0.0,16906439000.0,0.0,0.0,133882000.0,133882000.0,0.334,133882000.0,133882000.0,133882000.0,0.43,0.415,0.43,2128588000.0,,2128588000.0,8631333798.0,16.0,13.924,247279000.0,1.19,1.0,400862000.0,1.0,348680000.0,0.0,29517131000.0,,0.0,22502777000.0,,,23091164000.0,,,4316371798.0,-6817000.0,0.0,-3453000.0,323192000.0,-28492000.0,138520000.0,-407503000.0,-264542000.0,262166000.0,0.0,90747000.0,90747000.0,90747000.0,0.0,0.0,0.226,266980000.0,133882000.0,0.0,0.0,2.028,11.968,12.206,372157000.0,0.0,20.75,2.647,2.644,0.0,2038922000.0,400862000.0,400862000.0,0.0,,,,,0.0,224665000.0,1.0,208017918.0,207790000.0,217484000.0,1.929,24871072000.0,0.0,43135000.0,0.0,119.693,
44,MI,MRQ,2000-03-31,2000-03-31,2000-03-31,2021-08-25,-45057000.0,24963738000.0,,,,,9.912,-14571000.0,892911000.0,892911000.0,0.0,88436000.0,,11.032,5207873000.0,,,5207873000.0,0.0,0.0,17068321000.0,0.0,0.0,134451000.0,134451000.0,0.332,134451000.0,134451000.0,134451000.0,0.42,0.405,0.42,2074715000.0,,2074715000.0,10364115968.0,19.0,16.729,74321000.0,0.355,1.0,404728000.0,1.0,358842000.0,0.0,28919858000.0,,0.0,22258929000.0,,,22889023000.0,,,6038692968.0,13055000.0,-265000.0,-94756000.0,2558000.0,-25897000.0,516713000.0,-592550000.0,-478010000.0,88892000.0,0.0,88436000.0,88436000.0,88436000.0,0.0,0.0,0.219,267998000.0,136730000.0,0.0,0.0,2.911,16.895,17.188,370663000.0,0.0,28.875,3.734,3.737,0.0,1976667000.0,404728000.0,404728000.0,0.0,,,,,0.0,221865000.0,1.0,209132224.0,209314000.0,219128000.0,1.934,24604896000.0,0.0,46015000.0,0.0,117.55,
45,MI,MRQ,1999-12-31,1999-12-31,1999-12-31,2021-08-25,-32749000.0,24369723000.0,,,,,9.938,-19413000.0,879856000.0,879856000.0,0.0,90626000.0,,10.512,5205279000.0,,,5205279000.0,0.0,86156000.0,16435182000.0,0.0,0.0,130038000.0,216194000.0,0.511,216194000.0,130038000.0,130038000.0,0.42,0.405,0.42,2116926000.0,,2116926000.0,11033472573.0,21.0,17.967,65192000.0,0.306,1.0,422985000.0,1.0,366416000.0,0.0,28328730000.0,,0.0,21684291000.0,,,22252797000.0,,,6689960573.0,40162000.0,30817000.0,-40959000.0,20417000.0,-26372000.0,738714000.0,-783157000.0,-684300000.0,84605000.0,0.0,90626000.0,90626000.0,90626000.0,0.0,0.0,0.214,292947000.0,130038000.0,0.0,0.0,3.16,18.871,18.919,370534000.0,0.0,31.406,4.28,4.28,0.0,1914128000.0,422985000.0,422985000.0,0.0,,,,,0.0,242821000.0,1.0,213013670.0,213013670.0,,1.986,24003307000.0,0.0,39412000.0,0.0,112.684,
46,MI,MRQ,1999-09-30,1999-09-30,1999-09-30,2021-08-25,-3590000.0,23588250000.0,,,,,10.252,-21642000.0,839694000.0,839694000.0,0.0,90836000.0,,10.1,5183206000.0,,,5183206000.0,0.0,0.0,15638245000.0,0.0,0.0,135379000.0,135379000.0,0.336,135379000.0,135379000.0,135379000.0,0.43,0.405,0.43,2125151000.0,,2125151000.0,9283197608.0,18.0,14.563,117658000.0,0.568,1.0,402383000.0,1.0,362824000.0,0.0,27568938000.0,,0.0,20984854000.0,,,21463099000.0,,,5885273608.0,36279000.0,-17288000.0,-59668000.0,981469000.0,-26464000.0,638761000.0,-741782000.0,-597120000.0,139300000.0,0.0,90836000.0,90836000.0,90836000.0,0.0,0.0,0.226,267004000.0,135379000.0,0.0,0.0,2.769,16.943,17.558,362111000.0,0.0,28.531,3.769,3.788,0.0,1849872000.0,402383000.0,402383000.0,0.0,,,,,0.0,213982000.0,1.0,206274650.0,207282000.0,224396000.0,1.941,23225426000.0,0.0,44543000.0,0.0,112.047,
47,MI,MRQ,1999-06-30,1999-06-30,1999-06-30,2021-08-25,14757000.0,22792499000.0,,,,,10.258,-16024000.0,803415000.0,803415000.0,0.0,87518000.0,,9.67,4201339000.0,,,4201339000.0,0.0,0.0,15897469000.0,0.0,0.0,133513000.0,133513000.0,0.345,133513000.0,133513000.0,133513000.0,0.41,0.385,0.41,2136173000.0,,2136173000.0,9836276591.0,19.0,15.746,135107000.0,0.649,1.0,387335000.0,1.0,370647000.0,0.0,25819776000.0,,0.0,20270788000.0,,,20656326000.0,,,6727057591.0,73405000.0,-67120000.0,-81651000.0,360190000.0,-26778000.0,684641000.0,-762367000.0,-569502000.0,151131000.0,0.0,87518000.0,87518000.0,87518000.0,0.0,0.0,0.226,253822000.0,133513000.0,0.0,0.0,3.149,19.981,20.567,358402000.0,0.0,32.188,4.463,4.447,0.0,1785500000.0,387335000.0,387335000.0,0.0,,,,,0.0,209780000.0,1.0,208995964.0,208246000.0,227088000.0,1.86,22421852000.0,0.0,45995000.0,0.0,107.67,
48,MI,MRQ,1999-03-31,1999-03-31,1999-03-31,2021-08-25,40601000.0,21989609000.0,,,,,10.322,-9820000.0,730010000.0,730010000.0,0.0,85531000.0,,9.1,3839229000.0,,,3839229000.0,0.0,0.0,15475080000.0,0.0,0.0,129009000.0,129009000.0,0.355,129009000.0,129009000.0,129009000.0,0.395,0.375,0.395,2177232000.0,,2177232000.0,7846621944.0,16.0,13.349,239359000.0,1.135,1.0,363304000.0,1.0,321157000.0,0.0,24777671000.0,,0.0,19633722000.0,,,19812377000.0,,,5881592944.0,-176728000.0,0.0,-116512000.0,967433000.0,-24876000.0,387146000.0,-813053000.0,-712353000.0,249179000.0,0.0,85531000.0,85531000.0,85531000.0,0.0,0.0,0.235,234295000.0,129009000.0,0.0,0.0,2.701,18.891,19.249,354504000.0,0.0,27.719,4.007,3.983,0.0,1724779000.0,363304000.0,363304000.0,0.0,,,,,0.0,184418000.0,1.0,212188246.0,210932000.0,229486000.0,1.722,21668452000.0,0.0,43478000.0,0.0,102.727,
49,MI,MRQ,1998-12-31,1998-12-31,1998-12-31,2021-08-25,58102000.0,21566293000.0,,,,,10.577,-12106000.0,906738000.0,906738000.0,0.0,83470000.0,,8.612,2871767000.0,,,2871767000.0,0.0,111392000.0,15919919000.0,0.0,0.0,128153000.0,239545000.0,0.587,239545000.0,128153000.0,128153000.0,0.39,0.36,0.39,2243779000.0,,2243779000.0,9281894479.0,20.0,16.095,-2034000.0,-0.01,1.0,408406000.0,1.0,335533000.0,0.0,23195789000.0,,0.0,18961785000.0,,,19322514000.0,,,6198229479.0,-22190000.0,-5170000.0,-1251000.0,-1143775000.0,-25026000.0,240992000.0,-273254000.0,251194000.0,10072000.0,0.0,83470000.0,83470000.0,83470000.0,0.0,0.0,0.204,280253000.0,128153000.0,0.0,0.0,2.762,20.57,20.945,360345000.0,0.0,29.219,4.294,4.294,0.0,1664123000.0,408406000.0,408406000.0,0.0,,,,,0.0,219396000.0,1.0,212131918.0,212131918.0,,1.925,21230760000.0,0.0,44683000.0,0.0,100.083,
50,MI,MRQ,1998-09-30,1998-09-30,1998-09-30,2021-08-25,66971000.0,21208181000.0,,,,,10.376,-14735000.0,928928000.0,928928000.0,0.0,80155000.0,,8.664,4012593000.0,,,4012593000.0,0.0,0.0,14496437000.0,0.0,0.0,122613000.0,122613000.0,0.352,122613000.0,122613000.0,122613000.0,0.37,0.345,0.37,2194657000.0,,2194657000.0,8014675877.0,18.0,15.532,82510000.0,0.39,1.0,348399000.0,1.0,340283000.0,0.0,23951563000.0,,0.0,19036409000.0,,,19013524000.0,,,5067931877.0,70885000.0,0.0,-593000.0,203349000.0,-24990000.0,68271000.0,-94631000.0,-11092000.0,97245000.0,0.0,80155000.0,80155000.0,80155000.0,0.0,0.0,0.23,225786000.0,122613000.0,0.0,0.0,2.309,17.296,17.62,360096000.0,0.0,23.875,3.679,3.666,0.0,1605680000.0,348399000.0,348399000.0,0.0,,,,,0.0,179179000.0,1.0,212269398.0,211516000.0,230540000.0,1.647,20867898000.0,0.0,42458000.0,0.0,98.659,
51,MI,MRQ,1998-06-30,1998-06-30,1998-06-30,2021-08-25,43730000.0,20983207000.0,,,,,9.998,-14647000.0,858043000.0,858043000.0,0.0,62192000.0,,8.919,3804787000.0,,,3804787000.0,0.0,0.0,14607218000.0,0.0,0.0,96645000.0,96645000.0,0.278,96645000.0,96645000.0,96645000.0,0.285,0.27,0.285,2115416000.0,,2115416000.0,7494941448.0,17.0,15.135,61078000.0,0.289,1.0,347647000.0,1.0,348150000.0,0.0,23581801000.0,,0.0,18891075000.0,,,18867791000.0,,,5405233448.0,-39657000.0,0.0,-8065000.0,642846000.0,-25014000.0,298167000.0,-413549000.0,-317588000.0,75725000.0,0.0,62192000.0,62192000.0,62192000.0,0.0,0.0,0.179,251002000.0,96645000.0,0.0,0.0,2.555,19.292,19.269,356579000.0,0.0,25.531,4.058,4.056,0.0,1550516000.0,347647000.0,347647000.0,0.0,,,,,0.0,176003000.0,1.0,211710490.0,211580000.0,230556000.0,1.643,20635057000.0,0.0,34453000.0,0.0,97.528,
52,MI,MRQ,1998-03-31,1998-03-31,1998-03-31,2021-08-25,48243000.0,20649238000.0,,,,,9.838,-19323000.0,897700000.0,897700000.0,0.0,75506000.0,,8.955,3159761000.0,,,3159761000.0,0.0,0.0,14925086000.0,0.0,0.0,117874000.0,117874000.0,0.348,117874000.0,117874000.0,117874000.0,0.35,0.33,0.35,2074304000.0,,2074304000.0,7712484982.0,18.0,15.81,67545000.0,0.32,1.0,339028000.0,1.0,357944000.0,0.0,22553355000.0,,0.0,18518498000.0,,,18574934000.0,,,5908315982.0,-20363000.0,0.0,-4638000.0,216976000.0,-22211000.0,101003000.0,-208234000.0,-143336000.0,86868000.0,0.0,75506000.0,75506000.0,75506000.0,0.0,0.0,0.223,221154000.0,117874000.0,0.0,0.0,2.848,21.3,21.448,355701000.0,0.0,29.062,4.684,4.858,0.0,1513348000.0,339028000.0,339028000.0,0.0,,,,,0.0,171460000.0,1.0,203296894.0,210854000.0,230390000.0,1.608,20291294000.0,0.0,42368000.0,0.0,96.234,
53,MI,MRQ,1997-12-31,1997-12-31,1997-12-31,2021-08-25,52098000.0,20502158000.0,,,,,9.948,-24804000.0,918063000.0,918063000.0,0.0,75165000.0,,9.137,2942622000.0,,,2942622000.0,0.0,63935000.0,15020328000.0,0.0,0.0,114950000.0,178885000.0,0.523,178885000.0,114950000.0,114950000.0,0.35,0.325,0.35,2022429000.0,,2022429000.0,,,,16014000.0,0.079,1.0,342326000.0,1.0,356966000.0,0.0,22169751000.0,,0.0,18359227000.0,,,18479729000.0,,,6314909770.0,-40074000.0,-231853000.0,7859000.0,-617331000.0,-22206000.0,45874000.0,-126766000.0,231472000.0,40818000.0,0.0,75165000.0,75165000.0,75165000.0,0.0,0.0,0.22,227376000.0,114950000.0,0.0,0.0,3.122,24.602,23.712,351423000.0,0.0,31.062,5.327,5.327,0.0,1460646000.0,342326000.0,342326000.0,0.0,,,,,0.0,168386000.0,1.0,203296894.0,203296894.0,,1.684,20145192000.0,0.0,39785000.0,0.0,99.092,
54,MI,MRQ,1997-09-30,1997-09-30,1997-09-30,2021-08-25,43957000.0,16753086000.0,,,,,7.996,-12376000.0,958137000.0,958137000.0,0.0,67317000.0,,10.332,2887580000.0,,,2887580000.0,0.0,0.0,11960631000.0,0.0,0.0,101797000.0,101797000.0,0.336,101797000.0,101797000.0,101797000.0,0.34,0.32,0.34,1478418000.0,,1478418000.0,,,,84443000.0,0.457,1.0,302848000.0,1.0,0.0,0.0,18682529000.0,,0.0,15030930000.0,,,15274668000.0,,,,1114000.0,0.0,-13882000.0,167944000.0,-19624000.0,251517000.0,-347222000.0,-265101000.0,96819000.0,0.0,67317000.0,67317000.0,67317000.0,0.0,0.0,0.222,201051000.0,101797000.0,0.0,0.0,,,,331021000.0,0.0,25.312,,,0.0,1407692000.0,302848000.0,302848000.0,0.0,,,,,0.0,158604000.0,1.0,,184886000.0,204518000.0,1.638,16753086000.0,0.0,34480000.0,0.0,90.613,
55,MI,MRQ,1997-06-30,1997-06-30,1997-06-30,2021-08-25,29247000.0,16437517000.0,,,,,7.737,-17204000.0,957023000.0,957023000.0,0.0,59404000.0,,10.502,2735810000.0,,,2735810000.0,0.0,0.0,11848870000.0,0.0,0.0,89266000.0,89266000.0,0.322,89266000.0,89266000.0,89266000.0,0.315,0.29,0.315,1429092000.0,,1429092000.0,,,,62061000.0,0.336,1.0,277283000.0,1.0,0.0,0.0,18216304000.0,,0.0,14645765000.0,,,15008425000.0,,,,59706000.0,0.0,-12679000.0,77950000.0,-19926000.0,365239000.0,-384798000.0,-306014000.0,79265000.0,0.0,59404000.0,59404000.0,59404000.0,0.0,0.0,0.214,188017000.0,89266000.0,0.0,0.0,,,,332318000.0,0.0,20.312,,,0.0,1362515000.0,277283000.0,277283000.0,0.0,,,,,0.0,151904000.0,1.0,,184716000.0,204314000.0,1.501,16437517000.0,0.0,29862000.0,0.0,88.988,
56,MI,MRQ,1997-03-31,1997-03-31,1997-03-31,2021-08-25,11043000.0,14890216000.0,,,,,7.217,-14445000.0,848225000.0,848225000.0,0.0,54799000.0,,10.631,2406614000.0,,,2406614000.0,0.0,0.0,10835655000.0,0.0,0.0,82159000.0,82159000.0,0.312,82159000.0,82159000.0,82159000.0,0.305,0.28,0.305,1280171000.0,,1280171000.0,,,,43427000.0,0.245,1.0,262926000.0,1.0,0.0,0.0,16448605000.0,,0.0,13301548000.0,,,13610045000.0,,,,-119699000.0,0.0,-22190000.0,256579000.0,-17516000.0,110493000.0,-288064000.0,-223081000.0,57872000.0,0.0,54799000.0,54799000.0,54799000.0,0.0,0.0,0.208,180767000.0,82159000.0,0.0,0.0,,,,318092000.0,0.0,18.25,,,0.0,1246450000.0,262926000.0,262926000.0,0.0,,,,,0.0,145218000.0,1.0,,177382000.0,196580000.0,1.482,14890216000.0,0.0,27360000.0,0.0,83.944,
57,MI,MRQ,1996-12-31,1996-12-31,1996-12-31,2021-08-25,27865000.0,14763313000.0,,,,,,,967924000.0,967924000.0,,,,10.706,2170645000.0,,,2170645000.0,0.0,,10952358000.0,0.0,0.0,,,,,,,,,,1261210000.0,,1261210000.0,,,,,,1.0,,,0.0,,15966034000.0,,0.0,12296419000.0,,,13502103000.0,,,,,,,,,,,,,,,,,,,,,,0.0,,,,16.333,313381000.0,,17.312,,,0.0,1209167000.0,,,,,,,,,,1.0,,,,,14763313000.0,0.0,,0.0,,
0,MI,MRT,2011-03-31,2011-03-31,2011-03-31,2021-08-25,-77860000.0,49640946000.0,51565903750.0,,,0.012,11.831,-22197000.0,578350000.0,578350000.0,0.0,-515729000.0,,6.975,5166453000.0,,,5166453000.0,0.0,88130000.0,37403455000.0,0.0,0.0,-913589000.0,-825459000.0,-1.343,-825459000.0,-913589000.0,-913589000.0,-1.18,-1.18,-1.18,6223392000.0,6469851000.0,6223392000.0,8891312966.0,-10.0,-10.771,970672000.0,1.845,1.0,614825000.0,1.0,719941000.0,0.0,53509108000.0,55910485000.0,0.0,44019896000.0,,,43406472000.0,,,4235653966.0,-92828000.0,-1968000.0,4653000.0,-1547130000.0,-21050000.0,-6259172000.0,5173475000.0,4722048000.0,992869000.0,0.0,-517107000.0,-618410000.0,-618410000.0,0.0,1378000.0,-1.006,1479163000.0,-864338000.0,0.0,0.0,0.681,-6.849,-6.771,519825000.0,101303000.0,7.99,6.889,6.836,0.0,880754000.0,614825000.0,614825000.0,0.0,-0.012,-0.096,-0.016,-1.486,34858000.0,991259000.0,1.0,530119395.0,526020000.0,,1.169,48921005000.0,0.0,-396482000.0,0.0,93.002,
1,MI,MRT,2010-12-31,2010-12-31,2010-12-31,2021-08-25,-106813000.0,50831951000.0,53298009500.0,,,0.013,11.985,-23766000.0,600966000.0,600966000.0,0.0,-514435000.0,,7.031,5256625000.0,,,5256625000.0,0.0,88130000.0,38258632000.0,0.0,0.0,-900930000.0,-812800000.0,-1.207,-812800000.0,-900930000.0,-900930000.0,-1.18,-1.18,-1.18,6327935000.0,6628768000.0,6327935000.0,8868533942.0,-10.0,-10.911,1090895000.0,2.066,1.0,673355000.0,1.0,724330000.0,0.0,54763280000.0,58012959000.0,0.0,45200480000.0,,,44493078000.0,,,3653624942.0,-231517000.0,46304000.0,5934000.0,-2282066000.0,-21031000.0,-5723273000.0,4377095000.0,3865282000.0,1114661000.0,0.0,-515871000.0,-616939000.0,-616939000.0,0.0,1436000.0,-0.916,1525771000.0,-852416000.0,0.0,0.0,0.577,-5.922,-5.864,527962000.0,101068000.0,6.92,5.426,5.426,0.0,1028051000.0,673355000.0,673355000.0,0.0,-0.012,-0.093,-0.016,-1.338,34858000.0,996379000.0,1.0,527980483.0,527980483.0,,1.275,50107621000.0,0.0,-385059000.0,0.0,94.904,
2,MI,MRT,2010-09-30,2010-09-30,2010-09-30,2021-08-25,17862000.0,51886825000.0,54892516250.0,,,0.009,12.542,-26103000.0,711218000.0,711218000.0,0.0,-640637000.0,,6.882,5926127000.0,,,5926127000.0,0.0,51359000.0,38201343000.0,0.0,0.0,-1101979000.0,-1050620000.0,-2.211,-1050620000.0,-1101979000.0,-1101979000.0,-1.43,-1.43,-1.43,6581194000.0,6790398250.0,6581194000.0,9542012090.0,-9.0,-9.082,819799000.0,1.562,1.0,475116000.0,1.0,729327000.0,0.0,56372407000.0,60117117250.0,0.0,46068119000.0,,,45294833000.0,,,3714442090.0,-37934000.0,46304000.0,870893000.0,-3074505000.0,-21001000.0,-5809604000.0,4925768000.0,4463052000.0,845902000.0,0.0,-642127000.0,-742964000.0,-742964000.0,0.0,1490000.0,-1.564,1533917000.0,-1058801000.0,0.0,0.0,0.564,-4.999,-4.923,545709000.0,100837000.0,7.04,7.818,7.775,0.0,1166751000.0,475116000.0,475116000.0,0.0,-0.014,-0.109,-0.018,-2.319,28257000.0,978597000.0,1.0,527619615.0,524747000.0,,0.905,51157498000.0,0.0,-459852000.0,0.0,97.49,
3,MI,MRT,2010-06-30,2010-06-30,2010-06-30,2021-08-25,22163000.0,53903893000.0,56557140750.0,,,0.006,12.868,-31823000.0,733538000.0,733538000.0,0.0,-720071000.0,,6.988,6561108000.0,,,6561108000.0,0.0,51359000.0,39562053000.0,0.0,0.0,-1226796000.0,-1175437000.0,-3.5,-1175437000.0,-1226796000.0,-1226796000.0,-1.79,-1.79,-1.79,6746883000.0,6742943250.0,6746883000.0,9873834842.0,-8.0,-8.4,958389000.0,1.828,1.0,335843000.0,1.0,734318000.0,0.0,58997145000.0,62548288250.0,0.0,48194825000.0,,,47146373000.0,,,3785618842.0,-128349000.0,46304000.0,871183000.0,-4099239000.0,-19406000.0,-4879299000.0,3760738000.0,3369758000.0,990212000.0,0.0,-721615000.0,-822225000.0,-822225000.0,0.0,1544000.0,-2.448,1546100000.0,-1210257000.0,0.0,0.0,0.561,-4.604,-4.011,552985000.0,100610000.0,7.18,11.272,11.21,0.0,1341177000.0,335843000.0,335843000.0,0.0,-0.015,-0.122,-0.02,-3.653,28257000.0,963441000.0,1.0,527244964.0,524325000.0,,0.641,53169575000.0,0.0,-505181000.0,0.0,101.406,
4,MI,MRT,2010-03-31,2010-03-31,2010-03-31,2021-08-25,-33730000.0,56569369000.0,58004593250.0,,,0.004,13.088,-39110000.0,671178000.0,671178000.0,0.0,-780361000.0,,7.246,6759394000.0,,,6759394000.0,0.0,51359000.0,41982250000.0,0.0,0.0,-1349865000.0,-1298506000.0,-5.469,-1298506000.0,-1349865000.0,-1349865000.0,-2.29,-2.29,-2.29,6859060000.0,6702165250.0,6859060000.0,10953258449.0,-8.0,-8.435,1220112000.0,2.328,1.0,237448000.0,1.0,738581000.0,0.0,61919004000.0,65010731500.0,0.0,50951918000.0,,,49698973000.0,,,4239739449.0,-408688000.0,48247000.0,1427790000.0,-7962250000.0,-16826000.0,-4142936000.0,2475026000.0,2106429000.0,1259222000.0,0.0,-782009000.0,-882394000.0,-882394000.0,0.0,1648000.0,-3.716,1570670000.0,-1333222000.0,0.0,0.0,0.618,-4.805,-3.515,557650000.0,100385000.0,8.05,17.855,17.768,0.0,1520214000.0,237448000.0,237448000.0,0.0,-0.015,-0.132,-0.021,-5.685,28257000.0,960479000.0,1.0,526675708.0,524086000.0,,0.453,55830788000.0,0.0,-567856000.0,0.0,106.53,
5,MI,MRT,2009-12-31,2009-12-31,2009-12-31,2021-08-25,-51321000.0,57209978000.0,59309759000.0,,,0.003,13.292,-50526000.0,832483000.0,832483000.0,0.0,-757039000.0,,7.201,7546002000.0,,,7546002000.0,0.0,51359000.0,41637525000.0,0.0,0.0,-1395850000.0,-1344491000.0,-7.864,-1344491000.0,-1395850000.0,-1395850000.0,-2.46,-2.46,-2.46,6974456000.0,6547453500.0,6974456000.0,11163020426.0,-8.0,-8.303,765351000.0,1.459,1.0,170963000.0,1.0,743584000.0,0.0,63179913000.0,68237731750.0,0.0,51298754000.0,,,50224387000.0,,,2859586426.0,-239924000.0,-479000.0,1428353000.0,-5924194000.0,-14187000.0,-3976268000.0,2920467000.0,2668969000.0,815877000.0,0.0,-758617000.0,-858781000.0,-858781000.0,0.0,1578000.0,-5.023,1556032000.0,-1385069000.0,0.0,0.0,0.41,-3.33,-2.215,565806000.0,100164000.0,5.45,16.726,16.726,0.0,1666021000.0,170963000.0,170963000.0,0.0,-0.014,-0.131,-0.02,-8.165,28257000.0,953091000.0,1.0,524694757.0,524694757.0,,0.326,56466394000.0,0.0,-637233000.0,0.0,107.618,
6,MI,MRT,2009-09-30,2009-09-30,2009-09-30,2021-08-25,-22278000.0,58545323000.0,60591369000.0,,,-0.001,17.422,-72656000.0,749152000.0,749152000.0,0.0,-2401876000.0,,8.158,9052586000.0,,,9052586000.0,0.0,9248000.0,41720389000.0,0.0,0.0,-3151846000.0,-3142598000.0,54.219,-3142598000.0,-3151846000.0,-3151846000.0,-9.23,-9.23,-9.23,6391374000.0,6368884750.0,6391374000.0,12881207644.0,-4.0,-4.099,991661000.0,2.703,1.0,-57961000.0,1.0,751666000.0,0.0,66097091000.0,70985831500.0,0.0,52924093000.0,,,52143007000.0,,,2970684644.0,-361541000.0,-615000.0,564213000.0,-6877646000.0,-91783000.0,-3055717000.0,1629859000.0,1477072000.0,1064317000.0,0.0,-2403298000.0,-2491075000.0,-2491075000.0,0.0,1422000.0,42.978,3088548000.0,-3146509000.0,0.0,0.0,0.465,-1.193,-0.874,569875000.0,87777000.0,8.07,-51.253,-51.077,0.0,1930715000.0,-57961000.0,-57961000.0,0.0,-0.041,-0.391,-0.044,54.379,30812000.0,956449000.0,1.0,368114578.0,366846000.0,,-0.158,57793657000.0,0.0,-748548000.0,0.0,157.542,
7,MI,MRT,2009-06-30,2009-06-30,2009-06-30,2021-08-25,-69390000.0,59693703000.0,61830262500.0,,,0.006,23.443,-91561000.0,861887000.0,861887000.0,0.0,-2095578000.0,,8.065,10772410000.0,,,10772410000.0,0.0,9248000.0,41192345000.0,0.0,0.0,-2670801000.0,-2661553000.0,-7.049,-2661553000.0,-2670801000.0,-2670801000.0,-8.23,-8.23,-8.23,6583771000.0,6394026750.0,6583771000.0,15070547517.0,-6.0,-5.662,799556000.0,2.847,1.0,377592000.0,1.0,757308000.0,0.0,68846918000.0,73495431250.0,0.0,54052468000.0,,,53099206000.0,,,1275466517.0,-1041413000.0,-640000.0,573500000.0,-4856342000.0,-170702000.0,-2777507000.0,844977000.0,774099000.0,891117000.0,0.0,-2096801000.0,-2159510000.0,-2159510000.0,0.0,1223000.0,-5.719,3045391000.0,-2667799000.0,0.0,0.0,0.194,-0.591,-0.583,572720000.0,62709000.0,4.8,3.378,3.57,0.0,2182808000.0,377592000.0,377592000.0,0.0,-0.035,-0.338,-0.036,-7.073,30812000.0,953515000.0,1.0,265722191.0,280836000.0,,1.345,58936395000.0,0.0,-574000000.0,0.0,209.861,
8,MI,MRT,2009-03-31,2009-03-31,2009-03-31,2021-08-25,-75606000.0,61790032000.0,62971942250.0,,,0.001,23.589,-99333000.0,1079866000.0,1079866000.0,0.0,-2280671000.0,,8.9,14874947000.0,,,14874947000.0,0.0,9248000.0,39564364000.0,0.0,0.0,-2927444000.0,-2918196000.0,-32.907,-2918196000.0,-2927444000.0,-2927444000.0,-8.92,-8.92,-8.92,6240213000.0,6376641500.0,6240213000.0,14093123172.0,-5.0,-4.829,550024000.0,2.079,1.0,88681000.0,1.0,758108000.0,0.0,74827005000.0,75212752750.0,0.0,56423240000.0,,,55539374000.0,,,1493780172.0,-577298000.0,1870000.0,22544000.0,-1855888000.0,-250582000.0,431148000.0,-1657803000.0,-1681680000.0,649357000.0,0.0,-2281637000.0,-2319333000.0,-2319333000.0,0.0,966000.0,-26.154,3013380000.0,-2924699000.0,0.0,0.0,0.239,-0.644,-0.631,570303000.0,37696000.0,5.63,16.844,16.795,0.0,2419433000.0,88681000.0,88681000.0,0.0,-0.037,-0.364,-0.039,-33.011,30812000.0,950458000.0,1.0,265325075.0,264544000.0,,0.335,61031924000.0,0.0,-645807000.0,0.0,230.706,
9,MI,MRT,2008-12-31,2008-12-31,2008-12-31,2021-08-25,-157952000.0,62336418000.0,63374021250.0,,,0.008,24.05,-101657000.0,1072407000.0,1072407000.0,0.0,-2042593000.0,,8.956,13671750000.0,,,13671750000.0,0.0,9248000.0,41023141000.0,0.0,0.0,-2502987000.0,-2493739000.0,-5.158,-2493739000.0,-2502987000.0,-2502987000.0,-7.92,-7.92,-7.92,6260181000.0,6560127250.0,6260181000.0,18421661221.0,-7.0,-7.387,695733000.0,2.673,1.0,483449000.0,1.0,763449000.0,0.0,74172312000.0,75559032250.0,0.0,56978983000.0,,,56065860000.0,,,3550469221.0,-750105000.0,-474301000.0,-103038000.0,-3225437000.0,-327820000.0,2280830000.0,-3828325000.0,-3338436000.0,797390000.0,0.0,-2043462000.0,-2056199000.0,-2056199000.0,0.0,869000.0,-4.253,2983788000.0,-2500339000.0,0.0,0.0,0.567,-1.727,-1.722,564789000.0,12737000.0,13.64,7.344,7.344,0.0,2538989000.0,483449000.0,483449000.0,0.0,-0.032,-0.313,-0.033,-5.177,30812000.0,964315000.0,1.0,260298330.0,260298330.0,,1.857,61572969000.0,0.0,-459525000.0,0.0,236.548,
10,MI,MRT,2008-09-30,2008-09-30,2008-09-30,2021-08-25,-107803000.0,63500897000.0,62752065750.0,,,0.018,25.077,-88006000.0,1110693000.0,1110693000.0,0.0,330142000.0,,8.78,15981885000.0,,,15981885000.0,0.0,133099000.0,40039602000.0,0.0,0.0,116992000.0,250091000.0,0.227,250091000.0,116992000.0,116992000.0,1.24,1.21,1.24,6491942000.0,6753264250.0,6491942000.0,18925277370.0,162.0,75.674,789715000.0,3.051,1.0,1100880000.0,1.0,2236599000.0,0.0,76135490000.0,75241432000.0,0.0,56940490000.0,,,56999039000.0,,,5227682370.0,-306084000.0,1192299000.0,186180000.0,-2251415000.0,-326799000.0,1365506000.0,-4787080000.0,-4295036000.0,877721000.0,0.0,329502000.0,329502000.0,329502000.0,-518391000.0,640000.0,0.299,1424560000.0,-323680000.0,0.0,0.0,0.805,15.865,16.25,541799000.0,0.0,20.15,4.749,4.738,0.0,4513574000.0,1100880000.0,1100880000.0,0.0,0.005,0.049,0.002,0.106,42672000.0,949415000.0,1.0,259438331.0,258877000.0,,4.253,61264298000.0,0.0,-212510000.0,0.0,236.654,
11,MI,MRT,2008-06-30,2008-06-30,2008-06-30,2021-08-25,-68594000.0,64260422000.0,62068923000.0,,,0.019,25.191,-84257000.0,1903300000.0,1903300000.0,0.0,466740000.0,,8.863,15600895000.0,,,15600895000.0,0.0,133099000.0,41173493000.0,0.0,0.0,305166000.0,438265000.0,0.373,438265000.0,305166000.0,305166000.0,1.76,1.72,1.76,6514230000.0,6885769500.0,6514230000.0,19033640493.0,62.0,43.43,793233000.0,3.068,1.0,1176313000.0,1.0,2241813000.0,0.0,75716204000.0,75095544750.0,0.0,57040783000.0,,,57736279000.0,,,3973397493.0,133883000.0,1103927000.0,192258000.0,-138039000.0,-326571000.0,3314530000.0,-4058137000.0,-5005614000.0,877490000.0,0.0,466303000.0,466303000.0,466303000.0,-564604000.0,437000.0,0.396,1358235000.0,-181922000.0,0.0,0.0,0.61,8.521,8.71,524284000.0,0.0,15.33,3.378,3.37,0.0,4513019000.0,1176313000.0,1176313000.0,0.0,0.008,0.068,0.004,0.259,42672000.0,921996000.0,1.0,259190965.0,258592000.0,,4.549,62018609000.0,0.0,-161137000.0,0.0,239.832,
12,MI,MRT,2008-03-31,2008-03-31,2008-03-31,2021-08-25,-67558000.0,63398348000.0,60578249750.0,,,0.033,26.826,-81831000.0,1657164000.0,1657164000.0,0.0,1080605000.0,,8.089,16717407000.0,,,16717407000.0,0.0,133099000.0,38726819000.0,0.0,0.0,1244260000.0,1377359000.0,0.693,1377359000.0,1244260000.0,1244260000.0,4.13,4.07,4.13,6974156000.0,6866778000.0,6974156000.0,20934647748.0,17.0,15.199,796201000.0,3.063,1.0,1987934000.0,1.0,2246468000.0,0.0,76212123000.0,73718900500.0,0.0,56814677000.0,,,56414281000.0,,,6073371748.0,408272000.0,1209414000.0,-65186000.0,335401000.0,-324188000.0,2742455000.0,-3212215000.0,-4170131000.0,878032000.0,0.0,1080383000.0,1080383000.0,1080383000.0,-606016000.0,222000.0,0.543,1272389000.0,715545000.0,0.0,0.0,0.871,5.621,5.617,513305000.0,0.0,23.2,3.055,3.034,0.0,4989349000.0,1987934000.0,1987934000.0,0.0,0.018,0.157,0.017,0.626,42672000.0,891624000.0,1.0,261783265.0,259973000.0,,7.647,61151880000.0,0.0,163877000.0,0.0,235.224,
13,MI,MRT,2007-12-31,2007-12-31,2007-12-31,2021-08-25,-53707000.0,59848596000.0,58861504750.0,,,0.034,26.282,-87646000.0,1822512000.0,1822512000.0,0.0,1150936000.0,,7.51,16683788000.0,,,16683788000.0,0.0,133099000.0,35191354000.0,0.0,0.0,1364577000.0,1497676000.0,0.739,1497676000.0,1364577000.0,1364577000.0,4.42,4.34,4.42,7032729000.0,6711720500.0,7032729000.0,23646806898.0,17.0,15.789,915043000.0,3.42,1.0,2025523000.0,1.0,1807961000.0,0.0,72901911000.0,72100652000.0,0.0,53750733000.0,,,52815867000.0,,,7085670898.0,337254000.0,1639422000.0,81093000.0,1994143000.0,-313298000.0,1158679000.0,-1824114000.0,-3122232000.0,1002689000.0,0.0,1150936000.0,1150936000.0,1150936000.0,-653997000.0,0.0,0.568,1228386000.0,797137000.0,0.0,0.0,1.008,6.156,5.991,469879000.0,0.0,26.48,3.498,3.498,0.0,4923008000.0,2025523000.0,2025523000.0,0.0,0.02,0.171,0.019,0.674,42672000.0,856849000.0,1.0,267585759.0,267585759.0,,7.57,58040635000.0,0.0,213641000.0,0.0,216.905,
14,MI,MRT,2007-09-30,2007-09-30,2007-09-30,2021-08-25,-46877000.0,60768326000.0,57956920000.0,,,0.02,26.854,-96623000.0,1370087000.0,1370087000.0,0.0,862347000.0,,7.654,17977759000.0,,,17977759000.0,0.0,171093000.0,34407762000.0,0.0,0.0,1120389000.0,1291482000.0,1.094,1291482000.0,1120389000.0,1120389000.0,3.35,3.28,3.35,7021963000.0,6491381000.0,7021963000.0,24869695596.0,22.0,19.257,689926000.0,2.638,1.0,1181043000.0,1.0,1824057000.0,0.0,75551941000.0,70792457750.0,0.0,53105976000.0,,,53746363000.0,,,11262710596.0,-70298000.0,-35340000.0,-195319000.0,3354529000.0,-300078000.0,2386860000.0,-4880583000.0,-2235549000.0,786549000.0,0.0,862347000.0,862347000.0,862347000.0,-295730000.0,0.0,0.73,346906000.0,834137000.0,0.0,0.0,1.604,13.061,13.066,469599000.0,0.0,43.77,9.536,9.691,0.0,4809143000.0,1181043000.0,1181043000.0,0.0,0.015,0.133,0.016,0.949,28345000.0,209910000.0,1.0,257315755.0,261491000.0,,4.517,58944269000.0,0.0,258042000.0,0.0,225.416,
15,MI,MRT,2007-06-30,2007-06-30,2007-06-30,2021-08-25,-63787000.0,58297729000.0,56635527750.0,,,0.027,24.88,-92949000.0,1718928000.0,1718928000.0,0.0,881275000.0,,8.055,15376139000.0,,,15376139000.0,0.0,171093000.0,35539093000.0,0.0,0.0,1180125000.0,1351218000.0,0.877,1351218000.0,1180125000.0,1180125000.0,3.45,3.37,3.45,6438264000.0,6224904750.0,6438264000.0,27067494931.0,23.0,20.032,828310000.0,3.201,1.0,1540135000.0,1.0,1745313000.0,0.0,70209627000.0,68221966250.0,0.0,51392235000.0,,,51859465000.0,,,12341254931.0,226148000.0,-9673000.0,-192847000.0,1069772000.0,-286144000.0,1899472000.0,-2594583000.0,-2207930000.0,921259000.0,0.0,881275000.0,881275000.0,881275000.0,-249517000.0,0.0,0.572,600049000.0,940086000.0,0.0,0.0,1.917,14.004,13.806,456324000.0,0.0,47.63,8.013,8.003,0.0,4671559000.0,1540135000.0,1540135000.0,0.0,0.016,0.142,0.017,0.766,28345000.0,416502000.0,1.0,259106759.0,258772000.0,,5.952,56552416000.0,0.0,298850000.0,0.0,218.541,
16,MI,MRT,2007-03-31,2007-03-31,2007-03-31,2021-08-25,-14778000.0,56531368000.0,55674621500.0,,,0.032,24.869,-102082000.0,1201007000.0,1201007000.0,0.0,851528000.0,,7.897,15974779000.0,,,15974779000.0,0.0,171093000.0,33132432000.0,0.0,0.0,1155222000.0,1326315000.0,0.734,1326315000.0,1155222000.0,1155222000.0,3.35,3.28,3.35,6353926000.0,6046826750.0,6353926000.0,24808417792.0,21.0,18.705,726002000.0,2.842,1.0,1806566000.0,1.0,1566011000.0,0.0,69739129000.0,66672047500.0,0.0,50397763000.0,,,50177442000.0,,,11842390792.0,88324000.0,-183094000.0,87740000.0,2308727000.0,-274139000.0,2930091000.0,-3669851000.0,-3109072000.0,828084000.0,0.0,851528000.0,851528000.0,851528000.0,-208105000.0,0.0,0.471,849971000.0,956595000.0,0.0,0.0,1.864,13.907,13.824,443316000.0,0.0,46.31,6.555,6.549,0.0,4531426000.0,1806566000.0,1806566000.0,0.0,0.015,0.141,0.017,0.639,28345000.0,612378000.0,1.0,255719948.0,255493000.0,,7.071,54965357000.0,0.0,303694000.0,0.0,215.134,
17,MI,MRT,2006-12-31,2006-12-31,2006-12-31,2021-08-25,-17546000.0,56230257000.0,53382934250.0,,,0.038,24.113,-104911000.0,1439080000.0,1439080000.0,0.0,807838000.0,,8.141,14450890000.0,,,14450890000.0,0.0,171093000.0,34626772000.0,0.0,0.0,1115273000.0,1286366000.0,0.631,1286366000.0,1115273000.0,1115273000.0,3.24,3.17,3.24,6151371000.0,5674052750.0,6151371000.0,25281526203.0,23.0,19.653,739985000.0,2.901,1.0,2038691000.0,1.0,1572933000.0,0.0,67669134000.0,63352000000.0,0.0,49953490000.0,,,50078886000.0,,,12273254203.0,70907000.0,-137939000.0,42251000.0,1257658000.0,-261535000.0,3741155000.0,-4515144000.0,-4024656000.0,844896000.0,0.0,807838000.0,807838000.0,807838000.0,-160124000.0,0.0,0.396,1083542000.0,955149000.0,0.0,0.0,1.995,15.193,14.849,436416000.0,0.0,48.11,6.02,6.02,0.0,4383642000.0,2038691000.0,2038691000.0,0.0,0.015,0.142,0.018,0.547,28345000.0,792736000.0,1.0,255108173.0,255108173.0,,7.991,54657324000.0,0.0,307435000.0,0.0,214.252,
18,MI,MRT,2006-09-30,2006-09-30,2006-09-30,2021-08-25,-43102000.0,55482757000.0,50878549250.0,,,0.042,23.468,-121493000.0,1487075000.0,1487075000.0,0.0,779936000.0,,8.315,14495347000.0,,,14495347000.0,0.0,202353000.0,33459744000.0,0.0,0.0,1088683000.0,1291036000.0,0.602,1291036000.0,1088683000.0,1088683000.0,3.19,3.12,3.19,5956058000.0,5320077750.0,5956058000.0,24962640513.0,23.0,19.335,803654000.0,3.166,1.0,2146190000.0,1.0,3221054000.0,0.0,65269975000.0,60092793750.0,0.0,48258622000.0,,,49526699000.0,,,12251964513.0,114964000.0,-218795000.0,41393000.0,1728727000.0,-249136000.0,4328681000.0,-1264219000.0,-4523472000.0,925147000.0,0.0,779936000.0,779936000.0,779936000.0,-119531000.0,0.0,0.363,1177038000.0,969152000.0,0.0,0.0,2.057,15.709,15.103,567622000.0,0.0,48.18,5.709,5.698,0.0,4246875000.0,2146190000.0,2146190000.0,0.0,0.015,0.147,0.018,0.507,28361000.0,853911000.0,1.0,254295652.0,253799000.0,,8.456,52261703000.0,0.0,308747000.0,0.0,205.918,
19,MI,MRT,2006-06-30,2006-06-30,2006-06-30,2021-08-25,-71647000.0,54454104000.0,48256683250.0,,,0.041,22.653,-132579000.0,1543269000.0,1543269000.0,0.0,720743000.0,,8.51,14253945000.0,,,14253945000.0,0.0,202353000.0,32963426000.0,0.0,0.0,1002692000.0,1205045000.0,0.607,1205045000.0,1002692000.0,1002692000.0,3.02,2.95,3.02,5725952000.0,4984040250.0,5725952000.0,23156948606.0,23.0,19.217,590621000.0,2.337,1.0,1984131000.0,1.0,3154828000.0,0.0,64009952000.0,57052211000.0,0.0,47271471000.0,,,48728152000.0,,,11578755606.0,298647000.0,-175066000.0,32157000.0,1781887000.0,-236745000.0,4837397000.0,-5261950000.0,-4722514000.0,723200000.0,0.0,720743000.0,720743000.0,720743000.0,-119531000.0,0.0,0.363,1100970000.0,883161000.0,0.0,0.0,2.022,16.065,15.146,569240000.0,0.0,45.74,5.836,5.827,0.0,4076429000.0,1984131000.0,1984131000.0,0.0,0.015,0.145,0.018,0.505,28361000.0,802741000.0,1.0,253142886.0,252764000.0,,7.85,51299276000.0,0.0,281949000.0,0.0,202.953,
20,MI,MRT,2006-03-31,2006-03-31,2006-03-31,2021-08-25,-19525000.0,47364619000.0,45514087250.0,,,0.042,20.665,-126294000.0,1160568000.0,1160568000.0,0.0,713946000.0,,8.74,12738761000.0,,,12738761000.0,0.0,202353000.0,28098984000.0,0.0,0.0,993993000.0,1196346000.0,0.633,1196346000.0,993993000.0,993993000.0,3.07,3.0,3.07,4862830000.0,4622286000.0,4862830000.0,21157993334.0,21.0,17.686,556811000.0,2.366,1.0,1891029000.0,1.0,2483873000.0,0.0,56458939000.0,53977812500.0,0.0,41549924000.0,,,42501789000.0,,,10276940334.0,147050000.0,-113219000.0,27090000.0,2412403000.0,-223364000.0,4681531000.0,-5217586000.0,-4708636000.0,683105000.0,0.0,713946000.0,713946000.0,713946000.0,-119531000.0,0.0,0.378,1016567000.0,874462000.0,0.0,0.0,2.113,14.395,14.195,500261000.0,0.0,43.58,5.435,5.423,0.0,3954037000.0,1891029000.0,1891029000.0,0.0,0.016,0.154,0.018,0.526,28361000.0,744876000.0,1.0,235817814.0,235317000.0,,8.036,44880746000.0,0.0,280047000.0,0.0,190.725,
21,MI,MRT,2005-12-31,2005-12-31,2005-12-31,2021-08-25,-37291000.0,46212717000.0,44083062750.0,,,0.041,20.15,-93624000.0,1414351000.0,1414351000.0,0.0,706190000.0,,8.759,12295404000.0,,,12295404000.0,0.0,202353000.0,27674221000.0,0.0,0.0,984314000.0,1186667000.0,0.652,1186667000.0,984314000.0,984314000.0,3.06,2.99,3.06,4735471000.0,4427981000.0,4735471000.0,20614538943.0,21.0,17.372,542555000.0,2.309,1.0,1819208000.0,1.0,2461461000.0,0.0,54632309000.0,52068912250.0,0.0,40193839000.0,,,41477246000.0,,,10114648943.0,426213000.0,-124065000.0,60911000.0,3772730000.0,-214788000.0,4913170000.0,-5123136000.0,-4637732000.0,636179000.0,0.0,706190000.0,706190000.0,706190000.0,-119531000.0,0.0,0.388,954425000.0,864783000.0,0.0,0.0,2.136,14.323,14.065,490687000.0,0.0,43.04,5.56,5.56,0.0,3871614000.0,1819208000.0,1819208000.0,0.0,0.016,0.159,0.019,0.541,28361000.0,703647000.0,1.0,235005784.0,235005784.0,,7.741,43751256000.0,0.0,278124000.0,0.0,186.171,
22,MI,MRT,2005-09-30,2005-09-30,2005-09-30,2021-08-25,6013000.0,44995293000.0,42639234000.0,,,0.068,19.828,-76772000.0,1372111000.0,1372111000.0,0.0,681321000.0,,8.756,11872001000.0,,,11872001000.0,0.0,192070000.0,26991361000.0,0.0,0.0,1022328000.0,1214398000.0,0.422,1214398000.0,1022328000.0,1022328000.0,2.98,2.9,2.98,4611908000.0,4216566750.0,4611908000.0,20517536846.0,20.0,16.895,696110000.0,2.993,1.0,2879304000.0,1.0,2387539000.0,0.0,53107644000.0,49880701500.0,0.0,39115911000.0,,,40383385000.0,,,10129274846.0,348390000.0,-137322000.0,253400000.0,2801402000.0,-205377000.0,4953008000.0,-5377500000.0,-4912429000.0,772882000.0,0.0,681321000.0,681321000.0,681321000.0,0.0,0.0,0.237,1856976000.0,1022328000.0,0.0,0.0,2.196,14.867,14.601,469062000.0,0.0,43.51,3.518,3.515,0.0,3750349000.0,2879304000.0,2879304000.0,0.0,0.016,0.162,0.02,0.355,25125000.0,1419204000.0,1.0,232803375.0,232590000.0,,12.379,42607754000.0,0.0,341007000.0,0.0,183.188,
23,MI,MRT,2005-06-30,2005-06-30,2005-06-30,2021-08-25,15508000.0,43483720000.0,41135291750.0,,,0.068,18.716,-69931000.0,1244622000.0,1244622000.0,0.0,657096000.0,,9.162,11632884000.0,,,11632884000.0,0.0,192070000.0,26061440000.0,0.0,0.0,984991000.0,1177061000.0,0.423,1177061000.0,984991000.0,984991000.0,2.91,2.84,2.91,4278935000.0,3960663750.0,4278935000.0,19512084674.0,20.0,16.577,857550000.0,3.751,1.0,2779513000.0,1.0,2159624000.0,0.0,51712358000.0,47859478250.0,0.0,38063349000.0,,,39204785000.0,,,10177151674.0,108724000.0,-862337000.0,243034000.0,4377983000.0,-196005000.0,5249489000.0,-6068246000.0,-4899430000.0,927481000.0,0.0,657096000.0,657096000.0,657096000.0,0.0,0.0,0.236,1794522000.0,984991000.0,0.0,0.0,2.378,15.488,15.275,448730000.0,0.0,44.45,3.661,3.656,0.0,3626707000.0,2779513000.0,2779513000.0,0.0,0.016,0.166,0.021,0.354,25125000.0,1365020000.0,1.0,228957293.0,228630000.0,,12.157,41324096000.0,0.0,327895000.0,0.0,180.747,
24,MI,MRT,2005-03-31,2005-03-31,2005-03-31,2021-08-25,-16353000.0,41640521000.0,39532266250.0,,,0.067,17.954,-63003000.0,1013518000.0,1013518000.0,0.0,625060000.0,,9.192,10348451000.0,,,10348451000.0,0.0,192070000.0,25701708000.0,0.0,0.0,941328000.0,1133398000.0,0.428,1133398000.0,941328000.0,941328000.0,2.79,2.72,2.79,4085610000.0,3749470750.0,4085610000.0,17066426986.0,18.0,15.058,956396000.0,4.203,1.0,2650675000.0,1.0,2152116000.0,0.0,48823338000.0,45413751500.0,0.0,36424243000.0,,,37554911000.0,,,9497929986.0,256360000.0,-1017605000.0,217796000.0,2564346000.0,-187765000.0,5173032000.0,-5936071000.0,-4673532000.0,1019399000.0,0.0,625060000.0,625060000.0,625060000.0,0.0,0.0,0.236,1709347000.0,941328000.0,0.0,0.0,2.325,15.195,14.964,444702000.0,0.0,41.75,3.583,3.584,0.0,3497731000.0,2650675000.0,2650675000.0,0.0,0.016,0.167,0.021,0.355,25125000.0,1300380000.0,1.0,227495329.0,227557000.0,,11.648,39488405000.0,0.0,316268000.0,0.0,173.532,
25,MI,MRT,2004-12-31,2004-12-31,2004-12-31,2021-08-25,23338000.0,40437402000.0,37991244750.0,,,0.067,17.409,-80428000.0,988138000.0,988138000.0,0.0,605853000.0,,9.396,8556635000.0,,,8556635000.0,0.0,192070000.0,26455087000.0,0.0,0.0,911840000.0,1103910000.0,0.435,1103910000.0,911840000.0,911840000.0,2.72,2.66,2.72,3889814000.0,3578657750.0,3889814000.0,17960480876.0,20.0,16.27,915850000.0,4.099,1.0,2540524000.0,1.0,2126433000.0,0.0,45879466000.0,43571618000.0,0.0,35305570000.0,,,36547588000.0,,,9875712876.0,76512000.0,-1012100000.0,108281000.0,907756000.0,-179855000.0,5045118000.0,-5964884000.0,-4681920000.0,996278000.0,0.0,605853000.0,605853000.0,605853000.0,0.0,0.0,0.238,1628684000.0,911840000.0,0.0,0.0,2.539,16.301,16.25,467225000.0,0.0,44.2,3.887,3.887,0.0,3508477000.0,2540524000.0,2540524000.0,0.0,0.016,0.169,0.021,0.359,25125000.0,1247406000.0,1.0,223432418.0,223432418.0,,11.37,38310969000.0,0.0,305987000.0,0.0,171.466,
26,MI,MRT,2004-09-30,2004-09-30,2004-09-30,2021-08-25,20842000.0,38979524000.0,36475055000.0,,,0.066,16.119,-70718000.0,1023721000.0,1023721000.0,0.0,594391000.0,,9.863,9108489000.0,,,9108489000.0,0.0,200085000.0,24885781000.0,0.0,0.0,880443000.0,1080528000.0,0.451,1080528000.0,880443000.0,880443000.0,2.67,2.62,2.67,3588296000.0,3438377500.0,3588296000.0,15107246635.0,17.0,13.981,955794000.0,4.294,1.0,2395973000.0,1.0,2041541000.0,0.0,45022751000.0,42107773750.0,0.0,33927136000.0,,,35391228000.0,,,8980354635.0,30077000.0,-936043000.0,-197939000.0,2032375000.0,-173529000.0,4276754000.0,-5273189000.0,-4342385000.0,1026512000.0,0.0,594391000.0,594391000.0,594391000.0,0.0,0.0,0.248,1515530000.0,880443000.0,0.0,0.0,2.503,15.108,15.094,461208000.0,0.0,40.3,3.748,3.744,0.0,3381436000.0,2395973000.0,2395973000.0,0.0,0.016,0.173,0.021,0.367,0.0,1172767000.0,1.0,222837584.0,222612000.0,,10.763,36937983000.0,0.0,286052000.0,0.0,165.93,
27,MI,MRT,2004-06-30,2004-06-30,2004-06-30,2021-08-25,-51912000.0,37071618000.0,35167489500.0,,,0.066,15.473,-58824000.0,1135898000.0,1135898000.0,0.0,579241000.0,,9.795,7262790000.0,,,7262790000.0,0.0,200085000.0,25225286000.0,0.0,0.0,812184000.0,1012269000.0,0.435,1012269000.0,812184000.0,812184000.0,2.59,2.54,2.59,3434163000.0,3375593250.0,3434163000.0,15766014606.0,19.0,15.575,1025848000.0,4.622,1.0,2329633000.0,1.0,1269059000.0,0.0,41929451000.0,40535583000.0,0.0,32804000000.0,,,33637455000.0,,,8683450606.0,17756000.0,-192027000.0,-246002000.0,-259942000.0,-167588000.0,2342243000.0,-3409159000.0,-3125256000.0,1084672000.0,0.0,579241000.0,579241000.0,579241000.0,0.0,0.0,0.249,1517449000.0,812184000.0,0.0,0.0,2.529,14.991,15.093,433562000.0,0.0,39.09,3.727,3.724,0.0,3272646000.0,2329633000.0,2329633000.0,0.0,0.016,0.172,0.02,0.349,0.0,1126074000.0,1.0,222139949.0,221950000.0,,10.496,35802559000.0,0.0,232943000.0,0.0,161.309,
28,MI,MRT,2004-03-31,2004-03-31,2004-03-31,2021-08-25,38230000.0,35476435000.0,34416108750.0,,,0.066,15.305,-60823000.0,757158000.0,757158000.0,0.0,562184000.0,,9.427,7839722000.0,,,7839722000.0,0.0,200085000.0,23151011000.0,0.0,0.0,785463000.0,985548000.0,0.435,985548000.0,785463000.0,785463000.0,2.5,2.46,2.5,3402358000.0,3327874000.0,3402358000.0,15186895696.0,19.0,15.41,913795000.0,4.111,1.0,2263907000.0,1.0,1104195000.0,0.0,41454804000.0,39911238750.0,0.0,31827772000.0,,,32074077000.0,,,8430897696.0,-397243000.0,-32657000.0,-250362000.0,66214000.0,-161750000.0,1500155000.0,-2872016000.0,-2662149000.0,974618000.0,0.0,562184000.0,562184000.0,562184000.0,0.0,0.0,0.248,1478444000.0,785463000.0,0.0,0.0,2.478,14.997,15.124,434376000.0,0.0,37.81,3.724,3.713,0.0,3167467000.0,2263907000.0,2263907000.0,0.0,0.016,0.169,0.02,0.347,0.0,1102844000.0,1.0,222980632.0,222301000.0,,10.184,34372240000.0,0.0,223279000.0,0.0,154.62,
29,MI,MRT,2003-12-31,2003-12-31,2003-12-31,2021-08-25,2694000.0,34372643000.0,33859168000.0,,,0.065,14.7,-62125000.0,911626000.0,911626000.0,0.0,544105000.0,,9.326,7667624000.0,,,7667624000.0,0.0,200085000.0,22270105000.0,0.0,0.0,758387000.0,958472000.0,0.434,958472000.0,758387000.0,758387000.0,2.41,2.38,2.41,3328693000.0,3259545000.0,3328693000.0,14728390336.0,19.0,15.367,971443000.0,4.29,1.0,2210094000.0,1.0,1104552000.0,0.0,40024089000.0,39243488000.0,0.0,30504459000.0,,,31043950000.0,,,8661269336.0,-234906000.0,-29395000.0,-151981000.0,-674925000.0,-158007000.0,901648000.0,-2170122000.0,-1852649000.0,1033568000.0,0.0,544105000.0,544105000.0,544105000.0,0.0,0.0,0.246,1451707000.0,758387000.0,0.0,0.0,2.602,15.918,15.871,438485000.0,0.0,38.25,3.919,3.919,0.0,3061246000.0,2210094000.0,2210094000.0,0.0,0.016,0.167,0.019,0.343,0.0,1094810000.0,1.0,226438414.0,226438414.0,,9.76,33268091000.0,0.0,214282000.0,0.0,146.919,
30,MI,MRT,2003-09-30,2003-09-30,2003-09-30,2021-08-25,-6530000.0,33749262000.0,33484667750.0,,,0.065,14.719,-67458000.0,993644000.0,993644000.0,0.0,528016000.0,,9.113,7060765000.0,,,7060765000.0,0.0,91050000.0,22308937000.0,0.0,0.0,751871000.0,842921000.0,0.388,842921000.0,751871000.0,751871000.0,2.35,2.31,2.35,3337159000.0,3186538750.0,3337159000.0,13615671724.0,18.0,16.153,896115000.0,3.952,1.0,2170934000.0,1.0,1082395000.0,0.0,38733988000.0,38991579250.0,0.0,29910038000.0,,,30412103000.0,,,7164879724.0,-114795000.0,121990000.0,-42948000.0,-1592943000.0,-153632000.0,1147463000.0,-2225831000.0,-1815347000.0,963573000.0,0.0,528016000.0,528016000.0,528016000.0,0.0,0.0,0.243,1419063000.0,751871000.0,0.0,0.0,2.147,13.569,13.413,435379000.0,0.0,31.52,3.3,3.292,0.0,2960574000.0,2170934000.0,2170934000.0,0.0,0.016,0.166,0.019,0.346,0.0,1079465000.0,1.0,227312174.0,226724000.0,,9.575,32666867000.0,0.0,223855000.0,0.0,144.082,
31,MI,MRT,2003-06-30,2003-06-30,2003-06-30,2021-08-25,-41127000.0,34066095000.0,32566736000.0,,,0.065,14.32,-63906000.0,1118142000.0,1118142000.0,0.0,506953000.0,,9.504,7568934000.0,,,7568934000.0,0.0,91050000.0,22270140000.0,0.0,0.0,765958000.0,857008000.0,0.408,857008000.0,765958000.0,765958000.0,2.29,2.24,2.29,3243286000.0,3032639500.0,3243286000.0,13560777703.0,18.0,15.823,635445000.0,2.806,1.0,2101580000.0,1.0,1084813000.0,0.0,39432074000.0,38555802250.0,0.0,30076833000.0,,,30822809000.0,,,6931780703.0,-233154000.0,-146146000.0,-14483000.0,-118579000.0,-147695000.0,2114027000.0,-3046532000.0,-2459789000.0,699351000.0,0.0,506953000.0,506953000.0,506953000.0,0.0,0.0,0.241,1335622000.0,765958000.0,0.0,0.0,2.137,13.673,13.354,438197000.0,0.0,30.58,3.298,3.296,0.0,2860996000.0,2101580000.0,2101580000.0,0.0,0.016,0.167,0.02,0.364,0.0,1073585000.0,1.0,226676936.0,226483000.0,,9.279,32981282000.0,0.0,259005000.0,0.0,145.624,
32,MI,MRT,2003-03-31,2003-03-31,2003-03-31,2021-08-25,-50209000.0,33248672000.0,31331318000.0,,,0.066,13.832,-60126000.0,1154401000.0,1154401000.0,0.0,492728000.0,,9.626,7783398000.0,,,7783398000.0,0.0,91050000.0,21326174000.0,0.0,0.0,741750000.0,832800000.0,0.404,832800000.0,741750000.0,741750000.0,2.26,2.19,2.26,3129042000.0,2898560500.0,3129042000.0,13016559511.0,18.0,15.63,664430000.0,2.937,1.0,2059713000.0,1.0,1093868000.0,0.0,38783801000.0,37302704500.0,0.0,29239187000.0,,,30119630000.0,,,5785943511.0,-741106000.0,-149131000.0,-101437000.0,302958000.0,-141936000.0,1831406000.0,-3297068000.0,-2791784000.0,724556000.0,0.0,492728000.0,492728000.0,492728000.0,0.0,0.0,0.239,1317963000.0,741750000.0,0.0,0.0,1.849,11.743,11.31,438820000.0,0.0,25.56,2.809,2.807,0.0,2767034000.0,2059713000.0,2059713000.0,0.0,0.016,0.17,0.02,0.36,0.0,1064106000.0,1.0,226367117.0,226225000.0,,9.105,32154804000.0,0.0,249022000.0,0.0,142.136,
33,MI,MRT,2002-12-31,2002-12-31,2002-12-31,2021-08-25,-44427000.0,32874642000.0,30158957500.0,,,0.067,13.908,-52611000.0,1146532000.0,1146532000.0,0.0,480327000.0,,9.826,8377148000.0,,,8377148000.0,0.0,91050000.0,20393706000.0,0.0,0.0,718592000.0,809642000.0,0.402,809642000.0,718592000.0,718592000.0,2.24,2.16,2.24,3036668000.0,2796997500.0,3036668000.0,13637875478.0,19.0,16.844,885201000.0,4.054,1.0,2014570000.0,1.0,1088804000.0,0.0,39016454000.0,35873420000.0,0.0,28894731000.0,,,29837974000.0,,,5978338478.0,-417233000.0,-153443000.0,-149929000.0,540420000.0,-136955000.0,1623679000.0,-2978724000.0,-2598674000.0,937812000.0,0.0,480327000.0,480327000.0,480327000.0,0.0,0.0,0.238,1295978000.0,718592000.0,0.0,0.0,1.969,12.446,12.223,442395000.0,0.0,27.38,2.968,2.968,0.0,2675148000.0,2014570000.0,2014570000.0,0.0,0.016,0.172,0.02,0.357,0.0,1041271000.0,1.0,218346913.0,218346913.0,,9.226,31785838000.0,0.0,238265000.0,0.0,145.575,
34,MI,MRT,2002-09-30,2002-09-30,2002-09-30,2021-08-25,-30404000.0,30077535000.0,28753418750.0,,,0.068,12.957,-41785000.0,1108439000.0,1108439000.0,0.0,463613000.0,,10.052,8767976000.0,,,8767976000.0,0.0,61894000.0,17669158000.0,0.0,0.0,691729000.0,753623000.0,0.383,753623000.0,691729000.0,691729000.0,2.18,2.11,2.18,2721562000.0,2661072500.0,2721562000.0,11889594913.0,17.0,15.777,435251000.0,2.072,1.0,1966855000.0,1.0,746192000.0,0.0,36990880000.0,34249132250.0,0.0,26267192000.0,,,27355973000.0,,,5863629913.0,-370130000.0,-296323000.0,-302020000.0,1169508000.0,-132338000.0,891662000.0,-1738828000.0,-1091120000.0,477036000.0,0.0,463613000.0,463613000.0,463613000.0,0.0,0.0,0.236,1275126000.0,691729000.0,0.0,0.0,2.155,12.648,12.794,408944000.0,0.0,27.89,2.981,2.978,0.0,2586191000.0,1966855000.0,1966855000.0,0.0,0.016,0.174,0.02,0.352,0.0,1021394000.0,1.0,210241302.0,210047000.0,,9.364,29331343000.0,0.0,228116000.0,0.0,139.642,
35,MI,MRT,2002-06-30,2002-06-30,2002-06-30,2021-08-25,32272000.0,29124423000.0,28065696500.0,,,0.068,12.803,-46735000.0,1351296000.0,1351296000.0,0.0,427692000.0,,9.759,7377261000.0,,,7377261000.0,0.0,61894000.0,18148040000.0,0.0,0.0,633961000.0,695855000.0,0.362,695855000.0,633961000.0,633961000.0,2.01,1.94,2.01,2706970000.0,2627140250.0,2706970000.0,11800756926.0,19.0,16.959,588273000.0,2.782,1.0,1921897000.0,1.0,730705000.0,0.0,34419683000.0,33103947000.0,0.0,25408680000.0,,,26417453000.0,,,6563618926.0,283420000.0,-50245000.0,-368094000.0,604870000.0,-129757000.0,148969000.0,-500557000.0,-16087000.0,635008000.0,0.0,427692000.0,427692000.0,427692000.0,0.0,0.0,0.223,1287936000.0,633961000.0,0.0,0.0,2.425,15.347,15.388,414462000.0,0.0,30.93,3.415,3.403,0.0,2501735000.0,1921897000.0,1921897000.0,0.0,0.015,0.163,0.019,0.33,0.0,1013411000.0,1.0,212208824.0,211428000.0,,9.09,28393718000.0,0.0,206269000.0,0.0,134.295,
36,MI,MRT,2002-03-31,2002-03-31,2002-03-31,2021-08-25,41793000.0,28559230000.0,27258504500.0,,,0.068,12.989,-43873000.0,1895507000.0,1895507000.0,0.0,366948000.0,,9.489,7132645000.0,,,7132645000.0,0.0,61894000.0,17828710000.0,0.0,0.0,540620000.0,602514000.0,0.325,602514000.0,540620000.0,540620000.0,1.735,1.68,1.735,2722790000.0,2539748000.0,2722790000.0,12321218726.0,23.0,20.45,628567000.0,2.999,1.0,1852709000.0,1.0,729705000.0,0.0,33066663000.0,32221380000.0,0.0,24295803000.0,,,25836440000.0,,,6467564726.0,954212000.0,-72605000.0,-276780000.0,1576548000.0,-125662000.0,-622165000.0,903937000.0,1497000000.0,672440000.0,0.0,366948000.0,366948000.0,366948000.0,0.0,0.0,0.198,1312089000.0,540620000.0,0.0,0.0,2.375,17.625,17.937,416547000.0,0.0,31.12,3.491,3.521,0.0,2416242000.0,1852709000.0,1852709000.0,0.0,0.013,0.144,0.017,0.292,0.0,1000952000.0,1.0,207826630.0,209626000.0,,8.838,27829525000.0,0.0,173672000.0,0.0,132.758,
37,MI,MRT,2001-12-31,2001-12-31,2001-12-31,2021-08-25,40600000.0,27252487000.0,26657333250.0,,,0.067,11.81,-44620000.0,1563765000.0,1563765000.0,0.0,337485000.0,,9.932,7417419000.0,,,7417419000.0,0.0,61894000.0,16493047000.0,0.0,0.0,500609000.0,562503000.0,0.314,562503000.0,500609000.0,500609000.0,1.6,1.55,1.6,2492968000.0,2437380000.0,2492968000.0,12335980014.0,25.0,21.931,191063000.0,0.905,1.0,1789914000.0,1.0,586838000.0,0.0,32519303000.0,31488608250.0,0.0,23490686000.0,,,24759519000.0,,,6678911014.0,699072000.0,-64752000.0,-243808000.0,3420849000.0,-122777000.0,-745249000.0,1208638000.0,1877496000.0,235683000.0,0.0,337485000.0,337485000.0,337485000.0,0.0,0.0,0.189,1288869000.0,501045000.0,0.0,0.0,2.679,19.79,19.775,393030000.0,0.0,31.64,3.731,3.731,0.0,2331776000.0,1789914000.0,1789914000.0,0.0,0.013,0.138,0.016,0.28,0.0,985205000.0,1.0,211090740.0,211090740.0,,8.479,26665649000.0,0.0,163124000.0,0.0,126.323,
38,MI,MRT,2001-09-30,2001-09-30,2001-09-30,2021-08-25,53453000.0,27326646000.0,26363646250.0,,,0.065,12.198,-61725000.0,1478569000.0,1478569000.0,0.0,313495000.0,,9.568,7135638000.0,,,7135638000.0,0.0,69197000.0,16677626000.0,0.0,0.0,463545000.0,532742000.0,0.309,532742000.0,463545000.0,463545000.0,1.495,1.44,1.495,2585833000.0,2374685250.0,2585833000.0,11232834669.0,24.0,21.085,518735000.0,2.447,1.0,1723990000.0,1.0,573576000.0,0.0,32410139000.0,30509724750.0,0.0,23692036000.0,,,24740813000.0,,,5861962669.0,591349000.0,-46903000.0,-153967000.0,2601283000.0,-119806000.0,-465403000.0,476292000.0,1100957000.0,580460000.0,0.0,313495000.0,313495000.0,313495000.0,0.0,0.0,0.182,1260009000.0,463981000.0,0.0,0.0,2.267,18.699,18.96,400068000.0,0.0,28.345,3.4,3.486,0.0,2254916000.0,1723990000.0,1723990000.0,0.0,0.012,0.132,0.015,0.269,0.0,961954000.0,1.0,206807644.0,211994000.0,,8.132,26753070000.0,0.0,150050000.0,0.0,126.197,
39,MI,MRT,2001-06-30,2001-06-30,2001-06-30,2021-08-25,64923000.0,25895655000.0,25856279500.0,,,0.063,11.454,-67769000.0,1067876000.0,1067876000.0,0.0,281789000.0,,9.985,6438748000.0,,,6438748000.0,0.0,69197000.0,16249653000.0,0.0,0.0,416021000.0,485218000.0,0.3,485218000.0,416021000.0,416021000.0,1.35,1.31,1.35,2357401000.0,2279130500.0,2357401000.0,9868970932.0,24.0,20.339,786420000.0,3.821,1.0,1617930000.0,1.0,377112000.0,0.0,30889415000.0,29487912500.0,0.0,22883402000.0,,,23538254000.0,,,5549359932.0,181782000.0,-24845000.0,-68389000.0,878979000.0,-116106000.0,-308064000.0,-364343000.0,311307000.0,854189000.0,0.0,281789000.0,281789000.0,281789000.0,0.0,0.0,0.174,1201473000.0,416457000.0,0.0,0.0,2.354,19.693,19.963,390181000.0,0.0,26.95,3.43,3.428,0.0,2203803000.0,1617930000.0,1617930000.0,0.0,0.011,0.124,0.014,0.257,0.0,935566000.0,1.0,205913170.0,205812000.0,,7.861,25518543000.0,0.0,134232000.0,0.0,123.99,
40,MI,MRT,2001-03-31,2001-03-31,2001-03-31,2021-08-25,59548000.0,26154545000.0,25687303750.0,,,0.062,11.247,-71393000.0,941295000.0,941295000.0,0.0,312853000.0,,10.306,5260906000.0,,,5260906000.0,0.0,69197000.0,17773340000.0,0.0,0.0,464085000.0,533282000.0,0.335,533282000.0,464085000.0,464085000.0,1.495,1.445,1.495,2313318000.0,2221927250.0,2313318000.0,8303780209.0,18.0,15.571,829354000.0,4.032,1.0,1590807000.0,1.0,338580000.0,0.0,30135576000.0,29144841500.0,0.0,23316058000.0,,,23841227000.0,,,5432466209.0,48384000.0,0.0,-71842000.0,25088000.0,-113761000.0,199430000.0,-1051793000.0,-405867000.0,900747000.0,0.0,312853000.0,312853000.0,312853000.0,0.0,0.0,0.197,1126286000.0,464521000.0,0.0,0.0,2.348,17.364,17.662,384174000.0,0.0,26.405,3.415,3.414,0.0,2174964000.0,1590807000.0,1590807000.0,0.0,0.012,0.141,0.016,0.292,0.0,914855000.0,1.0,205736270.0,205678000.0,,7.734,25815965000.0,0.0,151232000.0,0.0,125.516,
41,MI,MRT,2000-12-31,2000-12-31,2000-12-31,2021-08-25,38127000.0,26077739000.0,25389602000.0,,,0.062,10.776,-78817000.0,864693000.0,864693000.0,0.0,315123000.0,,10.63,3736007000.0,,,3736007000.0,0.0,69197000.0,19248627000.0,0.0,0.0,468071000.0,537268000.0,0.341,537268000.0,468071000.0,468071000.0,1.5,1.45,1.5,2242189000.0,2162276500.0,2242189000.0,8659224587.0,18.0,16.117,919650000.0,4.42,1.0,1574248000.0,1.0,345284000.0,0.0,28603769000.0,28840912000.0,0.0,23259084000.0,,,23835550000.0,,,5288015587.0,-15163000.0,-265000.0,-151078000.0,-1473311000.0,-111379000.0,728912000.0,-1742542000.0,-1108055000.0,998467000.0,0.0,315123000.0,315123000.0,315123000.0,0.0,0.0,0.2,1103898000.0,470350000.0,0.0,0.0,2.358,16.781,16.943,392995000.0,0.0,25.415,3.359,3.359,0.0,2117759000.0,1574248000.0,1574248000.0,0.0,0.012,0.146,0.016,0.297,0.0,900842000.0,1.0,208066716.0,208066716.0,,7.566,25732455000.0,0.0,152948000.0,0.0,123.674,
42,MI,MRT,2000-09-30,2000-09-30,2000-09-30,2021-08-25,1812000.0,25297179000.0,24962598000.0,,,0.063,10.604,-70721000.0,887220000.0,887220000.0,0.0,321418000.0,,10.48,4258429000.0,,,4258429000.0,0.0,86156000.0,18089400000.0,0.0,0.0,473005000.0,559161000.0,0.353,559161000.0,473005000.0,473005000.0,1.515,1.465,1.515,2203614000.0,2130960750.0,2203614000.0,9857935147.0,21.0,17.63,851416000.0,4.097,1.0,1584057000.0,1.0,345498000.0,0.0,28322890000.0,28772152250.0,0.0,22491873000.0,,,23093565000.0,,,5211876147.0,47526000.0,30552000.0,-139263000.0,-928493000.0,-109261000.0,1276041000.0,-2150652000.0,-1568679000.0,922137000.0,0.0,321418000.0,321418000.0,321418000.0,0.0,0.0,0.203,1108773000.0,475284000.0,0.0,0.0,2.365,16.215,16.543,379277000.0,0.0,25.062,3.29,3.288,0.0,2062001000.0,1584057000.0,1584057000.0,0.0,0.013,0.151,0.016,0.299,0.0,917681000.0,1.0,207955158.0,207802000.0,,7.623,24951681000.0,0.0,151587000.0,0.0,120.074,
43,MI,MRT,2000-06-30,2000-06-30,2000-06-30,2021-08-25,-50246000.0,25219752000.0,24535365750.0,,,0.066,10.244,-70513000.0,886094000.0,886094000.0,0.0,360645000.0,,10.848,5532153000.0,,,5532153000.0,0.0,86156000.0,16906439000.0,0.0,0.0,533750000.0,619906000.0,0.38,619906000.0,533750000.0,533750000.0,1.7,1.63,1.7,2128588000.0,2111345000.0,2128588000.0,8631333798.0,16.0,13.924,504450000.0,2.428,1.0,1630958000.0,1.0,348680000.0,0.0,29517131000.0,28583664250.0,0.0,22502777000.0,,,23091164000.0,,,4316371798.0,82679000.0,13264000.0,-198836000.0,1327636000.0,-107225000.0,2032708000.0,-2524992000.0,-2023972000.0,574963000.0,0.0,360645000.0,360645000.0,360645000.0,0.0,0.0,0.221,1094929000.0,536029000.0,0.0,0.0,2.028,11.968,12.206,372157000.0,0.0,20.75,2.647,2.644,0.0,2038922000.0,1630958000.0,1630958000.0,0.0,0.015,0.171,0.019,0.327,0.0,903333000.0,1.0,208017918.0,207790000.0,,7.849,24871072000.0,0.0,173105000.0,0.0,119.693,
44,MI,MRT,2000-03-31,2000-03-31,2000-03-31,2021-08-25,-45057000.0,24963738000.0,23928552500.0,,,0.068,9.912,-71650000.0,892911000.0,892911000.0,0.0,357416000.0,,11.032,5207873000.0,,,5207873000.0,0.0,86156000.0,17068321000.0,0.0,0.0,533381000.0,619537000.0,0.383,619537000.0,533381000.0,533381000.0,1.68,1.6,1.68,2074715000.0,2113241250.0,2074715000.0,10364115968.0,19.0,16.729,392278000.0,1.874,1.0,1617431000.0,1.0,358842000.0,0.0,28919858000.0,27659325500.0,0.0,22258929000.0,,,22889023000.0,,,6038692968.0,162901000.0,-53856000.0,-277034000.0,1364634000.0,-105511000.0,2578829000.0,-2879856000.0,-2328932000.0,463928000.0,0.0,357416000.0,357416000.0,357416000.0,0.0,0.0,0.221,1081771000.0,535660000.0,0.0,0.0,2.911,16.895,17.188,370663000.0,0.0,28.875,3.734,3.737,0.0,1976667000.0,1617431000.0,1617431000.0,0.0,0.015,0.169,0.019,0.33,0.0,888448000.0,1.0,209132224.0,209314000.0,,7.727,24604896000.0,0.0,175965000.0,0.0,117.55,
45,MI,MRT,1999-12-31,1999-12-31,1999-12-31,2021-08-25,-32749000.0,24369723000.0,23185020250.0,,,0.067,9.938,-66899000.0,879856000.0,879856000.0,0.0,354511000.0,,10.512,5205279000.0,,,5205279000.0,0.0,86156000.0,16435182000.0,0.0,0.0,527939000.0,614095000.0,0.393,614095000.0,527939000.0,527939000.0,1.66,1.57,1.66,2116926000.0,2138870500.0,2116926000.0,11033472573.0,21.0,17.967,557316000.0,2.616,1.0,1562938000.0,1.0,366416000.0,0.0,28328730000.0,26623778750.0,0.0,21684291000.0,,,22252797000.0,,,6689960573.0,-26882000.0,-53591000.0,-298790000.0,2329509000.0,-104490000.0,2449262000.0,-3100359000.0,-2563275000.0,624215000.0,0.0,354511000.0,354511000.0,354511000.0,0.0,0.0,0.227,1034999000.0,527939000.0,0.0,0.0,3.16,18.871,18.919,370534000.0,0.0,31.406,4.28,4.28,0.0,1914128000.0,1562938000.0,1562938000.0,0.0,0.015,0.166,0.02,0.338,0.0,834173000.0,1.0,213013670.0,213013670.0,,7.337,24003307000.0,0.0,173428000.0,0.0,112.684,
46,MI,MRT,1999-09-30,1999-09-30,1999-09-30,2021-08-25,-3590000.0,23588250000.0,22484162750.0,,,0.069,10.252,-59592000.0,839694000.0,839694000.0,0.0,347355000.0,,10.1,5183206000.0,,,5183206000.0,0.0,111392000.0,15638245000.0,0.0,0.0,526054000.0,637446000.0,0.408,637446000.0,526054000.0,526054000.0,1.625,1.525,1.625,2125151000.0,2170583750.0,2125151000.0,9283197608.0,18.0,14.563,490090000.0,2.364,1.0,1561428000.0,1.0,362824000.0,0.0,27568938000.0,25340543500.0,0.0,20984854000.0,,,21463099000.0,,,5885273608.0,-89234000.0,-89578000.0,-259082000.0,1165317000.0,-103144000.0,1951540000.0,-2590456000.0,-1627781000.0,549682000.0,0.0,347355000.0,347355000.0,347355000.0,0.0,0.0,0.222,1035374000.0,526054000.0,0.0,0.0,2.769,16.943,17.558,362111000.0,0.0,28.531,3.769,3.788,0.0,1849872000.0,1561428000.0,1561428000.0,0.0,0.015,0.16,0.021,0.337,0.0,827576000.0,1.0,206274650.0,207282000.0,,7.533,23225426000.0,0.0,178699000.0,0.0,112.047,
47,MI,MRT,1999-06-30,1999-06-30,1999-06-30,2021-08-25,14757000.0,22792499000.0,21889145500.0,,,0.069,10.258,-52685000.0,803415000.0,803415000.0,0.0,336674000.0,,9.67,4201339000.0,,,4201339000.0,0.0,111392000.0,15897469000.0,0.0,0.0,513288000.0,624680000.0,0.414,624680000.0,513288000.0,513288000.0,1.565,1.465,1.565,2136173000.0,2187960250.0,2136173000.0,9836276591.0,19.0,15.746,454942000.0,2.185,1.0,1507444000.0,1.0,370647000.0,0.0,25819776000.0,24436199750.0,0.0,20270788000.0,,,20656326000.0,,,6727057591.0,-54628000.0,-72290000.0,-200007000.0,387197000.0,-101670000.0,1381050000.0,-1943305000.0,-1041753000.0,507627000.0,0.0,336674000.0,336674000.0,336674000.0,0.0,0.0,0.223,994156000.0,513288000.0,0.0,0.0,3.149,19.981,20.567,358402000.0,0.0,32.188,4.463,4.447,0.0,1785500000.0,1507444000.0,1507444000.0,0.0,0.015,0.154,0.021,0.341,0.0,792773000.0,1.0,208995964.0,208246000.0,,7.239,22421852000.0,0.0,176614000.0,0.0,107.67,
48,MI,MRT,1999-03-31,1999-03-31,1999-03-31,2021-08-25,40601000.0,21989609000.0,21436822500.0,,,0.068,10.322,-51308000.0,730010000.0,730010000.0,0.0,311348000.0,,9.1,3839229000.0,,,3839229000.0,0.0,111392000.0,15475080000.0,0.0,0.0,476420000.0,587812000.0,0.4,587812000.0,476420000.0,476420000.0,1.44,1.35,1.44,2177232000.0,2182771000.0,2177232000.0,7846621944.0,16.0,13.349,380913000.0,1.806,1.0,1467756000.0,1.0,321157000.0,0.0,24777671000.0,23876706000.0,0.0,19633722000.0,,,19812377000.0,,,5881592944.0,-167690000.0,-5170000.0,-126421000.0,669853000.0,-99906000.0,994576000.0,-1594487000.0,-789839000.0,432221000.0,0.0,311348000.0,311348000.0,311348000.0,0.0,0.0,0.212,991336000.0,476420000.0,0.0,0.0,2.701,18.891,19.249,354504000.0,0.0,27.719,4.007,3.983,0.0,1724779000.0,1467756000.0,1467756000.0,0.0,0.015,0.143,0.02,0.325,0.0,758996000.0,1.0,212188246.0,210932000.0,,6.958,21668452000.0,0.0,165072000.0,0.0,102.727,
49,MI,MRT,1998-12-31,1998-12-31,1998-12-31,2021-08-25,58102000.0,21566293000.0,21101729750.0,,,0.068,10.577,-60811000.0,906738000.0,906738000.0,0.0,301323000.0,,8.612,2871767000.0,,,2871767000.0,0.0,111392000.0,15919919000.0,0.0,0.0,465285000.0,576677000.0,0.4,576677000.0,465285000.0,465285000.0,1.395,1.305,1.395,2243779000.0,2157039000.0,2243779000.0,9281894479.0,20.0,16.095,209099000.0,0.986,1.0,1443480000.0,1.0,335533000.0,0.0,23195789000.0,23320627000.0,0.0,18961785000.0,,,19322514000.0,,,6198229479.0,-11325000.0,-5170000.0,-14547000.0,-80604000.0,-97241000.0,708433000.0,-989668000.0,-220822000.0,269910000.0,0.0,301323000.0,301323000.0,301323000.0,0.0,0.0,0.209,978195000.0,465285000.0,0.0,0.0,2.762,20.57,20.945,360345000.0,0.0,29.219,4.294,4.294,0.0,1664123000.0,1443480000.0,1443480000.0,0.0,0.014,0.14,0.02,0.322,0.0,746038000.0,1.0,212131918.0,212131918.0,,6.805,21230760000.0,0.0,163962000.0,0.0,100.083,
50,MI,MRT,1998-09-30,1998-09-30,1998-09-30,2021-08-25,66971000.0,21208181000.0,20835696000.0,,,0.066,10.376,-73509000.0,928928000.0,928928000.0,0.0,293018000.0,,8.664,4012593000.0,,,4012593000.0,0.0,63935000.0,14496437000.0,0.0,0.0,452082000.0,516017000.0,0.375,516017000.0,452082000.0,452082000.0,1.355,1.27,1.355,2194657000.0,2101701500.0,2194657000.0,8014675877.0,18.0,15.532,227147000.0,1.074,1.0,1377400000.0,1.0,340283000.0,0.0,23951563000.0,23064117500.0,0.0,19036409000.0,,,19013524000.0,,,5067931877.0,-29209000.0,-231853000.0,-5437000.0,445840000.0,-94421000.0,513315000.0,-843180000.0,-240544000.0,300656000.0,0.0,293018000.0,293018000.0,293018000.0,0.0,0.0,0.213,925318000.0,452082000.0,0.0,0.0,2.309,17.296,17.62,360096000.0,0.0,23.875,3.679,3.666,0.0,1605680000.0,1377400000.0,1377400000.0,0.0,0.014,0.139,0.02,0.328,0.0,695028000.0,1.0,212269398.0,211516000.0,,6.512,20867898000.0,0.0,159064000.0,0.0,98.659,
51,MI,MRT,1998-06-30,1998-06-30,1998-06-30,2021-08-25,43730000.0,20983207000.0,19721922250.0,,,0.068,9.998,-71150000.0,858043000.0,858043000.0,0.0,280180000.0,,8.919,3804787000.0,,,3804787000.0,0.0,63935000.0,14607218000.0,0.0,0.0,431266000.0,495201000.0,0.372,495201000.0,431266000.0,431266000.0,1.325,1.245,1.325,2115416000.0,1922641750.0,2115416000.0,7494941448.0,17.0,15.135,229080000.0,1.083,1.0,1331849000.0,1.0,348150000.0,0.0,23581801000.0,21746859000.0,0.0,18891075000.0,,,18867791000.0,,,5405233448.0,-98980000.0,-231853000.0,-18726000.0,410435000.0,-89055000.0,696561000.0,-1095771000.0,-494553000.0,300230000.0,0.0,280180000.0,280180000.0,280180000.0,0.0,0.0,0.21,900583000.0,431266000.0,0.0,0.0,2.555,19.292,19.269,356579000.0,0.0,25.531,4.058,4.056,0.0,1550516000.0,1331849000.0,1331849000.0,0.0,0.014,0.146,0.02,0.324,0.0,674453000.0,1.0,211710490.0,211580000.0,,6.295,20635057000.0,0.0,151086000.0,0.0,97.528,
52,MI,MRT,1998-03-31,1998-03-31,1998-03-31,2021-08-25,48243000.0,20649238000.0,18585499750.0,,,0.068,9.838,-73707000.0,897700000.0,897700000.0,0.0,277392000.0,,8.955,3159761000.0,,,3159761000.0,0.0,63935000.0,14925086000.0,0.0,0.0,423887000.0,487822000.0,0.387,487822000.0,423887000.0,423887000.0,1.355,1.265,1.355,2074304000.0,1751060750.0,2074304000.0,7712484982.0,18.0,15.81,230063000.0,1.091,1.0,1261485000.0,1.0,357944000.0,0.0,22553355000.0,20405484750.0,0.0,18518498000.0,,,18574934000.0,,,5908315982.0,383000.0,-231853000.0,-23340000.0,-154461000.0,-83967000.0,763633000.0,-1067020000.0,-482979000.0,303770000.0,0.0,277392000.0,277392000.0,277392000.0,0.0,0.0,0.22,837598000.0,423887000.0,0.0,0.0,2.848,21.3,21.448,355701000.0,0.0,29.062,4.684,4.858,0.0,1513348000.0,1261485000.0,1261485000.0,0.0,0.015,0.158,0.021,0.336,0.0,650354000.0,1.0,203296894.0,210854000.0,,5.983,20291294000.0,0.0,146495000.0,0.0,96.234,
53,MI,MRT,1997-12-31,1997-12-31,1997-12-31,2021-08-25,52098000.0,20502158000.0,17145744250.0,,,0.069,9.948,-68829000.0,918063000.0,918063000.0,0.0,256685000.0,,9.137,2942622000.0,,,2942622000.0,0.0,63935000.0,15020328000.0,0.0,0.0,388172000.0,452107000.0,0.381,452107000.0,388172000.0,388172000.0,1.31,1.215,1.31,2022429000.0,1552527500.0,2022429000.0,,,,205945000.0,1.013,1.0,1185383000.0,1.0,356966000.0,0.0,22169751000.0,18879297250.0,0.0,18359227000.0,,,18479729000.0,,,6314909770.0,-98953000.0,-231853000.0,-40892000.0,-114858000.0,-79272000.0,773123000.0,-1146850000.0,-562724000.0,274774000.0,0.0,256685000.0,256685000.0,256685000.0,0.0,0.0,0.217,797211000.0,388172000.0,0.0,0.0,3.122,24.602,23.712,351423000.0,0.0,31.062,5.327,5.327,0.0,1460646000.0,1185383000.0,1185383000.0,0.0,0.015,0.165,0.021,0.327,0.0,624112000.0,1.0,203296894.0,203296894.0,,5.831,20145192000.0,0.0,131487000.0,0.0,99.092,
54,MI,MRT,1997-09-30,1997-09-30,1997-09-30,2021-08-25,43957000.0,16753086000.0,15711033000.0,,,,7.996,,958137000.0,958137000.0,,,,10.332,2887580000.0,,,2887580000.0,0.0,,11960631000.0,0.0,0.0,,,,,,,,,,1478418000.0,1362222750.0,1478418000.0,,,,,,1.0,,,0.0,,18682529000.0,17328368000.0,0.0,15030930000.0,,,15274668000.0,,,,,,,,,,,,,,,,,,,,,,0.0,,,,,331021000.0,,25.312,,,0.0,1407692000.0,,,,,,,,,,1.0,,184886000.0,,,16753086000.0,0.0,,0.0,90.613,
55,MI,MRT,1997-06-30,1997-06-30,1997-06-30,2021-08-25,29247000.0,16437517000.0,,,,,7.737,,957023000.0,957023000.0,,,,10.502,2735810000.0,,,2735810000.0,0.0,,11848870000.0,0.0,0.0,,,,,,,,,,1429092000.0,,1429092000.0,,,,,,1.0,,,0.0,,18216304000.0,,0.0,14645765000.0,,,15008425000.0,,,,,,,,,,,,,,,,,,,,,,0.0,,,,,332318000.0,,20.312,,,0.0,1362515000.0,,,,,,,,,,1.0,,184716000.0,,,16437517000.0,0.0,,0.0,88.988,
56,MI,MRT,1997-03-31,1997-03-31,1997-03-31,2021-08-25,11043000.0,14890216000.0,,,,,7.217,,848225000.0,848225000.0,,,,10.631,2406614000.0,,,2406614000.0,0.0,,10835655000.0,0.0,0.0,,,,,,,,,,1280171000.0,,1280171000.0,,,,,,1.0,,,0.0,,16448605000.0,,0.0,13301548000.0,,,13610045000.0,,,,,,,,,,,,,,,,,,,,,,0.0,,,,,318092000.0,,18.25,,,0.0,1246450000.0,,,,,,,,,,1.0,,177382000.0,,,14890216000.0,0.0,,0.0,83.944,
57,MI,MRT,1996-12-31,1996-12-31,1996-12-31,2021-08-25,27865000.0,14763313000.0,,,,,,-53383000.0,967924000.0,967924000.0,0.0,206635000.0,,10.706,2170645000.0,,,2170645000.0,0.0,56094000.0,10952358000.0,0.0,0.0,317949000.0,374043000.0,0.363,374043000.0,317949000.0,317949000.0,1.06,0.99,1.06,1261210000.0,,1261210000.0,,,,186807000.0,,1.0,1031481000.0,1.0,0.0,0.0,15966034000.0,,0.0,12296419000.0,,,13502103000.0,,,,88752000.0,13729000.0,-166748000.0,793708000.0,-70966000.0,1233146000.0,-1384584000.0,-1154590000.0,240190000.0,0.0,206635000.0,206635000.0,206635000.0,0.0,0.0,0.2,713532000.0,317949000.0,0.0,0.0,,,16.333,313381000.0,0.0,17.312,,,0.0,1209167000.0,1031481000.0,1031481000.0,0.0,,,,0.308,0.0,557008000.0,1.0,,,,,14763313000.0,0.0,111314000.0,0.0,,
58,MI,MRT,1995-12-31,1995-12-31,1995-12-31,2021-08-25,,,,,,,,-39881000.0,,,0.0,193299000.0,,,,,,,,47167000.0,,0.0,0.0,299879000.0,347046000.0,0.386,347046000.0,299879000.0,299879000.0,1.02,0.95,1.02,,,,,,,187823000.0,,1.0,899501000.0,1.0,,0.0,,,,,,,,,,,-70402000.0,0.0,-52025000.0,-355188000.0,-62985000.0,80069000.0,-378175000.0,-232598000.0,227704000.0,0.0,193299000.0,193299000.0,193299000.0,0.0,0.0,0.215,599622000.0,299879000.0,,0.0,,,12.745,,0.0,13.0,,,,,899501000.0,899501000.0,0.0,,,,0.333,0.0,492002000.0,1.0,,,,,,,106580000.0,,,
