None,ticker,dimension,calendardate,datekey,reportperiod,lastupdated,accoci,assets,assetsavg,assetsc,assetsnc,assetturnover,bvps,capex,cashneq,cashnequsd,cor,consolinc,currentratio,de,debt,debtc,debtnc,debtusd,deferredrev,depamor,deposits,divyield,dps,ebit,ebitda,ebitdamargin,ebitdausd,ebitusd,ebt,eps,epsdil,epsusd,equity,equityavg,equityusd,ev,evebit,evebitda,fcf,fcfps,fxusd,gp,grossmargin,intangibles,intexp,invcap,invcapavg,inventory,investments,investmentsc,investmentsnc,liabilities,liabilitiesc,liabilitiesnc,marketcap,ncf,ncfbus,ncfcommon,ncfdebt,ncfdiv,ncff,ncfi,ncfinv,ncfo,ncfx,netinc,netinccmn,netinccmnusd,netincdis,netincnci,netmargin,opex,opinc,payables,payoutratio,pb,pe,pe1,ppnenet,prefdivis,price,ps,ps1,receivables,retearn,revenue,revenueusd,rnd,roa,roe,roic,ros,sbcomp,sgna,sharefactor,sharesbas,shareswa,shareswadil,sps,tangibles,taxassets,taxexp,taxliabilities,tbvps,workingcapital
0,GPN,ARY,2020-12-31,2021-02-19,2020-12-31,2021-08-02,-202273000,44201545000,44150600500.0,4592360000,39609185000,0.168,92.576,-436236000.0,1945868000,1945868000,3650727000.0,605100000.0,1.01,0.612,9652462000,1186055000,8466407000,9652462000,0,1713032000.0,0,0.004,0.78,1005221000.0,2718253000.0,0.366,2718253000.0,1005221000.0,661673000.0,1.95,1.95,1.95,27332370000,27456174250.0,27332370000,65036957800,65.0,23.926,1877914000.0,6.361,1.0,3772831000.0,0.508,35887334000,343548000.0,11471714000,11788794000.0,0,0,0,0,16714501000,4549091000,12165410000,57330363800,411498000.0,-41429000.0,-626249000.0,-82282000.0,-233216000.0,-1546142000.0,-438342000.0,0.0,2314150000.0,81832000.0,584520000.0,584520000.0,584520000.0,0.0,20580000.0,0.079,2878878000.0,893953000.0,2061384000,0.4,2.098,98.081,99.579,1578532000,0.0,194.18,7.723,7.723,794172000,2570874000,7423558000.0,7423558000.0,0.0,0.013,0.021,0.085,0.135,148792000.0,2878878000.0,1.0,295243402,295243402.0,,25.144,8314211000,7627000,77153000.0,2948390000,28.161,43269000
1,GPN,ARY,2019-12-31,2020-02-21,2019-12-31,2021-08-02,-310571000,44480162000,29756475500.0,4366448000,40113714000,0.165,92.968,-307868000.0,1678273000,1678273000,2073803000.0,469276000.0,1.22,0.59,9588738000,498374000,9090364000,9588738000,0,930947000.0,0,0.001,0.225,797708000.0,1728655000.0,0.352,1728655000.0,797708000.0,492803000.0,2.17,2.16,2.17,27855747000,15892949500.0,27855747000,69151284555,87.0,40.003,1083410000.0,3.616,1.0,2838089000.0,0.578,36914395000,304905000.0,11896886000,8941121250.0,0,0,0,0,16425173000,3579346000,12845827000,61240819555,467395000.0,-644622000.0,-349446000.0,439142000.0,-63498000.0,-28674000.0,-917086000.0,0.0,1391278000.0,21877000.0,430613000.0,430613000.0,430613000.0,0.0,38663000.0,0.088,2046672000.0,791417000.0,1822166000,0.104,2.198,142.218,94.189,1382802000,0.0,204.39,12.468,12.468,895232000,2333011000,4911892000.0,4911892000.0,0.0,0.014,0.027,0.089,0.162,89634000.0,2046672000.0,1.0,299627279,299627279.0,,16.393,7565767000,6292000,62190000.0,3145641000,25.251,787102000
2,GPN,ARY,2018-12-31,2019-02-21,2018-12-31,2021-08-02,-310175000,13230774000,13068296000.0,3376208000,9854566000,0.258,25.326,-213290000.0,1210878000,1210878000,1095014000.0,484667000.0,1.033,2.266,5830729000,815561000,5015168000,5830729000,0,522813000.0,0,0.0,0.04,725160000.0,1247973000.0,0.371,1247973000.0,725160000.0,529541000.0,2.85,2.84,2.85,3991407000,3936916500.0,3991407000,24575581352,34.0,19.692,892792000.0,5.665,1.0,2271352000.0,0.675,8829973000,195619000.0,5752032000,5340754000.0,0,0,0,0,9044431000,3268620000,5775811000,19955730352,-124977000.0,-1259692000.0,-225390000.0,524338000.0,-6332000.0,286930000.0,-1476287000.0,0.0,1106082000.0,-41702000.0,452053000.0,452053000.0,452053000.0,0.0,32614000.0,0.134,1534297000.0,737055000.0,1176703000,0.014,5.0,44.145,44.428,653542000,0.0,126.62,5.928,5.928,348400000,2066415000,3366366000.0,3366366000.0,0.0,0.035,0.115,0.136,0.215,57826000.0,1534297000.0,1.0,157603304,157603304.0,,21.36,4400801000,8128000,77488000.0,585025000,27.923,107588000
3,GPN,ARY,2017-12-31,2018-02-23,2017-12-31,2021-08-02,-183144000,12998069000,11319028750.0,4303579000,8694490000,0.351,23.834,-144340000.0,1335855000,1335855000,1928037000.0,494070000.0,1.128,2.38,5294882000,735474000,4559408000,5294882000,0,451151000.0,0,0.0,0.033,541885000.0,993036000.0,0.25,993036000.0,541885000.0,367038000.0,3.03,3.01,3.03,3794527000,3226934250.0,3794527000,22181730422,41.0,22.337,368048000.0,2.312,1.0,2047126000.0,0.515,7885699000,174847000.0,5255807000,4896683250.0,0,0,0,0,9032838000,3815590000,5217248000,18222703422,173076000.0,-562688000.0,-56457000.0,424795000.0,-6732000.0,352305000.0,-736025000.0,0.0,512388000.0,44408000.0,468425000.0,468425000.0,468425000.0,0.0,25645000.0,0.118,1488258000.0,558868000.0,1039607000,0.011,4.802,38.902,37.776,588348000,0.0,114.46,4.584,4.584,301887000,1597897000,3975163000.0,3975163000.0,0.0,0.041,0.145,0.111,0.136,39095000.0,1488258000.0,1.0,159205866,159205866.0,,24.969,5112370000,13146000,-101387000.0,436879000,32.112,487989000
4,GPN,ARY,2016-12-31,2016-07-28,2016-05-31,2021-08-02,-246050000,10509952000,6502518000.0,2851313000,7658639000,0.446,17.877,-91591000.0,1044728000,1044728000,1147639000.0,290217000.0,1.173,2.779,4893722000,513978000,4379744000,4893722000,0,187881000.0,0,0.001,0.04,411677000.0,599558000.0,0.207,599558000.0,411677000.0,342361000.0,2.05,2.04,2.05,2746476000,1294611500.0,2746476000,15861328626,39.0,26.455,493410000.0,3.212,1.0,1750511000.0,0.604,7094113000,69316000.0,4834126000,2882159250.0,0,0,0,0,7632548000,2430707000,5201841000,12012334626,393989000.0,-2035657000.0,-139710000.0,2117231000.0,-5439000.0,1965487000.0,-2127248000.0,0.0,585001000.0,-29251000.0,271666000.0,271666000.0,271666000.0,0.0,18551000.0,0.094,1325567000.0,424944000.0,696414000,0.02,4.374,44.217,38.141,493678000,0.0,78.19,4.145,4.145,288411000,1015811000,2898150000.0,2898150000.0,0.0,0.042,0.21,0.143,0.142,30809000.0,1325567000.0,1.0,153630063,153630063.0,,18.864,3415839000,22719000,70695000.0,744862000,22.234,420606000
5,GPN,ARY,2015-12-31,2015-07-30,2015-05-31,2021-08-02,-185992000,5793548000,4673202750.0,3302295000,2491253000,0.594,5.82,-92550000.0,650739000,650739000,1022107000.0,309115000.0,1.095,6.504,2335129000,655129000,1680000000,2335129000,0,137505000.0,0,0.001,0.04,430471000.0,567976000.0,0.205,567976000.0,430471000.0,386035000.0,2.075,2.06,2.075,757976000,854991250.0,757976000,8967307236,21.0,15.788,332151000.0,2.55,1.0,1751611000.0,0.632,2051969000,44436000.0,2410065000,2354611500.0,5228000,0,0,0,4929995000,3015904000,1914091000,7282917236,68867000.0,-359187000.0,-365527000.0,546819000.0,-5340000.0,141375000.0,-440921000.0,10816000.0,424701000.0,-56288000.0,278040000.0,278040000.0,278040000.0,0.0,31075000.0,0.1,1295014000.0,456597000.0,312647000,0.019,9.608,26.194,26.949,374143000,0.0,55.92,2.626,2.626,202938000,795226000,2773718000.0,2773718000.0,0.0,0.059,0.325,0.183,0.155,21056000.0,1295014000.0,1.0,130238148,130238148.0,,21.297,3741579000,42242000,107995000.0,228897000,28.729,286391000
6,GPN,ARY,2014-12-31,2014-07-29,2014-05-31,2021-08-02,-1776000,4018650000,3738854750.0,1643444000,2375206000,0.683,7.313,-81411000.0,581872000,581872000,952225000.0,269952000.0,1.356,2.894,1833807000,457805000,1376002000,1833807000,0,122069000.0,0,0.001,0.04,394496000.0,516565000.0,0.202,516565000.0,394496000.0,352684000.0,1.7,1.685,1.7,997227000,1070367500.0,997227000,6142811337,16.0,11.892,112687000.0,0.826,1.0,1602011000.0,0.627,1872458000,41812000.0,2186509000,1758320500.0,6636000,0,0,0,2885851000,1211618000,1674233000,4890876337,-98598000.0,-422917000.0,-421261000.0,676109000.0,-5757000.0,218896000.0,-501670000.0,2658000.0,194098000.0,-9922000.0,245286000.0,245286000.0,245286000.0,0.0,24666000.0,0.096,1196512000.0,405499000.0,290106000,0.024,4.904,19.939,21.097,369753000,0.0,35.865,1.915,1.915,215383000,815980000,2554236000.0,2554236000.0,0.0,0.066,0.229,0.224,0.154,29793000.0,1203512000.0,1.0,136369060,136369060.0,,18.73,2146192000,114891000,107398000.0,221489000,15.738,431826000
7,GPN,ARY,2013-12-31,2013-07-25,2013-05-31,2021-08-02,-15062000,3125056000,3108873250.0,1214492000,1910564000,0.764,7.582,-98590000.0,680470000,680470000,862075000.0,238713000.0,1.725,1.604,1150930000,259796000,891134000,1150930000,0,111788000.0,0,0.002,0.04,344978000.0,456766000.0,0.192,456766000.0,344978000.0,311696000.0,1.39,1.38,1.39,1146085000,1169022000.0,1146085000,4149653996,12.0,9.085,141956000.0,0.939,1.0,1513848000.0,0.637,1445070000,33282000.0,1446332000,1067293750.0,11057000,0,0,0,1838449000,704114000,1134335000,3679193996,-100805000.0,-434016000.0,-174998000.0,621061000.0,-6198000.0,183522000.0,-528567000.0,1227000.0,240546000.0,3694000.0,216125000.0,216125000.0,216125000.0,0.0,22588000.0,0.091,1156635000.0,357213000.0,262890000,0.029,3.21,17.023,17.511,348064000,0.0,24.34,1.549,1.549,190591000,958751000,2375923000.0,2375923000.0,0.0,0.07,0.185,0.323,0.145,18427000.0,1119860000.0,1.0,151158340,151158340.0,,15.718,1679986000,101663000,95571000.0,189593000,11.114,510378000
8,GPN,ARY,2012-12-31,2012-09-28,2012-05-31,2021-08-02,-30000000,2688143000,2658652750.0,1248739000,1439404000,0.829,7.451,-109876000.0,781275000,781275000,784756000.0,217566000.0,1.491,1.06,528376000,291811000,236565000,528376000,0,99099000.0,0,0.002,0.04,287890000.0,386989000.0,0.176,386989000.0,287890000.0,271042000.0,1.195,1.185,1.195,1172184000,1176556750.0,1172184000,3037393333,11.0,7.849,-283351000.0,-1.801,1.0,1419091000.0,0.644,1014875000,16848000.0,583084000,599355000.0,9864000,0,0,0,1242800000,837285000,405515000,3290292333,-573010000.0,-44274000.0,-93019000.0,-93215000.0,-6311000.0,-218186000.0,-150433000.0,1152000.0,-173475000.0,-30916000.0,188161000.0,188161000.0,188161000.0,0.0,29405000.0,0.085,1111742000.0,307349000.0,316313000,0.033,2.807,17.487,17.502,305848000,0.0,20.915,1.493,1.493,183991000,843456000,2203847000.0,2203847000.0,0.0,0.071,0.16,0.48,0.131,16391000.0,1027304000.0,1.0,157317348,157317348.0,,14.009,1673268000,119204000,82881000.0,118927000,10.636,411454000
9,GPN,ARY,2012-12-31,2012-07-27,2012-05-31,2021-08-02,-30000000,2688143000,2658652750.0,1248739000,1439404000,0.829,7.451,-109876000.0,781275000,781275000,784756000.0,217566000.0,1.491,1.06,528376000,291811000,236565000,528376000,0,99099000.0,0,0.002,0.04,287890000.0,386989000.0,0.176,386989000.0,287890000.0,271042000.0,1.195,1.185,1.195,1172184000,1176556750.0,1172184000,3234040018,11.0,8.357,-283351000.0,-1.801,1.0,1419091000.0,0.644,1014875000,16848000.0,583084000,599355000.0,9864000,0,0,0,1242800000,837285000,405515000,3486939018,-573010000.0,-44274000.0,-93019000.0,-93215000.0,-6311000.0,-218186000.0,-150433000.0,1152000.0,-173475000.0,-30916000.0,188161000.0,188161000.0,188161000.0,0.0,29405000.0,0.085,1111742000.0,307349000.0,316313000,0.033,2.975,18.532,18.548,305848000,0.0,22.165,1.582,1.582,183991000,843456000,2203847000.0,2203847000.0,0.0,0.071,0.16,0.48,0.131,16391000.0,1027304000.0,1.0,157317348,157317348.0,,14.009,1673268000,119204000,82881000.0,118927000,10.636,411454000
10,GPN,ARY,2011-12-31,2011-07-25,2011-05-31,2021-08-02,79320000,3350531000,2592071000.0,1847975000,1502556000,0.717,7.372,-98537000.0,1354285000,1354285000,665017000.0,228156000.0,1.279,1.586,624764000,356547000,268217000,624764000,0,82237000.0,0,0.002,0.04,322475000.0,404712000.0,0.218,404712000.0,322475000.0,304314000.0,1.31,1.3,1.31,1184535000,1047806500.0,1184535000,3154725422,10.0,7.795,611235000.0,3.804,1.0,1194785000.0,0.642,1121137000,18161000.0,55509000,254804000.0,7640000,0,0,0,1878856000,1444364000,434492000,3884246422,584339000.0,-170545000.0,3464000.0,116658000.0,-6388000.0,114123000.0,-267020000.0,0.0,709772000.0,27464000.0,209238000.0,209238000.0,209238000.0,0.0,18918000.0,0.113,863191000.0,331594000.0,241578000,0.031,3.279,18.564,18.454,256301000,0.0,24.175,2.089,2.089,167454000,715202000,1859802000.0,1859802000.0,0.0,0.081,0.2,1.266,0.173,15885000.0,863191000.0,1.0,160672034,160672034.0,,11.575,2229394000,107086000,95076000.0,124106000,13.875,403611000
11,GPN,ARY,2010-12-31,2010-07-28,2010-05-31,2021-08-02,-44255000,2039326000,2239942500.0,968264000,1071062000,0.733,5.433,-56054000.0,769946000,769946000,584609000.0,219109000.0,1.44,1.237,500321000,227356000,272965000,500321000,0,68667000.0,0,0.002,0.04,308215000.0,376882000.0,0.229,376882000.0,308215000.0,290696000.0,1.255,1.24,1.255,861264000,884374500.0,861264000,2627425296,9.0,6.971,409707000.0,2.584,1.0,1057859000.0,0.644,774200000,17519000.0,323030000,194351750.0,9740000,0,0,0,1065137000,672471000,392666000,2897050296,343011000.0,30718000.0,-67832000.0,299552000.0,-6497000.0,-95750000.0,-25204000.0,311000.0,465761000.0,-1796000.0,203317000.0,203317000.0,203317000.0,0.0,15792000.0,0.124,734580000.0,323279000.0,173575000,0.032,3.364,14.249,14.562,183938000,0.0,18.275,1.764,1.764,132481000,544772000,1642468000.0,1642468000.0,0.0,0.091,0.23,1.586,0.188,18072000.0,734580000.0,1.0,158525324,158525324.0,,10.361,1265126000,93222000,87379000.0,94695000,7.981,295793000
12,GPN,ARY,2009-12-31,2009-07-28,2009-05-31,2021-08-02,-10901000,1676821000,1608651250.0,595188000,1081633000,0.996,6.5,-40940000.0,426935000,426935000,598785000.0,37217000.0,1.77,0.572,207177000,39567000,167610000,207177000,0,66288000.0,0,0.002,0.04,131731000.0,198019000.0,0.124,198019000.0,131731000.0,124466000.0,0.235,0.23,0.235,1047015000,1038820750.0,1047015000,3211849855,24.0,16.22,342031000.0,2.123,1.0,1002739000.0,0.626,883214000,7265000.0,237672000,251256000.0,5914000,0,0,0,599201000,336177000,263024000,3431607855,-29125000.0,-525205000.0,9050000.0,191913000.0,-6417000.0,161485000.0,-559257000.0,6888000.0,382971000.0,-14324000.0,37217000.0,37217000.0,37217000.0,0.0,0.0,0.023,841310000.0,161429000.0,180043000,0.17,3.278,92.205,90.66,176226000,0.0,21.305,2.143,2.143,123438000,652675000,1601524000.0,1601524000.0,0.0,0.023,0.036,0.524,0.082,14570000.0,693646000.0,1.0,161070540,161070540.0,,9.943,793607000,3789000,87249000.0,86038000,4.927,259011000
13,GPN,ARY,2008-12-31,2008-07-30,2008-05-31,2021-08-02,124202000,1445907000,1314950750.0,617410000,828497000,0.969,7.073,-44974000.0,456060000,456060000,475612000.0,162754000.0,2.835,0.27,1527000,1527000,0,1527000,0,44034000.0,0,0.002,0.04,261508000.0,305542000.0,0.24,305542000.0,261508000.0,253342000.0,1.025,1.005,1.025,1126818000,1033085500.0,1126818000,3158688562,12.0,10.338,227440000.0,1.428,1.0,798617000.0,0.627,672772000,8166000.0,100850000,117334000.0,3821000,0,0,0,304365000,217752000,86613000,3613221562,147188000.0,-18247000.0,-69635000.0,1527000.0,-6377000.0,-76373000.0,-63221000.0,0.0,272414000.0,14368000.0,162754000.0,162754000.0,162754000.0,0.0,0.0,0.128,547258000.0,251359000.0,147519000,0.039,3.207,22.201,22.127,141415000,0.0,22.68,2.836,2.836,101533000,621875000,1274229000.0,1274229000.0,0.0,0.124,0.158,2.229,0.205,13826000.0,545941000.0,1.0,159313120,159313120.0,,7.998,773135000,4119000,90588000.0,86976000,4.853,399658000
14,GPN,ARY,2007-12-31,2007-07-30,2007-05-31,2021-08-02,61193000,1200629000,1132862000.0,444429000,756200000,0.937,5.916,-35374000.0,308872000,308872000,414837000.0,142985000.0,3.111,0.238,0,0,0,0,0,40365000.0,0,0.002,0.04,224885000.0,265250000.0,0.25,265250000.0,224885000.0,216421000.0,0.89,0.875,0.89,957776000,886914750.0,957776000,2637449524,12.0,9.943,155758000.0,0.962,1.0,646686000.0,0.609,626864000,8464000.0,122016000,107386250.0,3435000,0,0,0,227920000,142877000,85043000,2946321524,90397000.0,-81261000.0,19332000.0,-746000.0,-6442000.0,10886000.0,-116635000.0,0.0,191132000.0,5014000.0,142985000.0,142985000.0,142985000.0,0.0,0.0,0.135,428597000.0,218089000.0,122260000,0.045,3.076,20.606,20.449,118495000,0.0,18.2,2.776,2.776,78355000,466417000,1061523000.0,1061523000.0,0.0,0.126,0.161,2.094,0.212,15154000.0,425509000.0,1.0,161885798,161885798.0,,6.557,573765000,6673000,73436000.0,70768000,3.544,301552000
15,GPN,ARY,2006-12-31,2006-08-04,2006-05-31,2021-08-02,52836000,1018678000,933111250.0,348406000,670272000,0.973,4.82,-25038000.0,218475000,218475000,358020000.0,125524000.0,2.328,0.306,746000,746000,0,746000,0,40489000.0,0,0.002,0.03,200190000.0,240679000.0,0.265,240679000.0,200190000.0,193046000.0,0.795,0.765,0.795,770223000,693093250.0,770223000,3028062997,15.0,12.581,209735000.0,1.312,1.0,550036000.0,0.606,554462000,7144000.0,96832000,90613000.0,3300000,0,0,0,235459000,149655000,85804000,3245791997,169496000.0,-4917000.0,23922000.0,-61648000.0,-6336000.0,-54274000.0,-29955000.0,0.0,234773000.0,18952000.0,125524000.0,125524000.0,125524000.0,0.0,0.0,0.138,348948000.0,201088000.0,105744000,0.05,4.214,25.858,25.547,107977000,0.0,20.31,3.574,3.574,68379000,329874000,908056000.0,908056000.0,0.0,0.135,0.181,2.209,0.22,0.0,347070000.0,1.0,159812506,159812506.0,,5.682,464216000,3622000,67522000.0,74014000,2.905,198751000
16,GPN,ARY,2005-12-31,2005-08-15,2005-05-31,2021-08-02,21795000,853505000,848532500.0,189990000,663515000,0.924,3.696,-34305000.0,48979000,48979000,337272000.0,92896000.0,1.039,0.448,62394000,61648000,746000,62394000,0,45306000.0,0,0.002,0.05,154625000.0,199931000.0,0.255,199931000.0,154625000.0,146247000.0,0.603,0.583,0.603,578350000,536072500.0,578350000,2639131009,17.0,13.2,195254000.0,1.248,1.0,447059000.0,0.57,547750000,8378000.0,136367000,173597500.0,2625000,0,0,0,258815000,182803000,76012000,2625716009,14507000.0,-30773000.0,0.0,-157711000.0,-6205000.0,-152353000.0,-65078000.0,0.0,229559000.0,2379000.0,92896000.0,92896000.0,92896000.0,0.0,0.0,0.118,286958000.0,160101000.0,93231000,0.066,4.54,28.265,27.828,104173000,0.0,16.78,3.348,3.348,55869000,210686000,784331000.0,784331000.0,0.0,0.109,0.173,0.891,0.197,0.0,283232000.0,1.0,156478904,156478904.0,,5.012,305755000,6307000,53351000.0,59401000,1.954,7187000
17,GPN,ARY,2004-12-31,2004-08-10,2004-05-31,2021-08-02,14558000,832895000,725057750.0,203204000,629691000,0.868,2.937,-24564000.0,34472000,34472000,289353000.0,62443000.0,0.71,0.802,219246000,206299000,12947000,219246000,0,35540000.0,0,0.004,0.03,106274000.0,141814000.0,0.225,141814000.0,106274000.0,99749000.0,0.415,0.4,0.415,449422000,417224000.0,449422000,1813586314,17.0,12.788,67606000.0,0.442,1.0,339967000.0,0.54,524670000,6525000.0,206927000,117777750.0,3051000,0,0,0,360343000,286072000,74271000,1628812314,-3538000.0,-122276000.0,0.0,54127000.0,-6030000.0,50113000.0,-146840000.0,0.0,92170000.0,1019000.0,62443000.0,62443000.0,62443000.0,0.0,0.0,0.099,227066000.0,112901000.0,79773000,0.096,3.624,26.085,25.651,97482000,0.0,10.645,2.588,2.588,143408000,123995000,629320000.0,629320000.0,0.0,0.086,0.15,0.902,0.169,0.0,217418000.0,1.0,153011960,153011960.0,,4.113,308225000,10028000,37306000.0,46804000,2.014,-82868000
18,GPN,ARY,2003-12-31,2003-08-26,2003-05-31,2021-08-02,13023000,484234000,448184250.0,128203000,356031000,1.151,2.464,-17926000.0,38010000,38010000,260290000.0,53300000.0,2.039,0.258,4707000,1456000,3251000,4707000,0,32061000.0,0,0.004,0.04,89440000.0,121501000.0,0.235,121501000.0,89440000.0,85144000.0,0.36,0.352,0.36,366426000,334914250.0,366426000,1332098865,15.0,10.964,17633000.0,0.119,1.0,255794000.0,0.496,299114000,4296000.0,88956000,63133000.0,1348000,0,0,0,94567000,62861000,31706000,1365401865,18816000.0,-1153000.0,0.0,9297000.0,-5918000.0,2336000.0,-19079000.0,0.0,35559000.0,0.0,53300000.0,53300000.0,53300000.0,0.0,0.0,0.103,162529000.0,93265000.0,58781000,0.111,3.726,25.617,25.507,51785000,0.0,9.182,2.646,2.646,79707000,67582000,516084000.0,516084000.0,0.0,0.119,0.159,1.417,0.173,0.0,161272000.0,1.0,148696092,148696092.0,,3.471,185120000,5096000,31844000.0,21968000,1.245,65342000
19,GPN,ARY,2002-12-31,2002-08-28,2002-05-31,2021-08-02,-2474000,431418000,462067750.0,79457000,351961000,1.002,2.01,-22390000.0,19194000,19194000,252126000.0,23840000.0,0.819,0.371,29310000,24599000,4711000,29310000,0,29571000.0,0,0.006,0.04,52537000.0,82108000.0,0.177,82108000.0,52537000.0,48464000.0,0.163,0.158,0.163,296288000,294522750.0,296288000,972144461,19.0,11.84,138078000.0,0.937,1.0,210700000.0,0.455,293020000,4073000.0,51509000,78708250.0,2611000,0,0,0,109889000,97005000,12884000,962028461,13091000.0,-60154000.0,0.0,-54279000.0,-5857000.0,-59833000.0,-87544000.0,0.0,160468000.0,0.0,23840000.0,23840000.0,23840000.0,0.0,0.0,0.052,139282000.0,71418000.0,72406000,0.245,3.247,40.354,40.031,53643000,0.0,6.525,2.079,2.079,44315000,20200000,462826000.0,462826000.0,0.0,0.052,0.081,0.667,0.114,0.0,128289000.0,1.0,147437312,147437312.0,,3.139,138398000,10045000,24624000.0,1788000,0.939,-17548000
20,GPN,ARY,2001-12-31,2001-08-29,2001-05-31,2021-08-02,-1081000,458604000,,136498000,322106000,,1.856,-13601000.0,6103000,6103000,192389000.0,23668000.0,1.03,0.549,77713000,75739000,1974000,77713000,0,21756000.0,0,0.002,0.02,44655000.0,66411000.0,0.188,66411000.0,44655000.0,38484000.0,0.207,0.205,0.207,271022000,,271022000,1302107839,29.0,19.607,65013000.0,0.445,1.0,160806000.0,0.455,277375000,6171000.0,120355000,,3216000,0,0,0,148730000,132484000,16246000,1230497839,3337000.0,-19848000.0,0.0,-36341000.0,-1459000.0,-41828000.0,-33449000.0,0.0,78614000.0,0.0,23668000.0,23668000.0,23668000.0,0.0,0.0,0.067,107760000.0,53046000.0,56745000,0.097,4.54,51.99,40.7,44336000,0.0,8.425,3.484,3.484,116057000,2217000,353195000.0,353195000.0,0.0,,,,0.126,0.0,102878000.0,1.0,146053156,146053156.0,,2.418,181229000,5425000,14816000.0,7237000,1.241,4014000
0,GPN,ARQ,2021-06-30,2021-08-02,2021-06-30,2021-08-02,-172707000,45149673000,,4899877000,40249796000,,90.873,-133420000.0,1799549000,1799549000,936310000.0,266813000.0,1.119,0.686,10757128000,540149000,10216979000,10757128000,0,449510000.0,0,0.004,0.195,404954000.0,854464000.0,0.4,854464000.0,404954000.0,324398000.0,0.89,0.89,0.89,26693763000,,26693763000,65771397667,49.0,21.183,376815000.0,1.283,1.0,1201127000.0,0.562,36237115000,80556000.0,13490509000,,0,0,0,0,18299533000,4379628000,13919905000,56813818667,-262350000.0,-932034000.0,-268607000.0,603167000.0,-57301000.0,277259000.0,-1065005000.0,0.0,510235000.0,15161000.0,263590000.0,263590000.0,263590000.0,0.0,3223000.0,0.123,838569000.0,362558000.0,2184201000,0.219,2.128,65.765,66.693,1642283000,0.0,193.41,7.124,7.124,878431000,2664707000,2137437000.0,2137437000.0,0.0,,,,,43325000.0,838569000.0,1.0,293748093,293748093.0,,7.276,8912558000,8094000,60808000.0,2873676000,30.341,520249000
1,GPN,ARQ,2021-03-31,2021-05-04,2021-03-31,2021-08-02,-212373000,44257728000,,4878830000,39378898000,,90.414,-86159000.0,2082414000,2082414000,925246000.0,198410000.0,1.185,0.652,10150942000,523890000,9627052000,10150942000,0,452639000.0,0,0.004,0.195,300497000.0,753136000.0,0.378,753136000.0,300497000.0,217356000.0,0.66,0.66,0.66,26691762000,,26691762000,68735358871,65.0,24.584,513247000.0,1.739,1.0,1064761000.0,0.535,35552734000,83141000.0,12657357000,,0,0,0,0,17415537000,4116165000,13299372000,60666830871,112303000.0,-11074000.0,-824687000.0,513239000.0,-57574000.0,-369022000.0,-96940000.0,0.0,599406000.0,-21141000.0,196681000.0,196681000.0,196681000.0,0.0,1729000.0,0.099,789502000.0,275259000.0,2096637000,0.295,2.273,95.145,96.479,1580743000,0.0,205.5,8.078,8.078,824822000,2500812000,1990007000.0,1990007000.0,0.0,,,,,37165000.0,789502000.0,1.0,295215722,295215722.0,,6.741,8704994000,8120000,20675000.0,2895401000,29.487,762665000
2,GPN,ARQ,2020-12-31,2021-02-19,2020-12-31,2021-08-02,-202273000,44201545000,,4592360000,39609185000,,92.576,-106823000.0,1945868000,1945868000,922195000.0,184818000.0,1.01,0.612,9652462000,1186055000,8466407000,9652462000,0,432147000.0,0,0.004,0.195,285697000.0,717844000.0,0.372,717844000.0,285697000.0,200624000.0,0.61,0.61,0.61,27332370000,,27332370000,65036957800,65.0,23.926,662567000.0,2.244,1.0,1007998000.0,0.522,35887334000,85073000.0,11471714000,,0,0,0,0,16714501000,4549091000,12165410000,57330363800,-131051000.0,35751000.0,-214176000.0,-81700000.0,-58191000.0,-951507000.0,-43324000.0,0.0,769390000.0,94390000.0,182643000.0,182643000.0,182643000.0,0.0,2175000.0,0.095,756017000.0,251981000.0,2061384000,0.32,2.098,98.081,99.579,1578532000,0.0,194.18,7.723,7.723,794172000,2570874000,1930193000.0,1930193000.0,0.0,,,,,43711000.0,756017000.0,1.0,295243402,295243402.0,,6.538,8314211000,7627000,17981000.0,2948390000,28.161,43269000
3,GPN,ARQ,2020-09-30,2020-10-29,2020-09-30,2021-08-02,-351904000,44549782000,,4968650000,39581132000,,92.69,-121029000.0,2220822000,2220822000,900921000.0,230230000.0,1.125,0.598,9707833000,1270871000,8436962000,9707833000,0,432622000.0,0,0.005,0.195,346781000.0,779403000.0,0.406,779403000.0,346781000.0,263805000.0,0.74,0.74,0.74,27745657000,,27745657000,54234511831,58.0,20.365,463442000.0,1.548,1.0,1016894000.0,0.53,35997020000,82976000.0,11624519000,,0,0,0,0,16585940000,4415254000,12170686000,46747500831,395197000.0,-3085000.0,5683000.0,-24839000.0,-58434000.0,-84545000.0,-124727000.0,0.0,584471000.0,19998000.0,220971000.0,220971000.0,220971000.0,0.0,9259000.0,0.115,726475000.0,290419000.0,1696048000,0.264,1.685,92.634,104.812,1526178000,0.0,156.17,6.249,6.249,822033000,2476962000,1917815000.0,1917815000.0,0.0,,,,,42276000.0,726475000.0,1.0,299337266,299337266.0,,6.407,8552762000,6822000,42834000.0,2966020000,28.572,553396000
4,GPN,ARQ,2020-06-30,2020-08-03,2020-06-30,2021-08-02,-459146000,44001477000,,4351341000,39650136000,,91.651,-103582000.0,1825625000,1825625000,893740000.0,39444000.0,1.029,0.597,9713075000,1272808000,8440267000,9713075000,0,424521000.0,0,0.003,0.195,121022000.0,545543000.0,0.326,545543000.0,121022000.0,38167000.0,0.12,0.12,0.12,27425859000,,27425859000,61463966851,81.0,27.414,420133000.0,1.404,1.0,778212000.0,0.465,36218544000,82855000.0,11441040000,,0,0,0,0,16368488000,4229343000,12139145000,53576516851,25564000.0,-6899000.0,19376000.0,-393673000.0,-58312000.0,-432609000.0,-100641000.0,0.0,523715000.0,35099000.0,37331000.0,37331000.0,37331000.0,0.0,2113000.0,0.022,670638000.0,107574000.0,1606028000,1.625,1.954,141.467,138.791,1477635000,0.0,179.04,8.033,8.033,788697000,2314423000,1671952000.0,1671952000.0,0.0,,,,,34983000.0,670638000.0,1.0,299243280,299243280.0,,5.587,7782933000,6220000,836000.0,2972142000,26.009,121998000
5,GPN,ARQ,2020-03-31,2020-05-06,2020-03-31,2021-08-02,-539780000,43849598000,,4069670000,39779928000,,91.342,-104802000.0,1800061000,1800061000,933871000.0,150608000.0,1.34,0.598,10081809000,445733000,9636076000,10081809000,0,423742000.0,0,0.002,0.195,251721000.0,675463000.0,0.355,675463000.0,251721000.0,159077000.0,0.48,0.48,0.48,27320811000,,27320811000,59159631142,69.0,28.719,331772000.0,1.109,1.0,969727000.0,0.509,36477164000,92644000.0,12617903000,,0,0,0,0,16329165000,3036279000,13292886000,50877883142,121788000.0,-67196000.0,-437132000.0,417930000.0,-58279000.0,-77481000.0,-169650000.0,0.0,436574000.0,-67655000.0,143575000.0,143575000.0,143575000.0,0.0,7033000.0,0.075,725748000.0,243979000.0,1636823000,0.406,1.862,110.162,87.68,1441910000,0.0,170.1,8.576,8.576,799798000,2335407000,1903598000.0,1903598000.0,0.0,,,,,27822000.0,725748000.0,1.0,299105721,299105721.0,,6.364,7372434000,6778000,15502000.0,3024409000,24.648,1033391000
6,GPN,ARQ,2019-12-31,2020-02-21,2019-12-31,2021-08-02,-310571000,44480162000,,4366448000,40113714000,,92.968,-106851000.0,1678273000,1678273000,1038577000.0,114301000.0,1.22,0.59,9588738000,498374000,9090364000,9588738000,0,453449000.0,0,0.001,0.195,209243000.0,662692000.0,0.333,662692000.0,209243000.0,125196000.0,0.15,0.14,0.15,27855747000,,27855747000,69151284555,87.0,40.003,-64962000.0,-0.217,1.0,949183000.0,0.478,36914395000,84047000.0,11896886000,,0,0,0,0,16425173000,3579346000,12845827000,61240819555,-449343000.0,-310239000.0,-88422000.0,8643000.0,-58771000.0,-138550000.0,-410798000.0,0.0,41889000.0,58116000.0,102770000.0,102770000.0,102770000.0,0.0,11531000.0,0.052,753021000.0,196162000.0,1822166000,1.3,2.198,142.218,94.189,1382802000,0.0,204.39,12.468,12.468,895232000,2333011000,1987760000.0,1987760000.0,0.0,,,,,33843000.0,753021000.0,1.0,299627279,299627279.0,,6.634,7565767000,6292000,22426000.0,3145641000,25.251,787102000
7,GPN,ARQ,2019-09-30,2019-10-31,2019-09-30,2021-08-02,-428067000,45212047000,,4992568000,40219479000,,92.413,-67705000.0,2127616000,2127616000,427720000.0,105731000.0,1.166,0.621,9568701000,580997000,8987704000,9568701000,0,183745000.0,0,0.0,0.01,174582000.0,358327000.0,0.324,358327000.0,174582000.0,78421000.0,0.54,0.54,0.54,27774634000,,27774634000,58287798685,78.0,42.191,1034331000.0,3.441,1.0,678221000.0,0.613,36938841000,96161000.0,11431139000,,0,0,0,0,17256329000,4283152000,12973177000,50846713685,1079889000.0,-256138000.0,-28813000.0,381455000.0,-1590000.0,322419000.0,-307913000.0,0.0,1102036000.0,-36653000.0,95044000.0,95044000.0,95044000.0,0.0,10687000.0,0.086,504184000.0,174037000.0,1849424000,0.019,1.831,126.152,67.944,1423271000,0.0,169.18,13.364,13.364,868133000,2297897000,1105941000.0,1105941000.0,0.0,,,,,27877000.0,504184000.0,1.0,300548018,300548018.0,,3.68,8273206000,12477000,-16623000.0,3352727000,27.527,709416000
8,GPN,ARQ,2019-06-30,2019-07-30,2019-06-30,2021-08-02,-339906000,14584072000,,4547679000,10036393000,,25.47,-78189000.0,1047727000,1047727000,302276000.0,130039000.0,1.014,2.608,5887856000,887271000,5000585000,5887856000,0,145123000.0,0,0.0,0.01,218321000.0,363444000.0,0.389,363444000.0,218321000.0,152705000.0,0.77,0.77,0.77,3990604000,,3990604000,31061775983,39.0,22.774,-60565000.0,-0.387,1.0,632876000.0,0.677,8653896000,65616000.0,6286723000,,0,0,0,0,10408956000,4483582000,5925374000,26221646983,-229906000.0,-3415000.0,-74555000.0,-66546000.0,-1566000.0,-163334000.0,-82094000.0,0.0,17624000.0,-2102000.0,120458000.0,120458000.0,120458000.0,0.0,9581000.0,0.129,411150000.0,221726000.0,1117938000,0.013,6.571,54.134,54.515,712396000,0.0,167.36,7.373,7.373,394603000,2204445000,935152000.0,935152000.0,0.0,,,,,16496000.0,411150000.0,1.0,156678101,156678101.0,,5.969,5930176000,6950000,32247000.0,556130000,37.849,64097000
9,GPN,ARQ,2019-03-31,2019-05-02,2019-03-31,2021-08-02,-312608000,14749621000,,4669751000,10079870000,,25.135,-55123000.0,1277633000,1277633000,305230000.0,119205000.0,1.034,2.685,5945302000,774925000,5170377000,5945302000,0,148630000.0,0,0.0,0.01,195562000.0,344192000.0,0.39,344192000.0,195562000.0,136481000.0,0.71,0.71,0.71,3950813000,,3950813000,27353800462,36.0,20.901,174606000.0,1.111,1.0,577809000.0,0.654,8751331000,59081000.0,6149737000,,0,0,0,0,10607160000,4516222000,6090938000,22686131462,66755000.0,-74830000.0,-157656000.0,115590000.0,-1571000.0,-49209000.0,-116281000.0,0.0,229729000.0,2516000.0,112341000.0,112341000.0,112341000.0,0.0,6864000.0,0.127,378317000.0,199492000.0,1161421000,0.014,5.742,47.963,48.271,674199000,0.0,144.33,6.567,6.567,381608000,2111798000,883039000.0,883039000.0,0.0,,,,,11418000.0,378317000.0,1.0,157182370,157182370.0,,5.618,5998290000,7288000,24140000.0,569169000,38.161,153529000
10,GPN,ARQ,2018-12-31,2019-02-21,2018-12-31,2021-08-02,-310175000,13230774000,,3376208000,9854566000,,25.326,-57361000.0,1210878000,1210878000,313071000.0,83323000.0,1.033,2.266,5830729000,815561000,5015168000,5830729000,0,153365000.0,0,0.0,0.01,162201000.0,315566000.0,0.358,315566000.0,162201000.0,106263000.0,0.47,0.48,0.47,3991407000,,3991407000,24575581352,34.0,19.692,387715000.0,2.46,1.0,567484000.0,0.644,8829973000,55938000.0,5752032000,,0,0,0,0,9044431000,3268620000,5775811000,19955730352,220274000.0,-490610000.0,-12240000.0,349792000.0,-1582000.0,335970000.0,-548762000.0,0.0,445076000.0,-12010000.0,75215000.0,75215000.0,75215000.0,0.0,8108000.0,0.085,400498000.0,166986000.0,1176703000,0.021,5.0,44.145,44.428,653542000,0.0,126.62,5.928,5.928,348400000,2066415000,880555000.0,880555000.0,0.0,,,,,12889000.0,400498000.0,1.0,157603304,157603304.0,,5.587,4400801000,8128000,31048000.0,585025000,27.923,107588000
11,GPN,ARQ,2018-09-30,2018-10-30,2018-09-30,2021-08-02,-270545000,13839236000,,4413990000,9425246000,,25.12,-53319000.0,990604000,990604000,265013000.0,186029000.0,1.034,2.432,5486077000,778567000,4707510000,5486077000,0,124057000.0,0,0.0,0.01,216637000.0,340694000.0,0.397,340694000.0,216637000.0,170281000.0,1.12,1.11,1.12,3974286000,,3974286000,22003286288,31.0,18.371,100931000.0,0.638,1.0,592657000.0,0.691,8409889000,46356000.0,5657749000,,0,0,0,0,9663668000,4267071000,5396597000,17507813288,-108925000.0,-769082000.0,-32240000.0,604236000.0,-1579000.0,564731000.0,-823420000.0,0.0,154250000.0,-4486000.0,176370000.0,176370000.0,176370000.0,0.0,9659000.0,0.206,369495000.0,223162000.0,1065435000,0.009,4.405,28.293,28.158,640976000,0.0,110.66,4.946,4.946,321664000,1994003000,857670000.0,857670000.0,0.0,,,,,14833000.0,369495000.0,1.0,158212663,158212663.0,,5.421,5429347000,9237000,-6089000.0,516357000,34.317,146919000
12,GPN,ARQ,2018-06-30,2018-08-02,2018-06-30,2021-08-02,-243629000,12299877000,,3658944000,8640933000,,24.214,-58835000.0,1099529000,1099529000,264544000.0,117729000.0,1.088,2.163,4877200000,622058000,4255142000,4877200000,0,123648000.0,0,0.0,0.01,184645000.0,308293000.0,0.37,308293000.0,184645000.0,136925000.0,0.69,0.68,0.69,3830367000,,3830367000,22630216149,34.0,19.889,163380000.0,1.033,1.0,568620000.0,0.682,7669242000,47720000.0,5043939000,,0,0,0,0,8283876000,3364367000,4919509000,18852545149,93706000.0,0.0,-182465000.0,142233000.0,-1578000.0,-41810000.0,-58744000.0,0.0,222215000.0,-27955000.0,109069000.0,109069000.0,109069000.0,0.0,8660000.0,0.131,377883000.0,190737000.0,1027934000,0.014,4.922,34.081,33.762,615803000,0.0,119.18,5.066,5.066,317222000,1819213000,833164000.0,833164000.0,0.0,,,,,15206000.0,377883000.0,1.0,158185477,158185477.0,,5.267,4630635000,10049000,27856000.0,443874000,29.273,294577000
13,GPN,ARQ,2018-03-31,2018-05-03,2018-03-31,2021-08-02,-176961000,12903297000,,4157878000,8745419000,,24.768,-43775000.0,1005823000,1005823000,252386000.0,97586000.0,1.064,2.218,4731947000,555096000,4176851000,4731947000,0,121743000.0,0,0.0,0.01,161677000.0,283420000.0,0.357,283420000.0,161677000.0,116072000.0,0.57,0.57,0.57,3951606000,,3951606000,21810535468,36.0,20.48,240766000.0,1.509,1.0,542591000.0,0.683,7811206000,45605000.0,4909296000,,0,0,0,0,8763507000,3908919000,4854588000,18084411468,-330032000.0,0.0,1555000.0,-571923000.0,-1593000.0,-571961000.0,-45361000.0,0.0,284541000.0,2749000.0,91399000.0,91399000.0,91399000.0,0.0,6187000.0,0.115,386421000.0,156170000.0,1039379000,0.018,4.576,35.389,34.558,599774000,0.0,113.35,4.697,4.697,288101000,1738545000,794977000.0,794977000.0,0.0,,,,,14898000.0,386421000.0,1.0,159544874,159544874.0,,4.983,5092091000,11420000,24673000.0,452470000,31.916,248959000
14,GPN,ARQ,2017-12-31,2018-02-23,2017-12-31,2021-08-02,-183144000,12998069000,,4303579000,8694490000,,23.834,-45248000.0,1335855000,1335855000,509069000.0,250306000.0,1.128,2.38,5294882000,735474000,4559408000,5294882000,0,121188000.0,0,0.0,0.01,144108000.0,265296000.0,0.252,265296000.0,144108000.0,99683000.0,1.55,1.54,1.55,3794527000,,3794527000,22181730422,41.0,22.337,107017000.0,0.672,1.0,545185000.0,0.517,7885699000,44425000.0,5255807000,,0,0,0,0,9032838000,3815590000,5217248000,18222703422,149805000.0,321000.0,-9543000.0,30315000.0,-1591000.0,19181000.0,-25868000.0,0.0,152265000.0,4227000.0,241963000.0,241963000.0,241963000.0,0.0,8343000.0,0.23,395610000.0,149575000.0,1039607000,0.006,4.802,38.902,37.776,588348000,0.0,114.46,4.584,4.584,301887000,1597897000,1054254000.0,1054254000.0,0.0,,,,,8324000.0,395610000.0,1.0,159205866,159205866.0,,6.622,5112370000,13146000,-142280000.0,436879000,32.112,487989000
15,GPN,ARQ,2017-09-30,2017-11-08,2017-09-30,2021-08-02,-202508000,12281549000,,3550297000,8731252000,,22.19,-46631000.0,1186050000,1186050000,493883000.0,118362000.0,1.136,2.432,5258831000,580921000,4677910000,5258831000,0,113649000.0,0,0.0,0.01,167196000.0,280845000.0,0.27,280845000.0,167196000.0,126432000.0,0.72,0.71,0.72,3531349000,,3531349000,20249609111,,,45431000.0,0.285,1.0,545024000.0,0.525,7945123000,40764000.0,5285296000,,0,0,0,0,8586596000,3123911000,5462685000,16176828111,105474000.0,-563009000.0,-47342000.0,673005000.0,-1590000.0,624073000.0,-623454000.0,0.0,92062000.0,12793000.0,110740000.0,110740000.0,110740000.0,0.0,7622000.0,0.107,372553000.0,172471000.0,992363000,0.014,4.581,,,577188000,0.0,101.65,,,296366000,1357526000,1038907000.0,1038907000.0,0.0,,,,,9618000.0,372553000.0,1.0,159142431,159142431.0,,6.528,4336426000,16736000,15692000.0,632648000,27.249,426386000
16,GPN,ARQ,2017-06-30,2017-08-03,2017-06-30,2021-08-02,-243459000,10036781000,,2516071000,7520710000,,18.696,-6242000.0,1080576000,1080576000,469149000.0,72443000.0,1.199,2.467,4580205000,404794000,4175411000,4580205000,0,107281000.0,0,0.0,0.013,128150000.0,235431000.0,0.245,235431000.0,128150000.0,79789000.0,0.44,0.44,0.44,2850982000,,2850982000,18008935656,,,-32146000.0,-0.211,1.0,493091000.0,0.512,6817183000,48361000.0,4620763000,,0,0,0,0,7032143000,2098464000,4933679000,14509306656,-181269000.0,0.0,-554000.0,-119108000.0,-2029000.0,-130984000.0,-40062000.0,0.0,-25904000.0,15681000.0,66909000.0,66909000.0,66909000.0,0.0,5534000.0,0.07,361239000.0,131852000.0,823236000,0.03,5.089,,,537879000,0.0,95.15,,,288153000,1255552000,962240000.0,962240000.0,0.0,,,,,12337000.0,361239000.0,1.0,152488772,152488772.0,,6.31,3219598000,16388000,12880000.0,617308000,21.114,417607000
17,GPN,ARQ,2017-03-31,2017-05-04,2017-03-31,2021-08-02,-287806000,9959716000,,2399180000,7560536000,,17.909,-46219000.0,1261845000,1261845000,455936000.0,52959000.0,1.146,2.594,4676665000,455407000,4221258000,4676665000,0,109033000.0,0,0.0,0.0,102431000.0,211464000.0,0.23,211464000.0,102431000.0,61134000.0,0.32,0.32,0.32,2730879000,,2730879000,16549808040,,,247746000.0,1.625,1.0,463826000.0,0.504,6856807000,41297000.0,4424867000,,0,0,0,0,7083425000,2092862000,4990563000,13134988040,99066000.0,0.0,982000.0,-159417000.0,-1522000.0,-159965000.0,-46641000.0,0.0,293965000.0,11707000.0,48813000.0,48813000.0,48813000.0,0.0,4146000.0,0.053,358856000.0,104970000.0,824319000,0.0,4.81,,,551951000,0.0,86.14,,,272003000,1192519000,919762000.0,919762000.0,0.0,,,,,8816000.0,358856000.0,1.0,152484189,152484189.0,,6.032,3102909000,15838000,12321000.0,636908000,20.349,306318000
18,GPN,ARQ,2016-12-31,2017-02-28,2016-12-31,2021-08-02,-322717000,10664350000,,3116006000,7548344000,,17.282,,1162779000,1162779000,,,1.093,2.997,4830684000,569857000,4260827000,4830684000,0,,0,,0.01,,,,,,,,,,2630791000,,2630791000,15799143663,,,,,1.0,,,6892886000,,4587413000,,0,0,0,0,7885008000,2851956000,5033052000,12131238663,,,,,,,,,,,,,,,,,,,804887000,,4.611,,,526370000,,79.69,,,283234000,1137230000,,,,,,,,,,1.0,152230376,152230376.0,,,3771464000,15789000,,676472000,24.775,264050000
19,GPN,ARQ,2016-12-31,2017-01-09,2016-11-30,2021-08-02,-309717000,10113114000,,2574963000,7538151000,,17.441,-41887000.0,995816000,995816000,468383000.0,52615000.0,1.165,2.753,4961443000,645052000,4316391000,4961443000,0,108683000.0,0,0.001,0.01,103457000.0,212140000.0,0.225,212140000.0,103457000.0,51009000.0,0.32,0.32,0.32,2655614000,,2655614000,16114704217,38.0,21.749,-4011000.0,-0.026,1.0,473438000.0,0.503,6939598000,52448000.0,4929288000,,0,0,0,0,7311277000,2209855000,5101422000,12149077217,18040000.0,-697000.0,-101113000.0,153234000.0,-1530000.0,44415000.0,-42584000.0,0.0,37876000.0,-21667000.0,49452000.0,49452000.0,49452000.0,0.0,3163000.0,0.053,368171000.0,105267000.0,681356000,0.031,4.575,50.454,48.505,520714000,0.0,79.79,3.672,3.672,275017000,1146844000,941821000.0,941821000.0,0.0,,,,,8747000.0,368171000.0,1.0,152263156,152263156.0,,6.185,3173516000,20419000,1557000.0,695258000,20.842,365108000
20,GPN,ARQ,2016-09-30,2016-10-05,2016-08-31,2021-08-02,-265511000,10237780000,,2584829000,7652951000,,17.871,-41381000.0,977776000,977776000,462626000.0,92458000.0,1.158,2.67,4803756000,514090000,4289666000,4803756000,0,103186000.0,0,0.001,0.01,156214000.0,259400000.0,0.276,259400000.0,156214000.0,113137000.0,0.55,0.55,0.55,2746679000,,2746679000,15974221389,37.0,23.229,114286000.0,0.744,1.0,476866000.0,0.508,7060969000,43077000.0,4770619000,,0,0,0,0,7332568000,2232172000,5100396000,12148241389,-66952000.0,-34563000.0,-86800000.0,-93555000.0,-1539000.0,-175066000.0,-38227000.0,37717000.0,155667000.0,-9326000.0,85093000.0,85093000.0,85093000.0,0.0,7365000.0,0.091,355760000.0,121106000.0,702277000,0.018,4.423,44.975,40.848,512079000,0.0,79.04,3.933,3.933,294619000,1099026000,939492000.0,939492000.0,0.0,,,,,7619000.0,355760000.0,1.0,153697386,153697386.0,,6.113,3176811000,20921000,28044000.0,724023000,20.669,352657000
21,GPN,ARQ,2016-06-30,2016-07-28,2016-05-31,2021-08-02,-246050000,10509952000,,2851313000,7658639000,,17.877,-34043000.0,1044728000,1044728000,345680000.0,41179000.0,1.173,2.779,4893722000,513978000,4379744000,4893722000,0,71207000.0,0,0.001,0.01,53969000.0,125176000.0,0.168,125176000.0,53969000.0,25322000.0,0.245,0.25,0.245,2746476000,,2746476000,15861328626,39.0,26.455,-327061000.0,-2.129,1.0,401384000.0,0.537,7094113000,28647000.0,4834126000,,0,0,0,0,7632548000,2430707000,5201841000,12012334626,219228000.0,-1793675000.0,-52345000.0,2374285000.0,-1544000.0,2333294000.0,-1827718000.0,0.0,-293018000.0,6670000.0,37188000.0,37188000.0,37188000.0,0.0,3991000.0,0.05,345182000.0,56202000.0,696414000,0.041,4.374,44.217,38.141,493678000,0.0,78.19,4.145,4.145,288411000,1015811000,747064000.0,747064000.0,0.0,,,,,10337000.0,345182000.0,1.0,153630063,153630063.0,,4.863,3415839000,22719000,-11866000.0,744862000,22.234,420606000
22,GPN,ARQ,2016-03-31,2016-04-06,2016-02-29,2021-08-02,-277301000,4699101000,,2065103000,2633998000,,6.499,-21302000.0,825500000,825500000,258728000.0,72912000.0,1.181,4.459,2063998000,276323000,1787675000,2063998000,0,39168000.0,0,0.001,0.01,105046000.0,144214000.0,0.212,144214000.0,105046000.0,91746000.0,0.53,0.53,0.53,840117000,,840117000,10397814336,23.0,17.068,402647000.0,3.115,1.0,421212000.0,0.619,2202445000,13300000.0,1987022000,,0,0,0,0,3746351000,1748132000,1998219000,9159316336,-162957000.0,-48000.0,-10355000.0,-531584000.0,-1293000.0,-553538000.0,-21350000.0,0.0,423949000.0,-12018000.0,69061000.0,69061000.0,69061000.0,0.0,3851000.0,0.102,313407000.0,107805000.0,285572000,0.019,10.902,30.551,30.742,366445000,0.0,70.86,3.205,3.205,180423000,981013000,679940000.0,679940000.0,0.0,,,,,7000000.0,313407000.0,1.0,129259333,129259333.0,,5.26,2496656000,24549000,22685000.0,220640000,19.315,316971000
23,GPN,ARQ,2015-12-31,2016-01-11,2015-11-30,2021-08-02,-245234000,5328101000,,2655821000,2672280000,,6.225,-19388000.0,988457000,988457000,270565000.0,83078000.0,1.171,5.467,2600981000,685178000,1915803000,2600981000,0,38749000.0,0,0.001,0.01,120150000.0,158899000.0,0.22,158899000.0,120150000.0,106024000.0,0.61,0.6,0.61,805156000,,805156000,9181996230,20.0,15.363,-78710000.0,-0.609,1.0,451785000.0,0.625,2243122000,14126000.0,2429858000,,0,0,0,0,4402002000,2267645000,2134357000,7569472230,185148000.0,-404000.0,-37073000.0,321005000.0,-1297000.0,275846000.0,-19792000.0,0.0,-59322000.0,-11584000.0,78771000.0,78771000.0,78771000.0,0.0,4307000.0,0.109,328620000.0,123165000.0,309117000,0.016,9.401,25.807,26.125,367541000,0.0,58.52,2.663,2.663,210743000,917989000,722350000.0,722350000.0,0.0,,,,,7005000.0,328620000.0,1.0,129348466,129348466.0,,5.585,3084979000,26252000,27253000.0,219522000,23.85,388176000
24,GPN,ARQ,2015-09-30,2015-10-07,2015-08-31,2021-08-02,-212727000,5472918000,,2747038000,2725880000,,6.057,-16858000.0,803309000,803309000,272666000.0,93048000.0,1.149,5.791,2288703000,356675000,1932028000,2288703000,0,38757000.0,0,0.001,0.01,132512000.0,171269000.0,0.229,171269000.0,132512000.0,119269000.0,0.665,0.66,0.665,786697000,,786697000,9810958272,22.0,16.681,496534000.0,3.823,1.0,476130000.0,0.636,2290445000,13243000.0,2277631000,,0,0,0,0,4555775000,2390236000,2165539000,8325564272,152570000.0,-241530000.0,-39937000.0,-46475000.0,-1305000.0,-90115000.0,-258388000.0,0.0,513392000.0,-12319000.0,86646000.0,86646000.0,86646000.0,0.0,6402000.0,0.116,338358000.0,137772000.0,303497000,0.015,10.583,28.776,29.336,368795000,0.0,64.1,2.955,2.955,215126000,861212000,748796000.0,748796000.0,0.0,,,,,6467000.0,338358000.0,1.0,129883998,129883998.0,,5.765,3182473000,42554000,32623000.0,247555000,24.502,356802000
25,GPN,ARQ,2015-06-30,2015-07-30,2015-05-31,2021-08-02,-185992000,5793548000,,3302295000,2491253000,,5.82,-35804000.0,650739000,650739000,254217000.0,70110000.0,1.095,6.504,2335129000,655129000,1680000000,2335129000,0,34693000.0,0,0.001,0.01,100130000.0,134823000.0,0.191,134823000.0,100130000.0,90483000.0,0.5,0.495,0.5,757976000,,757976000,8967307236,21.0,15.788,41812000.0,0.321,1.0,452332000.0,0.64,2051969000,9647000.0,2410065000,,5228000,0,0,0,4929995000,3015904000,1914091000,7282917236,40591000.0,-126323000.0,-136375000.0,287376000.0,-1305000.0,130623000.0,-162127000.0,0.0,77616000.0,-5521000.0,65325000.0,65325000.0,65325000.0,0.0,4785000.0,0.092,348732000.0,103600000.0,312647000,0.02,9.608,26.194,26.949,374143000,0.0,55.92,2.626,2.626,202938000,795226000,706549000.0,706549000.0,0.0,,,,,6229000.0,348732000.0,1.0,130238148,130238148.0,,5.425,3741579000,42242000,25158000.0,228897000,28.729,286391000
26,GPN,ARQ,2015-03-31,2015-04-08,2015-02-28,2021-08-02,-184226000,4018320000,,1593150000,2425170000,,6.207,-23456000.0,610148000,610148000,250255000.0,69315000.0,1.282,3.729,2055300000,509300000,1546000000,2055300000,0,33640000.0,0,0.001,0.01,99028000.0,132668000.0,0.2,132668000.0,99028000.0,85599000.0,0.465,0.465,0.465,825073000,,825073000,7998602103,19.0,14.48,96693000.0,0.727,1.0,414728000.0,0.624,1938983000,13429000.0,2281789000,,5587000,0,0,0,3076692000,1242700000,1833992000,6553450103,-34321000.0,-9213000.0,-50822000.0,-38471000.0,-1342000.0,-94253000.0,-32600000.0,69000.0,120149000.0,-27617000.0,62568000.0,62568000.0,62568000.0,0.0,6747000.0,0.094,310113000.0,104615000.0,284472000,0.022,7.943,24.792,25.415,355885000,0.0,49.305,2.391,2.391,171479000,861955000,664983000.0,664983000.0,0.0,,,,,5682000.0,310113000.0,1.0,132916542,132916542.0,,5.003,2079337000,105482000,23031000.0,224297000,15.644,350450000
27,GPN,ARQ,2014-12-31,2015-01-08,2014-11-30,2021-08-02,-102726000,4541587000,,2025255000,2516332000,,6.671,-15133000.0,644469000,644469000,257796000.0,85256000.0,1.208,3.934,2131721000,577596000,1554125000,2131721000,0,34606000.0,0,0.001,0.01,114791000.0,149397000.0,0.214,149397000.0,114791000.0,104441000.0,0.555,0.55,0.555,894665000,,894665000,7172580572,17.0,13.166,275276000.0,2.052,1.0,439495000.0,0.63,2026607000,10350000.0,2326099000,,8002000,0,0,0,3519351000,1676133000,1843218000,5685328572,48585000.0,-218878000.0,-43530000.0,59564000.0,-1323000.0,10920000.0,-234011000.0,0.0,290409000.0,-18733000.0,74781000.0,74781000.0,74781000.0,0.0,10475000.0,0.107,315511000.0,123984000.0,303008000,0.018,6.355,22.131,22.79,362809000,0.0,42.39,2.111,2.111,197630000,852972000,697291000.0,697291000.0,0.0,,,,,5079000.0,315511000.0,1.0,134119570,134119570.0,,5.199,2514980000,107922000,29660000.0,215115000,18.752,349122000
28,GPN,ARQ,2014-09-30,2014-10-02,2014-08-31,2021-08-02,-19351000,4339356000,,2006724000,2332632000,,6.965,-18157000.0,595884000,595884000,259839000.0,84434000.0,1.27,3.469,2072157000,683407000,1388750000,2072157000,0,34566000.0,0,0.001,0.01,116522000.0,151088000.0,0.214,151088000.0,116522000.0,105512000.0,0.555,0.55,0.555,942251000,,942251000,6363058749,16.0,11.88,-81630000.0,-0.603,1.0,445056000.0,0.631,1835639000,11010000.0,2400493000,,5660000,0,0,0,3268843000,1579497000,1689346000,4886785749,14012000.0,-4773000.0,-134800000.0,238350000.0,-1370000.0,94085000.0,-12183000.0,10747000.0,-63473000.0,-4417000.0,75366000.0,75366000.0,75366000.0,0.0,9068000.0,0.107,320658000.0,124398000.0,248639000,0.018,5.186,19.088,19.904,363415000,0.0,36.125,1.858,1.858,207399000,822461000,704895000.0,704895000.0,0.0,,,,,4066000.0,320658000.0,1.0,135274346,135274346.0,,5.211,2503717000,113606000,30146000.0,223331000,18.508,427227000
29,GPN,ARQ,2014-06-30,2014-07-29,2014-05-31,2021-08-02,-1776000,4018650000,,1643444000,2375206000,,7.313,-20141000.0,581872000,581872000,253373000.0,58266000.0,1.356,2.894,1833807000,457805000,1376002000,1833807000,0,34871000.0,0,0.001,0.01,84369000.0,119240000.0,0.177,119240000.0,84369000.0,74918000.0,0.365,0.36,0.365,997227000,,997227000,6142811337,16.0,11.892,-140444000.0,-1.03,1.0,420604000.0,0.624,1872458000,9451000.0,2186509000,,6636000,0,0,0,2885851000,1211618000,1674233000,4890876337,-431688000.0,-420398000.0,-186757000.0,317345000.0,-1427000.0,127928000.0,-443399000.0,-863000.0,-120303000.0,4086000.0,51625000.0,51625000.0,51625000.0,0.0,6641000.0,0.077,331687000.0,88917000.0,290106000,0.027,4.904,19.939,21.097,369753000,0.0,35.865,1.915,1.915,215383000,815980000,673977000.0,673977000.0,0.0,,,,,12524000.0,331687000.0,1.0,136369060,136369060.0,,4.942,2146192000,114891000,23293000.0,221489000,15.738,431826000
30,GPN,ARQ,2014-03-31,2014-04-03,2014-02-28,2021-08-02,-5745000,3455715000,,1533255000,1922460000,,7.868,-20092000.0,1013560000,1013560000,232937000.0,60121000.0,2.229,1.94,1516462000,264406000,1252056000,1516462000,0,29806000.0,0,0.001,0.01,95235000.0,125041000.0,0.203,125041000.0,95235000.0,78778000.0,0.385,0.38,0.385,1130108000,,1130108000,5647776527,15.0,11.442,-117374000.0,-0.817,1.0,383515000.0,0.622,1429381000,16457000.0,1841234000,,7315000,0,0,0,2192006000,688002000,1504004000,5144874527,-83273000.0,-195000.0,-6427000.0,69097000.0,-1436000.0,43450000.0,-19199000.0,419000.0,-97282000.0,-10242000.0,55121000.0,55121000.0,55121000.0,0.0,5000000.0,0.089,286224000.0,97291000.0,243212000,0.026,4.553,21.943,22.248,364725000,0.0,35.82,2.059,2.059,175736000,940545000,616452000.0,616452000.0,0.0,,,,,5304000.0,286224000.0,1.0,143631338,143631338.0,,4.292,2026334000,109464000,23657000.0,174518000,14.108,845253000
31,GPN,ARQ,2013-12-31,2014-01-08,2013-11-30,2021-08-02,2235000,3981564000,,2058308000,1923256000,,7.558,-20915000.0,1096833000,1096833000,235170000.0,79857000.0,1.309,2.53,1441404000,518859000,922545000,1441404000,0,29018000.0,0,0.001,0.01,111235000.0,140253000.0,0.221,140253000.0,111235000.0,103210000.0,0.51,0.51,0.51,1087113000,,1087113000,4977015299,13.0,10.19,413955000.0,2.878,1.0,398952000.0,0.629,1442660000,8025000.0,1310470000,,8886000,0,0,0,2749880000,1573005000,1176875000,4632444299,370946000.0,-2324000.0,-83771000.0,40156000.0,-1438000.0,-44962000.0,-20464000.0,2112000.0,434870000.0,1502000.0,73897000.0,73897000.0,73897000.0,0.0,5960000.0,0.117,287045000.0,111907000.0,235361000,0.02,4.261,19.48,20.128,357880000,0.0,32.205,1.882,1.882,196450000,896597000,634122000.0,634122000.0,0.0,,,,,7177000.0,294045000.0,1.0,143842394,143842394.0,,4.408,2538904000,106791000,29313000.0,193102000,17.651,485303000
32,GPN,ARQ,2013-09-30,2013-10-01,2013-08-31,2021-08-02,-17376000,3499490000,,1590068000,1909422000,,7.32,-20263000.0,725887000,725887000,230745000.0,71708000.0,1.522,2.151,1401098000,400715000,1000383000,1401098000,0,28374000.0,0,0.002,0.01,103657000.0,132031000.0,0.21,132031000.0,103657000.0,95778000.0,0.44,0.435,0.44,1067022000,,1067022000,4370678788,12.0,8.921,-43450000.0,-0.298,1.0,398940000.0,0.634,1434812000,7879000.0,1695069000,,6677000,0,0,0,2294801000,1044820000,1249981000,3695467788,45417000.0,0.0,-144306000.0,249511000.0,-1456000.0,92480000.0,-18608000.0,990000.0,-23187000.0,-5268000.0,64643000.0,64643000.0,64643000.0,0.0,7065000.0,0.103,291556000.0,107384000.0,224100000,0.023,3.463,15.786,16.515,355370000,0.0,25.35,1.53,1.53,189733000,917550000,629685000.0,629685000.0,0.0,,,,,4788000.0,291556000.0,1.0,145777822,145777822.0,,4.319,2064678000,102963000,31135000.0,192691000,14.163,545248000
33,GPN,ARQ,2013-06-30,2013-07-25,2013-05-31,2021-08-02,-15062000,3125056000,,1214492000,1910564000,,7.582,-23574000.0,680470000,680470000,229951000.0,46366000.0,1.725,1.604,1150930000,259796000,891134000,1150930000,0,28841000.0,0,0.002,0.01,67455000.0,96296000.0,0.156,96296000.0,67455000.0,59390000.0,0.275,0.265,0.275,1146085000,,1146085000,4149653996,12.0,9.085,12205000.0,0.081,1.0,388401000.0,0.628,1445070000,8065000.0,1446332000,,11057000,0,0,0,1838449000,704114000,1134335000,3679193996,-2490000.0,-589000.0,-36387000.0,27749000.0,-1510000.0,-12626000.0,-22282000.0,1227000.0,35779000.0,-3361000.0,40805000.0,40805000.0,40805000.0,0.0,5561000.0,0.066,319032000.0,69369000.0,262890000,0.036,3.21,17.023,17.511,348064000,0.0,24.34,1.549,1.549,190591000,958751000,618352000.0,618352000.0,0.0,,,,,4364000.0,290568000.0,1.0,151158340,151158340.0,,4.091,1679986000,101663000,18585000.0,189593000,11.114,510378000
34,GPN,ARQ,2013-03-31,2013-04-02,2013-02-28,2021-08-02,-6774000,3076224000,,1146862000,1929362000,,7.524,-20623000.0,682960000,682960000,217465000.0,62814000.0,1.702,1.561,1122946000,239484000,883462000,1122946000,0,30892000.0,0,0.002,0.01,88958000.0,119850000.0,0.207,119850000.0,88958000.0,81895000.0,0.375,0.375,0.375,1147087000,,1147087000,4176064663,15.0,10.649,59351000.0,0.389,1.0,361281000.0,0.624,1464609000,7063000.0,1377773000,,11349000,0,0,0,1790986000,673828000,1117158000,3736078663,-315301000.0,-23696000.0,-122814000.0,33097000.0,-1535000.0,-341168000.0,-43646000.0,0.0,79974000.0,-10461000.0,58462000.0,58462000.0,58462000.0,0.0,4352000.0,0.101,270507000.0,90774000.0,227367000,0.027,3.257,20.709,21.309,341573000,0.0,24.505,1.587,1.587,167168000,946195000,578746000.0,578746000.0,0.0,,,,,4885000.0,271696000.0,1.0,152461892,152461892.0,,3.796,1611615000,99976000,23433000.0,168176000,10.571,473034000
35,GPN,ARQ,2012-12-31,2013-01-08,2012-11-30,2021-08-02,18432000,3428721000,,1489920000,1938801000,,7.837,-25156000.0,998261000,998261000,210268000.0,75371000.0,1.436,1.664,1092812000,314824000,777988000,1092812000,0,28160000.0,0,0.002,0.01,113581000.0,141741000.0,0.241,141741000.0,113581000.0,98972000.0,0.445,0.445,0.445,1233964000,,1233964000,3721399956,13.0,9.679,31010000.0,0.197,1.0,378270000.0,0.643,1475690000,14609000.0,1010112000,,14147000,0,0,0,2053920000,1037470000,1016450000,3626848956,156930000.0,-409541000.0,-10575000.0,546432000.0,-1575000.0,531333000.0,-433952000.0,0.0,56166000.0,3383000.0,70183000.0,70183000.0,70183000.0,0.0,5188000.0,0.119,261688000.0,116582000.0,244499000,0.022,2.939,20.164,20.118,338195000,0.0,23.035,1.57,1.57,184224000,957978000,588538000.0,588538000.0,0.0,,,,,4956000.0,276177000.0,1.0,157449488,157449488.0,,3.738,1953031000,104430000,28789000.0,174801000,12.404,452450000
36,GPN,ARQ,2012-09-30,2012-10-02,2012-08-31,2021-08-02,1498000,2805492000,,1336881000,1468611000,,7.283,-29237000.0,841331000,841331000,204391000.0,54162000.0,1.278,1.325,542259000,256795000,285464000,542259000,0,23895000.0,0,0.002,0.01,74984000.0,98879000.0,0.168,98879000.0,74984000.0,71439000.0,0.295,0.295,0.295,1148952000,,1148952000,3089581998,12.0,8.615,39390000.0,0.25,1.0,385896000.0,0.654,1025516000,3545000.0,434958000,,12839000,0,0,0,1522472000,1045946000,476526000,3388653998,60056000.0,-190000.0,-5222000.0,13783000.0,-1578000.0,5983000.0,-28687000.0,0.0,68627000.0,14133000.0,46675000.0,46675000.0,46675000.0,0.0,7487000.0,0.079,305408000.0,80488000.0,300270000,0.034,2.949,19.833,19.706,324005000,0.0,21.48,1.505,1.505,180957000,889370000,590287000.0,590287000.0,0.0,,,,,4222000.0,281419000.0,1.0,157758566,157758566.0,,3.742,1779976000,122249000,24764000.0,142206000,11.283,290935000
37,GPN,ARQ,2012-06-30,2012-09-28,2012-05-31,2021-08-02,-30000000,2688143000,,1248739000,1439404000,,7.451,-38792000.0,781275000,781275000,213071000.0,11646000.0,1.491,1.06,528376000,291811000,236565000,528376000,0,25602000.0,0,0.002,0.01,6069000.0,31671000.0,0.053,31671000.0,6069000.0,1884000.0,0.035,0.035,0.035,1172184000,,1172184000,3037393333,11.0,7.849,14579000.0,0.093,1.0,383961000.0,0.643,1014875000,4185000.0,583084000,,9864000,0,0,0,1242800000,837285000,405515000,3290292333,45542000.0,-29000.0,1802000.0,52922000.0,-1571000.0,49810000.0,-36966000.0,1152000.0,53371000.0,-20673000.0,5086000.0,5086000.0,5086000.0,0.0,6560000.0,0.009,374150000.0,9811000.0,316313000,0.286,2.807,17.487,17.502,305848000,0.0,20.915,1.493,1.493,183991000,843456000,597032000.0,597032000.0,0.0,,,,,3595000.0,289712000.0,1.0,157317348,157317348.0,,3.795,1673268000,119204000,-3202000.0,118927000,10.636,411454000
38,GPN,ARQ,2012-06-30,2012-07-27,2012-05-31,2021-08-02,-30000000,2688143000,,1248739000,1439404000,,7.451,-38792000.0,781275000,781275000,213071000.0,11646000.0,1.491,1.06,528376000,291811000,236565000,528376000,0,25602000.0,0,0.002,0.01,6069000.0,31671000.0,0.053,31671000.0,6069000.0,1884000.0,0.035,0.035,0.035,1172184000,,1172184000,3234040018,11.0,8.357,14579000.0,0.093,1.0,383961000.0,0.643,1014875000,4185000.0,583084000,,9864000,0,0,0,1242800000,837285000,405515000,3486939018,45542000.0,-29000.0,1802000.0,52922000.0,-1571000.0,49810000.0,-36966000.0,1152000.0,53371000.0,-20673000.0,5086000.0,5086000.0,5086000.0,0.0,6560000.0,0.009,374150000.0,9811000.0,316313000,0.286,2.975,18.532,18.548,305848000,0.0,22.165,1.582,1.582,183991000,843456000,597032000.0,597032000.0,0.0,,,,,3595000.0,289712000.0,1.0,157317348,157317348.0,,3.795,1673268000,119204000,-3202000.0,118927000,10.636,411454000
39,GPN,ARQ,2012-03-31,2012-04-02,2012-02-29,2021-08-02,33299000,2616971000,,1126499000,1490472000,,7.828,-35938000.0,735733000,735733000,194218000.0,65690000.0,1.497,0.901,476067000,298221000,177846000,476067000,0,25257000.0,0,0.002,0.01,86946000.0,112203000.0,0.21,112203000.0,86946000.0,83248000.0,0.37,0.365,0.37,1229977000,,1229977000,3333636108,9.0,7.109,51282000.0,0.326,1.0,339321000.0,0.636,1079815000,3698000.0,525120000,,12380000,0,0,0,1107767000,752370000,355397000,3593302108,-35127000.0,-37245000.0,5551000.0,-41097000.0,-1571000.0,-56191000.0,-72524000.0,0.0,87220000.0,6368000.0,57920000.0,57920000.0,57920000.0,0.0,7770000.0,0.109,246973000.0,92348000.0,213613000,0.027,2.921,14.87,14.997,288428000,0.0,22.87,1.69,1.69,157191000,842487000,533539000.0,533539000.0,0.0,,,,,4371000.0,246973000.0,1.0,157118588,157118588.0,,3.396,1537156000,102528000,25328000.0,140037000,9.783,374129000
40,GPN,ARQ,2011-12-31,2012-01-06,2011-11-30,2021-08-02,12909000,2614339000,,1190410000,1423929000,,7.315,-22995000.0,770860000,770860000,185931000.0,68149000.0,1.474,1.03,516860000,313638000,203222000,516860000,0,24024000.0,0,0.002,0.01,91871000.0,115895000.0,0.218,115895000.0,91871000.0,86993000.0,0.39,0.39,0.39,1146355000,,1146355000,3378781654,9.0,7.482,268817000.0,1.715,1.0,344574000.0,0.65,1040761000,4878000.0,512154000,,11790000,0,0,0,1180591000,807424000,373167000,3632781654,46908000.0,-7000000.0,-24314000.0,-172101000.0,-1556000.0,-200144000.0,-29375000.0,0.0,291812000.0,-15385000.0,61181000.0,61181000.0,61181000.0,0.0,6968000.0,0.115,247994000.0,96580000.0,206420000,0.026,3.169,15.691,15.931,258041000,0.0,23.18,1.773,1.773,163667000,790532000,530505000.0,530505000.0,0.0,,,,,4447000.0,247994000.0,1.0,156720520,156720520.0,,3.385,1573578000,99401000,25812000.0,132233000,10.041,382986000
41,GPN,ARQ,2011-09-30,2011-10-11,2011-08-31,2021-08-02,70350000,2715158000,,1237579000,1477579000,,7.391,-12151000.0,723952000,723952000,191536000.0,72081000.0,1.542,1.091,690742000,404976000,285766000,690742000,0,24216000.0,0,0.002,0.01,103004000.0,127220000.0,0.234,127220000.0,103004000.0,98917000.0,0.4,0.395,0.4,1157711000,,1157711000,3387622834,10.0,7.769,-618029000.0,-3.946,1.0,351235000.0,0.647,1102499000,4087000.0,777062000,,10454000,0,0,0,1262987000,802387000,460600000,3420832834,-630333000.0,0.0,-76058000.0,67061000.0,-1613000.0,-11661000.0,-11568000.0,0.0,-605878000.0,-1226000.0,63974000.0,63974000.0,63974000.0,0.0,8107000.0,0.118,242625000.0,108610000.0,217978000,0.025,2.955,15.282,15.6,255664000,0.0,21.84,1.743,1.743,178451000,736868000,542771000.0,542771000.0,0.0,,,,,3978000.0,242625000.0,1.0,156631540,156631540.0,,3.465,1612659000,101948000,34943000.0,139450000,10.296,435192000
42,GPN,ARQ,2011-06-30,2011-07-25,2011-05-31,2021-08-02,79320000,3350531000,,1847975000,1502556000,,7.372,-21442000.0,1354285000,1354285000,191439000.0,62356000.0,1.279,1.586,624764000,356547000,268217000,624764000,0,25718000.0,0,0.002,0.01,87869000.0,113587000.0,0.219,113587000.0,87869000.0,83163000.0,0.365,0.365,0.365,1184535000,,1184535000,3154725422,10.0,7.795,-44961000.0,-0.28,1.0,328317000.0,0.632,1121137000,4706000.0,55509000,,7640000,0,0,0,1878856000,1444364000,434492000,3884246422,25220000.0,-849000.0,6292000.0,53725000.0,-1606000.0,64115000.0,-21743000.0,0.0,-23519000.0,6367000.0,58576000.0,58576000.0,58576000.0,0.0,3780000.0,0.113,240172000.0,88145000.0,241578000,0.027,3.279,18.564,18.454,256301000,0.0,24.175,2.089,2.089,167454000,715202000,519756000.0,519756000.0,0.0,,,,,4137000.0,240172000.0,1.0,160672034,160672034.0,,3.235,2229394000,107086000,24587000.0,124106000,13.875,403611000
43,GPN,ARQ,2011-03-31,2011-04-01,2011-02-28,2021-08-02,49283000,3052418000,,1569712000,1482706000,,6.847,-25386000.0,1329065000,1329065000,168332000.0,54123000.0,1.268,1.538,570051000,268732000,301319000,570051000,0,21791000.0,0,0.002,0.01,73066000.0,94857000.0,0.208,94857000.0,73066000.0,68751000.0,0.3,0.295,0.3,1096242000,,1096242000,3286834094,11.0,9.005,768821000.0,4.802,1.0,288050000.0,0.631,1113353000,4315000.0,-57867000,,9834000,0,0,0,1686510000,1237918000,448592000,4045848094,665405000.0,-164287000.0,10110000.0,40160000.0,-1602000.0,47620000.0,-189150000.0,0.0,794207000.0,12728000.0,47789000.0,47789000.0,47789000.0,0.0,6334000.0,0.105,209851000.0,78199000.0,200179000,0.033,3.691,21.887,21.879,244349000,0.0,25.27,2.334,2.334,138514000,675182000,456382000.0,456382000.0,0.0,,,,,4058000.0,209851000.0,1.0,160104792,160104792.0,,2.851,1939065000,105540000,20962000.0,105689000,12.111,331794000
44,GPN,ARQ,2010-12-31,2011-01-10,2010-11-30,2021-08-02,-4457000,2056590000,,928658000,1127932000,,6.196,-26924000.0,663660000,663660000,154205000.0,57883000.0,1.532,0.954,526585000,323975000,202610000,526585000,0,18024000.0,0,0.002,0.01,82350000.0,100374000.0,0.226,100374000.0,82350000.0,78051000.0,0.335,0.335,0.335,988529000,,988529000,3671372138,13.0,10.205,16537000.0,0.104,1.0,289321000.0,0.652,789598000,4299000.0,523932000,,7737000,0,0,0,942846000,605985000,336861000,3808447138,85447000.0,-2920000.0,2436000.0,65631000.0,-1594000.0,64163000.0,-29307000.0,0.0,43461000.0,7130000.0,53505000.0,53505000.0,53505000.0,0.0,4378000.0,0.121,206178000.0,83143000.0,177879000,0.03,3.853,20.528,20.667,219944000,0.0,23.87,2.273,2.273,150275000,636594000,443526000.0,443526000.0,0.0,,,,,4198000.0,206178000.0,1.0,159549524,159549524.0,,2.78,1266992000,100107000,24546000.0,104670000,7.941,322673000
45,GPN,ARQ,2010-09-30,2010-10-12,2010-08-31,2021-08-02,-20413000,1908745000,,805269000,1103476000,,5.785,-24785000.0,578213000,578213000,151041000.0,53794000.0,1.585,0.945,460281000,222033000,238248000,460281000,0,16704000.0,0,0.002,0.01,79190000.0,95894000.0,0.218,95894000.0,79190000.0,74349000.0,0.31,0.305,0.31,921920000,,921920000,2981451018,10.0,8.122,-129162000.0,-0.811,1.0,289097000.0,0.657,785160000,4841000.0,497642000,,6731000,0,0,0,871434000,508011000,363423000,3099383018,-191733000.0,-2489000.0,-15374000.0,-42858000.0,-1586000.0,-61775000.0,-26820000.0,0.0,-104377000.0,1239000.0,49368000.0,49368000.0,49368000.0,0.0,4426000.0,0.112,206990000.0,82107000.0,180059000,0.032,3.362,15.906,16.141,202928000,0.0,19.45,1.888,1.888,151698000,592439000,440138000.0,440138000.0,0.0,,,,,3492000.0,206990000.0,1.0,159351312,159351312.0,,2.762,1123585000,97866000,24981000.0,90091000,7.051,297258000
46,GPN,ARQ,2010-06-30,2010-07-28,2010-05-31,2021-08-02,-44255000,2039326000,,968264000,1071062000,,5.433,-19534000.0,769946000,769946000,130698000.0,39032000.0,1.44,1.237,500321000,227356000,272965000,500321000,0,18242000.0,0,0.002,0.01,55638000.0,73880000.0,0.188,73880000.0,55638000.0,50854000.0,0.21,0.21,0.21,861264000,,861264000,2627425296,9.0,6.971,128030000.0,0.808,1.0,262974000.0,0.668,774200000,4784000.0,323030000,,9740000,0,0,0,1065137000,672471000,392666000,2897050296,128170000.0,47777000.0,-88531000.0,45207000.0,-1620000.0,-44360000.0,28727000.0,14000.0,147564000.0,-3761000.0,34190000.0,34190000.0,34190000.0,0.0,4842000.0,0.087,194892000.0,68082000.0,173575000,0.048,3.364,14.249,14.562,183938000,0.0,18.275,1.764,1.764,132481000,544772000,393672000.0,393672000.0,0.0,,,,,6229000.0,194892000.0,1.0,158525324,158525324.0,,2.483,1265126000,93222000,16664000.0,94695000,7.981,295793000
47,GPN,ARQ,2010-03-31,2010-04-01,2010-02-28,2021-08-02,-20438000,1979668000,,901253000,1078415000,,5.729,-15843000.0,589620000,589620000,146202000.0,51451000.0,1.661,1.0,457787000,150489000,307298000,457787000,0,16720000.0,0,0.002,0.01,72900000.0,89620000.0,0.225,89620000.0,72900000.0,68759000.0,0.3,0.295,0.3,934992000,,934992000,3592683461,12.0,9.51,-482868000.0,-2.959,1.0,252333000.0,0.633,787527000,4141000.0,517630000,,12146000,0,0,0,935435000,542678000,392757000,3724516461,-486422000.0,0.0,2682000.0,1718000.0,-1632000.0,1107000.0,-15947000.0,44000.0,-467025000.0,-4557000.0,48461000.0,48461000.0,48461000.0,0.0,2990000.0,0.122,178484000.0,73849000.0,176423000,0.033,3.983,18.02,17.828,178549000,0.0,22.82,2.256,2.256,122648000,513068000,398535000.0,398535000.0,0.0,,,,,4410000.0,178484000.0,1.0,163212816,163212816.0,,2.442,1192141000,92457000,20298000.0,71424000,7.304,358575000
48,GPN,ARQ,2009-12-31,2010-01-08,2009-11-30,2021-08-02,19203000,2509848000,,1391094000,1118754000,,5.652,-9576000.0,1090847000,1090847000,144881000.0,66182000.0,1.322,1.608,460939000,118961000,341978000,460939000,0,16783000.0,0,0.002,0.01,90913000.0,107696000.0,0.263,107696000.0,90913000.0,86490000.0,0.385,0.38,0.385,921407000,,921407000,3361453601,22.0,15.655,79138000.0,0.485,1.0,264070000.0,0.646,825083000,4423000.0,2848000,,12858000,0,0,0,1481224000,1052009000,429215000,3991361601,55849000.0,-16810000.0,13969000.0,-22321000.0,-1629000.0,-10803000.0,-26887000.0,0.0,88714000.0,4825000.0,62835000.0,62835000.0,62835000.0,0.0,3347000.0,0.154,175368000.0,88702000.0,169417000,0.026,4.332,77.579,77.73,174692000,0.0,24.485,2.426,2.426,132523000,467476000,408951000.0,408951000.0,0.0,,,,,4429000.0,175368000.0,1.0,163012522,163012522.0,,2.509,1684765000,98324000,23655000.0,70283000,10.335,339085000
49,GPN,ARQ,2009-09-30,2009-10-06,2009-08-31,2021-08-02,9000,2430928000,,1252556000,1178372000,,5.058,-11101000.0,1072349000,1072349000,162828000.0,62444000.0,1.216,1.834,482381000,108015000,374366000,482381000,0,16922000.0,0,0.002,0.01,88764000.0,105686000.0,0.239,105686000.0,88764000.0,84593000.0,0.36,0.355,0.36,819835000,,819835000,3367964062,25.0,16.945,685407000.0,4.229,1.0,278482000.0,0.631,877288000,4171000.0,-66101000,,13283000,0,0,0,1503628000,1029773000,473855000,3957932062,645414000.0,-249000.0,4048000.0,274948000.0,-1616000.0,-41694000.0,-11097000.0,253000.0,696508000.0,1697000.0,57831000.0,57831000.0,57831000.0,0.0,4613000.0,0.131,185836000.0,92646000.0,173568000,0.028,4.828,105.486,103.915,182184000,0.0,24.42,2.418,2.418,126557000,404934000,441310000.0,441310000.0,0.0,,,,,3004000.0,185836000.0,1.0,162077480,162077480.0,,2.723,1553640000,96589000,26762000.0,101030000,9.586,222783000
50,GPN,ARQ,2009-06-30,2009-07-28,2009-05-31,2021-08-02,-10901000,1676821000,,595188000,1081633000,,6.5,-15482000.0,426935000,426935000,153537000.0,37559000.0,1.77,0.572,207177000,39567000,167610000,207177000,0,15891000.0,0,0.002,0.01,58892000.0,74783000.0,0.186,74783000.0,58892000.0,58269000.0,0.235,0.23,0.235,1047015000,,1047015000,3211849855,24.0,16.22,98712000.0,0.613,1.0,248504000.0,0.618,883214000,623000.0,237672000,,5914000,0,0,0,599201000,336177000,263024000,3431607855,39342000.0,-70926000.0,1089000.0,-670000.0,-1609000.0,-13772000.0,-86316000.0,92000.0,114194000.0,25236000.0,37559000.0,37559000.0,37559000.0,0.0,0.0,0.093,181059000.0,67445000.0,180043000,0.043,3.278,92.205,90.66,176226000,0.0,21.305,2.143,2.143,123438000,652675000,402041000.0,402041000.0,0.0,,,,,3616000.0,181059000.0,1.0,161070540,161070540.0,,2.496,793607000,3789000,20710000.0,86038000,4.927,259011000
51,GPN,ARQ,2009-03-31,2009-04-06,2009-02-28,2021-08-02,-103736000,1444596000,,530412000,914184000,,5.691,-8062000.0,387593000,387593000,146760000.0,-106776000.0,2.004,0.542,194110000,29110000,165000000,194110000,0,15297000.0,0,0.003,0.01,-88736000.0,-73439000.0,-0.187,-73439000.0,-88736000.0,-90958000.0,-0.665,-0.655,-0.665,915066000,,915066000,2370252513,17.0,11.551,60218000.0,0.375,1.0,245903000.0,0.626,761212000,2222000.0,225194000,,6370000,0,0,0,496100000,264707000,231393000,2563735513,31359000.0,-14000.0,1541000.0,-7464000.0,-1598000.0,-18389000.0,-8236000.0,-160000.0,68280000.0,-10296000.0,-106776000.0,-106776000.0,-106776000.0,0.0,0.0,-0.272,327781000.0,-81878000.0,151841000,-0.015,2.802,63.351,61.327,141412000,0.0,15.945,1.661,1.661,105796000,616725000,392663000.0,392663000.0,0.0,,,,,3800000.0,180117000.0,1.0,160786172,160786172.0,,2.442,683384000,4287000,15818000.0,68529000,4.25,265705000
52,GPN,ARQ,2008-12-31,2009-01-08,2008-11-30,2021-08-02,-54622000,1613430000,,506986000,1106444000,,6.639,-9733000.0,356234000,356234000,154311000.0,48907000.0,1.86,0.48,201574000,31574000,170000000,201574000,0,18304000.0,0,0.002,0.01,73428000.0,91732000.0,0.229,91732000.0,73428000.0,71412000.0,0.305,0.3,0.305,1066541000,,1066541000,2675160861,9.0,7.613,122990000.0,0.766,1.0,246752000.0,0.615,948245000,2016000.0,237933000,,5310000,0,0,0,511679000,272592000,239087000,2829820861,68513000.0,-12142000.0,3510000.0,-9059000.0,-1614000.0,-24138000.0,-20656000.0,1219000.0,132723000.0,-19416000.0,48907000.0,48907000.0,48907000.0,0.0,0.0,0.122,163987000.0,82765000.0,150645000,0.033,2.653,15.108,14.928,145664000,0.0,17.615,1.937,1.937,111276000,725099000,401063000.0,401063000.0,0.0,,,,,3863000.0,163987000.0,1.0,160648360,160648360.0,,2.497,665185000,4261000,22505000.0,70757000,4.141,234394000
53,GPN,ARQ,2008-09-30,2008-10-08,2008-08-31,2021-08-02,60937000,1699758000,,484720000,1215038000,,7.024,-7663000.0,287721000,287721000,144177000.0,57527000.0,1.793,0.471,210633000,35633000,175000000,210633000,0,16796000.0,0,0.002,0.01,88147000.0,104943000.0,0.259,104943000.0,88147000.0,85743000.0,0.36,0.355,0.36,1126661000,,1126661000,3417822041,12.0,10.325,60111000.0,0.375,1.0,261580000.0,0.645,1048083000,2404000.0,304225000,,6576000,0,0,0,530894000,270362000,260532000,3494910041,-168339000.0,-442123000.0,2910000.0,209106000.0,-1596000.0,217784000.0,-444049000.0,5737000.0,67774000.0,-9848000.0,57527000.0,57527000.0,57527000.0,0.0,0.0,0.142,168483000.0,93097000.0,156071000,0.028,3.102,19.778,19.543,153533000,0.0,21.79,2.553,2.553,140736000,677806000,405757000.0,405757000.0,0.0,,,,,3291000.0,168483000.0,1.0,160390548,160390548.0,,2.53,651675000,4187000,28216000.0,101094000,4.063,214358000
54,GPN,ARQ,2008-06-30,2008-07-30,2008-05-31,2021-08-02,124202000,1445907000,,617410000,828497000,,7.073,-13048000.0,456060000,456060000,125129000.0,40811000.0,2.835,0.27,1527000,1527000,0,1527000,0,11814000.0,0,0.002,0.01,70155000.0,81969000.0,0.238,81969000.0,70155000.0,67328000.0,0.26,0.25,0.26,1126818000,,1126818000,3158688562,12.0,10.338,75456000.0,0.474,1.0,218703000.0,0.636,672772000,2827000.0,100850000,,3821000,0,0,0,304365000,217752000,86613000,3613221562,67593000.0,-6196000.0,2156000.0,401000.0,-1593000.0,-1223000.0,-19244000.0,0.0,88504000.0,-444000.0,40811000.0,40811000.0,40811000.0,0.0,0.0,0.119,151918000.0,66785000.0,147519000,0.038,3.207,22.201,22.127,141415000,0.0,22.68,2.836,2.836,101533000,621875000,343832000.0,343832000.0,0.0,,,,,3973000.0,151918000.0,1.0,159313120,159313120.0,,2.158,773135000,4119000,26517000.0,86976000,4.853,399658000
55,GPN,ARQ,2008-03-31,2008-04-02,2008-02-29,2021-08-02,101069000,1325769000,,528772000,796997000,,6.651,-9012000.0,388467000,388467000,117661000.0,40055000.0,3.128,0.238,1126000,1126000,0,1126000,0,11242000.0,0,0.002,0.01,61518000.0,72760000.0,0.234,72760000.0,61518000.0,59320000.0,0.255,0.25,0.255,1058151000,,1058151000,3007814119,12.0,10.494,25521000.0,0.16,1.0,192980000.0,0.621,649098000,2198000.0,120272000,,5140000,0,0,0,251489000,169058000,82431000,3395155119,25070000.0,-500000.0,1978000.0,447000.0,-1591000.0,-1030000.0,-9512000.0,0.0,34533000.0,1079000.0,40055000.0,40055000.0,40055000.0,0.0,0.0,0.129,133069000.0,59911000.0,125012000,0.039,3.209,21.887,22.0,134695000,0.0,21.34,2.805,2.805,85505000,582657000,310641000.0,310641000.0,0.0,,,,,3261000.0,133069000.0,1.0,159098178,159098178.0,,1.953,676671000,4464000,19265000.0,81541000,4.253,359714000
56,GPN,ARQ,2007-12-31,2008-01-08,2007-11-30,2021-08-02,90722000,1302749000,,510017000,792732000,,6.314,-13309000.0,363397000,363397000,116513000.0,38313000.0,2.697,0.282,679000,679000,0,679000,0,10749000.0,0,0.002,0.01,60604000.0,71353000.0,0.231,71353000.0,60604000.0,59336000.0,0.24,0.24,0.24,1003756000,,1003756000,2555085052,11.0,9.191,97929000.0,0.616,1.0,192263000.0,0.623,647918000,1268000.0,102989000,,6252000,0,0,0,283310000,189124000,94186000,2917803052,92853000.0,-8926000.0,-8217000.0,546000.0,-1571000.0,-7538000.0,-22235000.0,0.0,111238000.0,11388000.0,38313000.0,38313000.0,38313000.0,0.0,0.0,0.124,133832000.0,58431000.0,124218000,0.042,2.907,19.535,19.737,134221000,0.0,18.355,2.515,2.515,87825000,544193000,308776000.0,308776000.0,0.0,,,,,3445000.0,133518000.0,1.0,158965026,158965026.0,,1.942,654831000,4496000,21023000.0,78952000,4.119,320893000
57,GPN,ARQ,2007-09-30,2007-10-04,2007-08-31,2021-08-02,66761000,1185378000,,424097000,761281000,,5.979,-9605000.0,270544000,270544000,116309000.0,43575000.0,2.985,0.241,133000,133000,0,133000,0,10229000.0,0,0.002,0.01,69231000.0,79460000.0,0.256,79460000.0,69231000.0,67358000.0,0.27,0.265,0.27,943617000,,943617000,3192844573,14.0,11.811,28534000.0,0.181,1.0,194671000.0,0.626,627672000,1873000.0,145225000,,4075000,0,0,0,227149000,142070000,85079000,3463255573,-38328000.0,-2625000.0,-65552000.0,133000.0,-1622000.0,-66582000.0,-12230000.0,0.0,38139000.0,2345000.0,43575000.0,43575000.0,43575000.0,0.0,0.0,0.14,128439000.0,66232000.0,123700000,0.037,3.67,23.876,24.383,122588000,0.0,21.945,3.114,3.114,91677000,507451000,310980000.0,310980000.0,0.0,,,,,3147000.0,127436000.0,1.0,157815246,157815246.0,,1.971,557706000,4557000,23783000.0,73036000,3.534,282027000
58,GPN,ARQ,2007-06-30,2007-07-30,2007-05-31,2021-08-02,61193000,1200629000,,444429000,756200000,,5.916,-12140000.0,308872000,308872000,107326000.0,33178000.0,3.111,0.238,0,0,0,0,0,10021000.0,0,0.002,0.01,53031000.0,63052000.0,0.225,63052000.0,53031000.0,50865000.0,0.205,0.205,0.205,957776000,,957776000,2637449524,12.0,9.943,15064000.0,0.093,1.0,172774000.0,0.617,626864000,2166000.0,122016000,,3435000,0,0,0,227920000,142877000,85043000,2946321524,16813000.0,-1031000.0,4064000.0,0.0,-1617000.0,1120000.0,-13171000.0,0.0,27204000.0,1660000.0,33178000.0,33178000.0,33178000.0,0.0,0.0,0.118,121708000.0,51066000.0,122260000,0.049,3.076,20.606,20.449,118495000,0.0,18.2,2.776,2.776,78355000,466417000,280100000.0,280100000.0,0.0,,,,,2741000.0,118620000.0,1.0,161885798,161885798.0,,1.73,573765000,6673000,17687000.0,70768000,3.544,301552000
59,GPN,ARQ,2007-03-31,2007-04-06,2007-02-28,2021-08-02,45814000,1158951000,,415401000,743550000,,5.592,-7975000.0,292059000,292059000,103555000.0,34296000.0,2.517,0.266,0,0,0,0,0,10286000.0,0,0.002,0.01,53843000.0,64129000.0,0.246,64129000.0,53843000.0,51444000.0,0.215,0.205,0.215,902684000,,902684000,2718444179,12.0,10.252,41734000.0,0.259,1.0,156863000.0,0.602,616964000,2399000.0,84920000,,4539000,0,0,0,240349000,165008000,75341000,3010503179,42812000.0,-700000.0,3188000.0,-202000.0,-1613000.0,997000.0,-8675000.0,0.0,49709000.0,781000.0,34296000.0,34296000.0,34296000.0,0.0,0.0,0.132,105670000.0,51193000.0,113319000,0.047,3.335,20.925,20.722,113471000,0.0,18.65,2.951,2.951,71798000,434856000,260418000.0,260418000.0,0.0,,,,,3799000.0,105670000.0,1.0,161421082,161421082.0,,1.613,541987000,3620000,17148000.0,63592000,3.358,250393000
60,GPN,ARQ,2006-12-31,2007-01-08,2006-11-30,2021-08-02,50777000,1120848000,,376913000,743935000,,5.378,-8330000.0,249247000,249247000,105766000.0,34002000.0,2.355,0.276,202000,202000,0,202000,0,10253000.0,0,0.002,0.01,53431000.0,63684000.0,0.244,63684000.0,53431000.0,51694000.0,0.21,0.21,0.21,866309000,,866309000,3053030138,14.0,11.755,83529000.0,0.519,1.0,154931000.0,0.594,623289000,1737000.0,88482000,,5475000,0,0,0,238768000,160032000,78736000,3302075138,80669000.0,-12335000.0,7134000.0,-244000.0,-1611000.0,6014000.0,-20665000.0,0.0,91859000.0,3461000.0,34002000.0,34002000.0,34002000.0,0.0,0.0,0.13,102628000.0,52303000.0,116056000,0.048,3.812,23.64,23.482,112712000,0.0,20.5,3.353,3.353,75324000,402173000,260697000.0,260697000.0,0.0,,,,,3716000.0,102628000.0,1.0,161076836,161076836.0,,1.618,497559000,3620000,17692000.0,67179000,3.089,216881000
61,GPN,ARQ,2006-09-30,2006-10-06,2006-08-31,2021-08-02,51511000,1051020000,,312830000,738190000,,5.119,-6929000.0,168578000,168578000,98190000.0,41509000.0,2.364,0.262,446000,446000,0,446000,0,9805000.0,0,0.002,0.01,64580000.0,74385000.0,0.286,74385000.0,64580000.0,62418000.0,0.26,0.255,0.26,820890000,,820890000,3212293732,15.0,12.578,15431000.0,0.096,1.0,162118000.0,0.623,616432000,2162000.0,134127000,,4189000,0,0,0,214810000,132329000,82481000,3380425732,-49897000.0,-67195000.0,4946000.0,-300000.0,-1601000.0,2755000.0,-74124000.0,0.0,22360000.0,-888000.0,41509000.0,41509000.0,41509000.0,0.0,0.0,0.159,98591000.0,63527000.0,95474000,0.038,4.118,24.802,24.569,109396000,0.0,21.08,3.581,3.581,77749000,369782000,260308000.0,260308000.0,0.0,,,,,4898000.0,98591000.0,1.0,160361752,160361752.0,,1.623,434588000,3622000,20909000.0,72677000,2.71,180501000
62,GPN,ARQ,2006-06-30,2006-08-04,2006-05-31,2021-08-02,52836000,1018678000,,348406000,670272000,,4.82,-7203000.0,218475000,218475000,89063000.0,34062000.0,2.328,0.306,746000,746000,0,746000,0,9813000.0,0,0.002,0.01,53149000.0,62962000.0,0.264,62962000.0,53149000.0,51022000.0,0.215,0.205,0.215,770223000,,770223000,3028062997,15.0,12.581,-489000.0,-0.003,1.0,149705000.0,0.627,554462000,2127000.0,96832000,,3300000,0,0,0,235459000,149655000,85804000,3245791997,5332000.0,-1538000.0,3458000.0,-381000.0,-1596000.0,-842000.0,-8741000.0,0.0,6714000.0,8201000.0,34062000.0,34062000.0,34062000.0,0.0,0.0,0.143,97304000.0,52401000.0,105744000,0.047,4.214,25.858,25.547,107977000,0.0,20.31,3.574,3.574,68379000,329874000,238768000.0,238768000.0,0.0,,,,,0.0,97304000.0,1.0,159812506,159812506.0,,1.494,464216000,3622000,16960000.0,74014000,2.905,198751000
63,GPN,ARQ,2006-03-31,2006-04-07,2006-02-28,2021-08-02,39721000,981986000,,318115000,663871000,,4.506,-5297000.0,213143000,213143000,88862000.0,30111000.0,1.916,0.351,1127000,1127000,0,1127000,0,10298000.0,0,0.002,0.01,48383000.0,58681000.0,0.261,58681000.0,48383000.0,46688000.0,0.187,0.185,0.187,717457000,,717457000,3636963980,20.0,15.976,79823000.0,0.501,1.0,136297000.0,0.605,550550000,1695000.0,53406000,,2710000,0,0,0,251573000,166014000,85559000,3848979980,81447000.0,-1808000.0,5691000.0,-604000.0,-1591000.0,1014000.0,-7105000.0,0.0,85120000.0,2418000.0,30111000.0,30111000.0,30111000.0,0.0,0.0,0.134,88162000.0,48135000.0,92800000,0.053,5.365,33.481,33.116,102730000,0.0,24.175,4.389,4.389,60950000,297408000,225159000.0,225159000.0,0.0,,,,,0.0,88162000.0,1.0,159213236,159213236.0,,1.414,431436000,10535000,16577000.0,69656000,2.71,152101000
64,GPN,ARQ,2005-12-31,2006-01-03,2005-11-30,2021-08-02,35009000,890136000,,226979000,663157000,,4.199,-7332000.0,131696000,131696000,86912000.0,30613000.0,1.734,0.317,1731000,1631000,100000,1731000,0,9982000.0,0,0.002,0.01,49378000.0,59360000.0,0.27,59360000.0,49378000.0,47576000.0,0.195,0.185,0.195,665373000,,665373000,3626748073,21.0,16.666,81548000.0,0.515,1.0,132761000.0,0.604,549644000,1802000.0,79637000,,2728000,0,0,0,211249000,130890000,80359000,3756713073,96242000.0,-1091000.0,14223000.0,-1978000.0,-1583000.0,8073000.0,-8423000.0,0.0,88880000.0,7712000.0,30613000.0,30613000.0,30613000.0,0.0,0.0,0.139,82733000.0,50028000.0,84755000,0.051,5.646,35.284,34.613,102915000,0.0,23.71,4.434,4.434,63140000,268888000,219673000.0,219673000.0,0.0,,,,,0.0,81728000.0,1.0,158444246,158444246.0,,1.386,340492000,6424000,16963000.0,69823000,2.149,96089000
65,GPN,ARQ,2005-09-30,2005-10-07,2005-08-31,2021-08-02,32620000,841645000,,171293000,670352000,,3.955,-5206000.0,35454000,35454000,93183000.0,30738000.0,1.351,0.334,3709000,3312000,397000,3709000,0,10396000.0,0,0.002,0.01,49280000.0,59676000.0,0.266,59676000.0,49280000.0,47760000.0,0.198,0.19,0.198,619320000,,619320000,3101243971,19.0,14.847,48853000.0,0.312,1.0,131273000.0,0.585,550538000,1520000.0,132577000,,2220000,0,0,0,206645000,126785000,79860000,3132988971,-13525000.0,-480000.0,550000.0,-58685000.0,-1566000.0,-62519000.0,-5686000.0,0.0,54059000.0,621000.0,30738000.0,30738000.0,30738000.0,0.0,0.0,0.137,80749000.0,50524000.0,79952000,0.051,5.059,31.508,31.112,109048000,0.0,20.005,3.839,3.839,68101000,239858000,224456000.0,224456000.0,0.0,,,,,0.0,79876000.0,1.0,156610296,156610296.0,,1.433,291107000,6026000,17022000.0,78648000,1.859,44508000
66,GPN,ARQ,2005-06-30,2005-08-15,2005-05-31,2021-08-02,21795000,853505000,,189990000,663515000,,3.696,-6666000.0,48979000,48979000,90104000.0,23497000.0,1.039,0.448,62394000,61648000,746000,62394000,0,11912000.0,0,0.002,0.01,38021000.0,49933000.0,0.24,49933000.0,38021000.0,36089000.0,0.15,0.145,0.15,578350000,,578350000,2639131009,17.0,13.2,34866000.0,0.223,1.0,117561000.0,0.566,547750000,1932000.0,136367000,,2625000,0,0,0,258815000,182803000,76012000,2625716009,-9223000.0,-283000.0,0.0,-38790000.0,-1563000.0,-39275000.0,-6949000.0,0.0,41532000.0,-4531000.0,23497000.0,23497000.0,23497000.0,0.0,0.0,0.113,78071000.0,39490000.0,93231000,0.067,4.54,28.265,27.828,104173000,0.0,16.78,3.348,3.348,55869000,210686000,207665000.0,207665000.0,0.0,,,,,0.0,74345000.0,1.0,156478904,156478904.0,,1.327,305755000,6307000,12592000.0,59401000,1.954,7187000
67,GPN,ARQ,2005-03-31,2005-04-01,2005-02-28,2021-08-02,27297000,831153000,,165631000,665522000,,3.565,-12844000.0,58202000,58202000,87378000.0,21623000.0,0.924,0.467,100378000,99291000,1087000,100378000,0,11350000.0,0,0.002,0.01,37292000.0,48642000.0,0.249,48642000.0,37292000.0,34323000.0,0.143,0.135,0.143,555368000,,555368000,2563879513,18.0,13.686,110097000.0,0.707,1.0,108148000.0,0.553,551851000,2969000.0,142241000,,2736000,0,0,0,259390000,179237000,80153000,2521703513,26935000.0,-18204000.0,0.0,-66060000.0,-1557000.0,-64862000.0,-31048000.0,0.0,122941000.0,-96000.0,21623000.0,21623000.0,21623000.0,0.0,0.0,0.111,69929000.0,38219000.0,79946000,0.07,4.541,29.793,29.325,107549000,0.0,16.188,3.325,3.325,83894000,188752000,195526000.0,195526000.0,0.0,,,,,0.0,69929000.0,1.0,155780912,155780912.0,,1.255,279302000,7242000,12700000.0,61869000,1.793,-13606000
68,GPN,ARQ,2004-12-31,2004-12-28,2004-11-30,2021-08-02,31355000,865951000,,216908000,649043000,,3.396,-5994000.0,31267000,31267000,79350000.0,23578000.0,0.87,0.614,166385000,164965000,1420000,166385000,0,11376000.0,0,0.003,0.01,39260000.0,50636000.0,0.269,50636000.0,39260000.0,37425000.0,0.152,0.147,0.152,526066000,,526066000,2432931622,18.0,13.747,28688000.0,0.185,1.0,109199000.0,0.579,543769000,1835000.0,207857000,,3272000,0,0,0,322746000,249443000,73303000,2297813622,7948000.0,-4456000.0,0.0,-24930000.0,-1548000.0,-21544000.0,-10450000.0,0.0,34682000.0,5260000.0,23578000.0,23578000.0,23578000.0,0.0,0.0,0.125,68421000.0,40778000.0,74662000,0.066,4.368,28.895,28.694,99147000,0.0,14.835,3.167,3.167,158192000,168686000,188549000.0,188549000.0,0.0,,,,,0.0,68421000.0,1.0,154891380,154891380.0,,1.217,322182000,10583000,13847000.0,65103000,2.08,-32535000
69,GPN,ARQ,2004-09-30,2004-10-04,2004-08-31,2021-08-02,20966000,843521000,,209193000,634328000,,3.149,-8801000.0,23319000,23319000,80440000.0,24198000.0,0.76,0.705,191315000,187815000,3500000,191315000,0,10668000.0,0,0.003,0.01,40052000.0,50720000.0,0.263,50720000.0,40052000.0,38410000.0,0.158,0.155,0.158,484506000,,484506000,2209015979,18.0,13.879,21603000.0,0.14,1.0,112151000.0,0.582,528231000,1642000.0,207925000,,3250000,0,0,0,341533000,275361000,66172000,2041019979,-11153000.0,-7830000.0,0.0,-27931000.0,-1537000.0,-26672000.0,-16631000.0,0.0,30404000.0,1746000.0,24198000.0,24198000.0,24198000.0,0.0,0.0,0.126,70537000.0,41614000.0,75774000,0.063,4.213,28.821,28.532,99513000,0.0,13.268,2.978,2.978,159991000,146656000,192591000.0,192591000.0,0.0,,,,,0.0,70537000.0,1.0,153836064,153836064.0,,1.252,315290000,10028000,14212000.0,58576000,2.05,-66168000
70,GPN,ARQ,2004-06-30,2004-08-10,2004-05-31,2021-08-02,14558000,832895000,,203204000,629691000,,2.937,-9522000.0,34472000,34472000,88144000.0,15243000.0,0.71,0.802,219246000,206299000,12947000,219246000,0,10439000.0,0,0.004,0.01,26902000.0,37341000.0,0.205,37341000.0,26902000.0,24349000.0,0.1,0.095,0.1,449422000,,449422000,1813586314,17.0,12.788,13841000.0,0.09,1.0,93705000.0,0.515,524670000,2553000.0,206927000,,3051000,0,0,0,360343000,286072000,74271000,1628812314,-51418000.0,-27311000.0,0.0,-39980000.0,-1524000.0,-37484000.0,-36833000.0,0.0,23363000.0,-464000.0,15243000.0,15243000.0,15243000.0,0.0,0.0,0.084,64521000.0,29184000.0,79773000,0.1,3.624,26.085,25.651,97482000,0.0,10.645,2.588,2.588,143408000,123995000,181849000.0,181849000.0,0.0,,,,,0.0,59576000.0,1.0,153011960,153011960.0,,1.188,308225000,10028000,9106000.0,46804000,2.014,-82868000
71,GPN,ARQ,2004-03-31,2004-04-01,2004-02-29,2021-08-02,18279000,851875000,,233786000,618089000,,2.829,-5374000.0,85890000,85890000,71773000.0,16503000.0,0.721,0.914,259226000,244862000,14364000,259226000,0,9580000.0,0,0.003,0.01,28701000.0,38281000.0,0.235,38281000.0,28701000.0,26363000.0,0.107,0.107,0.107,428321000,,428321000,1926132787,19.0,14.374,8458000.0,0.056,1.0,90787000.0,0.558,515170000,2338000.0,185859000,,3823000,0,0,0,391661000,324182000,67479000,1752796787,6137000.0,-33505000.0,0.0,33808000.0,-1513000.0,32403000.0,-38879000.0,0.0,13832000.0,-1219000.0,16503000.0,16503000.0,16503000.0,0.0,0.0,0.102,60354000.0,30433000.0,72458000,0.093,4.092,29.113,28.794,92400000,0.0,11.575,3.013,3.013,128200000,110276000,162560000.0,162560000.0,0.0,,,,,0.0,60354000.0,1.0,151429528,151429528.0,,1.074,336705000,4735000,9860000.0,50694000,2.224,-90396000
72,GPN,ARQ,2003-12-31,2004-01-14,2003-11-30,2021-08-02,18137000,711438000,,143571000,567867000,,2.719,-6540000.0,79753000,79753000,67274000.0,14872000.0,0.634,0.681,118032000,115361000,2671000,118032000,0,8002000.0,0,0.003,0.01,24816000.0,32818000.0,0.221,32818000.0,24816000.0,23757000.0,0.1,0.095,0.1,409860000,,409860000,1934362984,21.0,15.528,7542000.0,0.05,1.0,81173000.0,0.547,492462000,1059000.0,30829000,,1380000,0,0,0,279262000,226426000,52836000,1896083984,-16367000.0,-61460000.0,0.0,36868000.0,-1506000.0,33728000.0,-68000000.0,0.0,14082000.0,3823000.0,14872000.0,14872000.0,14872000.0,0.0,0.0,0.1,55070000.0,26103000.0,104345000,0.1,4.626,33.979,33.274,62681000,0.0,12.578,3.487,3.487,46037000,95286000,148447000.0,148447000.0,0.0,,,,,0.0,51947000.0,1.0,150752056,150752056.0,,0.985,218976000,4735000,8885000.0,47452000,1.453,-82855000
73,GPN,ARQ,2003-09-30,2003-10-10,2003-08-31,2021-08-02,11902000,504023000,,152386000,351637000,,2.552,-3128000.0,96120000,96120000,62162000.0,15825000.0,2.23,0.262,4165000,1200000,2965000,4165000,0,7519000.0,0,0.004,0.01,25855000.0,33374000.0,0.245,33374000.0,25855000.0,25280000.0,0.107,0.102,0.107,381293000,,381293000,1378690090,15.0,11.24,37765000.0,0.253,1.0,74302000.0,0.544,296237000,575000.0,47496000,,1066000,0,0,0,99801000,68335000,31466000,1470645090,58110000.0,0.0,0.0,23431000.0,-1487000.0,21466000.0,-3128000.0,0.0,40893000.0,-1121000.0,15825000.0,15825000.0,15825000.0,0.0,0.0,0.116,47121000.0,27181000.0,57842000,0.093,3.857,26.978,26.819,50271000,0.0,9.842,2.802,2.802,45628000,81920000,136464000.0,136464000.0,0.0,,,,,0.0,45541000.0,1.0,149417840,149417840.0,,0.913,207786000,5096000,9455000.0,28637000,1.391,84051000
74,GPN,ARQ,2003-06-30,2003-08-26,2003-05-31,2021-08-02,13023000,484234000,,128203000,356031000,,2.464,-5219000.0,38010000,38010000,66327000.0,13007000.0,2.039,0.258,4707000,1456000,3251000,4707000,0,7835000.0,0,0.004,0.01,21695000.0,29530000.0,0.22,29530000.0,21695000.0,20779000.0,0.087,0.085,0.087,366426000,,366426000,1332098865,15.0,10.964,-23990000.0,-0.161,1.0,67995000.0,0.506,299114000,916000.0,88956000,,1348000,0,0,0,94567000,62861000,31706000,1365401865,8642000.0,0.0,0.0,33288000.0,-1485000.0,32632000.0,-5219000.0,0.0,-18771000.0,0.0,13007000.0,13007000.0,13007000.0,0.0,0.0,0.097,45584000.0,22411000.0,58781000,0.115,3.726,25.617,25.507,51785000,0.0,9.182,2.646,2.646,79707000,67582000,134322000.0,134322000.0,0.0,,,,,0.0,44327000.0,1.0,148696092,148696092.0,,0.903,185120000,5096000,7772000.0,21968000,1.245,65342000
75,GPN,ARQ,2003-03-31,2003-04-04,2003-02-28,2021-08-02,-997000,441492000,,100042000,341450000,,2.281,-2898000.0,29368000,29368000,62682000.0,12098000.0,1.484,0.236,5319000,1783000,3536000,5319000,0,8354000.0,0,0.005,0.01,20497000.0,28851000.0,0.232,28851000.0,20497000.0,19324000.0,0.083,0.08,0.083,338049000,,338049000,1116326792,18.0,12.027,-2535000.0,-0.017,1.0,61891000.0,0.497,285517000,1173000.0,64494000,,1918000,0,0,0,79700000,67432000,12268000,1140375792,-5612000.0,-185000.0,0.0,-665000.0,-1481000.0,-2892000.0,-3083000.0,0.0,363000.0,0.0,12098000.0,12098000.0,12098000.0,0.0,0.0,0.097,40109000.0,21782000.0,56063000,0.12,3.373,38.865,38.864,50455000,0.0,7.695,2.268,2.268,58506000,56060000,124573000.0,124573000.0,0.0,,,,,0.0,40109000.0,1.0,148196984,148196984.0,,0.841,155975000,6289000,7226000.0,11374000,1.052,32610000
76,GPN,ARQ,2002-12-31,2003-01-13,2002-11-30,2021-08-02,-2537000,437758000,,91114000,346644000,,2.192,-4608000.0,34980000,34980000,64395000.0,13582000.0,1.184,0.275,5984000,2181000,3803000,5984000,0,8012000.0,0,0.005,0.01,22897000.0,30909000.0,0.239,30909000.0,22897000.0,21698000.0,0.09,0.09,0.09,324355000,,324355000,1130675612,20.0,12.641,29771000.0,0.201,1.0,65066000.0,0.503,288222000,1199000.0,43606000,,2298000,0,0,0,89201000,76934000,12267000,1159671612,17640000.0,-799000.0,0.0,-9150000.0,-1477000.0,-11332000.0,-5407000.0,0.0,34379000.0,0.0,13582000.0,13582000.0,13582000.0,0.0,0.0,0.105,41311000.0,23755000.0,71426000,0.111,3.575,42.141,42.365,53023000,0.0,7.838,2.35,2.35,42413000,45443000,129461000.0,129461000.0,0.0,,,,,0.0,41311000.0,1.0,147964480,147964480.0,,0.875,149536000,6289000,8116000.0,5115000,1.011,14180000
77,GPN,ARQ,2002-09-30,2002-10-11,2002-08-31,2021-08-02,-2628000,429253000,,79805000,349448000,,2.105,-5201000.0,17340000,17340000,66886000.0,14613000.0,0.982,0.301,15134000,10995000,4139000,15134000,0,7860000.0,0,0.006,0.01,24351000.0,32211000.0,0.252,32211000.0,24351000.0,23343000.0,0.1,0.098,0.1,310827000,,310827000,983747468,18.0,11.514,14387000.0,0.097,1.0,60842000.0,0.476,290306000,1008000.0,55476000,,2644000,0,0,0,93629000,81265000,12364000,985953468,-1854000.0,-169000.0,0.0,-14176000.0,-1475000.0,-16072000.0,-5370000.0,0.0,19588000.0,0.0,14613000.0,14613000.0,14613000.0,0.0,0.0,0.114,35525000.0,25317000.0,70270000,0.1,3.172,38.545,38.157,53853000,0.0,6.678,2.056,2.056,49204000,33338000,127728000.0,127728000.0,0.0,,,,,0.0,35525000.0,1.0,147653084,147653084.0,,0.865,138947000,6289000,8730000.0,1788000,0.941,-1460000
78,GPN,ARQ,2002-06-30,2002-08-28,2002-05-31,2021-08-02,-2474000,431418000,,79457000,351961000,,2.01,-6338000.0,19194000,19194000,65774000.0,-10951000.0,0.819,0.371,29310000,24599000,4711000,29310000,0,7729000.0,0,0.006,0.02,-6879000.0,850000.0,0.007,850000.0,-6879000.0,-7832000.0,-0.075,-0.073,-0.075,296288000,,296288000,972144461,19.0,11.84,27169000.0,0.184,1.0,55197000.0,0.456,293020000,953000.0,51509000,,2611000,0,0,0,109889000,97005000,12884000,962028461,1724000.0,1061000.0,0.0,-26749000.0,-1472000.0,-26506000.0,-5277000.0,0.0,33507000.0,0.0,-10951000.0,-10951000.0,-10951000.0,0.0,0.0,-0.091,45243000.0,9954000.0,72406000,-0.267,3.247,40.354,40.031,53643000,0.0,6.525,2.079,2.079,44315000,20200000,120971000.0,120971000.0,0.0,,,,,0.0,34250000.0,1.0,147437312,147437312.0,,0.82,138398000,10045000,3119000.0,1788000,0.939,-17548000
79,GPN,ARQ,2002-03-31,2002-05-10,2002-02-28,2021-08-02,-3031000,459275000,,80074000,379201000,,2.068,-3249000.0,17470000,17470000,64141000.0,10275000.0,0.725,0.427,56059000,50763000,5296000,56059000,0,7970000.0,0,0.005,0.01,17508000.0,25478000.0,0.221,25478000.0,17508000.0,16626000.0,0.07,0.068,0.07,303729000,,303729000,1336828991,,,41088000.0,0.28,1.0,51142000.0,0.444,321035000,882000.0,66441000,,2838000,0,0,0,129844000,110388000,19456000,1298239991,-9398000.0,-225000.0,0.0,-43109000.0,-1464000.0,-45261000.0,-8474000.0,0.0,44337000.0,0.0,10275000.0,10275000.0,10275000.0,0.0,0.0,0.089,33147000.0,17995000.0,59625000,0.143,4.274,,,52777000,0.0,8.838,,,48430000,32623000,115283000.0,115283000.0,0.0,,,,,0.0,33147000.0,1.0,146901272,146901272.0,,0.785,138240000,6527000,6351000.0,7237000,0.941,-30314000
80,GPN,ARQ,2002-03-31,2002-04-05,2002-02-28,2021-08-02,-3031000,459275000,,80074000,379201000,,2.068,-3249000.0,17470000,17470000,64141000.0,10275000.0,0.725,0.427,56059000,50763000,5296000,56059000,0,7970000.0,0,0.004,0.01,17508000.0,25478000.0,0.221,25478000.0,17508000.0,16626000.0,0.07,0.068,0.07,303729000,,303729000,1408443361,,,41088000.0,0.28,1.0,51142000.0,0.444,321035000,882000.0,66441000,,2838000,0,0,0,129844000,110388000,19456000,1369854361,-9398000.0,-225000.0,0.0,-43109000.0,-1464000.0,-45261000.0,-8474000.0,0.0,44337000.0,0.0,10275000.0,10275000.0,10275000.0,0.0,0.0,0.089,33147000.0,17995000.0,59625000,0.143,4.51,,,52777000,0.0,9.325,,,48430000,32623000,115283000.0,115283000.0,0.0,,,,,0.0,33147000.0,1.0,146901272,146901272.0,,0.785,138240000,6527000,6351000.0,7237000,0.941,-30314000
81,GPN,ARQ,2001-12-31,2002-01-14,2001-11-30,2021-08-02,-2879000,493119000,,120011000,373108000,,2.007,-8019000.0,26868000,26868000,60718000.0,11642000.0,0.765,0.589,93292000,91470000,1822000,93292000,0,6909000.0,0,0.003,0.01,19991000.0,26900000.0,0.233,26900000.0,19991000.0,18838000.0,0.08,0.077,0.08,293660000,,293660000,1326295329,,,58528000.0,0.4,1.0,54899000.0,0.475,323613000,1153000.0,78971000,,2854000,0,0,0,172965000,156959000,16006000,1259871329,26211000.0,-55200000.0,0.0,25979000.0,-1461000.0,22883000.0,-63219000.0,0.0,66547000.0,0.0,11642000.0,11642000.0,11642000.0,0.0,0.0,0.101,34117000.0,20782000.0,61636000,0.125,4.29,,,49018000,0.0,8.613,,,82038000,23812000,115617000.0,115617000.0,0.0,,,,,0.0,34117000.0,1.0,146284044,146284044.0,,0.79,169506000,5118000,7196000.0,11091000,1.159,-36948000
82,GPN,ARQ,2001-09-30,2001-10-12,2001-08-31,2021-08-02,-1621000,464459000,,144632000,319827000,,1.946,-4784000.0,657000,657000,61493000.0,12874000.0,1.042,0.543,67313000,65946000,1367000,67313000,0,6963000.0,0,0.003,0.01,21917000.0,28880000.0,0.26,28880000.0,21917000.0,20832000.0,0.087,0.085,0.087,284414000,,284414000,1159969748,,,11293000.0,0.077,1.0,49462000.0,0.446,274384000,1085000.0,117912000,,2926000,0,0,0,154360000,138819000,15541000,1093313748,-5446000.0,-5790000.0,0.0,-10400000.0,-1460000.0,-10949000.0,-10574000.0,0.0,16077000.0,0.0,12874000.0,12874000.0,12874000.0,0.0,0.0,0.116,26775000.0,22687000.0,72873000,0.115,3.844,,,44965000,0.0,7.482,,,132860000,13631000,110955000.0,110955000.0,0.0,,,,,0.0,26775000.0,1.0,146116104,146116104.0,,0.759,190075000,5118000,7958000.0,7237000,1.301,5813000
83,GPN,ARQ,2001-06-30,2001-08-29,2001-05-31,2021-08-02,-1081000,458604000,,136498000,322106000,,1.856,-7667000.0,6103000,6103000,,,1.03,0.549,77713000,75739000,1974000,77713000,0,6950000.0,0,0.002,0.01,,,,,,,,,,271022000,,271022000,1302107839,29.0,19.607,16052000.0,0.11,1.0,,,277375000,,120355000,,3216000,0,0,0,148730000,132484000,16246000,1230497839,5553000.0,-20600000.0,0.0,-93082000.0,-1459000.0,10101000.0,-28267000.0,0.0,23719000.0,0.0,,,,,,,,,56745000,,4.54,51.99,40.7,44336000,,8.425,3.484,3.484,116057000,2217000,,,,,,,,0.0,,1.0,146053156,146053156.0,,,181229000,5425000,,7237000,1.241,4014000
84,GPN,ARQ,2001-03-31,2001-04-16,2001-02-28,2021-08-02,-1033000,262037000,,65982000,196055000,,1.233,,550000,550000,44607000.0,5846000.0,0.668,0.86,63973000,61718000,2255000,63973000,0,,0,0.0,0.0,10931000.0,,,,10931000.0,9506000.0,0.055,,0.055,130611000,,130611000,841444876,,,,,1.0,36067000.0,0.447,166494000,1425000.0,60185000,,3096000,5000000,0,5000000,112360000,98781000,13579000,778021876,,,,,,,,,,,5846000.0,5846000.0,5846000.0,0.0,0.0,0.072,24101000.0,11966000.0,37063000,0.0,5.957,,,24119000,0.0,5.375,,,57511000,1451000,80674000.0,80674000.0,0.0,,,,,,24101000.0,1.0,144748256,105900000.0,,0.762,95543000,263000,3660000.0,7130000,0.902,-32799000
0,GPN,ART,2021-06-30,2021-08-02,2021-06-30,2021-08-02,-172707000,45149673000,44539682000.0,4899877000,40249796000,0.179,90.873,-447431000.0,1799549000,1799549000,3684672000.0,880271000.0,1.119,0.686,10757128000,540149000,10216979000,10757128000,0,1766918000.0,0,0.004,0.78,1337929000.0,3104847000.0,0.389,3104847000.0,1337929000.0,1006183000.0,2.9,2.9,2.9,26693763000,27115888000.0,26693763000,65771397667,49.0,21.183,2016071000.0,6.863,1.0,4290780000.0,0.538,36237115000,331746000.0,13490509000,12311024750.0,0,0,0,0,18299533000,4379628000,13919905000,56813818667,114099000.0,-910442000.0,-1301787000.0,1009867000.0,-231500000.0,-1127815000.0,-1329996000.0,0.0,2463502000.0,108408000.0,863885000.0,863885000.0,863885000.0,0.0,16386000.0,0.108,3110563000.0,1180217000.0,2184201000,0.269,2.128,65.765,66.693,1642283000,0.0,193.41,7.124,7.124,878431000,2664707000,7975452000.0,7975452000.0,0.0,0.019,0.032,0.109,0.168,166477000.0,3110563000.0,1.0,293748093,293748093.0,,27.151,8912558000,8094000,142298000.0,2873676000,30.341,520249000
1,GPN,ART,2021-03-31,2021-05-04,2021-03-31,2021-08-02,-212373000,44257728000,44252633000.0,4878830000,39378898000,0.17,90.414,-417593000.0,2082414000,2082414000,3642102000.0,652902000.0,1.185,0.652,10150942000,523890000,9627052000,10150942000,0,1741929000.0,0,0.004,0.78,1053997000.0,2795926000.0,0.372,2795926000.0,1053997000.0,719952000.0,2.13,2.13,2.13,26691762000,27298912000.0,26691762000,68735358871,65.0,24.584,2059389000.0,6.976,1.0,3867865000.0,0.515,35552734000,334045000.0,12657357000,11798657500.0,0,0,0,0,17415537000,4116165000,13299372000,60666830871,402013000.0,14693000.0,-1013804000.0,13027000.0,-232511000.0,-1837683000.0,-365632000.0,0.0,2476982000.0,128346000.0,637626000.0,637626000.0,637626000.0,0.0,15276000.0,0.085,2942632000.0,925233000.0,2096637000,0.366,2.273,95.145,96.479,1580743000,0.0,205.5,8.078,8.078,824822000,2500812000,7509967000.0,7509967000.0,0.0,0.014,0.023,0.089,0.14,158135000.0,2942632000.0,1.0,295215722,295215722.0,,25.439,8704994000,8120000,82326000.0,2895401000,29.487,762665000
2,GPN,ART,2020-12-31,2021-02-19,2020-12-31,2021-08-02,-202273000,44201545000,44150600500.0,4592360000,39609185000,0.168,92.576,-436236000.0,1945868000,1945868000,3650727000.0,605100000.0,1.01,0.612,9652462000,1186055000,8466407000,9652462000,0,1713032000.0,0,0.004,0.78,1005221000.0,2718253000.0,0.366,2718253000.0,1005221000.0,661673000.0,1.95,1.95,1.95,27332370000,27456174250.0,27332370000,65036957800,65.0,23.926,1877914000.0,6.361,1.0,3772831000.0,0.508,35887334000,343548000.0,11471714000,11788794000.0,0,0,0,0,16714501000,4549091000,12165410000,57330363800,411498000.0,-41429000.0,-626249000.0,-82282000.0,-233216000.0,-1546142000.0,-438342000.0,0.0,2314150000.0,81832000.0,584520000.0,584520000.0,584520000.0,0.0,20580000.0,0.079,2878878000.0,893953000.0,2061384000,0.4,2.098,98.081,99.579,1578532000,0.0,194.18,7.723,7.723,794172000,2570874000,7423558000.0,7423558000.0,0.0,0.013,0.021,0.085,0.135,148792000.0,2878878000.0,1.0,295243402,295243402.0,,25.144,8314211000,7627000,77153000.0,2948390000,28.161,43269000
3,GPN,ART,2020-09-30,2020-10-29,2020-09-30,2021-08-02,-351904000,44549782000,44220254750.0,4968650000,39581132000,0.169,92.69,-436264000.0,2220822000,2220822000,3767109000.0,534583000.0,1.125,0.598,9707833000,1270871000,8436962000,9707833000,0,1734334000.0,0,0.005,0.78,928767000.0,2663101000.0,0.356,2663101000.0,928767000.0,586245000.0,1.49,1.48,1.49,27745657000,27587018500.0,27745657000,54234511831,58.0,20.365,1150385000.0,3.843,1.0,3714016000.0,0.496,35997020000,342522000.0,11624519000,11895087000.0,0,0,0,0,16585940000,4415254000,12170686000,46747500831,93206000.0,-387419000.0,-500495000.0,8061000.0,-233796000.0,-733185000.0,-805816000.0,0.0,1586649000.0,45558000.0,504647000.0,504647000.0,504647000.0,0.0,29936000.0,0.067,2875882000.0,838134000.0,1696048000,0.523,1.685,92.634,104.812,1526178000,0.0,156.17,6.249,6.249,822033000,2476962000,7481125000.0,7481125000.0,0.0,0.011,0.018,0.078,0.124,138924000.0,2875882000.0,1.0,299337266,299337266.0,,24.992,8552762000,6822000,81598000.0,2966020000,28.572,553396000
4,GPN,ART,2020-06-30,2020-08-03,2020-06-30,2021-08-02,-459146000,44001477000,44385821000.0,4351341000,39650136000,0.15,91.651,-382940000.0,1825625000,1825625000,3293908000.0,410084000.0,1.029,0.597,9713075000,1272808000,8440267000,9713075000,0,1485457000.0,0,0.003,0.595,756568000.0,2242025000.0,0.336,2242025000.0,756568000.0,400861000.0,1.29,1.28,1.29,27425859000,27594262750.0,27425859000,61463966851,81.0,27.414,1721274000.0,5.752,1.0,3375343000.0,0.506,36218544000,355707000.0,11441040000,11846742000.0,0,0,0,0,16368488000,4229343000,12139145000,53576516851,777898000.0,-640472000.0,-534991000.0,414355000.0,-176952000.0,-326221000.0,-989002000.0,0.0,2104214000.0,-11093000.0,378720000.0,378720000.0,378720000.0,0.0,31364000.0,0.057,2653591000.0,721752000.0,1606028000,0.461,1.954,141.467,138.791,1477635000,0.0,179.04,8.033,8.033,788697000,2314423000,6669251000.0,6669251000.0,0.0,0.009,0.014,0.064,0.113,124525000.0,2653591000.0,1.0,299243280,299243280.0,,22.287,7782933000,6220000,22141000.0,2972142000,26.009,121998000
5,GPN,ART,2020-03-31,2020-05-06,2020-03-31,2021-08-02,-539780000,43849598000,37031469750.0,4069670000,39779928000,0.16,91.342,-357547000.0,1800061000,1800061000,2702444000.0,500679000.0,1.34,0.598,10081809000,445733000,9636076000,10081809000,0,1206059000.0,0,0.002,0.41,853867000.0,2059926000.0,0.347,2059926000.0,853867000.0,515399000.0,1.94,1.93,1.94,27320811000,21735449000.0,27320811000,59159631142,69.0,28.719,1240576000.0,4.148,1.0,3230007000.0,0.544,36477164000,338468000.0,12617903000,10558162750.0,0,0,0,0,16329165000,3036279000,13292886000,50877883142,522428000.0,-636988000.0,-628922000.0,741482000.0,-120206000.0,-56946000.0,-970455000.0,0.0,1598123000.0,-48294000.0,461847000.0,461847000.0,461847000.0,0.0,38832000.0,0.078,2394103000.0,835904000.0,1636823000,0.211,1.862,110.162,87.68,1441910000,0.0,170.1,8.576,8.576,799798000,2335407000,5932451000.0,5932451000.0,0.0,0.012,0.021,0.081,0.144,106038000.0,2394103000.0,1.0,299105721,299105721.0,,19.834,7372434000,6778000,53552000.0,3024409000,24.648,1033391000
6,GPN,ART,2019-12-31,2020-02-21,2019-12-31,2021-08-02,-310571000,44480162000,29756475500.0,4366448000,40113714000,0.165,92.968,-307868000.0,1678273000,1678273000,2073803000.0,469276000.0,1.22,0.59,9588738000,498374000,9090364000,9588738000,0,930947000.0,0,0.001,0.225,797708000.0,1728655000.0,0.352,1728655000.0,797708000.0,492803000.0,2.17,2.16,2.17,27855747000,15892949500.0,27855747000,69151284555,87.0,40.003,1083410000.0,3.616,1.0,2838089000.0,0.578,36914395000,304905000.0,11896886000,8941121250.0,0,0,0,0,16425173000,3579346000,12845827000,61240819555,467395000.0,-644622000.0,-349446000.0,439142000.0,-63498000.0,-28674000.0,-917086000.0,0.0,1391278000.0,21877000.0,430613000.0,430613000.0,430613000.0,0.0,38663000.0,0.088,2046672000.0,791417000.0,1822166000,0.104,2.198,142.218,94.189,1382802000,0.0,204.39,12.468,12.468,895232000,2333011000,4911892000.0,4911892000.0,0.0,0.014,0.027,0.089,0.162,89634000.0,2046672000.0,1.0,299627279,299627279.0,,16.393,7565767000,6292000,62190000.0,3145641000,25.251,787102000
7,GPN,ART,2019-09-30,2019-10-31,2019-09-30,2021-08-02,-428067000,45212047000,21944128500.0,4992568000,40219479000,0.173,92.413,-258378000.0,2127616000,2127616000,1348297000.0,438298000.0,1.166,0.621,9568701000,580997000,8987704000,9568701000,0,630863000.0,0,0.0,0.04,750666000.0,1381529000.0,0.363,1381529000.0,750666000.0,473870000.0,2.49,2.5,2.49,27774634000,9926864500.0,27774634000,58287798685,78.0,42.191,1536087000.0,5.111,1.0,2456390000.0,0.646,36938841000,276796000.0,11431139000,7404907750.0,0,0,0,0,17256329000,4283152000,12973177000,50846713685,1137012000.0,-824993000.0,-273264000.0,780291000.0,-6309000.0,445846000.0,-1055050000.0,0.0,1794465000.0,-48249000.0,403058000.0,403058000.0,403058000.0,0.0,35240000.0,0.106,1694149000.0,762241000.0,1849424000,0.016,1.831,126.152,67.944,1423271000,0.0,169.18,13.364,13.364,868133000,2297897000,3804687000.0,3804687000.0,0.0,0.018,0.041,0.101,0.197,68680000.0,1694149000.0,1.0,300548018,300548018.0,,12.659,8273206000,12477000,70812000.0,3352727000,27.527,709416000
8,GPN,ART,2019-06-30,2019-07-30,2019-06-30,2021-08-02,-339906000,14584072000,14100925750.0,4547679000,10036393000,0.252,25.47,-243992000.0,1047727000,1047727000,1185590000.0,518596000.0,1.014,2.608,5887856000,887271000,5000585000,5887856000,0,571175000.0,0,0.0,0.04,792721000.0,1363896000.0,0.384,1363896000.0,792721000.0,565730000.0,3.07,3.07,3.07,3990604000,3976777500.0,3990604000,31061775983,39.0,22.774,602687000.0,3.847,1.0,2370826000.0,0.667,8653896000,226991000.0,6286723000,5961560250.0,0,0,0,0,10408956000,4483582000,5925374000,26221646983,-51802000.0,-1337937000.0,-276691000.0,1003072000.0,-6298000.0,688158000.0,-1570557000.0,0.0,846679000.0,-16082000.0,484384000.0,484384000.0,484384000.0,0.0,34212000.0,0.136,1559460000.0,811366000.0,1117938000,0.013,6.571,54.134,54.515,712396000,0.0,167.36,7.373,7.373,394603000,2204445000,3556416000.0,3556416000.0,0.0,0.034,0.122,0.133,0.223,55636000.0,1559460000.0,1.0,156678101,156678101.0,,22.699,5930176000,6950000,81346000.0,556130000,37.849,64097000
9,GPN,ART,2019-03-31,2019-05-02,2019-03-31,2021-08-02,-312608000,14749621000,13529877000.0,4669751000,10079870000,0.255,25.135,-224638000.0,1277633000,1277633000,1147858000.0,506286000.0,1.034,2.685,5945302000,774925000,5170377000,5945302000,0,549700000.0,0,0.0,0.04,759045000.0,1308745000.0,0.379,1308745000.0,759045000.0,549950000.0,2.99,2.98,2.99,3950813000,3936718250.0,3950813000,27353800462,36.0,20.901,826632000.0,5.259,1.0,2306570000.0,0.668,8751331000,209095000.0,6149737000,5650864250.0,0,0,0,0,10607160000,4516222000,6090938000,22686131462,271810000.0,-1334522000.0,-384601000.0,1211851000.0,-6310000.0,809682000.0,-1547207000.0,0.0,1051270000.0,-41935000.0,472995000.0,472995000.0,472995000.0,0.0,33291000.0,0.137,1526193000.0,780377000.0,1161421000,0.013,5.742,47.963,48.271,674199000,0.0,144.33,6.567,6.567,381608000,2111798000,3454428000.0,3454428000.0,0.0,0.035,0.12,0.134,0.22,54346000.0,1526193000.0,1.0,157182370,157182370.0,,21.977,5998290000,7288000,76955000.0,569169000,38.161,153529000
10,GPN,ART,2018-12-31,2019-02-21,2018-12-31,2021-08-02,-310175000,13230774000,13068296000.0,3376208000,9854566000,0.258,25.326,-213290000.0,1210878000,1210878000,1095014000.0,484667000.0,1.033,2.266,5830729000,815561000,5015168000,5830729000,0,522813000.0,0,0.0,0.04,725160000.0,1247973000.0,0.371,1247973000.0,725160000.0,529541000.0,2.85,2.84,2.85,3991407000,3936916500.0,3991407000,24575581352,34.0,19.692,892792000.0,5.665,1.0,2271352000.0,0.675,8829973000,195619000.0,5752032000,5340754000.0,0,0,0,0,9044431000,3268620000,5775811000,19955730352,-124977000.0,-1259692000.0,-225390000.0,524338000.0,-6332000.0,286930000.0,-1476287000.0,0.0,1106082000.0,-41702000.0,452053000.0,452053000.0,452053000.0,0.0,32614000.0,0.134,1534297000.0,737055000.0,1176703000,0.014,5.0,44.145,44.428,653542000,0.0,126.62,5.928,5.928,348400000,2066415000,3366366000.0,3366366000.0,0.0,0.035,0.115,0.136,0.215,57826000.0,1534297000.0,1.0,157603304,157603304.0,,21.36,4400801000,8128000,77488000.0,585025000,27.923,107588000
11,GPN,ART,2018-09-30,2018-10-30,2018-09-30,2021-08-02,-270545000,13839236000,13010119750.0,4413990000,9425246000,0.272,25.12,-201177000.0,990604000,990604000,1291012000.0,651650000.0,1.034,2.432,5486077000,778567000,4707510000,5486077000,0,490636000.0,0,0.0,0.04,707067000.0,1197703000.0,0.338,1197703000.0,707067000.0,522961000.0,3.93,3.9,3.93,3974286000,3887696500.0,3974286000,22003286288,31.0,18.371,612094000.0,3.869,1.0,2249053000.0,0.635,8409889000,184106000.0,5657749000,5216697750.0,0,0,0,0,9663668000,4267071000,5396597000,17507813288,-195446000.0,-768761000.0,-222693000.0,204861000.0,-6341000.0,-29859000.0,-953393000.0,0.0,813271000.0,-25465000.0,618801000.0,618801000.0,618801000.0,0.0,32849000.0,0.175,1529409000.0,719644000.0,1065435000,0.01,4.405,28.293,28.158,640976000,0.0,110.66,4.946,4.946,321664000,1994003000,3540065000.0,3540065000.0,0.0,0.048,0.159,0.136,0.2,53261000.0,1529409000.0,1.0,158212663,158212663.0,,22.375,5429347000,9237000,-95840000.0,516357000,34.317,146919000
12,GPN,ART,2018-06-30,2018-08-02,2018-06-30,2021-08-02,-243629000,12299877000,12620698000.0,3658944000,8640933000,0.295,24.214,-194489000.0,1099529000,1099529000,1519882000.0,583983000.0,1.088,2.163,4877200000,622058000,4255142000,4877200000,0,480228000.0,0,0.0,0.04,657626000.0,1137854000.0,0.306,1137854000.0,657626000.0,479112000.0,3.53,3.5,3.53,3830367000,3776962250.0,3830367000,22630216149,34.0,19.889,556594000.0,3.519,1.0,2201420000.0,0.592,7669242000,178514000.0,5043939000,5123584500.0,0,0,0,0,8283876000,3364367000,4919509000,18852545149,18953000.0,-562688000.0,-237795000.0,273630000.0,-6352000.0,29483000.0,-753427000.0,0.0,751083000.0,-8186000.0,553171000.0,553171000.0,553171000.0,0.0,30812000.0,0.149,1532467000.0,668953000.0,1027934000,0.011,4.922,34.081,33.762,615803000,0.0,119.18,5.066,5.066,317222000,1819213000,3721302000.0,3721302000.0,0.0,0.044,0.146,0.128,0.177,48046000.0,1532467000.0,1.0,158185477,158185477.0,,23.525,4630635000,10049000,-74059000.0,443874000,29.273,294577000
13,GPN,ART,2018-03-31,2018-05-03,2018-03-31,2021-08-02,-176961000,12903297000,12054924000.0,4157878000,8745419000,0.319,24.768,-141896000.0,1005823000,1005823000,1724487000.0,538697000.0,1.064,2.218,4731947000,555096000,4176851000,4731947000,0,463861000.0,0,0.0,0.043,601131000.0,1064992000.0,0.277,1064992000.0,601131000.0,421976000.0,3.28,3.26,3.28,3951606000,3532116000.0,3951606000,21810535468,36.0,20.48,361068000.0,2.263,1.0,2125891000.0,0.552,7811206000,179155000.0,4909296000,5017790500.0,0,0,0,0,8763507000,3908919000,4854588000,18084411468,-256022000.0,-562688000.0,-55884000.0,12289000.0,-6803000.0,-59691000.0,-734745000.0,0.0,502964000.0,35450000.0,511011000.0,511011000.0,511011000.0,0.0,27686000.0,0.133,1515823000.0,610068000.0,1039379000,0.013,4.576,35.389,34.558,599774000,0.0,113.35,4.697,4.697,288101000,1738545000,3850378000.0,3850378000.0,0.0,0.042,0.145,0.12,0.156,45177000.0,1515823000.0,1.0,159544874,159544874.0,,24.134,5092091000,11420000,-89035000.0,452470000,31.916,248959000
14,GPN,ART,2017-12-31,2018-02-23,2017-12-31,2021-08-02,-183144000,12998069000,11319028750.0,4303579000,8694490000,0.351,23.834,-144340000.0,1335855000,1335855000,1928037000.0,494070000.0,1.128,2.38,5294882000,735474000,4559408000,5294882000,0,451151000.0,0,0.0,0.033,541885000.0,993036000.0,0.25,993036000.0,541885000.0,367038000.0,3.03,3.01,3.03,3794527000,3226934250.0,3794527000,22181730422,41.0,22.337,368048000.0,2.312,1.0,2047126000.0,0.515,7885699000,174847000.0,5255807000,4896683250.0,0,0,0,0,9032838000,3815590000,5217248000,18222703422,173076000.0,-562688000.0,-56457000.0,424795000.0,-6732000.0,352305000.0,-736025000.0,0.0,512388000.0,44408000.0,468425000.0,468425000.0,468425000.0,0.0,25645000.0,0.118,1488258000.0,558868000.0,1039607000,0.011,4.802,38.902,37.776,588348000,0.0,114.46,4.584,4.584,301887000,1597897000,3975163000.0,3975163000.0,0.0,0.041,0.145,0.111,0.136,39095000.0,1488258000.0,1.0,159205866,159205866.0,,24.969,5112370000,13146000,-101387000.0,436879000,32.112,487989000
15,GPN,ART,2017-09-30,2017-11-08,2017-09-30,2021-08-02,-202508000,12281549000,10735599000.0,3550297000,8731252000,,22.19,,1186050000,1186050000,,,1.136,2.432,5258831000,580921000,4677910000,5258831000,0,,0,0.0,0.033,,,,,,,,,,3531349000,2936000250.0,3531349000,20249609111,,,,,1.0,,,7945123000,,5285296000,4729584750.0,0,0,0,0,8586596000,3123911000,5462685000,16176828111,,,,,,,,,,,,,,,,,,,992363000,,4.581,,,577188000,,101.65,,,296366000,1357526000,,,,,,,,,,1.0,159142431,159142431.0,,,4336426000,16736000,,632648000,27.249,426386000
16,GPN,ART,2017-06-30,2017-08-03,2017-06-30,2021-08-02,-243459000,10036781000,,2516071000,7520710000,,18.696,-141374000.0,1080576000,1080576000,,,1.199,2.467,4580205000,404794000,4175411000,4580205000,0,463885000.0,0,0.0,0.043,,,,,,,,,,2850982000,,2850982000,18008935656,,,629496000.0,4.128,1.0,,,6817183000,,4620763000,,0,0,0,0,7032143000,2098464000,4933679000,14509306656,35848000.0,-35487000.0,-192034000.0,-349383000.0,-6620000.0,-556686000.0,-173386000.0,37717000.0,770870000.0,-4950000.0,,,,,,,,,823236000,,5.089,,,537879000,,95.15,,,288153000,1255552000,,,,,,,,39860000.0,,1.0,152488772,152488772.0,,,3219598000,16388000,,617308000,21.114,417607000
17,GPN,ART,2017-03-31,2017-05-04,2017-03-31,2021-08-02,-287806000,9959716000,,2399180000,7560536000,,17.909,,1261845000,1261845000,,,1.146,2.594,4676665000,455407000,4221258000,4676665000,0,,0,0.0,0.04,,,,,,,,,,2730879000,,2730879000,16549808040,,,,,1.0,,,6856807000,,4424867000,,0,0,0,0,7083425000,2092862000,4990563000,13134988040,,,,,,,,,,,,,,,,,,,824319000,,4.81,,,551951000,,86.14,,,272003000,1192519000,,,,,,,,,,1.0,152484189,152484189.0,,,3102909000,15838000,,636908000,20.349,306318000
18,GPN,ART,2016-12-31,2017-02-28,2016-12-31,2021-08-02,-322717000,10664350000,,3116006000,7548344000,,,,1162779000,1162779000,,,1.093,2.997,4830684000,569857000,4260827000,4830684000,0,,0,,,,,,,,,,,,2630791000,,2630791000,15799143663,,,,,1.0,,,6892886000,,4587413000,,0,0,0,0,7885008000,2851956000,5033052000,12131238663,,,,,,,,,,,,,,,,,,,804887000,,4.611,,,526370000,,79.69,,,283234000,1137230000,,,,,,,,,,1.0,152230376,,,,3771464000,15789000,,676472000,,264050000
19,GPN,ART,2016-12-31,2017-01-09,2016-11-30,2021-08-02,-309717000,10113114000,8889986750.0,2574963000,7538151000,0.372,17.441,-138613000.0,995816000,995816000,1535417000.0,259164000.0,1.165,2.753,4961443000,645052000,4316391000,4961443000,0,322244000.0,0,0.001,0.04,418686000.0,740930000.0,0.224,740930000.0,418686000.0,281214000.0,1.645,1.65,1.645,2655614000,2247221500.0,2655614000,16114704217,38.0,21.749,185861000.0,1.221,1.0,1772900000.0,0.536,6939598000,137472000.0,4929288000,4130263750.0,0,0,0,0,7311277000,2209855000,5101422000,12149077217,7359000.0,-1828983000.0,-250613000.0,1902380000.0,-5906000.0,1649105000.0,-1929879000.0,37717000.0,324474000.0,-36341000.0,240794000.0,240794000.0,240794000.0,0.0,18370000.0,0.073,1382520000.0,390380000.0,681356000,0.024,4.575,50.454,48.505,520714000,0.0,79.79,3.672,3.672,275017000,1146844000,3308317000.0,3308317000.0,0.0,0.027,0.107,0.101,0.127,33703000.0,1382520000.0,1.0,152263156,152263156.0,,21.728,3173516000,20419000,40420000.0,695258000,20.842,365108000
20,GPN,ART,2016-09-30,2016-10-05,2016-08-31,2021-08-02,-265511000,10237780000,7693733500.0,2584829000,7652951000,0.401,17.871,-116114000.0,977776000,977776000,1337599000.0,289627000.0,1.158,2.67,4803756000,514090000,4289666000,4803756000,0,252310000.0,0,0.001,0.04,435379000.0,687689000.0,0.223,687689000.0,435379000.0,336229000.0,1.935,1.93,1.935,2746679000,1784607000.0,2746679000,15974221389,37.0,23.229,111162000.0,0.723,1.0,1751247000.0,0.567,7060969000,99150000.0,4770619000,3505406250.0,0,0,0,0,7332568000,2232172000,5100396000,12148241389,174467000.0,-1828690000.0,-186573000.0,2070151000.0,-5673000.0,1880536000.0,-1907087000.0,37717000.0,227276000.0,-26258000.0,270113000.0,270113000.0,270113000.0,0.0,19514000.0,0.087,1342969000.0,408278000.0,702277000,0.021,4.423,44.975,40.848,512079000,0.0,79.04,3.933,3.933,294619000,1099026000,3088846000.0,3088846000.0,0.0,0.035,0.151,0.124,0.141,31961000.0,1342969000.0,1.0,153697386,153697386.0,,20.097,3176811000,20921000,66116000.0,724023000,20.669,352657000
21,GPN,ART,2016-06-30,2016-07-28,2016-05-31,2021-08-02,-246050000,10509952000,6502518000.0,2851313000,7658639000,0.446,17.877,-91591000.0,1044728000,1044728000,1147639000.0,290217000.0,1.173,2.779,4893722000,513978000,4379744000,4893722000,0,187881000.0,0,0.001,0.04,411677000.0,599558000.0,0.207,599558000.0,411677000.0,342361000.0,2.05,2.04,2.05,2746476000,1294611500.0,2746476000,15861328626,39.0,26.455,493410000.0,3.212,1.0,1750511000.0,0.604,7094113000,69316000.0,4834126000,2882159250.0,0,0,0,0,7632548000,2430707000,5201841000,12012334626,393989000.0,-2035657000.0,-139710000.0,2117231000.0,-5439000.0,1965487000.0,-2127248000.0,0.0,585001000.0,-29251000.0,271666000.0,271666000.0,271666000.0,0.0,18551000.0,0.094,1325567000.0,424944000.0,696414000,0.02,4.374,44.217,38.141,493678000,0.0,78.19,4.145,4.145,288411000,1015811000,2898150000.0,2898150000.0,0.0,0.042,0.21,0.143,0.142,30809000.0,1325567000.0,1.0,153630063,153630063.0,,18.864,3415839000,22719000,70695000.0,744862000,22.234,420606000
22,GPN,ART,2016-03-31,2016-04-06,2016-02-29,2021-08-02,-277301000,4699101000,5323417000.0,2065103000,2633998000,0.537,6.499,-93352000.0,825500000,825500000,1056176000.0,319148000.0,1.181,4.459,2063998000,276323000,1787675000,2063998000,0,151367000.0,0,0.001,0.04,457838000.0,609205000.0,0.213,609205000.0,457838000.0,407522000.0,2.305,2.285,2.305,840117000,797486500.0,840117000,10397814336,23.0,17.068,862283000.0,6.671,1.0,1801459000.0,0.63,2202445000,50316000.0,1987022000,2276144000.0,0,0,0,0,3746351000,1748132000,1998219000,9159316336,215352000.0,-368305000.0,-223740000.0,30322000.0,-5200000.0,-237184000.0,-461657000.0,0.0,955635000.0,-41442000.0,299803000.0,299803000.0,299803000.0,0.0,19345000.0,0.105,1329117000.0,472342000.0,285572000,0.017,10.902,30.551,30.742,366445000,0.0,70.86,3.205,3.205,180423000,981013000,2857635000.0,2857635000.0,0.0,0.056,0.376,0.201,0.16,26701000.0,1329117000.0,1.0,129259333,129259333.0,,22.108,2496656000,24549000,107719000.0,220640000,19.315,316971000
23,GPN,ART,2015-12-31,2016-01-11,2015-11-30,2021-08-02,-245234000,5328101000,5153221750.0,2655821000,2672280000,0.552,6.225,-95506000.0,988457000,988457000,1047703000.0,315551000.0,1.171,5.467,2600981000,685178000,1915803000,2600981000,0,145839000.0,0,0.001,0.04,451820000.0,597659000.0,0.21,597659000.0,451820000.0,401375000.0,2.24,2.22,2.24,805156000,793725500.0,805156000,9181996230,20.0,15.363,556329000.0,4.301,1.0,1794975000.0,0.631,2243122000,50445000.0,2429858000,2349835750.0,0,0,0,0,4402002000,2267645000,2134357000,7569472230,343988000.0,-377470000.0,-264207000.0,523435000.0,-5249000.0,222101000.0,-472907000.0,69000.0,651835000.0,-57041000.0,293310000.0,293310000.0,293310000.0,0.0,22241000.0,0.103,1325823000.0,469152000.0,309117000,0.018,9.401,25.807,26.125,367541000,0.0,58.52,2.663,2.663,210743000,917989000,2842678000.0,2842678000.0,0.0,0.057,0.37,0.192,0.159,25383000.0,1325823000.0,1.0,129348466,129348466.0,,21.977,3084979000,26252000,108065000.0,219522000,23.85,388176000
24,GPN,ART,2015-09-30,2015-10-07,2015-08-31,2021-08-02,-212727000,5472918000,4956593250.0,2747038000,2725880000,0.568,6.057,-91251000.0,803309000,803309000,1034934000.0,317729000.0,1.149,5.791,2288703000,356675000,1932028000,2288703000,0,141696000.0,0,0.001,0.04,446461000.0,588157000.0,0.209,588157000.0,446461000.0,399792000.0,2.185,2.17,2.185,786697000,816102750.0,786697000,9810958272,22.0,16.681,910315000.0,7.009,1.0,1782685000.0,0.633,2290445000,46669000.0,2277631000,2323896000.0,0,0,0,0,4555775000,2390236000,2165539000,8325564272,207425000.0,-595944000.0,-270664000.0,261994000.0,-5275000.0,-42825000.0,-687126000.0,69000.0,1001566000.0,-64190000.0,289320000.0,289320000.0,289320000.0,0.0,28409000.0,0.103,1312714000.0,469971000.0,303497000,0.018,10.583,28.776,29.336,368795000,0.0,64.1,2.955,2.955,215126000,861212000,2817619000.0,2817619000.0,0.0,0.058,0.355,0.192,0.158,23457000.0,1312714000.0,1.0,129883998,129883998.0,,21.693,3182473000,42554000,110472000.0,247555000,24.502,356802000
25,GPN,ART,2015-06-30,2015-07-30,2015-05-31,2021-08-02,-185992000,5793548000,4673202750.0,3302295000,2491253000,0.594,5.82,-92550000.0,650739000,650739000,1022107000.0,309115000.0,1.095,6.504,2335129000,655129000,1680000000,2335129000,0,137505000.0,0,0.001,0.04,430471000.0,567976000.0,0.205,567976000.0,430471000.0,386035000.0,2.075,2.06,2.075,757976000,854991250.0,757976000,8967307236,21.0,15.788,332151000.0,2.55,1.0,1751611000.0,0.632,2051969000,44436000.0,2410065000,2354611500.0,5228000,0,0,0,4929995000,3015904000,1914091000,7282917236,68867000.0,-359187000.0,-365527000.0,546819000.0,-5340000.0,141375000.0,-440921000.0,10816000.0,424701000.0,-56288000.0,278040000.0,278040000.0,278040000.0,0.0,31075000.0,0.1,1295014000.0,456597000.0,312647000,0.019,9.608,26.194,26.949,374143000,0.0,55.92,2.626,2.626,202938000,795226000,2773718000.0,2773718000.0,0.0,0.059,0.325,0.183,0.155,21056000.0,1295014000.0,1.0,130238148,130238148.0,,21.297,3741579000,42242000,107995000.0,228897000,28.729,286391000
26,GPN,ART,2015-03-31,2015-04-08,2015-02-28,2021-08-02,-184226000,4018320000,4229478250.0,1593150000,2425170000,0.648,6.207,-76887000.0,610148000,610148000,1021263000.0,297271000.0,1.282,3.729,2055300000,509300000,1546000000,2055300000,0,137683000.0,0,0.001,0.04,414710000.0,552393000.0,0.202,552393000.0,414710000.0,370470000.0,1.94,1.925,1.94,825073000,914804000.0,825073000,7998602103,19.0,14.48,149895000.0,1.128,1.0,1719883000.0,0.627,1938983000,44240000.0,2281789000,2298722500.0,5587000,0,0,0,3076692000,1242700000,1833992000,6553450103,-403412000.0,-653262000.0,-415909000.0,576788000.0,-5462000.0,138680000.0,-722193000.0,9953000.0,226782000.0,-46681000.0,264340000.0,264340000.0,264340000.0,0.0,32931000.0,0.096,1277969000.0,441914000.0,284472000,0.021,7.943,24.792,25.415,355885000,0.0,49.305,2.391,2.391,171479000,861955000,2741146000.0,2741146000.0,0.0,0.062,0.289,0.18,0.151,27351000.0,1277969000.0,1.0,132916542,132916542.0,,20.623,2079337000,105482000,106130000.0,224297000,15.644,350450000
27,GPN,ART,2014-12-31,2015-01-08,2014-11-30,2021-08-02,-102726000,4541587000,4088827000.0,2025255000,2516332000,0.659,6.671,-73523000.0,644469000,644469000,1003945000.0,288077000.0,1.208,3.934,2131721000,577596000,1554125000,2131721000,0,133849000.0,0,0.001,0.04,410917000.0,544766000.0,0.202,544766000.0,410917000.0,363649000.0,1.86,1.84,1.86,894665000,991062750.0,894665000,7172580572,17.0,13.166,-64172000.0,-0.478,1.0,1688670000.0,0.627,2026607000,47268000.0,2326099000,2188583750.0,8002000,0,0,0,3519351000,1676133000,1843218000,5685328572,-452364000.0,-644244000.0,-371514000.0,684356000.0,-5556000.0,276383000.0,-708792000.0,10303000.0,9351000.0,-29306000.0,256893000.0,256893000.0,256893000.0,0.0,31184000.0,0.095,1254080000.0,434590000.0,303008000,0.022,6.355,22.131,22.79,362809000,0.0,42.39,2.111,2.111,197630000,852972000,2692615000.0,2692615000.0,0.0,0.063,0.259,0.188,0.153,26973000.0,1254080000.0,1.0,134119570,134119570.0,,20.076,2514980000,107922000,106756000.0,215115000,18.752,349122000
28,GPN,ART,2014-09-30,2014-10-02,2014-08-31,2021-08-02,-19351000,4339356000,3948821250.0,2006724000,2332632000,0.666,6.965,-79305000.0,595884000,595884000,981319000.0,282678000.0,1.27,3.469,2072157000,683407000,1388750000,2072157000,0,128261000.0,0,0.001,0.04,407361000.0,535622000.0,0.204,535622000.0,407361000.0,362418000.0,1.815,1.8,1.815,942251000,1039174750.0,942251000,6363058749,16.0,11.88,74507000.0,0.551,1.0,1648127000.0,0.627,1835639000,44943000.0,2400493000,1934676500.0,5660000,0,0,0,3268843000,1579497000,1689346000,4886785749,-130003000.0,-427690000.0,-411755000.0,664948000.0,-5671000.0,220501000.0,-495245000.0,12415000.0,153812000.0,-9071000.0,256009000.0,256009000.0,256009000.0,0.0,26669000.0,0.097,1225614000.0,422513000.0,248639000,0.022,5.186,19.088,19.904,363415000,0.0,36.125,1.858,1.858,207399000,822461000,2629446000.0,2629446000.0,0.0,0.065,0.246,0.211,0.155,29071000.0,1232614000.0,1.0,135274346,135274346.0,,19.438,2503717000,113606000,106409000.0,223331000,18.508,427227000
29,GPN,ART,2014-06-30,2014-07-29,2014-05-31,2021-08-02,-1776000,4018650000,3738854750.0,1643444000,2375206000,0.683,7.313,-81411000.0,581872000,581872000,952225000.0,269952000.0,1.356,2.894,1833807000,457805000,1376002000,1833807000,0,122069000.0,0,0.001,0.04,394496000.0,516565000.0,0.202,516565000.0,394496000.0,352684000.0,1.7,1.685,1.7,997227000,1070367500.0,997227000,6142811337,16.0,11.892,112687000.0,0.826,1.0,1602011000.0,0.627,1872458000,41812000.0,2186509000,1758320500.0,6636000,0,0,0,2885851000,1211618000,1674233000,4890876337,-98598000.0,-422917000.0,-421261000.0,676109000.0,-5757000.0,218896000.0,-501670000.0,2658000.0,194098000.0,-9922000.0,245286000.0,245286000.0,245286000.0,0.0,24666000.0,0.096,1196512000.0,405499000.0,290106000,0.024,4.904,19.939,21.097,369753000,0.0,35.865,1.915,1.915,215383000,815980000,2554236000.0,2554236000.0,0.0,0.066,0.229,0.224,0.154,29793000.0,1203512000.0,1.0,136369060,136369060.0,,18.73,2146192000,114891000,107398000.0,221489000,15.738,431826000
30,GPN,ART,2014-03-31,2014-04-03,2014-02-28,2021-08-02,-5745000,3455715000,3515456250.0,1533255000,1922460000,0.711,7.868,-84844000.0,1013560000,1013560000,928803000.0,258052000.0,2.229,1.94,1516462000,264406000,1252056000,1516462000,0,116039000.0,0,0.001,0.04,377582000.0,493621000.0,0.198,493621000.0,377582000.0,337156000.0,1.61,1.59,1.61,1130108000,1107582000.0,1130108000,5647776527,15.0,11.442,265336000.0,1.847,1.0,1569808000.0,0.628,1429381000,40426000.0,1841234000,1573276250.0,7315000,0,0,0,2192006000,688002000,1504004000,5144874527,330600000.0,-3108000.0,-270891000.0,386513000.0,-5840000.0,78342000.0,-80553000.0,4748000.0,350180000.0,-17369000.0,234466000.0,234466000.0,234466000.0,0.0,23586000.0,0.094,1183857000.0,385951000.0,243212000,0.025,4.553,21.943,22.248,364725000,0.0,35.82,2.059,2.059,175736000,940545000,2498611000.0,2498611000.0,0.0,0.067,0.212,0.24,0.151,21633000.0,1162393000.0,1.0,143631338,143631338.0,,17.396,2026334000,109464000,102690000.0,174518000,14.108,845253000
31,GPN,ART,2013-12-31,2014-01-08,2013-11-30,2021-08-02,2235000,3981564000,3420583500.0,2058308000,1923256000,0.719,7.558,-85375000.0,1096833000,1096833000,913331000.0,260745000.0,1.309,2.53,1441404000,518859000,922545000,1441404000,0,117125000.0,0,0.001,0.04,371305000.0,488430000.0,0.198,488430000.0,371305000.0,340273000.0,1.6,1.585,1.6,1087113000,1111826750.0,1087113000,4977015299,13.0,10.19,442061000.0,3.073,1.0,1547574000.0,0.629,1442660000,31032000.0,1310470000,1457411000.0,8886000,0,0,0,2749880000,1573005000,1176875000,4632444299,98572000.0,-26609000.0,-387278000.0,350513000.0,-5939000.0,-306276000.0,-105000000.0,4329000.0,527436000.0,-17588000.0,237807000.0,237807000.0,237807000.0,0.0,22938000.0,0.097,1168140000.0,379434000.0,235361000,0.025,4.261,19.48,20.128,357880000,0.0,32.205,1.882,1.882,196450000,896597000,2460905000.0,2460905000.0,0.0,0.07,0.214,0.255,0.151,21214000.0,1147865000.0,1.0,143842394,143842394.0,,17.108,2538904000,106791000,102466000.0,193102000,17.651,485303000
32,GPN,ART,2013-09-30,2013-10-01,2013-08-31,2021-08-02,-17376000,3499490000,3282372750.0,1590068000,1909422000,0.736,7.32,-89616000.0,725887000,725887000,888429000.0,256259000.0,1.522,2.151,1401098000,400715000,1000383000,1401098000,0,116267000.0,0,0.002,0.04,373651000.0,489918000.0,0.203,489918000.0,373651000.0,336035000.0,1.535,1.52,1.535,1067022000,1148539500.0,1067022000,4370678788,12.0,8.921,59116000.0,0.406,1.0,1526892000.0,0.632,1434812000,37616000.0,1695069000,1382321500.0,6677000,0,0,0,2294801000,1044820000,1249981000,3695467788,-115444000.0,-433826000.0,-314082000.0,856789000.0,-6076000.0,270019000.0,-518488000.0,2217000.0,148732000.0,-15707000.0,234093000.0,234093000.0,234093000.0,0.0,22166000.0,0.097,1142783000.0,384109000.0,224100000,0.026,3.463,15.786,16.515,355370000,0.0,25.35,1.53,1.53,189733000,917550000,2415321000.0,2415321000.0,0.0,0.071,0.204,0.27,0.155,18993000.0,1129997000.0,1.0,145777822,145777822.0,,16.569,2064678000,102963000,101942000.0,192691000,14.163,545248000
33,GPN,ART,2013-06-30,2013-07-25,2013-05-31,2021-08-02,-15062000,3125056000,3108873250.0,1214492000,1910564000,0.764,7.582,-98590000.0,680470000,680470000,862075000.0,238713000.0,1.725,1.604,1150930000,259796000,891134000,1150930000,0,111788000.0,0,0.002,0.04,344978000.0,456766000.0,0.192,456766000.0,344978000.0,311696000.0,1.39,1.38,1.39,1146085000,1169022000.0,1146085000,4149653996,12.0,9.085,141956000.0,0.939,1.0,1513848000.0,0.637,1445070000,33282000.0,1446332000,1067293750.0,11057000,0,0,0,1838449000,704114000,1134335000,3679193996,-100805000.0,-434016000.0,-174998000.0,621061000.0,-6198000.0,183522000.0,-528567000.0,1227000.0,240546000.0,3694000.0,216125000.0,216125000.0,216125000.0,0.0,22588000.0,0.091,1156635000.0,357213000.0,262890000,0.029,3.21,17.023,17.511,348064000,0.0,24.34,1.549,1.549,190591000,958751000,2375923000.0,2375923000.0,0.0,0.07,0.185,0.323,0.145,18427000.0,1119860000.0,1.0,151158340,151158340.0,,15.718,1679986000,101663000,95571000.0,189593000,11.114,510378000
34,GPN,ART,2013-03-31,2013-04-02,2013-02-28,2021-08-02,-6774000,3076224000,2999645000.0,1146862000,1929362000,0.785,7.524,-113808000.0,682960000,682960000,845195000.0,203993000.0,1.702,1.561,1122946000,239484000,883462000,1122946000,0,108549000.0,0,0.002,0.04,283592000.0,392141000.0,0.167,392141000.0,283592000.0,254190000.0,1.15,1.15,1.15,1147087000,1175546750.0,1147087000,4176064663,15.0,10.649,144330000.0,0.947,1.0,1509408000.0,0.641,1464609000,29402000.0,1377773000,851481750.0,11349000,0,0,0,1790986000,673828000,1117158000,3736078663,-52773000.0,-433456000.0,-136809000.0,646234000.0,-6259000.0,245958000.0,-543251000.0,1152000.0,258138000.0,-13618000.0,180406000.0,180406000.0,180406000.0,0.0,23587000.0,0.077,1211753000.0,297655000.0,227367000,0.035,3.257,20.709,21.309,341573000,0.0,24.505,1.587,1.587,167168000,946195000,2354603000.0,2354603000.0,0.0,0.06,0.153,0.333,0.12,17658000.0,1119004000.0,1.0,152461892,152461892.0,,15.444,1611615000,99976000,73784000.0,168176000,10.571,473034000
35,GPN,ART,2012-12-31,2013-01-08,2012-11-30,2021-08-02,18432000,3428721000,2884831750.0,1489920000,1938801000,0.801,7.837,-129123000.0,998261000,998261000,821948000.0,206869000.0,1.436,1.664,1092812000,314824000,777988000,1092812000,0,102914000.0,0,0.002,0.04,281580000.0,384494000.0,0.166,384494000.0,281580000.0,255543000.0,1.145,1.14,1.145,1233964000,1196269250.0,1233964000,3721399956,13.0,9.679,136261000.0,0.865,1.0,1487448000.0,0.644,1475690000,26037000.0,1010112000,638318500.0,14147000,0,0,0,2053920000,1037470000,1016450000,3626848956,227401000.0,-447005000.0,-8444000.0,572040000.0,-6295000.0,530935000.0,-572129000.0,1152000.0,265384000.0,3211000.0,179864000.0,179864000.0,179864000.0,0.0,27005000.0,0.078,1188219000.0,299229000.0,244499000,0.035,2.939,20.164,20.118,338195000,0.0,23.035,1.57,1.57,184224000,957978000,2309396000.0,2309396000.0,0.0,0.062,0.15,0.441,0.122,17144000.0,1094281000.0,1.0,157449488,157449488.0,,14.668,1953031000,104430000,75679000.0,174801000,12.404,452450000
36,GPN,ART,2012-09-30,2012-10-02,2012-08-31,2021-08-02,1498000,2805492000,2681236250.0,1336881000,1468611000,0.84,7.283,-126962000.0,841331000,841331000,797611000.0,199647000.0,1.278,1.325,542259000,256795000,285464000,542259000,0,98778000.0,0,0.002,0.04,259870000.0,358648000.0,0.159,358648000.0,259870000.0,243564000.0,1.09,1.085,1.09,1148952000,1174367000.0,1148952000,3089581998,12.0,8.615,374068000.0,2.371,1.0,1453752000.0,0.646,1025516000,16306000.0,434958000,513829000.0,12839000,0,0,0,1522472000,1045946000,476526000,3388653998,117379000.0,-44464000.0,-22183000.0,-146493000.0,-6276000.0,-200542000.0,-167552000.0,1152000.0,501030000.0,-15557000.0,170862000.0,170862000.0,170862000.0,0.0,28785000.0,0.076,1174525000.0,279227000.0,300270000,0.037,2.949,19.833,19.706,324005000,0.0,21.48,1.505,1.505,180957000,889370000,2251363000.0,2251363000.0,0.0,0.064,0.145,0.506,0.115,16635000.0,1066098000.0,1.0,157758566,157758566.0,,14.271,1779976000,122249000,72702000.0,142206000,11.283,290935000
37,GPN,ART,2012-06-30,2012-09-28,2012-05-31,2021-08-02,-30000000,2688143000,2658652750.0,1248739000,1439404000,0.829,7.451,-109876000.0,781275000,781275000,784756000.0,217566000.0,1.491,1.06,528376000,291811000,236565000,528376000,0,99099000.0,0,0.002,0.04,287890000.0,386989000.0,0.176,386989000.0,287890000.0,271042000.0,1.195,1.185,1.195,1172184000,1176556750.0,1172184000,3037393333,11.0,7.849,-283351000.0,-1.801,1.0,1419091000.0,0.644,1014875000,16848000.0,583084000,599355000.0,9864000,0,0,0,1242800000,837285000,405515000,3290292333,-573010000.0,-44274000.0,-93019000.0,-93215000.0,-6311000.0,-218186000.0,-150433000.0,1152000.0,-173475000.0,-30916000.0,188161000.0,188161000.0,188161000.0,0.0,29405000.0,0.085,1111742000.0,307349000.0,316313000,0.033,2.807,17.487,17.502,305848000,0.0,20.915,1.493,1.493,183991000,843456000,2203847000.0,2203847000.0,0.0,0.071,0.16,0.48,0.131,16391000.0,1027304000.0,1.0,157317348,157317348.0,,14.009,1673268000,119204000,82881000.0,118927000,10.636,411454000
38,GPN,ART,2012-06-30,2012-07-27,2012-05-31,2021-08-02,-30000000,2688143000,2658652750.0,1248739000,1439404000,0.829,7.451,-109876000.0,781275000,781275000,784756000.0,217566000.0,1.491,1.06,528376000,291811000,236565000,528376000,0,99099000.0,0,0.002,0.04,287890000.0,386989000.0,0.176,386989000.0,287890000.0,271042000.0,1.195,1.185,1.195,1172184000,1176556750.0,1172184000,3234040018,11.0,8.357,-283351000.0,-1.801,1.0,1419091000.0,0.644,1014875000,16848000.0,583084000,599355000.0,9864000,0,0,0,1242800000,837285000,405515000,3486939018,-573010000.0,-44274000.0,-93019000.0,-93215000.0,-6311000.0,-218186000.0,-150433000.0,1152000.0,-173475000.0,-30916000.0,188161000.0,188161000.0,188161000.0,0.0,29405000.0,0.085,1111742000.0,307349000.0,316313000,0.033,2.975,18.532,18.548,305848000,0.0,22.165,1.582,1.582,183991000,843456000,2203847000.0,2203847000.0,0.0,0.071,0.16,0.48,0.131,16391000.0,1027304000.0,1.0,157317348,157317348.0,,14.009,1673268000,119204000,82881000.0,118927000,10.636,411454000
39,GPN,ART,2012-03-31,2012-04-02,2012-02-29,2021-08-02,33299000,2616971000,2824249750.0,1126499000,1490472000,0.753,7.828,-92526000.0,735733000,735733000,763124000.0,268276000.0,1.497,0.901,476067000,298221000,177846000,476067000,0,99215000.0,0,0.002,0.04,369690000.0,468905000.0,0.22,468905000.0,369690000.0,352321000.0,1.525,1.515,1.525,1229977000,1179644500.0,1229977000,3333636108,9.0,7.109,-342891000.0,-2.182,1.0,1363447000.0,0.641,1079815000,17369000.0,525120000,467461250.0,12380000,0,0,0,1107767000,752370000,355397000,3593302108,-593332000.0,-45094000.0,-88529000.0,-92412000.0,-6346000.0,-203881000.0,-135210000.0,0.0,-250365000.0,-3876000.0,241651000.0,241651000.0,241651000.0,0.0,26625000.0,0.114,977764000.0,385683000.0,213613000,0.026,2.921,14.87,14.997,288428000,0.0,22.87,1.69,1.69,157191000,842487000,2126571000.0,2126571000.0,0.0,0.086,0.205,0.791,0.174,16933000.0,977764000.0,1.0,157118588,157118588.0,,13.535,1537156000,102528000,110670000.0,140037000,9.783,374129000
40,GPN,ART,2011-12-31,2012-01-06,2011-11-30,2021-08-02,12909000,2614339000,2933111500.0,1190410000,1423929000,0.699,7.315,-81974000.0,770860000,770860000,737238000.0,256709000.0,1.474,1.03,516860000,313638000,203222000,516860000,0,95749000.0,0,0.002,0.04,355810000.0,451559000.0,0.22,451559000.0,355810000.0,337824000.0,1.455,1.445,1.455,1146355000,1146210750.0,1146355000,3378781654,9.0,7.482,374648000.0,2.391,1.0,1312176000.0,0.64,1040761000,17986000.0,512154000,321714500.0,11790000,0,0,0,1180591000,807424000,373167000,3632781654,107200000.0,-172136000.0,-83970000.0,-11155000.0,-6377000.0,-100070000.0,-251836000.0,0.0,456622000.0,2484000.0,231520000.0,231520000.0,231520000.0,0.0,25189000.0,0.113,940642000.0,371534000.0,206420000,0.027,3.169,15.691,15.931,258041000,0.0,23.18,1.773,1.773,163667000,790532000,2049414000.0,2049414000.0,0.0,0.079,0.202,1.106,0.174,16620000.0,940642000.0,1.0,156720520,156720520.0,,13.077,1573578000,99401000,106304000.0,132233000,10.041,382986000
41,GPN,ART,2011-09-30,2011-10-11,2011-08-31,2021-08-02,70350000,2715158000,2793674250.0,1237579000,1477579000,0.702,7.391,-85903000.0,723952000,723952000,705512000.0,246443000.0,1.542,1.091,690742000,404976000,285766000,690742000,0,89749000.0,0,0.002,0.04,346289000.0,436038000.0,0.222,436038000.0,346289000.0,328882000.0,1.4,1.39,1.4,1157711000,1106754250.0,1157711000,3387622834,10.0,7.769,122368000.0,0.781,1.0,1256923000.0,0.64,1102499000,17407000.0,777062000,324659000.0,10454000,0,0,0,1262987000,802387000,460600000,3420832834,145739000.0,-168056000.0,-57220000.0,226577000.0,-6415000.0,164237000.0,-251768000.0,0.0,208271000.0,24999000.0,223844000.0,223844000.0,223844000.0,0.0,22599000.0,0.114,898826000.0,358097000.0,217978000,0.029,2.955,15.282,15.6,255664000,0.0,21.84,1.743,1.743,178451000,736868000,1962435000.0,1962435000.0,0.0,0.08,0.202,1.067,0.176,16371000.0,898826000.0,1.0,156631540,156631540.0,,12.529,1612659000,101948000,105038000.0,139450000,10.296,435192000
42,GPN,ART,2011-06-30,2011-07-25,2011-05-31,2021-08-02,79320000,3350531000,2592071000.0,1847975000,1502556000,0.717,7.372,-98537000.0,1354285000,1354285000,665017000.0,228156000.0,1.279,1.586,624764000,356547000,268217000,624764000,0,82237000.0,0,0.002,0.04,322475000.0,404712000.0,0.218,404712000.0,322475000.0,304314000.0,1.31,1.3,1.31,1184535000,1047806500.0,1184535000,3154725422,10.0,7.795,611235000.0,3.804,1.0,1194785000.0,0.642,1121137000,18161000.0,55509000,254804000.0,7640000,0,0,0,1878856000,1444364000,434492000,3884246422,584339000.0,-170545000.0,3464000.0,116658000.0,-6388000.0,114123000.0,-267020000.0,0.0,709772000.0,27464000.0,209238000.0,209238000.0,209238000.0,0.0,18918000.0,0.113,863191000.0,331594000.0,241578000,0.031,3.279,18.564,18.454,256301000,0.0,24.175,2.089,2.089,167454000,715202000,1859802000.0,1859802000.0,0.0,0.081,0.2,1.266,0.173,15885000.0,863191000.0,1.0,160672034,160672034.0,,11.575,2229394000,107086000,95076000.0,124106000,13.875,403611000
43,GPN,ART,2011-03-31,2011-04-01,2011-02-28,2021-08-02,49283000,3052418000,2264269750.0,1569712000,1482706000,0.766,6.847,-96629000.0,1329065000,1329065000,604276000.0,204832000.0,1.268,1.538,570051000,268732000,301319000,570051000,0,74761000.0,0,0.002,0.04,290244000.0,365005000.0,0.211,365005000.0,290244000.0,272005000.0,1.155,1.145,1.155,1096242000,966988750.0,1096242000,3286834094,11.0,9.005,784226000.0,4.898,1.0,1129442000.0,0.651,1113353000,18239000.0,-57867000,321684250.0,9834000,0,0,0,1686510000,1237918000,448592000,4045848094,687289000.0,-121919000.0,-91359000.0,108140000.0,-6402000.0,5648000.0,-216550000.0,14000.0,880855000.0,17336000.0,184852000.0,184852000.0,184852000.0,0.0,19980000.0,0.107,817911000.0,311531000.0,200179000,0.035,3.691,21.887,21.879,244349000,0.0,25.27,2.334,2.334,138514000,675182000,1733718000.0,1733718000.0,0.0,0.082,0.191,0.902,0.167,17977000.0,817911000.0,1.0,160104792,160104792.0,,10.829,1939065000,105540000,87153000.0,105689000,12.111,331794000
44,GPN,ART,2010-12-31,2011-01-10,2010-11-30,2021-08-02,-4457000,2056590000,1996082250.0,928658000,1127932000,0.84,6.196,-87086000.0,663660000,663660000,582146000.0,202160000.0,1.532,0.954,526585000,323975000,202610000,526585000,0,69690000.0,0,0.002,0.04,290078000.0,359768000.0,0.215,359768000.0,290078000.0,272013000.0,1.155,1.145,1.155,988529000,926676250.0,988529000,3671372138,13.0,10.205,-467463000.0,-2.93,1.0,1093725000.0,0.653,789598000,18065000.0,523932000,465558500.0,7737000,0,0,0,942846000,605985000,336861000,3808447138,-464538000.0,42368000.0,-98787000.0,69698000.0,-6432000.0,-40865000.0,-43347000.0,58000.0,-380377000.0,51000.0,185524000.0,185524000.0,185524000.0,0.0,16636000.0,0.111,786544000.0,307181000.0,177879000,0.035,3.853,20.528,20.667,219944000,0.0,23.87,2.273,2.273,150275000,636594000,1675871000.0,1675871000.0,0.0,0.093,0.2,0.623,0.173,18329000.0,786544000.0,1.0,159549524,159549524.0,,10.504,1266992000,100107000,86489000.0,104670000,7.941,322673000
45,GPN,ART,2010-09-30,2010-10-12,2010-08-31,2021-08-02,-20413000,1908745000,2109396750.0,805269000,1103476000,0.778,5.785,-69738000.0,578213000,578213000,572822000.0,210459000.0,1.585,0.945,460281000,222033000,238248000,460281000,0,68449000.0,0,0.002,0.04,298641000.0,367090000.0,0.224,367090000.0,298641000.0,280452000.0,1.205,1.19,1.205,921920000,909895750.0,921920000,2981451018,10.0,8.122,-404862000.0,-2.541,1.0,1068474000.0,0.651,785160000,18189000.0,497642000,335287500.0,6731000,0,0,0,871434000,508011000,363423000,3099383018,-494136000.0,28478000.0,-87254000.0,-18254000.0,-6467000.0,-115831000.0,-40927000.0,58000.0,-335124000.0,-2254000.0,194854000.0,194854000.0,194854000.0,0.0,15605000.0,0.119,755734000.0,312740000.0,180059000,0.033,3.362,15.906,16.141,202928000,0.0,19.45,1.888,1.888,151698000,592439000,1641296000.0,1641296000.0,0.0,0.092,0.214,0.891,0.182,18560000.0,755734000.0,1.0,159351312,159351312.0,,10.3,1123585000,97866000,85598000.0,90091000,7.051,297258000
46,GPN,ART,2010-06-30,2010-07-28,2010-05-31,2021-08-02,-44255000,2039326000,2239942500.0,968264000,1071062000,0.733,5.433,-56054000.0,769946000,769946000,584609000.0,219109000.0,1.44,1.237,500321000,227356000,272965000,500321000,0,68667000.0,0,0.002,0.04,308215000.0,376882000.0,0.229,376882000.0,308215000.0,290696000.0,1.255,1.24,1.255,861264000,884374500.0,861264000,2627425296,9.0,6.971,409707000.0,2.584,1.0,1057859000.0,0.644,774200000,17519000.0,323030000,194351750.0,9740000,0,0,0,1065137000,672471000,392666000,2897050296,343011000.0,30718000.0,-67832000.0,299552000.0,-6497000.0,-95750000.0,-25204000.0,311000.0,465761000.0,-1796000.0,203317000.0,203317000.0,203317000.0,0.0,15792000.0,0.124,734580000.0,323279000.0,173575000,0.032,3.364,14.249,14.562,183938000,0.0,18.275,1.764,1.764,132481000,544772000,1642468000.0,1642468000.0,0.0,0.091,0.23,1.586,0.188,18072000.0,734580000.0,1.0,158525324,158525324.0,,10.361,1265126000,93222000,87379000.0,94695000,7.981,295793000
47,GPN,ART,2010-03-31,2010-04-01,2010-02-28,2021-08-02,-20438000,1979668000,2149316250.0,901253000,1078415000,0.768,5.729,-52002000.0,589620000,589620000,607448000.0,217636000.0,1.661,1.0,457787000,150489000,307298000,457787000,0,66316000.0,0,0.002,0.04,311469000.0,377785000.0,0.229,377785000.0,311469000.0,298111000.0,1.28,1.26,1.28,934992000,930812250.0,934992000,3592683461,12.0,9.51,380389000.0,2.331,1.0,1043389000.0,0.632,787527000,13358000.0,517630000,173012250.0,12146000,0,0,0,935435000,542678000,392757000,3724516461,254183000.0,-87985000.0,21788000.0,253675000.0,-6486000.0,-65162000.0,-140247000.0,389000.0,432391000.0,27201000.0,206686000.0,206686000.0,206686000.0,0.0,10950000.0,0.125,720747000.0,322642000.0,176423000,0.031,3.983,18.02,17.828,178549000,0.0,22.82,2.256,2.256,122648000,513068000,1650837000.0,1650837000.0,0.0,0.096,0.222,1.8,0.189,15459000.0,720747000.0,1.0,163212816,163212816.0,,10.115,1192141000,92457000,91425000.0,71424000,7.304,358575000
48,GPN,ART,2009-12-31,2010-01-08,2009-11-30,2021-08-02,19203000,2509848000,2015548250.0,1391094000,1118754000,0.816,5.652,-44221000.0,1090847000,1090847000,608006000.0,59409000.0,1.322,1.608,460939000,118961000,341978000,460939000,0,64893000.0,0,0.002,0.04,149833000.0,214726000.0,0.131,214726000.0,149833000.0,138394000.0,0.315,0.31,0.315,921407000,925830750.0,921407000,3361453601,22.0,15.655,923475000.0,5.665,1.0,1036959000.0,0.63,825083000,11439000.0,2848000,99903250.0,12858000,0,0,0,1481224000,1052009000,429215000,3991361601,771964000.0,-87999000.0,20647000.0,244493000.0,-6452000.0,-84658000.0,-132536000.0,185000.0,967696000.0,21462000.0,51449000.0,51449000.0,51449000.0,0.0,7960000.0,0.031,870044000.0,166915000.0,169417000,0.127,4.332,77.579,77.73,174692000,0.0,24.485,2.426,2.426,132523000,467476000,1644965000.0,1644965000.0,0.0,0.026,0.056,1.5,0.091,14849000.0,722380000.0,1.0,163012522,163012522.0,,10.091,1684765000,98324000,86945000.0,70283000,10.335,339085000
49,GPN,ART,2009-09-30,2009-10-06,2009-08-31,2021-08-02,9000,2430928000,1791443750.0,1252556000,1178372000,0.914,5.058,-44378000.0,1072349000,1072349000,617436000.0,42134000.0,1.216,1.834,482381000,108015000,374366000,482381000,0,66414000.0,0,0.002,0.04,132348000.0,198762000.0,0.121,198762000.0,132348000.0,123316000.0,0.235,0.23,0.235,819835000,962114250.0,819835000,3367964062,25.0,16.945,967327000.0,5.968,1.0,1019641000.0,0.623,877288000,9032000.0,-66101000,158674500.0,13283000,0,0,0,1503628000,1029773000,473855000,3957932062,784628000.0,-83331000.0,10188000.0,257755000.0,-6437000.0,-97993000.0,-126305000.0,1404000.0,1011705000.0,-2779000.0,37521000.0,37521000.0,37521000.0,0.0,4613000.0,0.023,858663000.0,160978000.0,173568000,0.17,4.828,105.486,103.915,182184000,0.0,24.42,2.418,2.418,126557000,404934000,1637077000.0,1637077000.0,0.0,0.021,0.039,0.834,0.081,14283000.0,710999000.0,1.0,162077480,162077480.0,,10.101,1553640000,96589000,85795000.0,101030000,9.586,222783000
50,GPN,ART,2009-06-30,2009-07-28,2009-05-31,2021-08-02,-10901000,1676821000,1608651250.0,595188000,1081633000,0.996,6.5,-40940000.0,426935000,426935000,598785000.0,37217000.0,1.77,0.572,207177000,39567000,167610000,207177000,0,66288000.0,0,0.002,0.04,131731000.0,198019000.0,0.124,198019000.0,131731000.0,124466000.0,0.235,0.23,0.235,1047015000,1038820750.0,1047015000,3211849855,24.0,16.22,342031000.0,2.123,1.0,1002739000.0,0.626,883214000,7265000.0,237672000,251256000.0,5914000,0,0,0,599201000,336177000,263024000,3431607855,-29125000.0,-525205000.0,9050000.0,191913000.0,-6417000.0,161485000.0,-559257000.0,6888000.0,382971000.0,-14324000.0,37217000.0,37217000.0,37217000.0,0.0,0.0,0.023,841310000.0,161429000.0,180043000,0.17,3.278,92.205,90.66,176226000,0.0,21.305,2.143,2.143,123438000,652675000,1601524000.0,1601524000.0,0.0,0.023,0.036,0.524,0.082,14570000.0,693646000.0,1.0,161070540,161070540.0,,9.943,793607000,3789000,87249000.0,86038000,4.927,259011000
51,GPN,ART,2009-03-31,2009-04-06,2009-02-28,2021-08-02,-103736000,1444596000,1550922750.0,530412000,914184000,0.995,5.691,-38506000.0,387593000,387593000,570377000.0,40469000.0,2.004,0.542,194110000,29110000,165000000,194110000,0,62211000.0,0,0.003,0.04,142994000.0,205205000.0,0.133,205205000.0,142994000.0,133525000.0,0.26,0.25,0.26,915066000,1058771500.0,915066000,2370252513,17.0,11.551,318775000.0,1.983,1.0,972938000.0,0.63,761212000,9469000.0,225194000,217050500.0,6370000,0,0,0,496100000,264707000,231393000,2563735513,-874000.0,-460475000.0,10117000.0,192984000.0,-6401000.0,174034000.0,-492185000.0,6796000.0,357281000.0,-40004000.0,40469000.0,40469000.0,40469000.0,0.0,0.0,0.026,812169000.0,160769000.0,151841000,0.154,2.802,63.351,61.327,141412000,0.0,15.945,1.661,1.661,105796000,616725000,1543315000.0,1543315000.0,0.0,0.026,0.038,0.659,0.093,14927000.0,664505000.0,1.0,160786172,160786172.0,,9.599,683384000,4287000,93056000.0,68529000,4.25,265705000
52,GPN,ART,2008-12-31,2009-01-08,2008-11-30,2021-08-02,-54622000,1613430000,1521216000.0,506986000,1106444000,0.961,6.639,-39456000.0,356234000,356234000,541278000.0,187300000.0,1.86,0.48,201574000,31574000,170000000,201574000,0,58156000.0,0,0.002,0.04,293248000.0,351404000.0,0.24,351404000.0,293248000.0,283803000.0,1.18,1.155,1.18,1066541000,1094542750.0,1066541000,2675160861,9.0,7.613,284078000.0,1.768,1.0,920015000.0,0.63,948245000,9445000.0,237933000,190820000.0,5310000,0,0,0,511679000,272592000,239087000,2829820861,-7163000.0,-460961000.0,10554000.0,200895000.0,-6394000.0,191393000.0,-493461000.0,6956000.0,323534000.0,-28629000.0,187300000.0,187300000.0,187300000.0,0.0,0.0,0.128,617457000.0,302558000.0,150645000,0.034,2.653,15.108,14.928,145664000,0.0,17.615,1.937,1.937,111276000,725099000,1461293000.0,1461293000.0,0.0,0.123,0.171,1.537,0.201,14388000.0,617457000.0,1.0,160648360,160648360.0,,9.096,665185000,4261000,96503000.0,70757000,4.141,234394000
53,GPN,ART,2008-09-30,2008-10-08,2008-08-31,2021-08-02,60937000,1699758000,1443545750.0,484720000,1215038000,0.948,7.024,-43032000.0,287721000,287721000,503480000.0,176706000.0,1.793,0.471,210633000,35633000,175000000,210633000,0,50601000.0,0,0.002,0.04,280424000.0,331025000.0,0.242,331025000.0,280424000.0,271727000.0,1.115,1.095,1.115,1126661000,1078846500.0,1126661000,3417822041,12.0,10.325,259017000.0,1.615,1.0,865526000.0,0.632,1048083000,8697000.0,304225000,157084000.0,6576000,0,0,0,530894000,270362000,260532000,3494910041,17177000.0,-457745000.0,-1173000.0,210500000.0,-6351000.0,207993000.0,-495040000.0,5737000.0,302049000.0,2175000.0,176706000.0,176706000.0,176706000.0,0.0,0.0,0.129,587302000.0,278224000.0,156071000,0.036,3.102,19.778,19.543,153533000,0.0,21.79,2.553,2.553,140736000,677806000,1369006000.0,1369006000.0,0.0,0.122,0.164,1.785,0.205,13970000.0,586988000.0,1.0,160390548,160390548.0,,8.535,651675000,4187000,95021000.0,101094000,4.063,214358000
54,GPN,ART,2008-06-30,2008-07-30,2008-05-31,2021-08-02,124202000,1445907000,1314950750.0,617410000,828497000,0.969,7.073,-44974000.0,456060000,456060000,475612000.0,162754000.0,2.835,0.27,1527000,1527000,0,1527000,0,44034000.0,0,0.002,0.04,261508000.0,305542000.0,0.24,305542000.0,261508000.0,253342000.0,1.025,1.005,1.025,1126818000,1033085500.0,1126818000,3158688562,12.0,10.338,227440000.0,1.428,1.0,798617000.0,0.627,672772000,8166000.0,100850000,117334000.0,3821000,0,0,0,304365000,217752000,86613000,3613221562,147188000.0,-18247000.0,-69635000.0,1527000.0,-6377000.0,-76373000.0,-63221000.0,0.0,272414000.0,14368000.0,162754000.0,162754000.0,162754000.0,0.0,0.0,0.128,547258000.0,251359000.0,147519000,0.039,3.207,22.201,22.127,141415000,0.0,22.68,2.836,2.836,101533000,621875000,1274229000.0,1274229000.0,0.0,0.124,0.158,2.229,0.205,13826000.0,545941000.0,1.0,159313120,159313120.0,,7.998,773135000,4119000,90588000.0,86976000,4.853,399658000
55,GPN,ART,2008-03-31,2008-04-02,2008-02-29,2021-08-02,101069000,1325769000,1253631250.0,528772000,796997000,0.966,6.651,-44066000.0,388467000,388467000,457809000.0,155121000.0,3.128,0.238,1126000,1126000,0,1126000,0,42241000.0,0,0.002,0.04,244384000.0,286625000.0,0.237,286625000.0,244384000.0,236879000.0,0.97,0.96,0.97,1058151000,990825000.0,1058151000,3007814119,12.0,10.494,167048000.0,1.05,1.0,752688000.0,0.622,649098000,7505000.0,120272000,122625500.0,5140000,0,0,0,251489000,169058000,82431000,3395155119,96408000.0,-13082000.0,-67727000.0,1126000.0,-6401000.0,-74030000.0,-57148000.0,0.0,211114000.0,16472000.0,155121000.0,155121000.0,155121000.0,0.0,0.0,0.128,517048000.0,235640000.0,125012000,0.041,3.209,21.887,22.0,134695000,0.0,21.34,2.805,2.805,85505000,582657000,1210497000.0,1210497000.0,0.0,0.124,0.157,1.993,0.202,12594000.0,512643000.0,1.0,159098178,159098178.0,,7.608,676671000,4464000,81758000.0,81541000,4.253,359714000
56,GPN,ART,2007-12-31,2008-01-08,2007-11-30,2021-08-02,90722000,1302749000,1211926750.0,510017000,792732000,0.957,6.314,-43029000.0,363397000,363397000,443703000.0,149362000.0,2.697,0.282,679000,679000,0,679000,0,41285000.0,0,0.002,0.04,236709000.0,277994000.0,0.24,277994000.0,236709000.0,229003000.0,0.93,0.915,0.93,1003756000,951958250.0,1003756000,2555085052,11.0,9.191,183261000.0,1.153,1.0,716571000.0,0.618,647918000,7706000.0,102989000,113787500.0,6252000,0,0,0,283310000,189124000,94186000,2917803052,114150000.0,-13282000.0,-66517000.0,477000.0,-6423000.0,-72003000.0,-56311000.0,0.0,226290000.0,16174000.0,149362000.0,149362000.0,149362000.0,0.0,0.0,0.129,489649000.0,226922000.0,124218000,0.043,2.907,19.535,19.737,134221000,0.0,18.355,2.515,2.515,87825000,544193000,1160274000.0,1160274000.0,0.0,0.123,0.157,2.08,0.204,13132000.0,485244000.0,1.0,158965026,158965026.0,,7.299,654831000,4496000,79641000.0,78952000,4.119,320893000
57,GPN,ART,2007-09-30,2007-10-04,2007-08-31,2021-08-02,66761000,1185378000,1166451500.0,424097000,761281000,0.953,5.979,-38050000.0,270544000,270544000,432956000.0,145051000.0,2.985,0.241,133000,133000,0,133000,0,40789000.0,0,0.002,0.04,229536000.0,270325000.0,0.243,270325000.0,229536000.0,221361000.0,0.9,0.885,0.9,943617000,917596500.0,943617000,3192844573,14.0,11.811,168861000.0,1.07,1.0,679239000.0,0.611,627672000,8175000.0,145225000,110160750.0,4075000,0,0,0,227149000,142070000,85079000,3463255573,101966000.0,-16691000.0,-51166000.0,-313000.0,-6463000.0,-58451000.0,-54741000.0,0.0,206911000.0,8247000.0,145051000.0,145051000.0,145051000.0,0.0,0.0,0.13,458445000.0,220794000.0,123700000,0.044,3.67,23.876,24.383,122588000,0.0,21.945,3.114,3.114,91677000,507451000,1112195000.0,1112195000.0,0.0,0.124,0.158,2.084,0.206,13403000.0,454354000.0,1.0,157815246,157815246.0,,7.047,557706000,4557000,76310000.0,73036000,3.534,282027000
58,GPN,ART,2007-06-30,2007-07-30,2007-05-31,2021-08-02,61193000,1200629000,1132862000.0,444429000,756200000,0.937,5.916,-35374000.0,308872000,308872000,414837000.0,142985000.0,3.111,0.238,0,0,0,0,0,40365000.0,0,0.002,0.04,224885000.0,265250000.0,0.25,265250000.0,224885000.0,216421000.0,0.89,0.875,0.89,957776000,886914750.0,957776000,2637449524,12.0,9.943,155758000.0,0.962,1.0,646686000.0,0.609,626864000,8464000.0,122016000,107386250.0,3435000,0,0,0,227920000,142877000,85043000,2946321524,90397000.0,-81261000.0,19332000.0,-746000.0,-6442000.0,10886000.0,-116635000.0,0.0,191132000.0,5014000.0,142985000.0,142985000.0,142985000.0,0.0,0.0,0.135,428597000.0,218089000.0,122260000,0.045,3.076,20.606,20.449,118495000,0.0,18.2,2.776,2.776,78355000,466417000,1061523000.0,1061523000.0,0.0,0.126,0.161,2.094,0.212,15154000.0,425509000.0,1.0,161885798,161885798.0,,6.557,573765000,6673000,73436000.0,70768000,3.544,301552000
59,GPN,ART,2007-03-31,2007-04-06,2007-02-28,2021-08-02,45814000,1158951000,1087374250.0,415401000,743550000,0.938,5.592,-30437000.0,292059000,292059000,396574000.0,143869000.0,2.517,0.266,0,0,0,0,0,40157000.0,0,0.002,0.04,225003000.0,265160000.0,0.26,265160000.0,225003000.0,216578000.0,0.9,0.875,0.9,902684000,840026500.0,902684000,2718444179,12.0,10.252,140205000.0,0.869,1.0,623617000.0,0.611,616964000,8425000.0,84920000,101090250.0,4539000,0,0,0,240349000,165008000,75341000,3010503179,78916000.0,-81768000.0,18726000.0,-1127000.0,-6421000.0,8924000.0,-112205000.0,0.0,170642000.0,11555000.0,143869000.0,143869000.0,143869000.0,0.0,0.0,0.141,404193000.0,219424000.0,113319000,0.044,3.335,20.925,20.722,113471000,0.0,18.65,2.951,2.951,71798000,434856000,1020191000.0,1020191000.0,0.0,0.132,0.171,2.226,0.221,12413000.0,404193000.0,1.0,161421082,161421082.0,,6.32,541987000,3620000,72709000.0,63592000,3.358,250393000
60,GPN,ART,2006-12-31,2007-01-08,2006-11-30,2021-08-02,50777000,1120848000,1043133000.0,376913000,743935000,0.944,5.378,-27759000.0,249247000,249247000,381881000.0,139684000.0,2.355,0.276,202000,202000,0,202000,0,40169000.0,0,0.002,0.04,219543000.0,259712000.0,0.264,259712000.0,219543000.0,211822000.0,0.873,0.855,0.873,866309000,793719750.0,866309000,3053030138,14.0,11.755,178294000.0,1.107,1.0,603051000.0,0.612,623289000,7721000.0,88482000,93211750.0,5475000,0,0,0,238768000,160032000,78736000,3302075138,117551000.0,-82876000.0,21229000.0,-1529000.0,-6399000.0,8941000.0,-110635000.0,0.0,206053000.0,13192000.0,139684000.0,139684000.0,139684000.0,0.0,0.0,0.142,386685000.0,216366000.0,116056000,0.046,3.812,23.64,23.482,112712000,0.0,20.5,3.353,3.353,75324000,402173000,984932000.0,984932000.0,0.0,0.134,0.176,2.355,0.223,8614000.0,386685000.0,1.0,161076836,161076836.0,,6.115,497559000,3620000,72138000.0,67179000,3.089,216881000
61,GPN,ART,2006-09-30,2006-10-06,2006-08-31,2021-08-02,51511000,1051020000,985455000.0,312830000,738190000,0.958,5.119,-26761000.0,168578000,168578000,363027000.0,136295000.0,2.364,0.262,446000,446000,0,446000,0,39898000.0,0,0.002,0.04,215490000.0,255388000.0,0.271,255388000.0,215490000.0,207704000.0,0.858,0.83,0.858,820890000,743485750.0,820890000,3212293732,15.0,12.578,176313000.0,1.099,1.0,580881000.0,0.615,616432000,7786000.0,134127000,91000500.0,4189000,0,0,0,214810000,132329000,82481000,3380425732,133124000.0,-71632000.0,28318000.0,-3263000.0,-6371000.0,11000000.0,-98393000.0,0.0,203074000.0,17443000.0,136295000.0,136295000.0,136295000.0,0.0,0.0,0.144,366790000.0,214091000.0,95474000,0.047,4.118,24.802,24.569,109396000,0.0,21.08,3.581,3.581,77749000,369782000,943908000.0,943908000.0,0.0,0.138,0.183,2.368,0.228,4898000.0,365785000.0,1.0,160361752,160361752.0,,5.886,434588000,3622000,71409000.0,72677000,2.71,180501000
62,GPN,ART,2006-06-30,2006-08-04,2006-05-31,2021-08-02,52836000,1018678000,933111250.0,348406000,670272000,0.973,4.82,-25038000.0,218475000,218475000,358020000.0,125524000.0,2.328,0.306,746000,746000,0,746000,0,40489000.0,0,0.002,0.04,200190000.0,240679000.0,0.265,240679000.0,200190000.0,193046000.0,0.795,0.765,0.795,770223000,693093250.0,770223000,3028062997,15.0,12.581,209735000.0,1.312,1.0,550036000.0,0.606,554462000,7144000.0,96832000,90613000.0,3300000,0,0,0,235459000,149655000,85804000,3245791997,169496000.0,-4917000.0,23922000.0,-61648000.0,-6336000.0,-54274000.0,-29955000.0,0.0,234773000.0,18952000.0,125524000.0,125524000.0,125524000.0,0.0,0.0,0.138,348948000.0,201088000.0,105744000,0.05,4.214,25.858,25.547,107977000,0.0,20.31,3.574,3.574,68379000,329874000,908056000.0,908056000.0,0.0,0.135,0.181,2.209,0.22,0.0,347070000.0,1.0,159812506,159812506.0,,5.682,464216000,3622000,67522000.0,74014000,2.905,198751000
63,GPN,ART,2006-03-31,2006-04-07,2006-02-28,2021-08-02,39721000,981986000,891818000.0,318115000,663871000,0.983,4.506,-24501000.0,213143000,213143000,359061000.0,114959000.0,1.916,0.351,1127000,1127000,0,1127000,0,42588000.0,0,0.002,0.04,185062000.0,227650000.0,0.26,227650000.0,185062000.0,178113000.0,0.73,0.705,0.73,717457000,645125000.0,717457000,3636963980,20.0,15.976,245090000.0,1.539,1.0,517892000.0,0.591,550550000,6949000.0,53406000,100496750.0,2710000,0,0,0,251573000,166014000,85559000,3848979980,154941000.0,-3662000.0,20464000.0,-100057000.0,-6303000.0,-92707000.0,-28163000.0,0.0,269591000.0,6220000.0,114959000.0,114959000.0,114959000.0,0.0,0.0,0.131,329715000.0,188177000.0,92800000,0.055,5.365,33.481,33.116,102730000,0.0,24.175,4.389,4.389,60950000,297408000,876953000.0,876953000.0,0.0,0.129,0.178,1.841,0.211,0.0,324111000.0,1.0,159213236,159213236.0,,5.508,431436000,10535000,63154000.0,69656000,2.71,152101000
64,GPN,ART,2005-12-31,2006-01-03,2005-11-30,2021-08-02,35009000,890136000,854109750.0,226979000,663157000,0.992,4.199,-32048000.0,131696000,131696000,357577000.0,106471000.0,1.734,0.317,1731000,1631000,100000,1731000,0,43640000.0,0,0.002,0.04,173971000.0,217611000.0,0.257,217611000.0,173971000.0,165748000.0,0.685,0.655,0.685,665373000,604602750.0,665373000,3626748073,21.0,16.666,275364000.0,1.738,1.0,489743000.0,0.578,549644000,8223000.0,79637000,122705500.0,2728000,0,0,0,211249000,130890000,80359000,3756713073,100429000.0,-20058000.0,14773000.0,-165513000.0,-6269000.0,-158583000.0,-52106000.0,0.0,307412000.0,3706000.0,106471000.0,106471000.0,106471000.0,0.0,0.0,0.126,311482000.0,178261000.0,84755000,0.058,5.646,35.284,34.613,102915000,0.0,23.71,4.434,4.434,63140000,268888000,847320000.0,847320000.0,0.0,0.125,0.176,1.418,0.205,0.0,305878000.0,1.0,158444246,158444246.0,,5.348,340492000,6424000,59277000.0,69823000,2.149,96089000
65,GPN,ART,2005-09-30,2005-10-07,2005-08-31,2021-08-02,32620000,841645000,848063500.0,171293000,670352000,0.962,3.955,-30710000.0,35454000,35454000,350015000.0,99436000.0,1.351,0.334,3709000,3312000,397000,3709000,0,45034000.0,0,0.002,0.04,163853000.0,208887000.0,0.256,208887000.0,163853000.0,155597000.0,0.643,0.618,0.643,619320000,569776000.0,619320000,3101243971,19.0,14.847,222504000.0,1.421,1.0,466181000.0,0.571,550538000,8256000.0,132577000,154760500.0,2220000,0,0,0,206645000,126785000,79860000,3132988971,12135000.0,-23423000.0,550000.0,-188465000.0,-6234000.0,-188200000.0,-54133000.0,0.0,253214000.0,1254000.0,99436000.0,99436000.0,99436000.0,0.0,0.0,0.122,297170000.0,169011000.0,79952000,0.062,5.059,31.508,31.112,109048000,0.0,20.005,3.839,3.839,68101000,239858000,816196000.0,816196000.0,0.0,0.117,0.175,1.059,0.201,0.0,292571000.0,1.0,156610296,156610296.0,,5.212,291107000,6026000,56161000.0,78648000,1.859,44508000
66,GPN,ART,2005-06-30,2005-08-15,2005-05-31,2021-08-02,21795000,853505000,848532500.0,189990000,663515000,0.924,3.696,-34305000.0,48979000,48979000,337272000.0,92896000.0,1.039,0.448,62394000,61648000,746000,62394000,0,45306000.0,0,0.002,0.04,154625000.0,199931000.0,0.255,199931000.0,154625000.0,146247000.0,0.603,0.583,0.603,578350000,536072500.0,578350000,2639131009,17.0,13.2,195254000.0,1.248,1.0,447059000.0,0.57,547750000,8378000.0,136367000,173597500.0,2625000,0,0,0,258815000,182803000,76012000,2625716009,14507000.0,-30773000.0,0.0,-157711000.0,-6205000.0,-152353000.0,-65078000.0,0.0,229559000.0,2379000.0,92896000.0,92896000.0,92896000.0,0.0,0.0,0.118,286958000.0,160101000.0,93231000,0.066,4.54,28.265,27.828,104173000,0.0,16.78,3.348,3.348,55869000,210686000,784331000.0,784331000.0,0.0,0.109,0.173,0.891,0.197,0.0,283232000.0,1.0,156478904,156478904.0,,5.012,305755000,6307000,53351000.0,59401000,1.954,7187000
67,GPN,ART,2005-03-31,2005-04-01,2005-02-28,2021-08-02,27297000,831153000,843380000.0,165631000,665522000,0.899,3.565,-37161000.0,58202000,58202000,335312000.0,84642000.0,0.924,0.467,100378000,99291000,1087000,100378000,0,43833000.0,0,0.002,0.04,143506000.0,187339000.0,0.247,187339000.0,143506000.0,134507000.0,0.552,0.532,0.552,555368000,503840500.0,555368000,2563879513,18.0,13.686,174229000.0,1.118,1.0,423203000.0,0.558,551851000,8999000.0,142241000,191237500.0,2736000,0,0,0,259390000,179237000,80153000,2521703513,-27688000.0,-57801000.0,0.0,-158901000.0,-6166000.0,-150562000.0,-94962000.0,0.0,211390000.0,6446000.0,84642000.0,84642000.0,84642000.0,0.0,0.0,0.112,273408000.0,149795000.0,79946000,0.072,4.541,29.793,29.325,107549000,0.0,16.188,3.325,3.325,83894000,188752000,758515000.0,758515000.0,0.0,0.1,0.168,0.75,0.189,0.0,268463000.0,1.0,155780912,155780912.0,,4.869,279302000,7242000,49865000.0,61869000,1.793,-13606000
68,GPN,ART,2004-12-31,2004-12-28,2004-11-30,2021-08-02,31355000,865951000,848560500.0,216908000,649043000,0.855,3.396,-29691000.0,31267000,31267000,319707000.0,79522000.0,0.87,0.614,166385000,164965000,1420000,166385000,0,42063000.0,0,0.003,0.04,134915000.0,176978000.0,0.244,176978000.0,134915000.0,126547000.0,0.517,0.505,0.517,526066000,472078750.0,526066000,2432931622,18.0,13.747,72590000.0,0.469,1.0,405842000.0,0.559,543769000,8368000.0,207857000,202142000.0,3272000,0,0,0,322746000,249443000,73303000,2297813622,-48486000.0,-73102000.0,0.0,-59033000.0,-6122000.0,-53297000.0,-102793000.0,0.0,102281000.0,5323000.0,79522000.0,79522000.0,79522000.0,0.0,0.0,0.11,263833000.0,142009000.0,74662000,0.077,4.368,28.895,28.694,99147000,0.0,14.835,3.167,3.167,158192000,168686000,725549000.0,725549000.0,0.0,0.094,0.168,0.667,0.186,0.0,258888000.0,1.0,154891380,154891380.0,,4.684,322182000,10583000,47025000.0,65103000,2.08,-32535000
69,GPN,ART,2004-09-30,2004-10-04,2004-08-31,2021-08-02,20966000,843521000,809932250.0,209193000,634328000,0.846,3.149,-30237000.0,23319000,23319000,307631000.0,70816000.0,0.76,0.705,191315000,187815000,3500000,191315000,0,38689000.0,0,0.003,0.04,120471000.0,159160000.0,0.232,159160000.0,120471000.0,112879000.0,0.465,0.453,0.465,484506000,443027250.0,484506000,2209015979,18.0,13.879,51444000.0,0.334,1.0,377816000.0,0.551,528231000,7592000.0,207925000,157885000.0,3250000,0,0,0,341533000,275361000,66172000,2041019979,-72801000.0,-130106000.0,0.0,2765000.0,-6080000.0,1975000.0,-160343000.0,0.0,81681000.0,3886000.0,70816000.0,70816000.0,70816000.0,0.0,0.0,0.103,250482000.0,127334000.0,75774000,0.086,4.213,28.821,28.532,99513000,0.0,13.268,2.978,2.978,159991000,146656000,685447000.0,685447000.0,0.0,0.087,0.16,0.763,0.176,0.0,242414000.0,1.0,153836064,153836064.0,,4.456,315290000,10028000,42063000.0,58576000,2.05,-66168000
70,GPN,ART,2004-06-30,2004-08-10,2004-05-31,2021-08-02,14558000,832895000,725057750.0,203204000,629691000,0.868,2.937,-24564000.0,34472000,34472000,289353000.0,62443000.0,0.71,0.802,219246000,206299000,12947000,219246000,0,35540000.0,0,0.004,0.04,106274000.0,141814000.0,0.225,141814000.0,106274000.0,99749000.0,0.415,0.4,0.415,449422000,417224000.0,449422000,1813586314,17.0,12.788,67606000.0,0.442,1.0,339967000.0,0.54,524670000,6525000.0,206927000,117777750.0,3051000,0,0,0,360343000,286072000,74271000,1628812314,-3538000.0,-122276000.0,0.0,54127000.0,-6030000.0,50113000.0,-146840000.0,0.0,92170000.0,1019000.0,62443000.0,62443000.0,62443000.0,0.0,0.0,0.099,227066000.0,112901000.0,79773000,0.096,3.624,26.085,25.651,97482000,0.0,10.645,2.588,2.588,143408000,123995000,629320000.0,629320000.0,0.0,0.086,0.15,0.902,0.169,0.0,217418000.0,1.0,153011960,153011960.0,,4.113,308225000,10028000,37306000.0,46804000,2.014,-82868000
71,GPN,ART,2004-03-31,2004-04-01,2004-02-29,2021-08-02,18279000,851875000,637892500.0,233786000,618089000,0.912,2.829,-20261000.0,85890000,85890000,267536000.0,60207000.0,0.721,0.914,259226000,244862000,14364000,259226000,0,32936000.0,0,0.003,0.04,101067000.0,134003000.0,0.23,134003000.0,101067000.0,96179000.0,0.402,0.39,0.402,428321000,396475000.0,428321000,1926132787,19.0,14.374,29775000.0,0.197,1.0,314257000.0,0.54,515170000,4888000.0,185859000,88285000.0,3823000,0,0,0,391661000,324182000,67479000,1752796787,56522000.0,-94965000.0,0.0,127395000.0,-5991000.0,120229000.0,-115226000.0,0.0,50036000.0,1483000.0,60207000.0,60207000.0,60207000.0,0.0,0.0,0.103,208129000.0,106128000.0,72458000,0.1,4.092,29.113,28.794,92400000,0.0,11.575,3.013,3.013,128200000,110276000,581793000.0,581793000.0,0.0,0.094,0.152,1.145,0.174,0.0,202169000.0,1.0,151429528,151429528.0,,3.842,336705000,4735000,35972000.0,50694000,2.224,-90396000
72,GPN,ART,2003-12-31,2004-01-14,2003-11-30,2021-08-02,18137000,711438000,535296750.0,143571000,567867000,1.016,2.719,-17785000.0,79753000,79753000,258445000.0,55802000.0,0.634,0.681,118032000,115361000,2671000,118032000,0,31710000.0,0,0.003,0.04,92863000.0,124573000.0,0.229,124573000.0,92863000.0,89140000.0,0.378,0.362,0.378,409860000,373907000.0,409860000,1934362984,21.0,15.528,18782000.0,0.125,1.0,285361000.0,0.525,492462000,3723000.0,30829000,57943750.0,1380000,0,0,0,279262000,226426000,52836000,1896083984,44773000.0,-61645000.0,0.0,92922000.0,-5959000.0,84934000.0,-79430000.0,0.0,36567000.0,2702000.0,55802000.0,55802000.0,55802000.0,0.0,0.0,0.103,187884000.0,97477000.0,104345000,0.106,4.626,33.979,33.274,62681000,0.0,12.578,3.487,3.487,46037000,95286000,543806000.0,543806000.0,0.0,0.104,0.149,1.603,0.171,0.0,181924000.0,1.0,150752056,150752056.0,,3.607,218976000,4735000,33338000.0,47452000,1.453,-82855000
73,GPN,ART,2003-09-30,2003-10-10,2003-08-31,2021-08-02,11902000,504023000,466876750.0,152386000,351637000,1.124,2.552,-15853000.0,96120000,96120000,255566000.0,54512000.0,2.23,0.262,4165000,1200000,2965000,4165000,0,31720000.0,0,0.004,0.04,90944000.0,122664000.0,0.234,122664000.0,90944000.0,87081000.0,0.367,0.357,0.367,381293000,352530750.0,381293000,1378690090,15.0,11.24,41011000.0,0.274,1.0,269254000.0,0.513,296237000,3863000.0,47496000,61138000.0,1066000,0,0,0,99801000,68335000,31466000,1470645090,78780000.0,-984000.0,0.0,46904000.0,-5930000.0,39874000.0,-16837000.0,0.0,56864000.0,-1121000.0,54512000.0,54512000.0,54512000.0,0.0,0.0,0.104,174125000.0,95129000.0,57842000,0.109,3.857,26.978,26.819,50271000,0.0,9.842,2.802,2.802,45628000,81920000,524820000.0,524820000.0,0.0,0.117,0.155,1.488,0.173,0.0,171288000.0,1.0,149417840,149417840.0,,3.512,207786000,5096000,32569000.0,28637000,1.391,84051000
74,GPN,ART,2003-06-30,2003-08-26,2003-05-31,2021-08-02,13023000,484234000,448184250.0,128203000,356031000,1.151,2.464,-17926000.0,38010000,38010000,260290000.0,53300000.0,2.039,0.258,4707000,1456000,3251000,4707000,0,32061000.0,0,0.004,0.04,89440000.0,121501000.0,0.235,121501000.0,89440000.0,85144000.0,0.36,0.352,0.36,366426000,334914250.0,366426000,1332098865,15.0,10.964,17633000.0,0.119,1.0,255794000.0,0.496,299114000,4296000.0,88956000,63133000.0,1348000,0,0,0,94567000,62861000,31706000,1365401865,18816000.0,-1153000.0,0.0,9297000.0,-5918000.0,2336000.0,-19079000.0,0.0,35559000.0,0.0,53300000.0,53300000.0,53300000.0,0.0,0.0,0.103,162529000.0,93265000.0,58781000,0.111,3.726,25.617,25.507,51785000,0.0,9.182,2.646,2.646,79707000,67582000,516084000.0,516084000.0,0.0,0.119,0.159,1.417,0.173,0.0,161272000.0,1.0,148696092,148696092.0,,3.471,185120000,5096000,31844000.0,21968000,1.245,65342000
75,GPN,ART,2003-03-31,2003-04-04,2003-02-28,2021-08-02,-997000,441492000,434980250.0,100042000,341450000,1.156,2.281,-19045000.0,29368000,29368000,259737000.0,29342000.0,1.484,0.236,5319000,1783000,3536000,5319000,0,31955000.0,0,0.005,0.04,60866000.0,92821000.0,0.185,92821000.0,60866000.0,56533000.0,0.198,0.195,0.198,338049000,317379750.0,338049000,1116326792,18.0,12.027,68792000.0,0.464,1.0,242996000.0,0.483,285517000,4333000.0,64494000,53771250.0,1918000,0,0,0,79700000,67432000,12268000,1140375792,11898000.0,-92000.0,0.0,-50740000.0,-5905000.0,-56802000.0,-19137000.0,0.0,87837000.0,0.0,29342000.0,29342000.0,29342000.0,0.0,0.0,0.058,162188000.0,80808000.0,56063000,0.202,3.373,38.865,38.864,50455000,0.0,7.695,2.268,2.268,58506000,56060000,502733000.0,502733000.0,0.0,0.067,0.092,1.132,0.121,0.0,151195000.0,1.0,148196984,148196984.0,,3.392,155975000,6289000,27191000.0,11374000,1.052,32610000
76,GPN,ART,2002-12-31,2003-01-13,2002-11-30,2021-08-02,-2537000,437758000,439426000.0,91114000,346644000,1.123,2.192,-19396000.0,34980000,34980000,261196000.0,27519000.0,1.184,0.275,5984000,2181000,3803000,5984000,0,31571000.0,0,0.005,0.04,57877000.0,89448000.0,0.181,89448000.0,57877000.0,53835000.0,0.185,0.182,0.185,324355000,308799750.0,324355000,1130675612,20.0,12.641,112415000.0,0.76,1.0,232247000.0,0.471,288222000,4042000.0,43606000,54258000.0,2298000,0,0,0,89201000,76934000,12267000,1159671612,8112000.0,-132000.0,0.0,-93184000.0,-5888000.0,-99171000.0,-24528000.0,0.0,131811000.0,0.0,27519000.0,27519000.0,27519000.0,0.0,0.0,0.056,155226000.0,77021000.0,71426000,0.216,3.575,42.141,42.365,53023000,0.0,7.838,2.35,2.35,42413000,45443000,493443000.0,493443000.0,0.0,0.063,0.089,1.067,0.117,0.0,144233000.0,1.0,147964480,147964480.0,,3.335,149536000,6289000,26316000.0,5115000,1.011,14180000
77,GPN,ART,2002-09-30,2002-10-11,2002-08-31,2021-08-02,-2628000,429253000,453266250.0,79805000,349448000,1.058,2.105,-22807000.0,17340000,17340000,257519000.0,25579000.0,0.982,0.301,15134000,10995000,4139000,15134000,0,30468000.0,0,0.006,0.04,54971000.0,85439000.0,0.178,85439000.0,54971000.0,50975000.0,0.175,0.17,0.175,310827000,301126000.0,310827000,983747468,18.0,11.514,141172000.0,0.956,1.0,222080000.0,0.463,290306000,3996000.0,55476000,63099250.0,2644000,0,0,0,93629000,81265000,12364000,985953468,16683000.0,-54533000.0,0.0,-58055000.0,-5872000.0,-64956000.0,-82340000.0,0.0,163979000.0,0.0,25579000.0,25579000.0,25579000.0,0.0,0.0,0.053,148032000.0,74048000.0,70270000,0.229,3.172,38.545,38.157,53853000,0.0,6.678,2.056,2.056,49204000,33338000,479599000.0,479599000.0,0.0,0.056,0.085,0.871,0.115,0.0,137039000.0,1.0,147653084,147653084.0,,3.248,138947000,6289000,25396000.0,1788000,0.941,-1460000
78,GPN,ART,2002-06-30,2002-08-28,2002-05-31,2021-08-02,-2474000,431418000,462067750.0,79457000,351961000,1.002,2.01,-22390000.0,19194000,19194000,252126000.0,23840000.0,0.819,0.371,29310000,24599000,4711000,29310000,0,29571000.0,0,0.006,0.04,52537000.0,82108000.0,0.177,82108000.0,52537000.0,48464000.0,0.163,0.158,0.163,296288000,294522750.0,296288000,972144461,19.0,11.84,138078000.0,0.937,1.0,210700000.0,0.455,293020000,4073000.0,51509000,78708250.0,2611000,0,0,0,109889000,97005000,12884000,962028461,13091000.0,-60154000.0,0.0,-54279000.0,-5857000.0,-59833000.0,-87544000.0,0.0,160468000.0,0.0,23840000.0,23840000.0,23840000.0,0.0,0.0,0.052,139282000.0,71418000.0,72406000,0.245,3.247,40.354,40.031,53643000,0.0,6.525,2.079,2.079,44315000,20200000,462826000.0,462826000.0,0.0,0.052,0.081,0.667,0.114,0.0,128289000.0,1.0,147437312,147437312.0,,3.139,138398000,10045000,24624000.0,1788000,0.939,-17548000
79,GPN,ART,2002-03-31,2002-05-10,2002-02-28,2021-08-02,-3031000,459275000,468864250.0,80074000,379201000,,2.068,-23719000.0,17470000,17470000,,,0.725,0.427,56059000,50763000,5296000,56059000,0,28792000.0,0,0.005,0.04,,,,,,,,,,303729000,288206250.0,303729000,1336828991,,,126961000.0,0.864,1.0,,,321035000,,66441000,95919750.0,2838000,0,0,0,129844000,110388000,19456000,1298239991,16920000.0,-81815000.0,0.0,-120612000.0,-5844000.0,-23226000.0,-110534000.0,0.0,150680000.0,0.0,,,,,,,,,59625000,,4.274,,,52777000,,8.838,,,48430000,32623000,,,,,,,,0.0,,1.0,146901272,146901272.0,,,138240000,6527000,,7237000,0.941,-30314000
80,GPN,ART,2002-03-31,2002-04-05,2002-02-28,2021-08-02,-3031000,459275000,468864250.0,80074000,379201000,,2.068,-23719000.0,17470000,17470000,,,0.725,0.427,56059000,50763000,5296000,56059000,0,28792000.0,0,0.004,0.04,,,,,,,,,,303729000,288206250.0,303729000,1408443361,,,126961000.0,0.864,1.0,,,321035000,,66441000,95919750.0,2838000,0,0,0,129844000,110388000,19456000,1369854361,16920000.0,-81815000.0,0.0,-120612000.0,-5844000.0,-23226000.0,-110534000.0,0.0,150680000.0,0.0,,,,,,,,,59625000,,4.51,,,52777000,,9.325,,,48430000,32623000,,,,,,,,0.0,,1.0,146901272,146901272.0,,,138240000,6527000,,7237000,0.941,-30314000
81,GPN,ART,2001-12-31,2002-01-14,2001-11-30,2021-08-02,-2879000,493119000,419554750.0,120011000,373108000,,2.007,,26868000,26868000,,,0.765,0.589,93292000,91470000,1822000,93292000,0,,0,0.003,0.03,,,,,,,,,,293660000,244926750.0,293660000,1326295329,,,,,1.0,,,323613000,,78971000,94355750.0,2854000,0,0,0,172965000,156959000,16006000,1259871329,,,,,,,,,,,,,,,,,,,61636000,,4.29,,,49018000,,8.613,,,82038000,23812000,,,,,,,,,,1.0,146284044,146284044.0,,,169506000,5118000,,11091000,1.159,-36948000
82,GPN,ART,2001-09-30,2001-10-12,2001-08-31,2021-08-02,-1621000,464459000,,144632000,319827000,,1.946,,657000,657000,,,1.042,0.543,67313000,65946000,1367000,67313000,0,,0,0.003,0.02,,,,,,,,,,284414000,,284414000,1159969748,,,,,1.0,,,274384000,,117912000,,2926000,0,0,0,154360000,138819000,15541000,1093313748,,,,,,,,,,,,,,,,,,,72873000,,3.844,,,44965000,,7.482,,,132860000,13631000,,,,,,,,,,1.0,146116104,146116104.0,,,190075000,5118000,,7237000,1.301,5813000
83,GPN,ART,2001-06-30,2001-08-29,2001-05-31,2021-08-02,-1081000,458604000,,136498000,322106000,,1.856,-13601000.0,6103000,6103000,192389000.0,23668000.0,1.03,0.549,77713000,75739000,1974000,77713000,0,21756000.0,0,0.002,0.02,44655000.0,66411000.0,0.188,66411000.0,44655000.0,38484000.0,0.207,0.205,0.207,271022000,,271022000,1302107839,29.0,19.607,65013000.0,0.445,1.0,160806000.0,0.455,277375000,6171000.0,120355000,,3216000,0,0,0,148730000,132484000,16246000,1230497839,3337000.0,-19848000.0,0.0,-36341000.0,-1459000.0,-41828000.0,-33449000.0,0.0,78614000.0,0.0,23668000.0,23668000.0,23668000.0,0.0,0.0,0.067,107760000.0,53046000.0,56745000,0.097,4.54,51.99,40.7,44336000,0.0,8.425,3.484,3.484,116057000,2217000,353195000.0,353195000.0,0.0,,,,0.126,0.0,102878000.0,1.0,146053156,146053156.0,,2.418,181229000,5425000,14816000.0,7237000,1.241,4014000
84,GPN,ART,2001-03-31,2001-04-16,2001-02-28,2021-08-02,-1033000,262037000,,65982000,196055000,,1.233,,550000,550000,,,0.668,0.86,63973000,61718000,2255000,63973000,0,,0,0.0,0.0,,,,,,,,,,130611000,,130611000,841444876,,,,,1.0,,,166494000,,60185000,,3096000,5000000,0,5000000,112360000,98781000,13579000,778021876,,,,,,,,,,,,,,,,,,,37063000,,5.957,,,24119000,,5.375,,,57511000,1451000,,,,,,,,,,1.0,144748256,105900000.0,,,95543000,263000,,7130000,0.902,-32799000
