None,ticker,dimension,calendardate,datekey,reportperiod,lastupdated,accoci,assets,assetsavg,assetsc,assetsnc,assetturnover,bvps,capex,cashneq,cashnequsd,cor,consolinc,currentratio,de,debt,debtc,debtnc,debtusd,deferredrev,depamor,deposits,divyield,dps,ebit,ebitda,ebitdamargin,ebitdausd,ebitusd,ebt,eps,epsdil,epsusd,equity,equityavg,equityusd,ev,evebit,evebitda,fcf,fcfps,fxusd,gp,grossmargin,intangibles,intexp,invcap,invcapavg,inventory,investments,investmentsc,investmentsnc,liabilities,liabilitiesc,liabilitiesnc,marketcap,ncf,ncfbus,ncfcommon,ncfdebt,ncfdiv,ncff,ncfi,ncfinv,ncfo,ncfx,netinc,netinccmn,netinccmnusd,netincdis,netincnci,netmargin,opex,opinc,payables,payoutratio,pb,pe,pe1,ppnenet,prefdivis,price,ps,ps1,receivables,retearn,revenue,revenueusd,rnd,roa,roe,roic,ros,sbcomp,sgna,sharefactor,sharesbas,shareswa,shareswadil,sps,tangibles,taxassets,taxexp,taxliabilities,tbvps,workingcapital
0,SCI,MRY,2020-12-31,2020-12-31,2020-12-31,2021-09-09,39366000.0,14515425000.0,13626438250.0,376152000.0,14139273000.0,0.258,9.919,-222211000.0,230857000.0,230857000.0,2534682000.0,516137000.0,0.461,7.282,3742534000.0,228352000.0,3514182000.0,3742534000.0,1488909000.0,177743000.0,0.0,0.016,0.78,824893000.0,1002636000.0,0.286,1002636000.0,824893000.0,661830000.0,2.92,2.88,2.92,1752748000.0,1750298500.0,1752748000.0,11941776184.0,14.0,11.91,582140000.0,3.294,1.0,976827000.0,0.278,1880007000.0,163063000.0,15331161000.0,14563670000.0,23929000.0,1820489000.0,0.0,1820489000.0,12762804000.0,815934000.0,11946870000.0,8481712184.0,-4010000.0,-94327000.0,-490199000.0,134813000.0,-137392000.0,-492778000.0,-318371000.0,0.0,804351000.0,2788000.0,515907000.0,515907000.0,515907000.0,0.0,230000.0,0.147,133276000.0,843551000.0,575948000.0,0.267,4.839,16.44,16.815,4013004000.0,0.0,49.1,2.415,2.471,5438659000.0,560731000.0,3511509000.0,3511509000.0,0.0,0.038,0.295,0.057,0.235,14103000.0,141066000.0,1.0,172743629.0,176709000.0,178990000.0,19.872,12635418000.0,0.0,145923000.0,11634000.0,71.504,-439782000.0
1,SCI,MRY,2019-12-31,2019-12-31,2019-12-31,2021-09-09,29864000.0,13677430000.0,13358288750.0,373553000.0,13303877000.0,0.242,10.005,-239957000.0,186276000.0,186276000.0,2470205000.0,369771000.0,0.671,6.501,3583351000.0,69821000.0,3513530000.0,3583351000.0,1467103000.0,176649000.0,0.0,0.016,0.72,650100000.0,826749000.0,0.256,826749000.0,650100000.0,464257000.0,2.03,1.99,2.03,1823313000.0,1760871750.0,1823313000.0,11755136539.0,18.0,14.219,388798000.0,2.133,1.0,760580000.0,0.235,1864223000.0,185843000.0,14653563000.0,14282537750.0,25118000.0,1681149000.0,0.0,1681149000.0,11854175000.0,556719000.0,11297456000.0,8413494539.0,35036000.0,-29943000.0,-88667000.0,-99024000.0,-131402000.0,-319093000.0,-278511000.0,0.0,628755000.0,3885000.0,369596000.0,369596000.0,369596000.0,0.0,175000.0,0.114,93668000.0,666912000.0,478545000.0,0.355,4.614,22.764,22.675,3939035000.0,0.0,46.03,2.604,2.597,4871233000.0,601903000.0,3230785000.0,3230785000.0,0.0,0.028,0.21,0.046,0.201,15029000.0,126886000.0,1.0,182782849.0,182246000.0,185523000.0,17.728,11813207000.0,0.0,94661000.0,8353000.0,64.82,-183166000.0
2,SCI,MRY,2018-12-31,2018-12-31,2018-12-31,2021-09-09,13395000.0,12693243000.0,12763130500.0,331232000.0,12362011000.0,0.25,8.999,-250070000.0,198850000.0,198850000.0,2429852000.0,447558000.0,0.596,6.731,3602078000.0,69896000.0,3532182000.0,3602078000.0,1418814000.0,179845000.0,0.0,0.017,0.68,622938000.0,802783000.0,0.252,802783000.0,622938000.0,441382000.0,2.45,2.39,2.45,1641903000.0,1529690500.0,1641903000.0,10737925021.0,17.0,13.376,365760000.0,2.005,1.0,760322000.0,0.238,1863842000.0,181556000.0,13677029000.0,13718886500.0,24950000.0,1477798000.0,0.0,1477798000.0,11051428000.0,555600000.0,10495828000.0,7285106021.0,-133017000.0,-157515000.0,-253094000.0,47762000.0,-123849000.0,-329181000.0,-414621000.0,2900000.0,615830000.0,-5045000.0,447208000.0,447208000.0,447208000.0,0.0,350000.0,0.14,126903000.0,633419000.0,479768000.0,0.278,4.437,16.29,16.433,3814828000.0,0.0,40.26,2.284,2.302,4345217000.0,474327000.0,3190174000.0,3190174000.0,0.0,0.035,0.292,0.045,0.195,15626000.0,145596000.0,1.0,180951466.0,182447000.0,186972000.0,17.485,10829401000.0,0.0,-5826000.0,5936000.0,59.356,-224368000.0
3,SCI,MRY,2017-12-31,2017-12-31,2017-12-31,2021-09-09,41943000.0,12864503000.0,12534287750.0,481296000.0,12383207000.0,0.247,7.512,-214326000.0,330039000.0,330039000.0,2372252000.0,546847000.0,0.581,8.128,3472653000.0,337337000.0,3135316000.0,3472653000.0,1789776000.0,180791000.0,0.0,0.016,0.58,569199000.0,749990000.0,0.242,749990000.0,569199000.0,400074000.0,2.91,2.84,2.91,1409390000.0,1258483500.0,1409390000.0,10097561118.0,18.0,13.464,289046000.0,1.541,1.0,722779000.0,0.234,1805981000.0,169125000.0,13372157000.0,13199449250.0,25378000.0,1532167000.0,0.0,1532167000.0,11455066000.0,828979000.0,10626087000.0,6996387118.0,129095000.0,-23790000.0,-166026000.0,142929000.0,-108750000.0,-136427000.0,-242884000.0,0.0,503372000.0,5034000.0,546663000.0,546663000.0,546663000.0,0.0,184000.0,0.177,153122000.0,569657000.0,489172000.0,0.199,4.964,12.798,12.825,3665033000.0,0.0,37.32,2.261,2.262,4869146000.0,210364000.0,3095031000.0,3095031000.0,0.0,0.044,0.434,0.043,0.184,14788000.0,158651000.0,1.0,187470180.0,187630000.0,192246000.0,16.495,11058522000.0,0.0,-146589000.0,2470000.0,58.938,-347683000.0
4,SCI,MRY,2016-12-31,2016-12-31,2016-12-31,2021-09-09,16492000.0,12038149000.0,11930312000.0,354396000.0,11683753000.0,0.254,5.659,-193446000.0,194986000.0,194986000.0,2354287000.0,177305000.0,0.659,10.014,3286590000.0,89974000.0,3196616000.0,3286590000.0,1731417000.0,178189000.0,0.0,0.018,0.51,488484000.0,666673000.0,0.22,666673000.0,488484000.0,326391000.0,0.92,0.9,0.92,1092713000.0,1132067750.0,1092713000.0,8503542963.0,17.0,12.755,295589000.0,1.531,1.0,676850000.0,0.223,1799081000.0,162093000.0,12792802000.0,12639969500.0,26431000.0,1407465000.0,0.0,1407465000.0,10942902000.0,537870000.0,10405032000.0,5409888963.0,60413000.0,-21046000.0,-210266000.0,88506000.0,-98418000.0,-209454000.0,-221025000.0,0.0,489035000.0,1857000.0,177038000.0,177038000.0,177038000.0,0.0,267000.0,0.058,165596000.0,511254000.0,439936000.0,0.554,4.951,30.558,30.87,3604522000.0,0.0,28.4,1.785,1.809,4403620000.0,-103387000.0,3031137000.0,3031137000.0,0.0,0.015,0.156,0.039,0.161,1371000.0,136708000.0,1.0,190489048.0,193086000.0,196042000.0,15.698,10239068000.0,0.0,149353000.0,7960000.0,53.029,-183474000.0
5,SCI,MRY,2015-12-31,2015-12-31,2015-12-31,2021-09-09,6164000.0,11676397000.0,11803182500.0,300051000.0,11376346000.0,0.253,5.913,-150986000.0,134599000.0,134599000.0,2311452000.0,234934000.0,0.587,8.852,3124428000.0,86823000.0,3037605000.0,3124428000.0,4651284000.0,172915000.0,0.0,0.017,0.44,541696000.0,714611000.0,0.239,714611000.0,541696000.0,368799000.0,1.17,1.14,1.17,1184692000.0,1254991250.0,1184692000.0,8112590020.0,15.0,11.352,321200000.0,1.603,1.0,674589000.0,0.226,1796340000.0,172897000.0,12358874000.0,12327307750.0,27835000.0,1319427000.0,0.0,1319427000.0,10486996000.0,511012000.0,9975984000.0,5113081020.0,-42736000.0,-24486000.0,-313452000.0,46496000.0,-87570000.0,-338478000.0,-166419000.0,8066000.0,472186000.0,-10025000.0,233772000.0,233772000.0,233772000.0,390000.0,1162000.0,0.078,124291000.0,550298000.0,422816000.0,0.376,4.316,21.872,22.239,3599737000.0,0.0,26.02,1.712,1.746,4168926000.0,-109351000.0,2986041000.0,2986041000.0,0.0,0.02,0.186,0.044,0.181,-4280000.0,130813000.0,1.0,196505804.0,200356000.0,204450000.0,14.904,9880057000.0,0.0,135027000.0,1373000.0,49.313,-210961000.0
6,SCI,MRY,2014-12-31,2014-12-31,2014-12-31,2021-09-09,59414000.0,11923644000.0,12504166000.0,396856000.0,11526788000.0,0.239,6.495,-144499000.0,177335000.0,177335000.0,2318326000.0,178806000.0,0.719,7.705,3054725000.0,90931000.0,2963794000.0,3054725000.0,4751429000.0,176642000.0,0.0,0.015,0.34,576020000.0,752662000.0,0.251,752662000.0,576020000.0,398449000.0,0.82,0.81,0.82,1368726000.0,1394859000.0,1368726000.0,7515018945.0,13.0,9.985,172856000.0,0.82,1.0,675685000.0,0.226,1810853000.0,177571000.0,12438173000.0,12979428500.0,29697000.0,1341376000.0,0.0,1341376000.0,10546266000.0,552008000.0,9994258000.0,4713511945.0,35751000.0,409047000.0,-210498000.0,-271075000.0,-71517000.0,-537967000.0,257286000.0,-12225000.0,317355000.0,-2284000.0,172469000.0,172469000.0,172469000.0,-2186000.0,6337000.0,0.058,68136000.0,607549000.0,453042000.0,0.415,3.444,27.33,27.683,3600619000.0,0.0,22.7,1.574,1.598,4258742000.0,-81859000.0,2994011000.0,2994011000.0,0.0,0.014,0.124,0.044,0.192,-16996000.0,184749000.0,1.0,207643698.0,210741000.0,214200000.0,14.207,10112791000.0,0.0,225980000.0,8035000.0,47.987,-155152000.0
7,SCI,MRY,2013-12-31,2013-12-31,2013-12-31,2021-09-09,88441000.0,12833600000.0,10740016000.0,379096000.0,12454504000.0,0.237,6.941,-112939000.0,141584000.0,141584000.0,2001419000.0,152588000.0,0.563,7.723,3301910000.0,176362000.0,3125548000.0,3301910000.0,4816686000.0,144094000.0,0.0,0.015,0.27,382716000.0,526810000.0,0.207,526810000.0,382716000.0,240356000.0,0.7,0.68,0.7,1470080000.0,1421566250.0,1470080000.0,5534452070.0,14.0,10.506,271770000.0,1.283,1.0,549047000.0,0.215,1825721000.0,142360000.0,13494623000.0,10856728250.0,32741000.0,1342591000.0,0.0,1342591000.0,11353372000.0,673582000.0,10679790000.0,3842842070.0,52815000.0,-1043903000.0,4601000.0,902446000.0,-57229000.0,825115000.0,-1156793000.0,341000.0,384709000.0,-1001000.0,147332000.0,147332000.0,147332000.0,-406000.0,5256000.0,0.058,161391000.0,387656000.0,482839000.0,0.386,2.614,26.083,25.9,3664783000.0,0.0,18.13,1.507,1.506,4264015000.0,-90026000.0,2550466000.0,2550466000.0,0.0,0.014,0.104,0.035,0.15,11925000.0,155128000.0,1.0,211960401.0,211811000.0,216014000.0,12.041,11007879000.0,30282000.0,93024000.0,392432000.0,51.97,-294486000.0
8,SCI,MRY,2012-12-31,2012-12-31,2012-12-31,2021-09-09,111717000.0,9683568000.0,9554557750.0,282495000.0,9401073000.0,0.252,6.226,-115322000.0,92708000.0,92708000.0,1881658000.0,155434000.0,0.685,6.196,1948050000.0,31429000.0,1916621000.0,1948050000.0,4022116000.0,143715000.0,0.0,0.02,0.28,379024000.0,522739000.0,0.217,522739000.0,379024000.0,243956000.0,0.71,0.7,0.71,1343027000.0,1359546000.0,1343027000.0,4700060499.0,12.0,8.991,253924000.0,1.177,1.0,522772000.0,0.217,1382410000.0,135068000.0,9744396000.0,9591509250.0,24560000.0,1099580000.0,0.0,1099580000.0,8320741000.0,412104000.0,7908637000.0,2937484499.0,-34884000.0,-55468000.0,-168377000.0,699000.0,-60296000.0,-231512000.0,-174954000.0,-3815000.0,369246000.0,1287000.0,153845000.0,153845000.0,153845000.0,-262000.0,1589000.0,0.064,123402000.0,399370000.0,373783000.0,0.394,2.187,19.094,19.451,3131049000.0,0.0,13.81,1.222,1.239,3464584000.0,-286795000.0,2404430000.0,2404430000.0,0.0,0.016,0.113,0.04,0.158,10983000.0,121891000.0,1.0,212707060.0,215712000.0,219066000.0,11.146,8301158000.0,42864000.0,90111000.0,478090000.0,38.483,-129609000.0
9,SCI,MRY,2011-12-31,2011-12-31,2011-12-31,2021-09-09,105852000.0,9327812000.0,9333108750.0,328093000.0,8999719000.0,0.248,5.943,-118375000.0,128569000.0,128569000.0,1839538000.0,146232000.0,0.851,5.686,1884670000.0,23554000.0,1861116000.0,1884670000.0,3833205000.0,143638000.0,0.0,0.018,0.19,358089000.0,501727000.0,0.217,501727000.0,358089000.0,224307000.0,0.62,0.61,0.62,1392094000.0,1443061500.0,1392094000.0,4188729928.0,12.0,8.349,269737000.0,1.152,1.0,476502000.0,0.206,1361493000.0,133782000.0,9336812000.0,9330093250.0,25513000.0,1016506000.0,0.0,1016506000.0,7915617000.0,385608000.0,7530009000.0,2428182928.0,-42277000.0,-75041000.0,-189075000.0,-4796000.0,-44795000.0,-238666000.0,-190257000.0,0.0,388112000.0,-1466000.0,144903000.0,144903000.0,144903000.0,0.0,1329000.0,0.063,101826000.0,374676000.0,358904000.0,0.306,1.744,16.757,17.177,3116064000.0,0.0,10.65,1.048,1.077,3178697000.0,-367044000.0,2316040000.0,2316040000.0,0.0,0.016,0.1,0.038,0.155,9144000.0,101826000.0,1.0,227998397.0,234242000.0,236669000.0,9.887,7966319000.0,44316000.0,79404000.0,3150000.0,34.009,-57515000.0
10,SCI,MRY,2010-12-31,2010-12-31,2010-12-31,2021-09-09,112768000.0,9190540000.0,9003400250.0,374520000.0,8816020000.0,0.243,5.945,-97899000.0,170846000.0,170846000.0,1741329000.0,127001000.0,1.022,5.212,1854882000.0,22502000.0,1832380000.0,1854882000.0,3801790000.0,141588000.0,0.0,0.019,0.16,347071000.0,488659000.0,0.223,488659000.0,347071000.0,218875000.0,0.51,0.5,0.51,1479456000.0,1488379000.0,1479456000.0,3701567384.0,11.0,7.575,256480000.0,1.031,1.0,449223000.0,0.205,1307484000.0,128196000.0,9200465000.0,9050947500.0,27372000.0,987019000.0,0.0,987019000.0,7710592000.0,366627000.0,7343965000.0,2016519384.0,-8899000.0,-208248000.0,-115119000.0,66934000.0,-40001000.0,-88186000.0,-279710000.0,0.0,354379000.0,4618000.0,126417000.0,126417000.0,126417000.0,0.0,584000.0,0.058,95177000.0,354046000.0,342651000.0,0.314,1.363,15.951,16.176,3136485000.0,0.0,8.25,0.921,0.937,3095635000.0,-477459000.0,2190552000.0,2190552000.0,0.0,0.014,0.085,0.038,0.158,8878000.0,103689000.0,1.0,244426592.0,248871000.0,250602000.0,8.802,7883056000.0,41371000.0,92458000.0,1474000.0,31.675,7893000.0
11,SCI,MRY,2009-12-31,2009-12-31,2009-12-31,2021-09-09,97142000.0,8890942000.0,8458082750.0,377422000.0,8513520000.0,0.243,5.891,-83790000.0,179745000.0,179745000.0,1632125000.0,123093000.0,1.028,4.996,1890489000.0,49957000.0,1840532000.0,1890489000.0,3615912000.0,132800000.0,0.0,0.02,0.16,328354000.0,461154000.0,0.225,461154000.0,328354000.0,199373000.0,0.49,0.49,0.49,1482776000.0,1394236750.0,1482776000.0,3585305200.0,11.0,7.775,288280000.0,1.145,1.0,421395000.0,0.205,1201332000.0,128981000.0,9033383000.0,8540970500.0,31117000.0,889689000.0,0.0,889689000.0,7408154000.0,366971000.0,7041183000.0,2075222200.0,51348000.0,-52236000.0,17407000.0,-155642000.0,-40195000.0,-178430000.0,-152485000.0,-16459000.0,372070000.0,10193000.0,123098000.0,123098000.0,123098000.0,0.0,-5000.0,0.06,97508000.0,323887000.0,314277000.0,0.327,1.4,16.858,16.714,3080139000.0,0.0,8.19,1.011,1.004,2831259000.0,-603876000.0,2053520000.0,2053520000.0,0.0,0.015,0.088,0.038,0.16,9684000.0,102501000.0,1.0,253384884.0,251709000.0,252484000.0,8.158,7689610000.0,51534000.0,76275000.0,2236000.0,30.55,10451000.0
12,SCI,MRY,2008-12-31,2008-12-31,2008-12-31,2021-09-09,36649000.0,8110883000.0,8605903750.0,355510000.0,7755373000.0,0.25,5.01,-154101000.0,128397000.0,128397000.0,1735447000.0,97216000.0,1.088,5.272,1848508000.0,27104000.0,1821404000.0,1848508000.0,3176980000.0,137793000.0,0.0,0.032,0.16,297074000.0,434867000.0,0.202,434867000.0,297074000.0,162800000.0,0.38,0.37,0.38,1293179000.0,1416827500.0,1293179000.0,2990551653.0,10.0,6.877,196213000.0,0.76,1.0,420175000.0,0.195,1178969000.0,134274000.0,8325243000.0,8771516000.0,31603000.0,744758000.0,0.0,744758000.0,6817704000.0,326782000.0,6490922000.0,1270345653.0,-40197000.0,23715000.0,-127343000.0,-61799000.0,-41501000.0,-230643000.0,-151269000.0,-21741000.0,350314000.0,-8599000.0,97083000.0,97083000.0,97083000.0,362000.0,133000.0,0.045,127503000.0,292672000.0,294859000.0,0.421,0.982,13.085,13.079,3026856000.0,0.0,4.97,0.589,0.595,2350789000.0,-726756000.0,2155622000.0,2155622000.0,0.0,0.011,0.069,0.034,0.138,9970000.0,88851000.0,1.0,255602747.0,258106000.0,260983000.0,8.352,6931914000.0,79571000.0,65717000.0,4354000.0,26.857,28728000.0
13,SCI,MRY,2007-12-31,2007-12-31,2007-12-31,2021-09-09,152590000.0,8932244000.0,9457921250.0,421327000.0,8510917000.0,0.242,5.223,-157011000.0,168594000.0,168594000.0,1818456000.0,247729000.0,0.988,4.986,1856700000.0,36594000.0,1820106000.0,1856700000.0,3670832000.0,143232000.0,0.0,0.009,0.12,538253000.0,681485000.0,0.298,681485000.0,538253000.0,391399000.0,0.87,0.85,0.87,1492083000.0,1582276500.0,1492083000.0,5563902073.0,10.0,8.164,199171000.0,0.697,1.0,466847000.0,0.204,1198153000.0,146854000.0,8995757000.0,9451477500.0,36203000.0,905744000.0,0.0,905744000.0,7440161000.0,426440000.0,7013721000.0,3915344073.0,128714000.0,402334000.0,-452183000.0,-129074000.0,-34629000.0,-607530000.0,378121000.0,141344000.0,356182000.0,1941000.0,247729000.0,247729000.0,247729000.0,-4412000.0,0.0,0.108,120681000.0,346166000.0,343392000.0,0.138,2.624,15.805,16.149,3021200000.0,0.0,14.05,1.713,1.756,2976253000.0,-797965000.0,2285303000.0,2285303000.0,0.0,0.026,0.157,0.057,0.236,-1682000.0,135753000.0,1.0,278672176.0,285699000.0,290936000.0,7.999,7734091000.0,73182000.0,143670000.0,186928000.0,27.071,-5113000.0
14,SCI,MRY,2006-12-31,2006-12-31,2006-12-31,2021-09-09,72298000.0,9729389000.0,8184558500.0,238337000.0,9491052000.0,0.214,5.446,-97527000.0,39880000.0,39880000.0,1404924000.0,56511000.0,0.584,5.101,1958872000.0,46176000.0,1912696000.0,1958872000.0,1291985000.0,97484000.0,0.0,0.012,0.12,224755000.0,322239000.0,0.184,322239000.0,224755000.0,101356000.0,0.19,0.19,0.19,1594775000.0,1603601000.0,1594775000.0,3659929577.0,16.0,11.358,226692000.0,0.774,1.0,347964000.0,0.199,1264272000.0,123399000.0,9976162000.0,7773101500.0,39535000.0,893931000.0,0.0,893931000.0,8134614000.0,407947000.0,7726667000.0,3000720577.0,-406902000.0,-1218213000.0,-21924000.0,616822000.0,-29431000.0,565213000.0,-1297502000.0,8639000.0,324219000.0,1168000.0,56511000.0,56511000.0,56511000.0,-3907000.0,0.0,0.032,151286000.0,196678000.0,341173000.0,0.632,1.882,53.1,53.947,3136601000.0,0.0,10.25,1.712,1.712,3146454000.0,-906394000.0,1752888000.0,1752888000.0,0.0,0.007,0.035,0.029,0.128,7035000.0,92603000.0,1.0,292753227.0,292859000.0,297371000.0,5.985,8465117000.0,0.0,44845000.0,195169000.0,28.905,-169610000.0
15,SCI,MRY,2005-12-31,2005-12-31,2005-12-31,2021-09-09,70499000.0,7544769000.0,7700890250.0,613310000.0,6931459000.0,0.223,5.233,-98605000.0,446782000.0,446782000.0,1413965000.0,-127941000.0,2.248,3.77,1207201000.0,20716000.0,1186485000.0,1207201000.0,1327869000.0,74866000.0,0.0,0.011,0.09,7828000.0,82694000.0,0.048,82694000.0,7828000.0,-95905000.0,-0.42,-0.42,-0.42,1581555000.0,1600664250.0,1581555000.0,3194602546.0,408.0,38.632,214247000.0,0.709,1.0,303042000.0,0.176,1123888000.0,103733000.0,6908532000.0,7107349250.0,31254000.0,700382000.0,0.0,700382000.0,5963214000.0,272768000.0,5690446000.0,2425876546.0,158997000.0,223518000.0,-217318000.0,-86430000.0,-22637000.0,-326385000.0,171015000.0,46903000.0,312852000.0,1515000.0,-127941000.0,-127941000.0,-127941000.0,-4506000.0,0.0,-0.075,110927000.0,192115000.0,231693000.0,-0.214,1.534,-18.961,-19.476,2342901000.0,0.0,8.18,1.413,1.44,2612454000.0,-962905000.0,1717007000.0,1717007000.0,0.0,-0.017,-0.08,0.001,0.005,2086000.0,84834000.0,1.0,296561925.0,302213000.0,306745000.0,5.681,6420881000.0,0.0,32036000.0,159036000.0,21.246,340542000.0
16,SCI,MRY,2004-12-31,2004-12-31,2004-12-31,2021-09-09,-38349000.0,8227154000.0,8437877250.0,536838000.0,7690316000.0,0.216,5.782,-95619000.0,287785000.0,287785000.0,1497396000.0,110661000.0,1.708,3.464,1278517000.0,78164000.0,1200353000.0,1278517000.0,1343938000.0,133431000.0,0.0,0.0,0.0,221851000.0,355282000.0,0.195,355282000.0,221851000.0,102558000.0,0.35,0.34,0.35,1842947000.0,1802287500.0,1842947000.0,3437698845.0,15.0,9.676,-1463000.0,-0.005,1.0,328347000.0,0.18,1169040000.0,119293000.0,7734486000.0,7802438000.0,81526000.0,729048000.0,0.0,729048000.0,6384207000.0,314360000.0,6069847000.0,2461027845.0,48354000.0,337190000.0,-99653000.0,-236333000.0,0.0,-335986000.0,289524000.0,51378000.0,94156000.0,660000.0,110661000.0,110661000.0,110661000.0,-43833000.0,0.0,0.061,105087000.0,223260000.0,221235000.0,0.0,1.335,22.239,21.286,2488460000.0,0.0,7.45,1.348,1.301,2770184000.0,-834964000.0,1825743000.0,1825743000.0,0.0,0.013,0.061,0.028,0.122,889000.0,130884000.0,1.0,330339308.0,318737000.0,344675000.0,5.728,7058114000.0,0.0,-8103000.0,282313000.0,22.144,222478000.0
17,SCI,MRY,2003-12-31,2003-12-31,2003-12-31,2021-09-09,-111712000.0,7562903000.0,9966281000.0,673277000.0,6889626000.0,0.232,5.075,-115471000.0,239431000.0,239431000.0,1956967000.0,85074000.0,1.001,3.97,1701871000.0,182682000.0,1519189000.0,1701871000.0,3015405000.0,161443000.0,0.0,0.0,0.0,251440000.0,412883000.0,0.178,412883000.0,251440000.0,111476000.0,0.28,0.28,0.28,1521620000.0,1434914250.0,1521620000.0,3177489190.0,13.0,7.696,258788000.0,0.863,1.0,356210000.0,0.154,1195422000.0,139964000.0,7156982000.0,9805783250.0,136760000.0,0.0,0.0,0.0,6041283000.0,672939000.0,5368344000.0,1624311190.0,38806000.0,150517000.0,1097000.0,-291480000.0,0.0,-300300000.0,-37422000.0,-71939000.0,374259000.0,2269000.0,85074000.0,85074000.0,85074000.0,-15809000.0,0.0,0.037,136454000.0,219756000.0,453081000.0,0.0,1.067,19.093,19.25,2800503000.0,0.0,5.39,0.702,0.699,2378163000.0,-943372000.0,2313177000.0,2313177000.0,0.0,0.009,0.059,0.026,0.109,0.0,178127000.0,1.0,301356436.0,299801000.0,300790000.0,7.716,6367481000.0,0.0,26402000.0,444784000.0,21.239,338000.0
18,SCI,MRY,2002-12-31,2002-12-31,2002-12-31,2021-09-09,-207146000.0,7798246000.0,10021751750.0,614277000.0,7183969000.0,0.231,4.504,-99875000.0,200625000.0,200625000.0,1950681000.0,-234638000.0,1.341,4.878,1974423000.0,100330000.0,1874093000.0,1974423000.0,3341434000.0,179551000.0,0.0,0.0,0.0,-115657000.0,63894000.0,0.028,63894000.0,-115657000.0,-273630000.0,-0.8,-0.8,-0.8,1326655000.0,1320518500.0,1326655000.0,2845393481.0,-25.0,44.533,252297000.0,0.857,1.0,360199000.0,0.156,1184178000.0,157973000.0,7929874000.0,10159300250.0,136666000.0,0.0,0.0,0.0,6471591000.0,457992000.0,6013599000.0,983785481.0,171333000.0,368086000.0,0.0,-446859000.0,0.0,-505482000.0,326925000.0,58883000.0,352172000.0,-2282000.0,-234638000.0,-234638000.0,-234638000.0,14768000.0,0.0,-0.102,347814000.0,12385000.0,356437000.0,0.0,0.742,-4.193,-4.15,2783466000.0,0.0,3.32,0.426,0.423,2647913000.0,-1023145000.0,2310880000.0,2310880000.0,0.0,-0.023,-0.178,-0.011,-0.05,0.0,89752000.0,1.0,296320928.0,294533000.0,294533000.0,7.846,6614068000.0,0.0,-38992000.0,436373000.0,22.456,156285000.0
19,SCI,MRY,2001-12-31,2001-12-31,2001-12-31,2021-09-09,-291199000.0,11579937000.0,12113960500.0,829953000.0,10749984000.0,0.205,5.025,-74931000.0,29292000.0,29292000.0,2166220000.0,-623440000.0,1.168,7.082,2534613000.0,220640000.0,2313973000.0,2534613000.0,6352157000.0,236344000.0,0.0,0.0,0.0,-367250000.0,-130906000.0,-0.053,-130906000.0,-367250000.0,-578107000.0,-2.19,-2.19,-2.19,1432861000.0,1876359500.0,1432861000.0,3934972490.0,-11.0,-30.06,308404000.0,1.082,1.0,322785000.0,0.13,1409309000.0,210857000.0,11965347000.0,12153705000.0,168975000.0,0.0,0.0,0.0,10147076000.0,710602000.0,9436474000.0,1455540490.0,-18617000.0,412342000.0,0.0,-727469000.0,0.0,-727438000.0,325410000.0,-12874000.0,383335000.0,76000.0,-623440000.0,-623440000.0,-623440000.0,151889000.0,0.0,-0.25,553706000.0,-230921000.0,484150000.0,0.0,1.016,-2.335,-2.279,3282183000.0,0.0,4.99,0.585,0.572,1635971000.0,-814149000.0,2489005000.0,2489005000.0,0.0,-0.051,-0.332,-0.03,-0.148,0.0,70309000.0,1.0,291691481.0,285127000.0,285127000.0,8.729,10170628000.0,0.0,45333000.0,552559000.0,35.671,119351000.0
20,SCI,MRY,2000-12-31,2000-12-31,2000-12-31,2021-09-09,-237157000.0,12875274000.0,13345561500.0,907299000.0,11967975000.0,0.192,7.259,-83370000.0,47909000.0,47909000.0,2237088000.0,-1343251000.0,1.326,5.516,3268102000.0,176782000.0,3091320000.0,3268102000.0,6352826000.0,224031000.0,0.0,0.0,0.0,-1153158000.0,-929127000.0,-0.362,-929127000.0,-1153158000.0,-1434706000.0,-4.93,-4.93,-4.93,1975821000.0,3109913500.0,1975821000.0,3773726962.0,-3.0,-4.062,284870000.0,1.047,1.0,327642000.0,0.128,2162511000.0,281548000.0,13248676000.0,13624708250.0,170056000.0,0.0,0.0,0.0,10899453000.0,684280000.0,10215173000.0,480999962.0,-3286000.0,370618000.0,0.0,-707961000.0,0.0,-564463000.0,193068000.0,37699000.0,368240000.0,-131000.0,-1343251000.0,-1343251000.0,-1343251000.0,-13347000.0,0.0,-0.524,597708000.0,-270066000.0,501355000.0,0.0,0.243,-0.358,-0.355,3701747000.0,0.0,1.75,0.188,0.186,1779364000.0,-216353000.0,2564730000.0,2564730000.0,0.0,-0.101,-0.432,-0.085,-0.45,0.0,79932000.0,1.0,274857121.0,272172000.0,272172000.0,9.423,10712763000.0,0.0,-91455000.0,509435000.0,39.36,223019000.0
21,SCI,MRY,1999-12-31,1999-12-31,1999-12-31,2021-09-09,-59990000.0,12978230000.0,14338253750.0,1143497000.0,11834733000.0,0.21,12.837,-91285000.0,57814000.0,57814000.0,2423212000.0,-32412000.0,1.099,2.713,4060016000.0,423949000.0,3636067000.0,4060016000.0,3186081000.0,246090000.0,0.0,0.052,0.36,190304000.0,436394000.0,0.145,436394000.0,190304000.0,-47881000.0,-0.12,-0.12,-0.12,3495273000.0,3646333000.0,3495273000.0,5882286397.0,31.0,13.479,302325000.0,1.11,1.0,584746000.0,0.194,2434467000.0,238185000.0,13505185000.0,15031479750.0,190343000.0,0.0,0.0,0.0,9482957000.0,1040780000.0,8442177000.0,1888100397.0,-269989000.0,-102647000.0,-45750000.0,-124227000.0,-96779000.0,-266756000.0,-384742000.0,21459000.0,393610000.0,-12101000.0,-32412000.0,-32412000.0,-32412000.0,-16927000.0,0.0,-0.011,445013000.0,139733000.0,576751000.0,-3.0,0.54,-58.253,-57.833,4062389000.0,0.0,6.94,0.628,0.628,2117494000.0,1126898000.0,3007958000.0,3007958000.0,0.0,-0.002,-0.009,0.013,0.063,0.0,82585000.0,1.0,272060576.0,272281000.0,272281000.0,11.047,10543763000.0,0.0,-15469000.0,904860000.0,38.724,102717000.0
22,SCI,MRY,1998-12-31,1998-12-31,1998-12-31,2021-09-09,15378000.0,13266158000.0,11840888750.0,1209080000.0,12057078000.0,0.228,12.308,-208981000.0,358210000.0,358210000.0,1996108000.0,342142000.0,1.918,3.206,3860657000.0,96067000.0,3764590000.0,3860657000.0,2819794000.0,197330000.0,0.0,0.009,0.35,687600000.0,884930000.0,0.328,884930000.0,687600000.0,510547000.0,1.34,1.31,1.34,3154102000.0,2981294000.0,3154102000.0,13146914868.0,19.0,14.856,84118000.0,0.328,1.0,700209000.0,0.26,1813212000.0,177053000.0,14325068000.0,12685782500.0,189070000.0,1234678000.0,0.0,1234678000.0,10112056000.0,630325000.0,9481731000.0,9814643868.0,311333000.0,-709972000.0,0.0,1129921000.0,-88360000.0,1041561000.0,-1024354000.0,-78807000.0,293099000.0,1027000.0,342142000.0,342142000.0,342142000.0,-10581000.0,0.0,0.127,66839000.0,633370000.0,452354000.0,0.261,3.112,28.686,28.403,3860876000.0,0.0,38.06,3.64,3.617,1973628000.0,1232758000.0,2696317000.0,2696317000.0,0.0,0.029,0.115,0.054,0.255,0.0,66839000.0,1.0,257872934.0,256271000.0,262520000.0,10.521,11452946000.0,0.0,168405000.0,878990000.0,44.691,578755000.0
23,SCI,MRY,1997-12-31,1997-12-31,1997-12-31,2021-09-09,-3519000.0,10514930000.0,9685620000.0,811408000.0,9703522000.0,0.262,11.105,-183624000.0,46877000.0,46877000.0,1848253000.0,333750000.0,1.515,2.857,2699269000.0,64570000.0,2634699000.0,2699269000.0,2805429000.0,157550000.0,0.0,0.008,0.3,675891000.0,833441000.0,0.329,833441000.0,675891000.0,539171000.0,1.36,1.31,1.36,2726004000.0,2554099250.0,2726004000.0,11636308296.0,17.0,13.962,118310000.0,0.482,1.0,687612000.0,0.271,1498116000.0,136720000.0,11133764000.0,10087438500.0,172169000.0,574728000.0,0.0,574728000.0,7788926000.0,535442000.0,7253484000.0,9256457296.0,2746000.0,-433385000.0,0.0,406642000.0,-69888000.0,336754000.0,-633444000.0,7526000.0,301934000.0,-2498000.0,333750000.0,333750000.0,333750000.0,0.0,0.0,0.132,66781000.0,620831000.0,425631000.0,0.221,3.396,27.735,27.022,3280996000.0,0.0,36.75,3.65,3.557,1538602000.0,983353000.0,2535865000.0,2535865000.0,0.0,0.034,0.131,0.067,0.267,0.0,66781000.0,1.0,251876389.0,245470000.0,257781000.0,10.331,9016814000.0,0.0,205421000.0,746462000.0,36.733,275966000.0
24,SCI,MRY,1996-12-31,1996-12-31,1996-12-31,2021-09-09,33233000.0,8869770000.0,8271078500.0,714040000.0,8155730000.0,0.285,9.5,-163031000.0,44131000.0,44131000.0,1750890000.0,265298000.0,1.175,2.968,2162613000.0,113876000.0,2048737000.0,2162613000.0,2725770000.0,129819000.0,0.0,0.008,0.235,552438000.0,682257000.0,0.29,682257000.0,552438000.0,413881000.0,1.13,1.08,1.13,2235317000.0,2105331000.0,2235317000.0,,,,46826000.0,0.199,1.0,604452000.0,0.257,1376634000.0,138557000.0,9004075000.0,8344856500.0,139019000.0,601565000.0,0.0,601565000.0,6634453000.0,607543000.0,6026910000.0,6685222152.0,-13353000.0,-210114000.0,0.0,312178000.0,-55262000.0,256916000.0,-480126000.0,-74558000.0,209857000.0,0.0,265298000.0,265298000.0,265298000.0,0.0,0.0,0.113,63215000.0,541237000.0,440797000.0,0.208,2.991,25.199,24.779,2837288000.0,0.0,28.0,2.838,2.797,1303863000.0,728108000.0,2355342000.0,2355342000.0,0.0,0.032,0.126,0.066,0.235,0.0,63215000.0,1.0,238757934.0,235299000.0,252870000.0,10.01,7493136000.0,0.0,148583000.0,580330000.0,31.845,106497000.0
25,SCI,MRY,1995-12-31,1995-12-31,1995-12-31,2021-09-09,7533000.0,7672387000.0,,659601000.0,7012786000.0,,9.896,-112576000.0,57484000.0,57484000.0,1186905000.0,183588000.0,1.078,2.884,1834701000.0,122237000.0,1712464000.0,1834701000.0,2362053000.0,92541000.0,0.0,0.01,0.22,412359000.0,504900000.0,0.306,504900000.0,412359000.0,294211000.0,0.92,0.86,0.92,1975345000.0,,1975345000.0,,,,58922000.0,0.295,1.0,465221000.0,0.282,1152215000.0,118148000.0,7685638000.0,,120805000.0,557335000.0,0.0,557335000.0,5697042000.0,611751000.0,5085291000.0,,-160857000.0,-707499000.0,331063000.0,305393000.0,-43676000.0,592780000.0,-925135000.0,-52321000.0,171498000.0,0.0,183588000.0,183588000.0,183588000.0,0.0,0.0,0.111,53600000.0,411621000.0,420940000.0,0.239,,,23.913,2436278000.0,0.0,22.0,,2.658,1211832000.0,518562000.0,1652126000.0,1652126000.0,0.0,,,,0.25,0.0,53600000.0,1.0,,199603000.0,229967000.0,8.277,6520172000.0,0.0,110623000.0,506414000.0,32.666,47850000.0
26,SCI,MRY,1994-12-31,1994-12-31,1994-12-31,2021-09-09,,,,,,,,-67796000.0,,,775980000.0,131045000.0,,,,,,,,68993000.0,,0.016,0.22,299144000.0,368137000.0,0.33,368137000.0,299144000.0,219021000.0,0.75,0.72,0.75,,,,,,,45118000.0,,1.0,341195000.0,0.305,,80123000.0,,,,,,,,,,,197519000.0,-683389000.0,189726000.0,465089000.0,-36013000.0,791302000.0,-706697000.0,0.0,112914000.0,0.0,131045000.0,131045000.0,131045000.0,0.0,0.0,0.117,51700000.0,289495000.0,,0.293,,,18.5,,0.0,13.875,,,,,1117175000.0,1117175000.0,0.0,,,,0.268,0.0,51700000.0,1.0,,,,,,,87976000.0,,,
0,SCI,MRQ,2021-06-30,2021-06-30,2021-06-30,2021-09-09,51305000.0,15344449000.0,,586574000.0,14757875000.0,,11.387,-60887000.0,436796000.0,436796000.0,718822000.0,157789000.0,0.848,7.0,3838908000.0,66460000.0,3772448000.0,3838908000.0,1520245000.0,44786000.0,0.0,0.015,0.21,241182000.0,285968000.0,0.29,285968000.0,241182000.0,203747000.0,0.94,0.92,0.94,1918138000.0,,1918138000.0,12423134125.0,12.0,9.898,131271000.0,0.779,1.0,268713000.0,0.272,1884806000.0,37435000.0,16170263000.0,,25036000.0,1966279000.0,0.0,1966279000.0,13426338000.0,691492000.0,12734846000.0,9010696125.0,197053000.0,866000.0,-67076000.0,168961000.0,-35352000.0,66533000.0,-63537000.0,0.0,192158000.0,1899000.0,157705000.0,157705000.0,157705000.0,0.0,84000.0,0.16,22221000.0,246492000.0,594778000.0,0.223,4.698,12.602,12.882,4012932000.0,0.0,53.59,2.279,2.283,5875623000.0,714073000.0,987535000.0,987535000.0,0.0,,,,,3596000.0,29038000.0,1.0,168141372.0,168450000.0,170863000.0,5.862,13459643000.0,0.0,46042000.0,30254000.0,79.903,-104918000.0
1,SCI,MRQ,2021-03-31,2021-03-31,2021-03-31,2021-09-09,44371000.0,14788260000.0,,387485000.0,14400775000.0,,10.892,-42274000.0,243726000.0,243726000.0,700474000.0,228955000.0,0.46,6.991,3656164000.0,217062000.0,3439102000.0,3656164000.0,1501574000.0,44893000.0,0.0,0.016,0.21,342305000.0,387198000.0,0.359,387198000.0,342305000.0,306493000.0,1.35,1.33,1.35,1850711000.0,,1850711000.0,12160896507.0,12.0,10.165,255332000.0,1.503,1.0,377507000.0,0.35,1882513000.0,35812000.0,15476403000.0,,25945000.0,1881728000.0,0.0,1881728000.0,12937600000.0,841782000.0,12095818000.0,8649219507.0,10975000.0,-2723000.0,-103853000.0,-103607000.0,-35568000.0,-243028000.0,-45015000.0,0.0,297606000.0,1412000.0,228879000.0,228879000.0,228879000.0,0.0,76000.0,0.212,35126000.0,342381000.0,550072000.0,0.156,4.673,13.049,13.399,4002087000.0,0.0,51.05,2.284,2.291,5638711000.0,662271000.0,1077981000.0,1077981000.0,0.0,,,,,3500000.0,36733000.0,1.0,169426435.0,169918000.0,172367000.0,6.344,12905747000.0,0.0,77614000.0,74648000.0,75.953,-454297000.0
2,SCI,MRQ,2020-12-31,2020-12-31,2020-12-31,2021-09-09,39366000.0,14515425000.0,,376152000.0,14139273000.0,,10.183,-66614000.0,230857000.0,230857000.0,654908000.0,201091000.0,0.461,7.282,3742534000.0,228352000.0,3514182000.0,3742534000.0,1488909000.0,44234000.0,0.0,0.016,0.21,285631000.0,329865000.0,0.34,329865000.0,285631000.0,249407000.0,1.15,1.14,1.15,1752748000.0,,1752748000.0,11941776184.0,14.0,11.91,178300000.0,1.036,1.0,315360000.0,0.325,1880007000.0,36224000.0,15331161000.0,,23929000.0,1820489000.0,0.0,1820489000.0,12762804000.0,815934000.0,11946870000.0,8481712184.0,15501000.0,-26038000.0,-178075000.0,72433000.0,-35920000.0,-141562000.0,-92968000.0,0.0,244914000.0,5117000.0,201043000.0,201043000.0,201043000.0,0.0,48000.0,0.207,29681000.0,285679000.0,575948000.0,0.183,4.839,16.44,16.815,4013004000.0,0.0,49.1,2.415,2.471,5438659000.0,560731000.0,970268000.0,970268000.0,0.0,,,,,3532000.0,31098000.0,1.0,172743629.0,172122000.0,174571000.0,5.637,12635418000.0,0.0,48364000.0,11634000.0,73.41,-439782000.0
3,SCI,MRQ,2020-09-30,2020-09-30,2020-09-30,2021-09-09,20270000.0,13787140000.0,,366058000.0,13421082000.0,,9.905,-50769000.0,220304000.0,220304000.0,654585000.0,127492000.0,0.588,6.91,3680368000.0,95862000.0,3584506000.0,3680368000.0,1501167000.0,46623000.0,0.0,0.018,0.19,205487000.0,252110000.0,0.275,252110000.0,205487000.0,164766000.0,0.72,0.72,0.72,1743072000.0,,1743072000.0,10871660011.0,14.0,11.36,144366000.0,0.82,1.0,263656000.0,0.287,1867885000.0,40721000.0,14757185000.0,,25830000.0,1671052000.0,0.0,1671052000.0,12044004000.0,622134000.0,11421870000.0,7432918011.0,-27486000.0,-21388000.0,-116682000.0,-1501000.0,-33339000.0,-151522000.0,-73345000.0,0.0,195135000.0,2246000.0,127415000.0,127415000.0,127415000.0,0.0,77000.0,0.139,39814000.0,223842000.0,524691000.0,0.264,4.264,16.088,16.412,3995926000.0,0.0,42.18,2.191,2.188,4915414000.0,556495000.0,918241000.0,918241000.0,0.0,,,,,3527000.0,40986000.0,1.0,176219014.0,175982000.0,178140000.0,5.218,11919255000.0,0.0,37351000.0,1581000.0,67.73,-256076000.0
4,SCI,MRQ,2020-06-30,2020-06-30,2020-06-30,2021-09-09,12400000.0,13487930000.0,,383636000.0,13104294000.0,,9.861,-52553000.0,222234000.0,222234000.0,601268000.0,105553000.0,0.632,6.689,3660976000.0,87267000.0,3573709000.0,3660976000.0,1494106000.0,43717000.0,0.0,0.019,0.19,183445000.0,227162000.0,0.277,227162000.0,183445000.0,141678000.0,0.59,0.59,0.59,1754281000.0,,1754281000.0,10373391121.0,15.0,11.944,131757000.0,0.741,1.0,218767000.0,0.267,1865401000.0,41767000.0,14454446000.0,,25965000.0,1599599000.0,0.0,1599599000.0,11733602000.0,606825000.0,11126777000.0,6928013121.0,15980000.0,-29762000.0,-87466000.0,31574000.0,-33719000.0,-89611000.0,-82393000.0,0.0,184310000.0,3674000.0,105508000.0,105508000.0,105508000.0,0.0,45000.0,0.129,35266000.0,183501000.0,460718000.0,0.322,3.949,17.09,17.362,3981086000.0,0.0,38.89,2.136,2.133,4699663000.0,561882000.0,820035000.0,820035000.0,0.0,,,,,3638000.0,37169000.0,1.0,178143819.0,177902000.0,179666000.0,4.609,11622529000.0,0.0,36170000.0,58840000.0,65.331,-223189000.0
5,SCI,MRQ,2020-03-31,2020-03-31,2020-03-31,2021-09-09,-1336000.0,12715258000.0,,359468000.0,12355790000.0,,9.682,-52275000.0,176261000.0,176261000.0,623921000.0,82001000.0,0.612,6.261,3621639000.0,85885000.0,3535754000.0,3621639000.0,1478520000.0,43169000.0,0.0,0.019,0.19,150330000.0,193499000.0,0.241,193499000.0,150330000.0,105979000.0,0.45,0.45,0.45,1751093000.0,,1751093000.0,10467303753.0,16.0,12.638,127717000.0,0.706,1.0,179044000.0,0.223,1861454000.0,44351000.0,13711888000.0,,27891000.0,1417652000.0,0.0,1417652000.0,10964165000.0,587294000.0,10376871000.0,7070228753.0,-8005000.0,-17139000.0,-107976000.0,32307000.0,-34414000.0,-110083000.0,-69665000.0,0.0,179992000.0,-8249000.0,81941000.0,81941000.0,81941000.0,0.0,60000.0,0.102,28515000.0,150529000.0,474994000.0,0.422,4.038,18.995,19.078,3937853000.0,0.0,39.11,2.185,2.186,4197089000.0,562549000.0,802965000.0,802965000.0,0.0,,,,,3406000.0,31813000.0,1.0,180778030.0,180854000.0,183585000.0,4.44,10853804000.0,0.0,24038000.0,26415000.0,60.014,-227826000.0
6,SCI,MRQ,2019-12-31,2019-12-31,2019-12-31,2021-09-09,29864000.0,13677430000.0,,373553000.0,13303877000.0,,10.0,-62784000.0,186276000.0,186276000.0,632892000.0,147173000.0,0.671,6.501,3583351000.0,69821000.0,3513530000.0,3583351000.0,1467103000.0,44659000.0,0.0,0.016,0.18,239609000.0,284268000.0,0.334,284268000.0,239609000.0,195151000.0,0.81,0.79,0.81,1823313000.0,,1823313000.0,11755136539.0,18.0,14.219,93774000.0,0.514,1.0,217868000.0,0.256,1864223000.0,44458000.0,14653563000.0,,25118000.0,1681149000.0,0.0,1681149000.0,11854175000.0,556719000.0,11297456000.0,8413494539.0,42327000.0,23549000.0,-76315000.0,32050000.0,-32821000.0,-77086000.0,-38829000.0,0.0,156558000.0,1684000.0,147152000.0,147152000.0,147152000.0,0.0,21000.0,0.173,-21762000.0,239630000.0,478545000.0,0.222,4.614,22.764,22.675,3939035000.0,0.0,46.03,2.604,2.597,4871233000.0,601903000.0,850760000.0,850760000.0,0.0,,,,,3466000.0,25022000.0,1.0,182782849.0,182330000.0,185187000.0,4.666,11813207000.0,0.0,47999000.0,8353000.0,64.79,-183166000.0
7,SCI,MRQ,2019-09-30,2019-09-30,2019-09-30,2021-09-09,23527000.0,13316321000.0,,352179000.0,12964142000.0,,9.726,-64459000.0,194654000.0,194654000.0,609509000.0,70872000.0,0.625,6.5,3536296000.0,69527000.0,3466769000.0,3536296000.0,1450002000.0,44093000.0,0.0,0.015,0.18,119467000.0,163560000.0,0.213,163560000.0,119467000.0,72789000.0,0.39,0.38,0.39,1775493000.0,,1775493000.0,12106970987.0,21.0,15.982,144845000.0,0.793,1.0,159732000.0,0.208,1844884000.0,46678000.0,14249662000.0,,26645000.0,1615779000.0,0.0,1615779000.0,11540801000.0,563417000.0,10977384000.0,8718668987.0,-50852000.0,-32117000.0,-5879000.0,-123468000.0,-32890000.0,-162237000.0,-97007000.0,0.0,209304000.0,-912000.0,70792000.0,70792000.0,70792000.0,0.0,80000.0,0.092,31127000.0,128605000.0,493890000.0,0.462,4.911,20.984,20.878,3909869000.0,0.0,47.81,2.724,2.727,4642667000.0,553610000.0,769241000.0,769241000.0,0.0,,,,,3550000.0,29668000.0,1.0,182360782.0,182551000.0,185843000.0,4.214,11471437000.0,31927000.0,1997000.0,0.0,62.84,-211238000.0
8,SCI,MRQ,2019-06-30,2019-06-30,2019-06-30,2021-09-09,27792000.0,13360343000.0,,394217000.0,12966126000.0,,9.564,-61141000.0,243684000.0,243684000.0,621426000.0,72513000.0,0.642,6.66,3631986000.0,167084000.0,3464902000.0,3631986000.0,1444564000.0,43705000.0,0.0,0.015,0.18,143216000.0,186921000.0,0.23,186921000.0,143216000.0,95899000.0,0.4,0.39,0.4,1744228000.0,,1744228000.0,11849351028.0,20.0,15.343,16856000.0,0.092,1.0,191146000.0,0.235,1846627000.0,47317000.0,14287546000.0,,25669000.0,1624709000.0,0.0,1624709000.0,11616127000.0,614472000.0,11001655000.0,8525295028.0,90751000.0,-9899000.0,-7893000.0,123680000.0,-32871000.0,82916000.0,-71735000.0,0.0,77997000.0,1573000.0,72329000.0,72329000.0,72329000.0,0.0,184000.0,0.089,40167000.0,150979000.0,447388000.0,0.45,4.888,20.611,20.518,3862162000.0,0.0,46.78,2.656,2.657,4695784000.0,535173000.0,812572000.0,812572000.0,0.0,,,,,3445000.0,29218000.0,1.0,182242305.0,182369000.0,185690000.0,4.456,11513716000.0,0.0,23570000.0,0.0,63.134,-220255000.0
9,SCI,MRQ,2019-03-31,2019-03-31,2019-03-31,2021-09-09,20646000.0,13079061000.0,,290052000.0,12789009000.0,,9.359,-51573000.0,153694000.0,153694000.0,606378000.0,79213000.0,0.48,6.692,3477750000.0,68554000.0,3409196000.0,3477750000.0,1431389000.0,44192000.0,0.0,0.017,0.18,147808000.0,192000000.0,0.241,192000000.0,147808000.0,100418000.0,0.44,0.43,0.44,1700453000.0,,1700453000.0,10682547585.0,17.0,13.44,133323000.0,0.734,1.0,191834000.0,0.24,1859194000.0,47390000.0,13939380000.0,,25219000.0,1573903000.0,0.0,1573903000.0,11378656000.0,604543000.0,10774113000.0,7279319585.0,-47190000.0,-11476000.0,1420000.0,-131286000.0,-32820000.0,-162686000.0,-70940000.0,0.0,184896000.0,1540000.0,79323000.0,79323000.0,79323000.0,0.0,-110000.0,0.099,44136000.0,147698000.0,520187000.0,0.409,4.281,16.375,16.388,3834128000.0,0.0,40.15,2.279,2.284,4580313000.0,508578000.0,798212000.0,798212000.0,0.0,,,,,4568000.0,42978000.0,1.0,181303103.0,181696000.0,185317000.0,4.393,11219867000.0,0.0,21095000.0,15802000.0,61.751,-314491000.0
10,SCI,MRQ,2018-12-31,2018-12-31,2018-12-31,2021-09-09,13395000.0,12693243000.0,,331232000.0,12362011000.0,,9.061,-84127000.0,198850000.0,198850000.0,610551000.0,193236000.0,0.596,6.731,3602078000.0,69896000.0,3532182000.0,3602078000.0,1418814000.0,42179000.0,0.0,0.017,0.17,172864000.0,215043000.0,0.262,215043000.0,172864000.0,125822000.0,1.06,1.03,1.06,1641903000.0,,1641903000.0,10737925021.0,17.0,13.376,79437000.0,0.438,1.0,210263000.0,0.256,1863842000.0,47042000.0,13677029000.0,,24950000.0,1477798000.0,0.0,1477798000.0,11051428000.0,555600000.0,10495828000.0,7285106021.0,41646000.0,211000.0,4151000.0,-23434000.0,-30847000.0,-50130000.0,-67854000.0,0.0,163564000.0,-3934000.0,193046000.0,193046000.0,193046000.0,0.0,190000.0,0.235,37209000.0,173054000.0,479768000.0,0.16,4.437,16.29,16.433,3814828000.0,0.0,40.26,2.284,2.302,4345217000.0,474327000.0,820814000.0,820814000.0,0.0,,,,,3886000.0,38606000.0,1.0,180951466.0,181211000.0,185337000.0,4.53,10829401000.0,0.0,-67224000.0,5936000.0,59.761,-224368000.0
11,SCI,MRQ,2018-09-30,2018-09-30,2018-09-30,2021-09-09,32167000.0,13070234000.0,,300487000.0,12769747000.0,,8.232,-63053000.0,158301000.0,158301000.0,612616000.0,68993000.0,0.542,7.779,3611120000.0,68806000.0,3542314000.0,3611120000.0,1431181000.0,45952000.0,0.0,0.015,0.17,132397000.0,178349000.0,0.229,178349000.0,132397000.0,85978000.0,0.38,0.37,0.38,1488862000.0,,1488862000.0,11396711513.0,18.0,14.05,73837000.0,0.408,1.0,166170000.0,0.213,1854167000.0,46419000.0,14113997000.0,,26061000.0,1596542000.0,0.0,1596542000.0,11581248000.0,554889000.0,11026359000.0,7971879513.0,-5035000.0,-8409000.0,-35681000.0,-2493000.0,-30761000.0,-68935000.0,-74012000.0,0.0,136890000.0,1022000.0,68935000.0,68935000.0,68935000.0,0.0,58000.0,0.089,33715000.0,132455000.0,482357000.0,0.447,5.354,15.897,16.31,3796090000.0,0.0,44.2,2.505,2.512,4652488000.0,313720000.0,778786000.0,778786000.0,0.0,,,,,4196000.0,41070000.0,1.0,180359265.0,180858000.0,185460000.0,4.306,11216067000.0,0.0,17043000.0,3726000.0,62.016,-254402000.0
12,SCI,MRQ,2018-06-30,2018-06-30,2018-06-30,2021-09-09,26217000.0,12860037000.0,,308943000.0,12551094000.0,,8.083,-56649000.0,164460000.0,164460000.0,607965000.0,103281000.0,0.558,7.711,3589292000.0,95623000.0,3493669000.0,3589292000.0,1426757000.0,45630000.0,0.0,0.018,0.17,163792000.0,209422000.0,0.263,209422000.0,163792000.0,119273000.0,0.57,0.55,0.57,1476252000.0,,1476252000.0,9748314036.0,16.0,12.383,47269000.0,0.259,1.0,188127000.0,0.236,1850972000.0,44519000.0,13880014000.0,,26095000.0,1562659000.0,0.0,1562659000.0,11383640000.0,553883000.0,10829757000.0,6561877036.0,-56347000.0,-121835000.0,-107756000.0,172038000.0,-30893000.0,33389000.0,-192666000.0,2900000.0,103918000.0,-988000.0,103239000.0,103239000.0,103239000.0,0.0,42000.0,0.13,24293000.0,163834000.0,443153000.0,0.298,4.445,13.427,13.608,3741856000.0,0.0,35.79,2.093,2.085,4546840000.0,314669000.0,796092000.0,796092000.0,0.0,,,,,3845000.0,31136000.0,1.0,183343868.0,182637000.0,187188000.0,4.359,11009065000.0,0.0,16034000.0,15107000.0,60.278,-244940000.0
13,SCI,MRQ,2018-03-31,2018-03-31,2018-03-31,2021-09-09,32125000.0,12429008000.0,,351005000.0,12078003000.0,,8.166,-46241000.0,219507000.0,219507000.0,598720000.0,82048000.0,0.593,7.222,3405944000.0,89249000.0,3316695000.0,3405944000.0,1337045000.0,46084000.0,0.0,0.016,0.17,153885000.0,199969000.0,0.252,199969000.0,153885000.0,110309000.0,0.44,0.43,0.44,1511745000.0,,1511745000.0,10124845772.0,17.0,13.219,165217000.0,0.892,1.0,195762000.0,0.246,1819134000.0,43576000.0,13204506000.0,,26955000.0,1497220000.0,0.0,1497220000.0,10917159000.0,591805000.0,10325354000.0,6982231772.0,-113281000.0,-27482000.0,-113808000.0,-98349000.0,-31348000.0,-243505000.0,-80089000.0,0.0,211458000.0,-1145000.0,81988000.0,81988000.0,81988000.0,0.0,60000.0,0.103,31686000.0,164076000.0,469159000.0,0.386,4.619,15.381,15.531,3684545000.0,0.0,37.74,2.244,2.245,4276494000.0,333864000.0,794482000.0,794482000.0,0.0,,,,,3699000.0,34784000.0,1.0,185008791.0,185130000.0,189923000.0,4.291,10609874000.0,0.0,28321000.0,33397000.0,57.31,-240800000.0
14,SCI,MRQ,2017-12-31,2017-12-31,2017-12-31,2021-09-09,41943000.0,12864503000.0,,481296000.0,12383207000.0,,7.527,-72849000.0,330039000.0,330039000.0,600487000.0,247395000.0,0.581,8.128,3472653000.0,337337000.0,3135316000.0,3472653000.0,1789776000.0,46227000.0,0.0,0.016,0.15,177209000.0,223436000.0,0.275,223436000.0,177209000.0,133557000.0,1.32,1.28,1.32,1409390000.0,,1409390000.0,10097561118.0,18.0,13.464,41040000.0,0.219,1.0,212246000.0,0.261,1805981000.0,43652000.0,13372157000.0,,25378000.0,1532167000.0,0.0,1532167000.0,11455066000.0,828979000.0,10626087000.0,6996387118.0,65986000.0,19440000.0,-47880000.0,87024000.0,-28039000.0,11105000.0,-54579000.0,0.0,113889000.0,-4429000.0,247316000.0,247316000.0,247316000.0,0.0,79000.0,0.304,34684000.0,177562000.0,489172000.0,0.114,4.964,12.798,12.825,3665033000.0,0.0,37.32,2.261,2.262,4869146000.0,210364000.0,812733000.0,812733000.0,0.0,,,,,4069000.0,37007000.0,1.0,187470180.0,187237000.0,191733000.0,4.341,11058522000.0,0.0,-113759000.0,2470000.0,59.062,-347683000.0
15,SCI,MRQ,2017-09-30,2017-09-30,2017-09-30,2021-09-09,46661000.0,12625198000.0,,404883000.0,12220315000.0,,6.609,-56328000.0,267956000.0,267956000.0,581570000.0,56141000.0,0.698,9.192,3369130000.0,76314000.0,3292816000.0,3369130000.0,1796756000.0,45058000.0,0.0,0.016,0.15,109355000.0,154413000.0,0.211,154413000.0,109355000.0,66601000.0,0.3,0.29,0.3,1238678000.0,,1238678000.0,9596232871.0,17.0,12.757,110666000.0,0.59,1.0,149776000.0,0.205,1807816000.0,42754000.0,13338827000.0,,27161000.0,1490201000.0,0.0,1490201000.0,11386247000.0,579729000.0,10806518000.0,6459452871.0,39956000.0,-22186000.0,-18683000.0,-4041000.0,-28182000.0,-50906000.0,-81523000.0,0.0,166994000.0,5391000.0,56164000.0,56164000.0,56164000.0,0.0,-23000.0,0.077,40444000.0,109332000.0,494020000.0,0.5,5.215,17.668,17.692,3652251000.0,0.0,34.5,2.09,2.092,4755011000.0,33140000.0,731346000.0,731346000.0,0.0,,,,,3074000.0,38992000.0,1.0,187230518.0,187435000.0,192243000.0,3.902,10817382000.0,0.0,10437000.0,9395000.0,57.713,-174846000.0
16,SCI,MRQ,2017-06-30,2017-06-30,2017-06-30,2021-09-09,30090000.0,12388284000.0,,354869000.0,12033415000.0,,6.422,-44999000.0,224889000.0,224889000.0,589724000.0,68562000.0,0.677,9.283,3361669000.0,70725000.0,3290944000.0,3361669000.0,5086376000.0,44619000.0,0.0,0.016,0.15,143520000.0,188139000.0,0.243,188139000.0,143520000.0,101437000.0,0.37,0.36,0.37,1204697000.0,,1204697000.0,9338309536.0,16.0,12.347,-10623000.0,-0.057,1.0,183518000.0,0.237,1804493000.0,42083000.0,13196222000.0,,27333000.0,1465563000.0,0.0,1465563000.0,11183300000.0,524349000.0,10658951000.0,6288304536.0,-21126000.0,-8067000.0,-31264000.0,56884000.0,-28096000.0,-7056000.0,-51734000.0,0.0,34376000.0,3288000.0,68481000.0,68481000.0,68481000.0,0.0,81000.0,0.089,39616000.0,143902000.0,441396000.0,0.405,5.22,17.607,17.605,3613117000.0,0.0,33.45,2.041,2.036,4644773000.0,28858000.0,773242000.0,773242000.0,0.0,,,,,4012000.0,40369000.0,1.0,187991167.0,187597000.0,192138000.0,4.122,10583791000.0,0.0,32956000.0,12228000.0,56.418,-169480000.0
17,SCI,MRQ,2017-03-31,2017-03-31,2017-03-31,2021-09-09,19656000.0,12259166000.0,,390757000.0,11868409000.0,,6.274,-40150000.0,238254000.0,238254000.0,600471000.0,174749000.0,0.637,9.377,3288259000.0,63606000.0,3224653000.0,3288259000.0,4987084000.0,44887000.0,0.0,0.017,0.13,139115000.0,184002000.0,0.237,184002000.0,139115000.0,98479000.0,0.93,0.91,0.93,1181169000.0,,1181169000.0,8904078680.0,18.0,13.011,147963000.0,0.786,1.0,177239000.0,0.228,1805590000.0,40636000.0,12890591000.0,,27375000.0,1440935000.0,0.0,1440935000.0,11075416000.0,612990000.0,10462426000.0,5812474680.0,44279000.0,-12977000.0,-68199000.0,3062000.0,-24433000.0,-89570000.0,-55048000.0,0.0,188113000.0,784000.0,174702000.0,174702000.0,174702000.0,0.0,47000.0,0.225,37348000.0,139891000.0,477002000.0,0.14,4.921,19.101,19.18,3593078000.0,0.0,30.88,1.9,1.9,4531346000.0,5369000.0,777710000.0,777710000.0,0.0,,,,,3633000.0,42283000.0,1.0,188227807.0,188260000.0,192867000.0,4.131,10453576000.0,0.0,-76223000.0,72382000.0,55.527,-222233000.0
18,SCI,MRQ,2016-12-31,2016-12-31,2016-12-31,2021-09-09,16492000.0,12038149000.0,,354396000.0,11683753000.0,,5.741,-62251000.0,194986000.0,194986000.0,597862000.0,66417000.0,0.659,10.014,3286590000.0,89974000.0,3196616000.0,3286590000.0,1731417000.0,46448000.0,0.0,0.018,0.13,179222000.0,225670000.0,0.279,225670000.0,179222000.0,139117000.0,0.35,0.34,0.35,1092713000.0,,1092713000.0,8503542963.0,17.0,12.755,68274000.0,0.359,1.0,211192000.0,0.261,1799081000.0,40105000.0,12792802000.0,,26431000.0,1407465000.0,0.0,1407465000.0,10942902000.0,537870000.0,10405032000.0,5409888963.0,17441000.0,32019000.0,-33304000.0,-12234000.0,-24753000.0,-69118000.0,-41885000.0,-5120000.0,130525000.0,-2081000.0,66246000.0,66246000.0,66246000.0,0.0,171000.0,0.082,32496000.0,178696000.0,439936000.0,0.371,4.951,30.558,30.87,3604522000.0,0.0,28.4,1.785,1.809,4403620000.0,-103387000.0,809054000.0,809054000.0,0.0,,,,,2684000.0,34040000.0,1.0,190489048.0,190347000.0,192643000.0,4.25,10239068000.0,0.0,72871000.0,7960000.0,53.792,-183474000.0
19,SCI,MRQ,2016-09-30,2016-09-30,2016-09-30,2021-09-09,24274000.0,12051476000.0,,344850000.0,11706626000.0,,5.626,-48006000.0,177571000.0,177571000.0,580722000.0,47541000.0,0.641,10.082,3271225000.0,89531000.0,3181694000.0,3271225000.0,4879151000.0,43827000.0,0.0,0.019,0.13,114657000.0,158484000.0,0.22,158484000.0,114657000.0,75149000.0,0.25,0.24,0.25,1087292000.0,,1087292000.0,8170435784.0,18.0,12.702,84976000.0,0.44,1.0,140745000.0,0.195,1801893000.0,39508000.0,12805396000.0,,28526000.0,1395403000.0,0.0,1395403000.0,10961778000.0,537841000.0,10423937000.0,5138940784.0,5783000.0,-11643000.0,-104357000.0,58139000.0,-25159000.0,-66053000.0,-59649000.0,0.0,132982000.0,-1497000.0,47727000.0,47727000.0,47727000.0,0.0,-186000.0,0.066,26359000.0,114386000.0,447313000.0,0.52,4.726,28.059,28.234,3597723000.0,0.0,26.54,1.718,1.715,4365266000.0,-142742000.0,721467000.0,721467000.0,0.0,,,,,-3618000.0,26916000.0,1.0,193630022.0,193274000.0,196567000.0,3.733,10249583000.0,0.0,27422000.0,997000.0,53.031,-192991000.0
20,SCI,MRQ,2016-06-30,2016-06-30,2016-06-30,2021-09-09,29289000.0,11875492000.0,,332602000.0,11542890000.0,,6.0,-41481000.0,171788000.0,171788000.0,589407000.0,15893000.0,0.663,9.208,3203283000.0,90104000.0,3113179000.0,3203283000.0,4757460000.0,44413000.0,0.0,0.018,0.13,71764000.0,116177000.0,0.155,116177000.0,71764000.0,32366000.0,0.08,0.08,0.08,1162900000.0,,1162900000.0,8158669208.0,17.0,12.655,-715000.0,-0.004,1.0,161989000.0,0.216,1801645000.0,39398000.0,12603632000.0,,28568000.0,1363428000.0,0.0,1363428000.0,10707672000.0,501710000.0,10205962000.0,5238419208.0,-41717000.0,-51530000.0,-21106000.0,54960000.0,-25182000.0,10641000.0,-93011000.0,0.0,40766000.0,-113000.0,15620000.0,15620000.0,15620000.0,0.0,273000.0,0.021,67490000.0,94499000.0,410141000.0,1.625,4.505,28.646,29.075,3588842000.0,0.0,27.04,1.755,1.756,4252395000.0,-106119000.0,751396000.0,751396000.0,0.0,,,,,1496000.0,36849000.0,1.0,193728521.0,193806000.0,196718000.0,3.877,10073847000.0,0.0,16746000.0,1465000.0,51.979,-169108000.0
21,SCI,MRQ,2016-03-31,2016-03-31,2016-03-31,2021-09-09,28871000.0,11756131000.0,,352881000.0,11403250000.0,,6.081,-41708000.0,213505000.0,213505000.0,586296000.0,47454000.0,0.681,8.914,3133755000.0,57413000.0,3076342000.0,3133755000.0,4673184000.0,43501000.0,0.0,0.019,0.12,122840000.0,166341000.0,0.222,166341000.0,122840000.0,79758000.0,0.24,0.24,0.24,1185366000.0,,1185366000.0,7841993125.0,15.0,11.238,143054000.0,0.734,1.0,162923000.0,0.217,1800522000.0,43082000.0,12358048000.0,,28612000.0,1334165000.0,0.0,1334165000.0,10566038000.0,517811000.0,10048227000.0,4809673125.0,78906000.0,10108000.0,-51499000.0,-12359000.0,-23324000.0,-84924000.0,-26480000.0,5120000.0,184762000.0,5548000.0,47445000.0,47445000.0,47445000.0,0.0,9000.0,0.063,39251000.0,123672000.0,446824000.0,0.5,4.058,21.878,22.234,3595037000.0,0.0,24.68,1.61,1.61,4170194000.0,-101545000.0,749219000.0,749219000.0,0.0,,,,,809000.0,38904000.0,1.0,194881407.0,194924000.0,198030000.0,3.844,9955609000.0,0.0,32313000.0,13574000.0,51.074,-164930000.0
22,SCI,MRQ,2015-12-31,2015-12-31,2015-12-31,2021-09-09,6164000.0,11676397000.0,,300051000.0,11376346000.0,,6.037,-46254000.0,134599000.0,134599000.0,581478000.0,72450000.0,0.587,8.852,3124428000.0,86823000.0,3037605000.0,3124428000.0,4651284000.0,45563000.0,0.0,0.017,0.12,156658000.0,202221000.0,0.263,202221000.0,156658000.0,113603000.0,0.37,0.36,0.37,1184692000.0,,1184692000.0,8112590020.0,15.0,11.352,29314000.0,0.149,1.0,187802000.0,0.244,1796340000.0,43055000.0,12358874000.0,,27835000.0,1319427000.0,0.0,1319427000.0,10486996000.0,511012000.0,9975984000.0,5113081020.0,-7351000.0,5615000.0,-38455000.0,23140000.0,-23502000.0,-40035000.0,-40639000.0,0.0,75568000.0,-2245000.0,72354000.0,72354000.0,72354000.0,0.0,96000.0,0.094,30747000.0,157055000.0,422816000.0,0.324,4.316,21.872,22.239,3599737000.0,0.0,26.02,1.712,1.746,4168926000.0,-109351000.0,769280000.0,769280000.0,0.0,,,,,2269000.0,33866000.0,1.0,196505804.0,196237000.0,199950000.0,3.92,9880057000.0,0.0,41249000.0,1373000.0,50.348,-210961000.0
23,SCI,MRQ,2015-09-30,2015-09-30,2015-09-30,2021-09-09,16501000.0,11653121000.0,,320742000.0,11332379000.0,,5.91,-40008000.0,141950000.0,141950000.0,572774000.0,47927000.0,0.587,8.885,3141459000.0,95045000.0,3046414000.0,3141459000.0,4612401000.0,42470000.0,0.0,0.015,0.12,117487000.0,159957000.0,0.224,159957000.0,117487000.0,73566000.0,0.24,0.23,0.24,1177874000.0,,1177874000.0,8291067672.0,14.0,10.66,74103000.0,0.372,1.0,141679000.0,0.198,1799939000.0,43921000.0,12306053000.0,,29557000.0,1304219000.0,0.0,1304219000.0,10465617000.0,546638000.0,9918979000.0,5430286672.0,-57146000.0,-1643000.0,-150001000.0,46267000.0,-23670000.0,-123141000.0,-41651000.0,0.0,114111000.0,-6465000.0,47448000.0,47448000.0,47448000.0,0.0,479000.0,0.066,17131000.0,124548000.0,449725000.0,0.5,4.61,21.79,22.213,3597203000.0,0.0,27.1,1.81,1.8,4084027000.0,-151491000.0,714453000.0,714453000.0,0.0,,,,,-830000.0,27895000.0,1.0,200379582.0,199310000.0,203444000.0,3.585,9853182000.0,0.0,26118000.0,1868000.0,49.436,-225896000.0
24,SCI,MRQ,2015-06-30,2015-06-30,2015-06-30,2021-09-09,44668000.0,11924835000.0,,361170000.0,11563665000.0,,6.542,-36426000.0,199096000.0,199096000.0,588097000.0,53092000.0,0.498,7.996,3059877000.0,290016000.0,2769861000.0,3059877000.0,4811366000.0,42691000.0,0.0,0.013,0.1,126584000.0,169275000.0,0.224,169275000.0,126584000.0,83602000.0,0.26,0.25,0.26,1324569000.0,,1324569000.0,8783912666.0,14.0,11.024,57309000.0,0.283,1.0,166257000.0,0.22,1811842000.0,42982000.0,12248509000.0,,29846000.0,1347753000.0,0.0,1347753000.0,10591100000.0,725265000.0,9865835000.0,5947405666.0,-18033000.0,-1743000.0,-61261000.0,-8641000.0,-19937000.0,-82347000.0,-31957000.0,5225000.0,93735000.0,2536000.0,52595000.0,52595000.0,52595000.0,390000.0,497000.0,0.07,33095000.0,133162000.0,420926000.0,0.385,4.49,27.106,27.764,3590529000.0,0.0,29.43,1.98,1.983,4276297000.0,-79971000.0,754354000.0,754354000.0,0.0,,,,,-4231000.0,33095000.0,1.0,202086499.0,202466000.0,206746000.0,3.726,10112993000.0,0.0,31007000.0,14323000.0,49.949,-364095000.0
25,SCI,MRQ,2015-03-31,2015-03-31,2015-03-31,2021-09-09,36797000.0,11958377000.0,,409938000.0,11548439000.0,,6.549,-28298000.0,217129000.0,217129000.0,570673000.0,61465000.0,0.697,7.966,3053636000.0,90960000.0,2962676000.0,3053636000.0,4785178000.0,42191000.0,0.0,0.014,0.1,140967000.0,183158000.0,0.245,183158000.0,140967000.0,98028000.0,0.3,0.3,0.3,1332830000.0,,1332830000.0,8162999838.0,13.0,10.453,160474000.0,0.789,1.0,177444000.0,0.237,1811067000.0,42939000.0,12395795000.0,,30181000.0,1357401000.0,0.0,1357401000.0,10616821000.0,588022000.0,10028799000.0,5285609838.0,39794000.0,-26715000.0,-63735000.0,-14270000.0,-20461000.0,-92955000.0,-52172000.0,2841000.0,188772000.0,-3851000.0,61375000.0,61375000.0,61375000.0,0.0,90000.0,0.082,34550000.0,142894000.0,459788000.0,0.333,3.966,27.423,28.315,3585886000.0,0.0,26.05,1.764,1.769,4276123000.0,-72771000.0,748117000.0,748117000.0,0.0,,,,,-1488000.0,34550000.0,1.0,202902489.0,203510000.0,207752000.0,3.676,10147310000.0,0.0,36653000.0,37274000.0,49.861,-178084000.0
26,SCI,MRQ,2014-12-31,2014-12-31,2014-12-31,2021-09-09,59414000.0,11923644000.0,,396856000.0,11526788000.0,,6.614,-49317000.0,177335000.0,177335000.0,578159000.0,87949000.0,0.719,7.705,3054725000.0,90931000.0,2963794000.0,3054725000.0,4751429000.0,43752000.0,0.0,0.015,0.09,221668000.0,265420000.0,0.339,265420000.0,221668000.0,178776000.0,0.42,0.42,0.42,1368726000.0,,1368726000.0,7515018945.0,13.0,9.985,11817000.0,0.057,1.0,205283000.0,0.262,1810853000.0,42892000.0,12438173000.0,,29697000.0,1341376000.0,0.0,1341376000.0,10546266000.0,552008000.0,9994258000.0,4713511945.0,-88909000.0,22565000.0,-107945000.0,-4497000.0,-18491000.0,-121537000.0,-26770000.0,0.0,61134000.0,-1736000.0,87794000.0,87794000.0,87794000.0,-1340000.0,155000.0,0.112,-14997000.0,220280000.0,453042000.0,0.214,3.444,27.33,27.683,3600619000.0,0.0,22.7,1.574,1.598,4258742000.0,-81859000.0,783442000.0,783442000.0,0.0,,,,,-6011000.0,42864000.0,1.0,207643698.0,206937000.0,210705000.0,3.786,10112791000.0,0.0,90982000.0,8035000.0,48.869,-155152000.0
27,SCI,MRQ,2014-09-30,2014-09-30,2014-09-30,2021-09-09,77823000.0,12330231000.0,,467699000.0,11862532000.0,,6.438,-37803000.0,266259000.0,266259000.0,570016000.0,17685000.0,0.798,8.078,3067766000.0,109266000.0,2958500000.0,3067766000.0,4847602000.0,42949000.0,0.0,0.015,0.09,135961000.0,178910000.0,0.249,178910000.0,135961000.0,92585000.0,0.08,0.08,0.08,1357301000.0,,1357301000.0,7478196784.0,17.0,12.283,47601000.0,0.226,1.0,148298000.0,0.206,1898885000.0,43376000.0,12647075000.0,,32471000.0,1381549000.0,0.0,1381549000.0,10964295000.0,585778000.0,10378517000.0,4466908784.0,125725000.0,239164000.0,-56919000.0,-98549000.0,-19002000.0,-166264000.0,206703000.0,0.0,85404000.0,-156000.0,17651000.0,17651000.0,17651000.0,-884000.0,34000.0,0.025,13178000.0,135120000.0,460364000.0,1.125,3.291,39.186,39.887,3612095000.0,0.0,21.14,1.552,1.549,4306383000.0,-148085000.0,718314000.0,718314000.0,0.0,,,,,-4887000.0,39748000.0,1.0,211301267.0,210820000.0,213010000.0,3.407,10431346000.0,28369000.0,74934000.0,15707000.0,49.48,-118079000.0
28,SCI,MRQ,2014-06-30,2014-06-30,2014-06-30,2021-09-09,90759000.0,12857178000.0,,355701000.0,12501477000.0,,6.672,-32462000.0,140515000.0,140515000.0,590716000.0,31781000.0,0.63,8.068,3151803000.0,101436000.0,3050367000.0,3151803000.0,4945477000.0,43841000.0,0.0,0.014,0.08,109586000.0,153427000.0,0.205,153427000.0,109586000.0,63279000.0,0.12,0.12,0.12,1416982000.0,,1416982000.0,7515410989.0,19.0,13.688,10468000.0,0.049,1.0,156044000.0,0.209,1897845000.0,46307000.0,13405689000.0,,33453000.0,1405074000.0,0.0,1405074000.0,11431583000.0,564932000.0,10866651000.0,4424399989.0,-6142000.0,145403000.0,-52496000.0,-99888000.0,-16944000.0,-163551000.0,112940000.0,0.0,42930000.0,1539000.0,25922000.0,25922000.0,25922000.0,178000.0,5859000.0,0.035,11313000.0,144731000.0,455320000.0,0.667,3.122,35.936,35.724,3627297000.0,0.0,20.72,1.598,1.59,4387406000.0,-118184000.0,746760000.0,746760000.0,0.0,,,,,-2484000.0,46307000.0,1.0,213532818.0,212390000.0,215989000.0,3.516,10959333000.0,28262000.0,37357000.0,1910000.0,51.6,-209231000.0
29,SCI,MRQ,2014-03-31,2014-03-31,2014-03-31,2021-09-09,77215000.0,12905611000.0,,376004000.0,12529607000.0,,6.749,-24917000.0,148619000.0,148619000.0,579433000.0,41391000.0,0.636,7.985,3239630000.0,105705000.0,3133925000.0,3239630000.0,4904798000.0,46100000.0,0.0,0.015,0.08,108805000.0,154905000.0,0.208,154905000.0,108805000.0,63809000.0,0.19,0.19,0.19,1436427000.0,,1436427000.0,7379207382.0,20.0,14.197,102970000.0,0.484,1.0,166062000.0,0.223,1978621000.0,44996000.0,13426777000.0,,34508000.0,1342589000.0,0.0,1342589000.0,11469184000.0,591224000.0,10877960000.0,4222170382.0,5077000.0,1915000.0,6862000.0,-68141000.0,-17080000.0,-86615000.0,-35587000.0,-12225000.0,127887000.0,-1931000.0,41102000.0,41102000.0,41102000.0,-140000.0,289000.0,0.055,55830000.0,110232000.0,477368000.0,0.421,2.939,32.276,32.065,3608465000.0,0.0,19.88,1.596,1.599,4278985000.0,-105893000.0,745495000.0,745495000.0,0.0,,,,,-3614000.0,55830000.0,1.0,212382816.0,212838000.0,217231000.0,3.503,10926990000.0,39476000.0,22707000.0,3301000.0,51.339,-215220000.0
30,SCI,MRQ,2013-12-31,2013-12-31,2013-12-31,2021-09-09,88441000.0,12833600000.0,,379096000.0,12454504000.0,,6.932,-33400000.0,141584000.0,141584000.0,519296000.0,32036000.0,0.563,7.723,3301910000.0,176362000.0,3125548000.0,3301910000.0,4816686000.0,35784000.0,0.0,0.015,0.07,85817000.0,121601000.0,0.182,121601000.0,85817000.0,47046000.0,0.14,0.13,0.14,1470080000.0,,1470080000.0,5534452070.0,14.0,10.506,24875000.0,0.117,1.0,147932000.0,0.222,1825721000.0,38771000.0,13494623000.0,,32741000.0,1342591000.0,0.0,1342591000.0,11353372000.0,673582000.0,10679790000.0,3842842070.0,-37765000.0,-1045437000.0,1355000.0,1017945000.0,-14858000.0,983348000.0,-1079018000.0,0.0,58275000.0,-388000.0,29317000.0,29317000.0,29317000.0,35000.0,2719000.0,0.044,59816000.0,88116000.0,482839000.0,0.5,2.614,26.083,25.9,3664783000.0,0.0,18.13,1.507,1.506,4264015000.0,-90026000.0,667228000.0,667228000.0,0.0,,,,,9121000.0,59086000.0,1.0,211960401.0,212081000.0,216425000.0,3.146,11007879000.0,30282000.0,17729000.0,392432000.0,51.904,-294486000.0
31,SCI,MRQ,2013-09-30,2013-09-30,2013-09-30,2021-09-09,101949000.0,10389362000.0,,357970000.0,10031392000.0,,6.732,-28777000.0,602140000.0,602140000.0,492784000.0,27394000.0,0.829,6.272,2293750000.0,36647000.0,2257103000.0,2293750000.0,4212440000.0,35837000.0,0.0,0.017,0.07,83266000.0,119103000.0,0.196,119103000.0,83266000.0,45186000.0,0.13,0.12,0.13,1426779000.0,,1426779000.0,5682194446.0,15.0,10.88,70709000.0,0.334,1.0,115805000.0,0.19,1377946000.0,38080000.0,10271265000.0,,24612000.0,1120726000.0,0.0,1120726000.0,8948588000.0,431761000.0,8516827000.0,3946485446.0,-38261000.0,-451000.0,98000.0,-94900000.0,-14818000.0,-109710000.0,-29298000.0,0.0,99486000.0,899000.0,26779000.0,26779000.0,26779000.0,-168000.0,615000.0,0.044,32759000.0,83046000.0,392011000.0,0.538,2.766,27.087,26.986,3109282000.0,0.0,18.62,1.573,1.573,3659866000.0,-169797000.0,608589000.0,608589000.0,0.0,,,,,2512000.0,33740000.0,1.0,211948735.0,211954000.0,216370000.0,2.871,9011416000.0,42813000.0,18407000.0,3103000.0,42.516,-73791000.0
32,SCI,MRQ,2013-06-30,2013-06-30,2013-06-30,2021-09-09,94457000.0,9855049000.0,,404047000.0,9451002000.0,,6.627,-28193000.0,221086000.0,221086000.0,498248000.0,34435000.0,1.024,6.011,1956795000.0,36412000.0,1920383000.0,1956795000.0,4096730000.0,36218000.0,0.0,0.017,0.07,87953000.0,124171000.0,0.199,124171000.0,87953000.0,55213000.0,0.16,0.16,0.16,1403686000.0,,1403686000.0,5578615659.0,14.0,10.409,47631000.0,0.225,1.0,125983000.0,0.202,1374374000.0,32740000.0,9821656000.0,,24280000.0,1109249000.0,0.0,1109249000.0,8437188000.0,394728000.0,8042460000.0,3816464659.0,33003000.0,169000.0,1762000.0,-5179000.0,-14855000.0,-14230000.0,-28063000.0,2000.0,75824000.0,-933000.0,33615000.0,33615000.0,33615000.0,59000.0,820000.0,0.054,36924000.0,89059000.0,356602000.0,0.438,2.719,23.856,24.04,3106839000.0,0.0,18.03,1.538,1.539,3530062000.0,-196576000.0,624231000.0,624231000.0,0.0,,,,,-1766000.0,31379000.0,1.0,211673026.0,211821000.0,215946000.0,2.947,8480675000.0,42782000.0,21598000.0,1714000.0,40.037,9319000.0
33,SCI,MRQ,2013-03-31,2013-03-31,2013-03-31,2021-09-09,106205000.0,9882053000.0,,374748000.0,9507305000.0,,6.556,-22569000.0,188546000.0,188546000.0,492695000.0,58722000.0,0.881,6.122,1950697000.0,37315000.0,1913382000.0,1950697000.0,4117119000.0,36255000.0,0.0,0.017,0.06,125679000.0,161934000.0,0.248,161934000.0,125679000.0,92910000.0,0.27,0.27,0.27,1385720000.0,,1385720000.0,5387306005.0,13.0,9.899,128555000.0,0.608,1.0,159657000.0,0.245,1379303000.0,32769000.0,9839369000.0,,25556000.0,1128284000.0,0.0,1128284000.0,8482972000.0,425532000.0,8057440000.0,3531964005.0,95838000.0,1816000.0,1386000.0,-15420000.0,-12698000.0,-34293000.0,-20414000.0,339000.0,151124000.0,-579000.0,57620000.0,57620000.0,57620000.0,0.0,1102000.0,0.088,30923000.0,128734000.0,378844000.0,0.222,2.549,21.61,22.013,3121764000.0,0.0,16.73,1.439,1.441,3549263000.0,-230098000.0,652352000.0,652352000.0,0.0,,,,,2058000.0,30923000.0,1.0,211115601.0,211380000.0,215208000.0,3.086,8502750000.0,42833000.0,35290000.0,9373000.0,40.225,-50784000.0
34,SCI,MRQ,2012-12-31,2012-12-31,2012-12-31,2021-09-09,111717000.0,9683568000.0,,282495000.0,9401073000.0,,6.337,-34349000.0,92708000.0,92708000.0,477625000.0,27683000.0,0.685,6.196,1948050000.0,31429000.0,1916621000.0,1948050000.0,4022116000.0,36416000.0,0.0,0.02,0.12,80628000.0,117044000.0,0.188,117044000.0,80628000.0,46610000.0,0.13,0.13,0.13,1343027000.0,,1343027000.0,4700060499.0,12.0,8.991,54610000.0,0.258,1.0,145745000.0,0.234,1382410000.0,34018000.0,9744396000.0,,24560000.0,1099580000.0,0.0,1099580000.0,8320741000.0,412104000.0,7908637000.0,2937484499.0,-57862000.0,-45120000.0,-41117000.0,2215000.0,-25452000.0,-67892000.0,-79817000.0,1000.0,88959000.0,-161000.0,27682000.0,27682000.0,27682000.0,-262000.0,1000.0,0.044,42358000.0,103387000.0,373783000.0,0.923,2.187,19.094,19.451,3131049000.0,0.0,13.81,1.222,1.239,3464584000.0,-286795000.0,623370000.0,623370000.0,0.0,,,,,2766000.0,39964000.0,1.0,212707060.0,211926000.0,215346000.0,2.941,8301158000.0,42864000.0,18928000.0,478090000.0,39.17,-129609000.0
35,SCI,MRQ,2012-09-30,2012-09-30,2012-09-30,2021-09-09,116831000.0,9633894000.0,,333489000.0,9300405000.0,,6.396,-28911000.0,151547000.0,151547000.0,459911000.0,41797000.0,0.824,5.993,1914123000.0,31289000.0,1882834000.0,1914123000.0,4004711000.0,36031000.0,0.0,0.016,0.06,96758000.0,132789000.0,0.228,132789000.0,96758000.0,63190000.0,0.19,0.19,0.19,1374559000.0,,1374559000.0,4686880592.0,12.0,8.56,92993000.0,0.433,1.0,121271000.0,0.209,1366075000.0,33568000.0,9625701000.0,,25132000.0,1091083000.0,0.0,1091083000.0,8238039000.0,404694000.0,7833345000.0,2892459592.0,46204000.0,-6933000.0,-26353000.0,-1845000.0,-12885000.0,-41083000.0,-35146000.0,-3816000.0,121904000.0,529000.0,41062000.0,41062000.0,41062000.0,0.0,735000.0,0.071,26095000.0,95176000.0,366883000.0,0.316,2.104,16.943,17.256,3123606000.0,0.0,13.46,1.222,1.222,3398042000.0,-293260000.0,581182000.0,581182000.0,0.0,,,,,3248000.0,26410000.0,1.0,214892986.0,214914000.0,218460000.0,2.704,8267819000.0,38222000.0,22128000.0,6522000.0,38.47,-71205000.0
36,SCI,MRQ,2012-06-30,2012-06-30,2012-06-30,2021-09-09,103328000.0,9425344000.0,,282659000.0,9142685000.0,,6.28,-28684000.0,105343000.0,105343000.0,469183000.0,37639000.0,0.763,5.936,1899764000.0,30500000.0,1869264000.0,1899764000.0,3921763000.0,35578000.0,0.0,0.016,0.05,96905000.0,132483000.0,0.222,132483000.0,96905000.0,63011000.0,0.17,0.17,0.17,1355879000.0,,1355879000.0,4459075035.0,12.0,8.436,33915000.0,0.157,1.0,128189000.0,0.215,1354259000.0,33894000.0,9494911000.0,,25497000.0,1057261000.0,0.0,1057261000.0,8048914000.0,370595000.0,7678319000.0,2685507035.0,-8488000.0,-2875000.0,-28124000.0,5570000.0,-10855000.0,-33409000.0,-37249000.0,0.0,62599000.0,-429000.0,37076000.0,37076000.0,37076000.0,0.0,563000.0,0.062,28500000.0,99689000.0,334323000.0,0.294,1.981,16.261,16.716,3112381000.0,0.0,12.37,1.138,1.132,3288238000.0,-316456000.0,597372000.0,597372000.0,0.0,,,,,2395000.0,29558000.0,1.0,217098386.0,215898000.0,218906000.0,2.767,8071085000.0,38161000.0,25935000.0,5772000.0,37.384,-87936000.0
37,SCI,MRQ,2012-03-31,2012-03-31,2012-03-31,2021-09-09,111612000.0,9475425000.0,,298118000.0,9177307000.0,,6.2,-23378000.0,113831000.0,113831000.0,474939000.0,48315000.0,0.765,5.928,1887399000.0,28415000.0,1858984000.0,1887399000.0,3981959000.0,35690000.0,0.0,0.018,0.05,104733000.0,140423000.0,0.233,140423000.0,104733000.0,71145000.0,0.22,0.22,0.22,1364719000.0,,1364719000.0,4250461600.0,12.0,8.333,72406000.0,0.329,1.0,127567000.0,0.212,1358182000.0,33588000.0,9501029000.0,,25438000.0,1050081000.0,0.0,1050081000.0,8090330000.0,389782000.0,7700548000.0,2494360600.0,-14738000.0,-540000.0,-72783000.0,-5241000.0,-11104000.0,-89128000.0,-22742000.0,0.0,95784000.0,1348000.0,48025000.0,48025000.0,48025000.0,0.0,290000.0,0.08,25959000.0,101608000.0,347823000.0,0.227,1.828,16.18,16.559,3115596000.0,0.0,11.26,1.066,1.06,3326320000.0,-342579000.0,602506000.0,602506000.0,0.0,,,,,2574000.0,25959000.0,1.0,221524032.0,220132000.0,223212000.0,2.737,8117243000.0,38073000.0,23120000.0,13544000.0,36.874,-91664000.0
38,SCI,MRQ,2011-12-31,2011-12-31,2011-12-31,2021-09-09,105852000.0,9327812000.0,,328093000.0,8999719000.0,,6.164,-32439000.0,128569000.0,128569000.0,458585000.0,44550000.0,0.851,5.686,1884670000.0,23554000.0,1861116000.0,1884670000.0,3833205000.0,35778000.0,0.0,0.018,0.05,106079000.0,141857000.0,0.242,141857000.0,106079000.0,72773000.0,0.2,0.19,0.2,1392094000.0,,1392094000.0,4188729928.0,12.0,8.349,64360000.0,0.285,1.0,127983000.0,0.218,1361493000.0,33306000.0,9336812000.0,,25513000.0,1016506000.0,0.0,1016506000.0,7915617000.0,385608000.0,7530009000.0,2428182928.0,1532000.0,7199000.0,-50179000.0,-10925000.0,-11400000.0,-72504000.0,-23037000.0,0.0,96799000.0,274000.0,44550000.0,44550000.0,44550000.0,0.0,0.0,0.076,9181000.0,118802000.0,358904000.0,0.25,1.744,16.757,17.177,3116064000.0,0.0,10.65,1.048,1.077,3178697000.0,-367044000.0,586568000.0,586568000.0,0.0,,,,,2301000.0,24445000.0,1.0,227998397.0,225857000.0,228092000.0,2.597,7966319000.0,44316000.0,28223000.0,3150000.0,35.272,-57515000.0
39,SCI,MRQ,2011-09-30,2011-09-30,2011-09-30,2021-09-09,99552000.0,9171306000.0,,308430000.0,8862876000.0,,6.011,-28861000.0,127037000.0,127037000.0,465949000.0,35015000.0,0.816,5.536,1887584000.0,23685000.0,1863899000.0,1887584000.0,3746488000.0,36228000.0,0.0,0.02,0.05,77561000.0,113789000.0,0.199,113789000.0,77561000.0,44523000.0,0.15,0.15,0.15,1400152000.0,,1400152000.0,3873509814.0,11.0,7.77,86922000.0,0.373,1.0,107050000.0,0.187,1337587000.0,33038000.0,9216389000.0,,26494000.0,974266000.0,0.0,974266000.0,7751057000.0,377877000.0,7373180000.0,2170909814.0,-5957000.0,-26096000.0,-90114000.0,42281000.0,-11849000.0,-59682000.0,-58550000.0,0.0,115783000.0,-3508000.0,35496000.0,35496000.0,35496000.0,0.0,-481000.0,0.062,28864000.0,78186000.0,351235000.0,0.333,1.55,15.868,16.07,3127002000.0,0.0,9.16,0.944,0.927,3059752000.0,-398997000.0,572999000.0,572999000.0,0.0,,,,,2301000.0,23863000.0,1.0,236998888.0,232917000.0,235513000.0,2.46,7833719000.0,43542000.0,9027000.0,2957000.0,33.633,-69447000.0
40,SCI,MRQ,2011-06-30,2011-06-30,2011-06-30,2021-09-09,122684000.0,9513071000.0,,328673000.0,9184398000.0,,6.235,-31937000.0,132994000.0,132994000.0,461751000.0,26738000.0,0.928,5.384,1835594000.0,23392000.0,1812202000.0,1835594000.0,4055596000.0,35947000.0,0.0,0.015,0.05,78061000.0,114008000.0,0.198,114008000.0,78061000.0,44182000.0,0.11,0.11,0.11,1486954000.0,,1486954000.0,4431737906.0,13.0,9.214,35607000.0,0.149,1.0,115023000.0,0.199,1378076000.0,33879000.0,9483540000.0,,27017000.0,1018188000.0,0.0,1018188000.0,8005522000.0,354055000.0,7651467000.0,2789261906.0,-77313000.0,-50328000.0,-21719000.0,-29442000.0,-11941000.0,-63102000.0,-81283000.0,0.0,67544000.0,-472000.0,26093000.0,26093000.0,26093000.0,0.0,645000.0,0.045,34528000.0,80495000.0,329257000.0,0.455,1.876,23.229,23.36,3141625000.0,0.0,11.68,1.234,1.232,3294499000.0,-412602000.0,576774000.0,576774000.0,0.0,,,,,2289000.0,24685000.0,1.0,238806670.0,238498000.0,241435000.0,2.418,8134995000.0,44138000.0,18089000.0,1406000.0,34.109,-25382000.0
41,SCI,MRQ,2011-03-31,2011-03-31,2011-03-31,2021-09-09,124270000.0,9320246000.0,,400035000.0,8920211000.0,,6.227,-25138000.0,210307000.0,210307000.0,453253000.0,39929000.0,1.095,5.241,1852783000.0,22693000.0,1830090000.0,1852783000.0,3859013000.0,35685000.0,0.0,0.014,0.04,96388000.0,132073000.0,0.228,132073000.0,96388000.0,62829000.0,0.16,0.16,0.16,1493046000.0,,1493046000.0,4339931865.0,12.0,8.627,82848000.0,0.346,1.0,126446000.0,0.218,1313671000.0,33559000.0,9283632000.0,,34245000.0,1022420000.0,0.0,1022420000.0,7825537000.0,365419000.0,7460118000.0,2655895865.0,39461000.0,-5816000.0,-27063000.0,-6710000.0,-9605000.0,-43378000.0,-27387000.0,0.0,107986000.0,2240000.0,38764000.0,38764000.0,38764000.0,0.0,1165000.0,0.067,28833000.0,97613000.0,338540000.0,0.25,1.779,19.78,20.109,3142535000.0,0.0,11.06,1.186,1.184,3145153000.0,-438695000.0,579699000.0,579699000.0,0.0,,,,,2253000.0,28833000.0,1.0,240135250.0,239772000.0,242052000.0,2.418,8006575000.0,44308000.0,24065000.0,4186000.0,33.392,34616000.0
42,SCI,MRQ,2010-12-31,2010-12-31,2010-12-31,2021-09-09,112768000.0,9190540000.0,,374520000.0,8816020000.0,,6.083,-30456000.0,170846000.0,170846000.0,446331000.0,36769000.0,1.022,5.212,1854882000.0,22502000.0,1832380000.0,1854882000.0,3801790000.0,35096000.0,0.0,0.019,0.04,103573000.0,138669000.0,0.243,138669000.0,103573000.0,71658000.0,0.15,0.14,0.15,1479456000.0,,1479456000.0,3701567384.0,11.0,7.575,57812000.0,0.238,1.0,124920000.0,0.219,1307484000.0,31915000.0,9200465000.0,,27372000.0,987019000.0,0.0,987019000.0,7710592000.0,366627000.0,7343965000.0,2016519384.0,35033000.0,-9314000.0,-29717000.0,25468000.0,-9777000.0,-14857000.0,-39773000.0,-26440000.0,88268000.0,1395000.0,36455000.0,36455000.0,36455000.0,0.0,314000.0,0.064,20922000.0,103998000.0,342651000.0,0.267,1.363,15.951,16.176,3136485000.0,0.0,8.25,0.921,0.937,3095635000.0,-477459000.0,571251000.0,571251000.0,0.0,,,,,2995000.0,23603000.0,1.0,244426592.0,243198000.0,244950000.0,2.349,7883056000.0,41371000.0,35203000.0,1474000.0,32.414,7893000.0
43,SCI,MRQ,2010-09-30,2010-09-30,2010-09-30,2021-09-09,101903000.0,8950497000.0,,344495000.0,8606002000.0,,5.972,-25829000.0,135813000.0,135813000.0,430518000.0,18680000.0,1.003,5.087,1820861000.0,22319000.0,1798542000.0,1820861000.0,3683397000.0,36013000.0,0.0,0.019,0.04,60203000.0,96216000.0,0.18,96216000.0,60203000.0,28706000.0,0.08,0.08,0.08,1470460000.0,,1470460000.0,3837766363.0,12.0,8.098,54252000.0,0.22,1.0,102647000.0,0.193,1288261000.0,31497000.0,9003701000.0,,33713000.0,962758000.0,0.0,962758000.0,7479753000.0,343583000.0,7136170000.0,2127509363.0,-16429000.0,22980000.0,-31633000.0,-53230000.0,-9872000.0,-94599000.0,-2850000.0,-1000.0,80081000.0,939000.0,18765000.0,18765000.0,18765000.0,0.0,-85000.0,0.035,34151000.0,68496000.0,320860000.0,0.5,1.447,17.121,17.24,3123255000.0,0.0,8.62,0.989,0.987,2919291000.0,-513914000.0,533165000.0,533165000.0,0.0,,,,,2033000.0,26860000.0,1.0,246810831.0,246214000.0,247523000.0,2.165,7662236000.0,53254000.0,9941000.0,266000.0,31.12,912000.0
44,SCI,MRQ,2010-06-30,2010-06-30,2010-06-30,2021-09-09,94637000.0,8806027000.0,,345737000.0,8460290000.0,,5.893,-23278000.0,152242000.0,152242000.0,445975000.0,40227000.0,1.035,4.935,1862499000.0,26838000.0,1835661000.0,1862499000.0,3562237000.0,36164000.0,0.0,0.022,0.04,99966000.0,136130000.0,0.245,136130000.0,99966000.0,67483000.0,0.16,0.16,0.16,1483608000.0,,1483608000.0,3592334635.0,10.0,7.326,53816000.0,0.214,1.0,109298000.0,0.197,1284114000.0,32483000.0,8898158000.0,,33155000.0,914664000.0,0.0,914664000.0,7322053000.0,334012000.0,6988041000.0,1885721635.0,-28232000.0,13211000.0,-54104000.0,-29629000.0,-10191000.0,-93229000.0,-10071000.0,-4000.0,77094000.0,-2026000.0,40285000.0,40285000.0,40285000.0,0.0,-58000.0,0.073,13372000.0,95926000.0,303156000.0,0.25,1.271,13.799,13.704,3158423000.0,0.0,7.4,0.892,0.881,2782074000.0,-532679000.0,555273000.0,555273000.0,0.0,,,,,1526000.0,26974000.0,1.0,254827248.0,251763000.0,253583000.0,2.206,7521913000.0,52270000.0,27198000.0,4018000.0,29.877,11725000.0
45,SCI,MRQ,2010-03-31,2010-03-31,2010-03-31,2021-09-09,110969000.0,9066537000.0,,378316000.0,8688221000.0,,5.975,-18336000.0,180474000.0,180474000.0,418505000.0,31325000.0,1.039,4.965,1887087000.0,28622000.0,1858465000.0,1887087000.0,3692220000.0,34315000.0,0.0,0.017,0.04,83329000.0,117644000.0,0.222,117644000.0,83329000.0,51028000.0,0.12,0.12,0.12,1519992000.0,,1519992000.0,4042784235.0,12.0,8.832,90600000.0,0.356,1.0,112358000.0,0.212,1307560000.0,32301000.0,9101466000.0,,33737000.0,919948000.0,0.0,919948000.0,7546115000.0,364124000.0,7181991000.0,2332040235.0,729000.0,-235125000.0,335000.0,124325000.0,-10161000.0,114499000.0,-227016000.0,26445000.0,108936000.0,4310000.0,30912000.0,30912000.0,30912000.0,0.0,413000.0,0.058,26252000.0,86106000.0,329856000.0,0.333,1.534,19.518,19.532,3168288000.0,0.0,9.18,1.125,1.126,2913133000.0,-572964000.0,530863000.0,530863000.0,0.0,,,,,2324000.0,26252000.0,1.0,254034884.0,254400000.0,256154000.0,2.087,7758977000.0,52355000.0,20116000.0,5092000.0,30.499,14192000.0
46,SCI,MRQ,2009-12-31,2009-12-31,2009-12-31,2021-09-09,97142000.0,8890942000.0,,377422000.0,8513520000.0,,5.832,-21330000.0,179745000.0,179745000.0,413472000.0,34571000.0,1.028,4.996,1890489000.0,49957000.0,1840532000.0,1890489000.0,3615912000.0,33831000.0,0.0,0.02,0.04,90113000.0,123944000.0,0.233,123944000.0,90113000.0,54571000.0,0.14,0.14,0.14,1482776000.0,,1482776000.0,3585305200.0,11.0,7.775,45391000.0,0.179,1.0,118287000.0,0.222,1201332000.0,35542000.0,9033383000.0,,31117000.0,889689000.0,0.0,889689000.0,7408154000.0,366971000.0,7041183000.0,2075222200.0,-53740000.0,-69861000.0,4002000.0,-9262000.0,-10135000.0,-15395000.0,-106627000.0,-15436000.0,66721000.0,1561000.0,34302000.0,34302000.0,34302000.0,0.0,269000.0,0.065,27015000.0,91272000.0,314277000.0,0.286,1.4,16.858,16.714,3080139000.0,0.0,8.19,1.011,1.004,2831259000.0,-603876000.0,531759000.0,531759000.0,0.0,,,,,2179000.0,33288000.0,1.0,253384884.0,254262000.0,256120000.0,2.091,7689610000.0,51534000.0,20269000.0,2236000.0,30.243,10451000.0
47,SCI,MRQ,2009-09-30,2009-09-30,2009-09-30,2021-09-09,82893000.0,8563197000.0,,437303000.0,8125894000.0,,5.638,-19990000.0,233485000.0,233485000.0,396054000.0,30562000.0,1.332,5.033,1743568000.0,26061000.0,1717507000.0,1743568000.0,3516868000.0,32676000.0,0.0,0.023,0.04,79948000.0,112624000.0,0.227,112624000.0,79948000.0,50565000.0,0.12,0.12,0.12,1419371000.0,,1419371000.0,3344218237.0,11.0,7.687,74241000.0,0.295,1.0,101163000.0,0.203,1175528000.0,29383000.0,8569509000.0,,30717000.0,848159000.0,0.0,848159000.0,7144206000.0,328243000.0,6815963000.0,1759544237.0,63096000.0,3056000.0,11042000.0,-18712000.0,-10040000.0,-17710000.0,-18086000.0,-1152000.0,94231000.0,4661000.0,31162000.0,31162000.0,31162000.0,0.0,-600000.0,0.063,23182000.0,77981000.0,299934000.0,0.333,1.24,17.895,17.974,3006020000.0,0.0,7.01,0.863,0.866,2696181000.0,-637960000.0,497217000.0,497217000.0,0.0,,,,,2337000.0,20961000.0,1.0,251004884.0,251765000.0,253048000.0,1.975,7387669000.0,79571000.0,19403000.0,331579000.0,29.344,109060000.0
48,SCI,MRQ,2009-06-30,2009-06-30,2009-06-30,2021-09-09,57907000.0,8234931000.0,,387372000.0,7847559000.0,,5.419,-18976000.0,170389000.0,170389000.0,412124000.0,23580000.0,1.212,5.055,1755063000.0,27971000.0,1727092000.0,1755063000.0,3342645000.0,31694000.0,0.0,0.029,0.04,71812000.0,103506000.0,0.201,103506000.0,71812000.0,39426000.0,0.09,0.09,0.09,1359972000.0,,1359972000.0,3003773964.0,11.0,7.402,50788000.0,0.202,1.0,101825000.0,0.198,1171695000.0,32386000.0,8328365000.0,,31111000.0,767740000.0,0.0,767740000.0,6874738000.0,319545000.0,6555193000.0,1375177964.0,-45582000.0,7368000.0,0.0,-97821000.0,-10039000.0,-107860000.0,-11608000.0,0.0,69764000.0,4122000.0,23104000.0,23104000.0,23104000.0,0.0,476000.0,0.045,32755000.0,69070000.0,288823000.0,0.444,1.011,16.811,16.606,3007778000.0,0.0,5.48,0.668,0.668,2511626000.0,-669122000.0,513949000.0,513949000.0,0.0,,,,,2760000.0,26466000.0,1.0,250944884.0,250977000.0,251130000.0,2.048,7063236000.0,79571000.0,16322000.0,321466000.0,28.143,67827000.0
49,SCI,MRQ,2009-03-31,2009-03-31,2009-03-31,2021-09-09,28896000.0,8143261000.0,,430638000.0,7712623000.0,,5.256,-23494000.0,215971000.0,215971000.0,410475000.0,34380000.0,1.175,5.194,1844567000.0,55897000.0,1788670000.0,1844567000.0,3239290000.0,34599000.0,0.0,0.046,0.04,86481000.0,121080000.0,0.237,121080000.0,86481000.0,54811000.0,0.14,0.14,0.14,1314828000.0,,1314828000.0,2595865334.0,9.0,6.149,117860000.0,0.471,1.0,100120000.0,0.196,1172645000.0,31670000.0,8232625000.0,,31221000.0,697535000.0,0.0,697535000.0,6828685000.0,366587000.0,6462098000.0,875754334.0,87574000.0,7201000.0,2363000.0,-29847000.0,-9981000.0,-37465000.0,-16164000.0,129000.0,141354000.0,-151000.0,34530000.0,34530000.0,34530000.0,0.0,-150000.0,0.068,14556000.0,85564000.0,308983000.0,0.286,0.666,9.72,9.694,3025688000.0,0.0,3.49,0.418,0.417,2359987000.0,-692226000.0,510595000.0,510595000.0,0.0,,,,,2408000.0,21786000.0,1.0,250932474.0,250134000.0,250309000.0,2.041,6970616000.0,79571000.0,20281000.0,307225000.0,27.868,64051000.0
50,SCI,MRQ,2008-12-31,2008-12-31,2008-12-31,2021-09-09,36649000.0,8110883000.0,,355510000.0,7755373000.0,,5.093,-45777000.0,128397000.0,128397000.0,423801000.0,9528000.0,1.088,5.272,1848508000.0,27104000.0,1821404000.0,1848508000.0,3176980000.0,35429000.0,0.0,0.032,0.04,62393000.0,97822000.0,0.189,97822000.0,62393000.0,28721000.0,0.04,0.04,0.04,1293179000.0,,1293179000.0,2990551653.0,10.0,6.877,71088000.0,0.28,1.0,93149000.0,0.18,1178969000.0,33672000.0,8325243000.0,,31603000.0,744758000.0,0.0,744758000.0,6817704000.0,326782000.0,6490922000.0,1270345653.0,-43506000.0,13039000.0,-53970000.0,-52896000.0,-10335000.0,-120420000.0,-33003000.0,-265000.0,116865000.0,-6948000.0,9528000.0,9528000.0,9528000.0,0.0,0.0,0.018,60935000.0,32214000.0,294859000.0,1.0,0.982,13.085,13.079,3026856000.0,0.0,4.97,0.589,0.595,2350789000.0,-726756000.0,516950000.0,516950000.0,0.0,,,,,5563000.0,26011000.0,1.0,255602747.0,253909000.0,254926000.0,2.036,6931914000.0,79571000.0,19193000.0,4354000.0,27.301,28728000.0
51,SCI,MRQ,2008-09-30,2008-09-30,2008-09-30,2021-09-09,119500000.0,8756668000.0,,480280000.0,8276388000.0,,5.639,-40289000.0,171903000.0,171903000.0,434171000.0,14772000.0,1.232,5.033,1892109000.0,56271000.0,1835838000.0,1892109000.0,1354419000.0,34356000.0,0.0,0.018,0.04,49021000.0,83377000.0,0.161,83377000.0,49021000.0,15799000.0,0.06,0.06,0.06,1451407000.0,,1451407000.0,3924975515.0,8.0,6.041,76648000.0,0.298,1.0,82268000.0,0.159,1216748000.0,33222000.0,8870396000.0,,32635000.0,813857000.0,0.0,813857000.0,7305261000.0,389730000.0,6915531000.0,2149875515.0,67203000.0,5716000.0,2501000.0,-7809000.0,-10287000.0,-14546000.0,-34572000.0,1000.0,116937000.0,-616000.0,14639000.0,14639000.0,14639000.0,0.0,133000.0,0.028,20423000.0,61845000.0,333201000.0,0.667,1.481,8.452,8.989,3022888000.0,0.0,8.36,0.972,0.973,2734553000.0,-736284000.0,516439000.0,516439000.0,0.0,,,,,1321000.0,16110000.0,1.0,257162143.0,257408000.0,260370000.0,2.006,7539920000.0,168321000.0,1160000.0,237481000.0,29.292,90550000.0
52,SCI,MRQ,2008-06-30,2008-06-30,2008-06-30,2021-09-09,135443000.0,8807984000.0,,331111000.0,8476873000.0,,5.609,-38795000.0,104700000.0,104700000.0,441621000.0,31397000.0,0.956,5.048,1879800000.0,51289000.0,1828511000.0,1879800000.0,1344751000.0,34807000.0,0.0,0.014,0.04,85103000.0,119910000.0,0.219,119910000.0,85103000.0,51792000.0,0.12,0.12,0.12,1456409000.0,,1456409000.0,4321322761.0,8.0,6.333,31373000.0,0.121,1.0,107161000.0,0.195,1227624000.0,33311000.0,9009001000.0,,33008000.0,863284000.0,0.0,863284000.0,7351575000.0,346459000.0,7005116000.0,2574841761.0,-27775000.0,855000.0,-40603000.0,-10198000.0,-10294000.0,-60249000.0,-37934000.0,6000.0,70168000.0,240000.0,31397000.0,31397000.0,31397000.0,377000.0,0.0,0.057,19964000.0,87197000.0,294707000.0,0.333,1.768,9.612,10.165,3018035000.0,0.0,9.86,1.152,1.146,2896726000.0,-750923000.0,548782000.0,548782000.0,0.0,,,,,2213000.0,21655000.0,1.0,261140138.0,259655000.0,263132000.0,2.114,7580360000.0,73182000.0,20395000.0,148038000.0,29.194,-15348000.0
53,SCI,MRQ,2008-03-31,2008-03-31,2008-03-31,2021-09-09,130484000.0,8748080000.0,,378279000.0,8369801000.0,,5.608,-29240000.0,132475000.0,132475000.0,435854000.0,41519000.0,0.978,4.966,1878956000.0,38558000.0,1840398000.0,1878956000.0,1332316000.0,33201000.0,0.0,0.013,0.04,100557000.0,133758000.0,0.233,133758000.0,100557000.0,66488000.0,0.16,0.16,0.16,1466315000.0,,1466315000.0,4342902242.0,8.0,6.396,17104000.0,0.065,1.0,137597000.0,0.24,1226524000.0,34069000.0,8881424000.0,,33747000.0,874688000.0,0.0,874688000.0,7281765000.0,386613000.0,6895152000.0,2654796242.0,-36119000.0,4105000.0,-35271000.0,9104000.0,-10585000.0,-35428000.0,-45760000.0,-21483000.0,46344000.0,-1275000.0,41519000.0,41519000.0,41519000.0,-15000.0,0.0,0.072,38227000.0,99370000.0,347795000.0,0.25,1.811,10.551,11.267,3008694000.0,0.0,10.14,1.179,1.178,2804521000.0,-771775000.0,573451000.0,573451000.0,0.0,,,,,873000.0,25075000.0,1.0,261814225.0,261475000.0,265329000.0,2.193,7521556000.0,73182000.0,24969000.0,139047000.0,28.766,-8334000.0
54,SCI,MRQ,2007-12-31,2007-12-31,2007-12-31,2021-09-09,152590000.0,8932244000.0,,421327000.0,8510917000.0,,5.436,-43404000.0,168594000.0,168594000.0,452812000.0,166799000.0,0.988,4.986,1856700000.0,36594000.0,1820106000.0,1856700000.0,3670832000.0,33706000.0,0.0,0.009,0.03,278971000.0,312677000.0,0.546,312677000.0,278971000.0,243969000.0,0.59,0.58,0.59,1492083000.0,,1492083000.0,5563902073.0,10.0,8.164,-15848000.0,-0.058,1.0,120110000.0,0.21,1198153000.0,35002000.0,8995757000.0,,36203000.0,905744000.0,0.0,905744000.0,7440161000.0,426440000.0,7013721000.0,3915344073.0,-119144000.0,91387000.0,-260474000.0,-73150000.0,-8364000.0,-336678000.0,189563000.0,141580000.0,27556000.0,415000.0,166799000.0,166799000.0,166799000.0,47000.0,0.0,0.291,23225000.0,96885000.0,343392000.0,0.051,2.624,15.805,16.149,3021200000.0,0.0,14.05,1.713,1.756,2976253000.0,-797965000.0,572922000.0,572922000.0,0.0,,,,,-4421000.0,38297000.0,1.0,278672176.0,274485000.0,279200000.0,2.087,7734091000.0,73182000.0,77170000.0,186928000.0,28.177,-5113000.0
55,SCI,MRQ,2007-09-30,2007-09-30,2007-09-30,2021-09-09,161318000.0,9408793000.0,,469672000.0,8939121000.0,,5.54,-48215000.0,287738000.0,287738000.0,436819000.0,28170000.0,0.865,4.969,1936296000.0,156466000.0,1779830000.0,1936296000.0,1245381000.0,35727000.0,0.0,0.009,0.03,80322000.0,116049000.0,0.215,116049000.0,80322000.0,42232000.0,0.1,0.1,0.1,1576305000.0,,1576305000.0,5421948919.0,18.0,12.234,88856000.0,0.312,1.0,102515000.0,0.19,1268493000.0,38090000.0,9246036000.0,,37898000.0,916629000.0,0.0,916629000.0,7832488000.0,542822000.0,7289666000.0,3703578919.0,64953000.0,96665000.0,-101300000.0,-12088000.0,-8620000.0,-120972000.0,48452000.0,2000.0,137071000.0,402000.0,28170000.0,28170000.0,28170000.0,675000.0,0.0,0.052,32069000.0,70446000.0,340965000.0,0.3,2.35,45.331,46.071,3023727000.0,0.0,12.9,1.69,1.675,3088122000.0,-865496000.0,539334000.0,539334000.0,0.0,,,,,882000.0,32069000.0,1.0,287099141.0,284511000.0,289597000.0,1.896,8140300000.0,0.0,14062000.0,118358000.0,28.612,-73150000.0
56,SCI,MRQ,2007-06-30,2007-06-30,2007-06-30,2021-09-09,113894000.0,9740993000.0,,406785000.0,9334208000.0,,5.531,-39154000.0,222785000.0,222785000.0,462253000.0,15118000.0,0.935,5.061,1941155000.0,103837000.0,1837318000.0,1941155000.0,1276570000.0,36331000.0,0.0,0.009,0.03,80224000.0,116555000.0,0.206,116555000.0,80224000.0,44059000.0,0.05,0.05,0.05,1607176000.0,,1607176000.0,5546679852.0,21.0,14.129,24512000.0,0.084,1.0,103239000.0,0.183,1260587000.0,36165000.0,9763839000.0,,39017000.0,958947000.0,0.0,958947000.0,8133817000.0,434937000.0,7698880000.0,3757018852.0,144692000.0,170785000.0,-96298000.0,56711000.0,-8844000.0,-49580000.0,129651000.0,-16000.0,63666000.0,955000.0,15118000.0,15118000.0,15118000.0,-2209000.0,0.0,0.027,30159000.0,73080000.0,305374000.0,0.6,2.338,66.034,67.263,3071051000.0,0.0,12.78,1.83,1.809,3198883000.0,-858068000.0,565492000.0,565492000.0,0.0,,,,,1913000.0,30159000.0,1.0,293976436.0,290577000.0,296124000.0,1.946,8480406000.0,0.0,28941000.0,122364000.0,29.185,-28152000.0
57,SCI,MRQ,2007-03-31,2007-03-31,2007-03-31,2021-09-09,76704000.0,9749655000.0,,268136000.0,9481519000.0,,5.642,-26238000.0,78093000.0,78093000.0,466572000.0,37642000.0,0.599,4.896,1867754000.0,99202000.0,1768552000.0,1867754000.0,1288090000.0,37468000.0,0.0,0.01,0.03,98736000.0,136204000.0,0.224,136204000.0,98736000.0,61139000.0,0.13,0.13,0.13,1653542000.0,,1653542000.0,5399628473.0,21.0,14.729,101651000.0,0.347,1.0,140983000.0,0.232,1291141000.0,37597000.0,9800278000.0,,39602000.0,915951000.0,0.0,915951000.0,8096113000.0,447897000.0,7648216000.0,3480636473.0,38213000.0,43497000.0,5889000.0,-100547000.0,-8801000.0,-100300000.0,10455000.0,-222000.0,127889000.0,169000.0,37642000.0,37642000.0,37642000.0,-2925000.0,0.0,0.062,35228000.0,105755000.0,344862000.0,0.231,2.105,51.774,51.565,3106065000.0,0.0,11.86,1.814,1.812,3118131000.0,-856765000.0,607555000.0,607555000.0,0.0,,,,,-56000.0,35228000.0,1.0,293476937.0,293096000.0,298621000.0,2.073,8458514000.0,0.0,23497000.0,110512000.0,28.859,-179761000.0
58,SCI,MRQ,2006-12-31,2006-12-31,2006-12-31,2021-09-09,72298000.0,9729389000.0,,238337000.0,9491052000.0,,5.46,-34328000.0,39880000.0,39880000.0,377064000.0,770000.0,0.584,5.101,1958872000.0,46176000.0,1912696000.0,1958872000.0,1291985000.0,27883000.0,0.0,0.012,0.03,46501000.0,74384000.0,0.155,74384000.0,46501000.0,9769000.0,0.0,0.0,0.0,1594775000.0,,1594775000.0,3659929577.0,16.0,11.358,24559000.0,0.084,1.0,102034000.0,0.213,1264272000.0,36732000.0,9976162000.0,,39535000.0,893931000.0,0.0,893931000.0,8134614000.0,407947000.0,7726667000.0,3000720577.0,-596753000.0,-1258342000.0,2332000.0,647077000.0,-7318000.0,641837000.0,-1296195000.0,-1796000.0,58887000.0,-1282000.0,770000.0,770000.0,770000.0,-3106000.0,0.0,0.002,49260000.0,52774000.0,341173000.0,,1.882,53.1,53.947,3136601000.0,0.0,10.25,1.712,1.712,3146454000.0,-906394000.0,479098000.0,479098000.0,0.0,,,,,1548000.0,28718000.0,1.0,292753227.0,292085000.0,297425000.0,1.64,8465117000.0,0.0,8999000.0,195169000.0,28.982,-169610000.0
59,SCI,MRQ,2006-09-30,2006-09-30,2006-09-30,2021-09-09,80228000.0,7643838000.0,,776815000.0,6867023000.0,,5.508,-22666000.0,636633000.0,636633000.0,327341000.0,3365000.0,2.631,3.758,1295842000.0,30629000.0,1265213000.0,1295842000.0,1243466000.0,23931000.0,0.0,0.013,0.03,41492000.0,65423000.0,0.163,65423000.0,41492000.0,8162000.0,0.01,0.01,0.01,1606585000.0,,1606585000.0,3497904025.0,15.0,10.869,91063000.0,0.312,1.0,73048000.0,0.182,1083563000.0,33330000.0,6924175000.0,,47747000.0,681924000.0,0.0,681924000.0,6037253000.0,295309000.0,5741944000.0,2731398025.0,107462000.0,28062000.0,1212000.0,-5841000.0,-7394000.0,-12023000.0,5391000.0,-178000.0,113729000.0,365000.0,3365000.0,3365000.0,3365000.0,-559000.0,0.0,0.008,51706000.0,21342000.0,241853000.0,3.0,1.7,34.79,34.593,2331095000.0,0.0,9.34,1.602,1.598,2503164000.0,-907164000.0,400389000.0,400389000.0,0.0,,,,,1631000.0,20956000.0,1.0,292440902.0,291662000.0,295918000.0,1.373,6560275000.0,0.0,4797000.0,189988000.0,22.493,481506000.0
60,SCI,MRQ,2006-06-30,2006-06-30,2006-06-30,2021-09-09,81460000.0,7670700000.0,,687395000.0,6983305000.0,,5.483,-21497000.0,529171000.0,529171000.0,347212000.0,25450000.0,2.767,3.768,1295677000.0,30414000.0,1265263000.0,1295677000.0,1316895000.0,23128000.0,0.0,0.015,0.03,67463000.0,90591000.0,0.21,90591000.0,67463000.0,40854000.0,0.09,0.09,0.09,1608858000.0,,1608858000.0,3224906300.0,16.0,11.069,49892000.0,0.17,1.0,84188000.0,0.195,1118119000.0,26609000.0,7070682000.0,,64938000.0,693781000.0,0.0,693781000.0,6061842000.0,248405000.0,5813437000.0,2407431300.0,38763000.0,19355000.0,-26687000.0,-17795000.0,-7348000.0,-51830000.0,17003000.0,8066000.0,71389000.0,2201000.0,25450000.0,25450000.0,25450000.0,-93000.0,0.0,0.059,23803000.0,60385000.0,196977000.0,0.333,1.496,36.759,35.391,2404702000.0,0.0,8.14,1.407,1.396,2575415000.0,-910529000.0,431400000.0,431400000.0,0.0,,,,,1711000.0,20922000.0,1.0,295753231.0,293409000.0,297501000.0,1.47,6552581000.0,0.0,15404000.0,189939000.0,22.333,438990000.0
61,SCI,MRQ,2006-03-31,2006-03-31,2006-03-31,2021-09-09,70169000.0,7694307000.0,,665081000.0,7029226000.0,,5.451,-19036000.0,490408000.0,490408000.0,353307000.0,26926000.0,2.48,3.796,1307853000.0,35996000.0,1271857000.0,1307853000.0,1319009000.0,22542000.0,0.0,0.015,0.03,69299000.0,91841000.0,0.208,91841000.0,69299000.0,42571000.0,0.09,0.09,0.09,1604186000.0,,1604186000.0,3052263393.0,16.0,11.459,61178000.0,0.208,1.0,88694000.0,0.201,1122205000.0,26728000.0,7121387000.0,,67256000.0,697871000.0,0.0,697871000.0,6090121000.0,268160000.0,5821961000.0,2303114393.0,43626000.0,-7288000.0,1219000.0,-6619000.0,-7371000.0,-12771000.0,-23701000.0,2547000.0,80214000.0,-116000.0,26926000.0,26926000.0,26926000.0,-149000.0,0.0,0.061,26517000.0,62177000.0,213961000.0,0.333,1.436,42.745,41.053,2409396000.0,0.0,7.8,1.346,1.341,2611788000.0,-935979000.0,442001000.0,442001000.0,0.0,,,,,2145000.0,22007000.0,1.0,295271076.0,294308000.0,298678000.0,1.502,6572102000.0,0.0,15645000.0,175684000.0,22.331,396921000.0
62,SCI,MRQ,2005-12-31,2005-12-31,2005-12-31,2021-09-09,70499000.0,7544769000.0,,613310000.0,6931459000.0,,5.348,-26364000.0,446782000.0,446782000.0,357999000.0,22769000.0,2.248,3.77,1207201000.0,20716000.0,1186485000.0,1207201000.0,1327869000.0,19004000.0,0.0,0.011,0.03,54951000.0,73955000.0,0.171,73955000.0,54951000.0,28617000.0,0.08,0.07,0.08,1581555000.0,,1581555000.0,3194602546.0,408.0,38.632,27951000.0,0.095,1.0,73355000.0,0.17,1123888000.0,26334000.0,6908532000.0,,31254000.0,700382000.0,0.0,700382000.0,5963214000.0,272768000.0,5690446000.0,2425876546.0,-45277000.0,55212000.0,-31242000.0,-83478000.0,-7453000.0,-121329000.0,21544000.0,-6715000.0,54315000.0,193000.0,22769000.0,22769000.0,22769000.0,-681000.0,0.0,0.053,20332000.0,53023000.0,231693000.0,0.375,1.534,-18.961,-19.476,2342901000.0,0.0,8.18,1.413,1.44,2612454000.0,-962905000.0,431354000.0,431354000.0,0.0,,,,,541000.0,22898000.0,1.0,296561925.0,295754000.0,300559000.0,1.458,6420881000.0,0.0,5848000.0,159036000.0,21.71,340542000.0
63,SCI,MRQ,2005-09-30,2005-09-30,2005-09-30,2021-09-09,69295000.0,7724961000.0,,708551000.0,7016410000.0,,5.361,-28489000.0,492059000.0,492059000.0,347526000.0,-9652000.0,2.175,3.845,1286914000.0,91379000.0,1195535000.0,1286914000.0,1347524000.0,19337000.0,0.0,0.007,0.03,15633000.0,34970000.0,0.086,34970000.0,15633000.0,-10537000.0,-0.03,-0.03,-0.03,1594568000.0,,1594568000.0,3492237547.0,608.0,38.398,39620000.0,0.133,1.0,58843000.0,0.145,1140509000.0,26170000.0,7053604000.0,,66158000.0,701382000.0,0.0,701382000.0,6130393000.0,325703000.0,5804690000.0,2564655547.0,172104000.0,113848000.0,-823000.0,-5065000.0,-7455000.0,-13343000.0,115876000.0,30574000.0,68109000.0,1462000.0,-9652000.0,-9652000.0,-9652000.0,463000.0,0.0,-0.024,47190000.0,11653000.0,233634000.0,-1.0,1.608,-20.73,-21.256,2331895000.0,0.0,8.29,1.503,1.445,2615781000.0,-985674000.0,406369000.0,406369000.0,0.0,,,,,549000.0,19744000.0,1.0,309367376.0,297421000.0,297421000.0,1.366,6584452000.0,0.0,-885000.0,173291000.0,22.138,382848000.0
64,SCI,MRQ,2005-06-30,2005-06-30,2005-06-30,2021-09-09,25524000.0,7742080000.0,,557592000.0,7184488000.0,,5.204,-23193000.0,319955000.0,319955000.0,358798000.0,13837000.0,1.778,3.921,1263295000.0,90770000.0,1172525000.0,1263295000.0,1359474000.0,15989000.0,0.0,0.004,0.03,49614000.0,65603000.0,0.152,65603000.0,49614000.0,23390000.0,0.05,0.05,0.05,1573426000.0,,1573426000.0,3408708356.0,97.0,25.433,40169000.0,0.133,1.0,73044000.0,0.169,1150143000.0,26224000.0,7221634000.0,,82987000.0,722947000.0,0.0,722947000.0,6168654000.0,313643000.0,5855011000.0,2481126356.0,-538000.0,24630000.0,-85587000.0,11218000.0,-7729000.0,-82098000.0,18186000.0,16850000.0,63362000.0,12000.0,13837000.0,13837000.0,13837000.0,-3113000.0,0.0,0.032,17957000.0,55087000.0,219925000.0,0.6,1.577,-24.725,-25.062,2431469000.0,0.0,8.02,1.462,1.428,2713199000.0,-970485000.0,431842000.0,431842000.0,0.0,,,,,549000.0,22485000.0,1.0,309367376.0,302363000.0,306404000.0,1.428,6591937000.0,0.0,9553000.0,204226000.0,21.801,243949000.0
65,SCI,MRQ,2005-03-31,2005-03-31,2005-03-31,2021-09-09,26952000.0,7791751000.0,,543279000.0,7248472000.0,,5.273,-20559000.0,320493000.0,320493000.0,349642000.0,-154895000.0,1.744,3.713,1248075000.0,75936000.0,1172139000.0,1248075000.0,1314092000.0,20645000.0,0.0,0.0,0.0,-112370000.0,-91725000.0,-0.205,-91725000.0,-112370000.0,-137375000.0,-0.49,-0.49,-0.49,1653108000.0,,1653108000.0,3284768126.0,61.0,19.172,106555000.0,0.34,1.0,97800000.0,0.219,1162215000.0,25005000.0,7245627000.0,,85761000.0,706585000.0,0.0,706585000.0,6138643000.0,311491000.0,5827152000.0,2318593126.0,32708000.0,29828000.0,-99666000.0,-9153000.0,0.0,-109663000.0,15409000.0,6194000.0,127114000.0,-152000.0,-154895000.0,-154895000.0,-154895000.0,-1175000.0,0.0,-0.346,25448000.0,72352000.0,231403000.0,0.0,1.403,-32.549,-32.522,2472469000.0,0.0,7.48,1.365,1.381,2710517000.0,-984190000.0,447442000.0,447442000.0,0.0,,,,,447000.0,19707000.0,1.0,309972343.0,313490000.0,317751000.0,1.427,6629536000.0,0.0,17520000.0,195356000.0,21.148,231788000.0
66,SCI,MRQ,2004-12-31,2004-12-31,2004-12-31,2021-09-09,-38349000.0,8227154000.0,,536838000.0,7690316000.0,,5.619,-28124000.0,287785000.0,287785000.0,348226000.0,26995000.0,1.708,3.464,1278517000.0,78164000.0,1200353000.0,1278517000.0,1343938000.0,29232000.0,0.0,0.0,0.0,52868000.0,82100000.0,0.195,82100000.0,52868000.0,25722000.0,0.08,0.08,0.08,1842947000.0,,1842947000.0,3437698845.0,15.0,9.676,-103503000.0,-0.316,1.0,72920000.0,0.173,1169040000.0,27146000.0,7734486000.0,,81526000.0,729048000.0,0.0,729048000.0,6384207000.0,314360000.0,6069847000.0,2461027845.0,-30260000.0,27824000.0,-70881000.0,-52731000.0,0.0,-123612000.0,168688000.0,172281000.0,-75379000.0,43000.0,26995000.0,26995000.0,26995000.0,-8862000.0,0.0,0.064,37770000.0,35150000.0,221235000.0,0.0,1.335,22.239,21.286,2488460000.0,0.0,7.45,1.348,1.301,2770184000.0,-834964000.0,421146000.0,421146000.0,0.0,,,,,889000.0,30546000.0,1.0,330339308.0,327980000.0,332018000.0,1.284,7058114000.0,0.0,-1273000.0,282313000.0,21.52,222478000.0
67,SCI,MRQ,2004-09-30,2004-09-30,2004-09-30,2021-09-09,-54505000.0,8308168000.0,,701175000.0,7606993000.0,,5.576,-26206000.0,318045000.0,318045000.0,328519000.0,13715000.0,1.575,3.427,1294716000.0,59025000.0,1235691000.0,1294716000.0,1354812000.0,32855000.0,0.0,0.0,0.0,45196000.0,78051000.0,0.197,78051000.0,45196000.0,18241000.0,0.04,0.04,0.04,1876793000.0,,1876793000.0,3054338749.0,13.0,8.153,10533000.0,0.031,1.0,68667000.0,0.173,1167092000.0,26955000.0,7672461000.0,,86951000.0,699888000.0,0.0,699888000.0,6431375000.0,445286000.0,5986089000.0,2097620749.0,-22839000.0,-47160000.0,-34026000.0,8214000.0,0.0,-25812000.0,-35652000.0,37729000.0,36739000.0,1886000.0,13715000.0,13715000.0,13715000.0,-850000.0,0.0,0.035,28576000.0,40091000.0,369608000.0,0.0,1.118,17.895,16.342,2504491000.0,0.0,6.21,1.048,1.044,2681445000.0,-850608000.0,397186000.0,397186000.0,0.0,,,,,0.0,25295000.0,1.0,337781119.0,336590000.0,340215000.0,1.18,7141076000.0,0.0,4526000.0,319049000.0,21.216,255889000.0
68,SCI,MRQ,2004-06-30,2004-06-30,2004-06-30,2021-09-09,-71483000.0,8438759000.0,,708862000.0,7729897000.0,,6.093,-23591000.0,340884000.0,340884000.0,359019000.0,42952000.0,1.478,3.497,1297602000.0,58810000.0,1238792000.0,1297602000.0,1369753000.0,35017000.0,0.0,0.0,0.0,67891000.0,102908000.0,0.238,102908000.0,67891000.0,36048000.0,0.14,0.14,0.14,1876458000.0,,1876458000.0,3436947912.0,16.0,9.413,20561000.0,0.067,1.0,73349000.0,0.17,1160341000.0,31843000.0,7755663000.0,,75462000.0,699591000.0,0.0,699591000.0,6562301000.0,479473000.0,6082828000.0,2244793912.0,-158027000.0,59896000.0,1960000.0,-185909000.0,0.0,-183949000.0,-16804000.0,-53031000.0,44152000.0,-1426000.0,42952000.0,42952000.0,42952000.0,-34337000.0,0.0,0.099,22511000.0,50838000.0,410179000.0,0.0,1.196,22.728,23.031,2509082000.0,0.0,7.37,1.034,1.045,2777685000.0,-863184000.0,432368000.0,432368000.0,0.0,,,,,0.0,24028000.0,1.0,304585334.0,307988000.0,312725000.0,1.404,7278418000.0,0.0,-6904000.0,316898000.0,23.632,229389000.0
69,SCI,MRQ,2004-03-31,2004-03-31,2004-03-31,2021-09-09,-64162000.0,8777428000.0,,848809000.0,7928619000.0,,5.323,-17698000.0,498911000.0,498911000.0,473070000.0,30136000.0,1.124,4.442,1691065000.0,371692000.0,1319373000.0,1691065000.0,1482009000.0,36327000.0,0.0,0.0,0.0,59015000.0,95342000.0,0.162,95342000.0,59015000.0,26357000.0,0.1,0.1,0.1,1612952000.0,,1612952000.0,3739809758.0,18.0,10.333,70946000.0,0.234,1.0,115629000.0,0.196,1167579000.0,32658000.0,8047142000.0,,78898000.0,703996000.0,0.0,703996000.0,7164476000.0,754861000.0,6409615000.0,2267675758.0,259480000.0,296630000.0,3294000.0,-5907000.0,0.0,-2613000.0,173292000.0,-105601000.0,88644000.0,157000.0,30136000.0,30136000.0,30136000.0,-754000.0,0.0,0.051,16236000.0,99393000.0,371878000.0,0.0,1.406,31.883,32.478,2497849000.0,0.0,7.47,0.976,0.974,2996240000.0,-909544000.0,588699000.0,588699000.0,0.0,,,,,0.0,51021000.0,1.0,303571052.0,303018000.0,353088000.0,1.943,7609849000.0,0.0,-3779000.0,378226000.0,25.114,93948000.0
70,SCI,MRQ,2003-12-31,2003-12-31,2003-12-31,2021-09-09,-111712000.0,7562903000.0,,673277000.0,6889626000.0,,5.046,-35607000.0,239431000.0,239431000.0,506166000.0,30412000.0,1.001,3.97,1701871000.0,182682000.0,1519189000.0,1701871000.0,3015405000.0,39323000.0,0.0,0.0,0.0,58995000.0,98318000.0,0.168,98318000.0,58995000.0,26999000.0,0.1,0.1,0.1,1521620000.0,,1521620000.0,3177489190.0,13.0,7.696,35064000.0,0.116,1.0,77674000.0,0.133,1195422000.0,31996000.0,7156982000.0,,136760000.0,0.0,0.0,0.0,6041283000.0,672939000.0,5368344000.0,1624311190.0,75511000.0,67529000.0,1097000.0,-508000.0,0.0,-9328000.0,16057000.0,-15709000.0,70671000.0,-1889000.0,30412000.0,30412000.0,30412000.0,-13804000.0,0.0,0.052,29689000.0,47985000.0,453081000.0,0.0,1.067,19.093,19.25,2800503000.0,0.0,5.39,0.702,0.699,2378163000.0,-943372000.0,583840000.0,583840000.0,0.0,,,,,0.0,67673000.0,1.0,301356436.0,301541000.0,303634000.0,1.936,6367481000.0,0.0,-3413000.0,444784000.0,21.116,338000.0
71,SCI,MRQ,2003-09-30,2003-09-30,2003-09-30,2021-09-09,-145263000.0,10835255000.0,,626805000.0,10208450000.0,,4.762,-32311000.0,163920000.0,163920000.0,497515000.0,-4732000.0,1.207,6.572,1717098000.0,131971000.0,1585127000.0,1717098000.0,6577707000.0,41798000.0,0.0,0.0,0.0,26772000.0,68570000.0,0.121,68570000.0,26772000.0,-8063000.0,-0.02,-0.02,-0.02,1430886000.0,,1430886000.0,2950931648.0,14.0,7.72,27627000.0,0.092,1.0,68946000.0,0.122,1197055000.0,34835000.0,10671875000.0,,131882000.0,0.0,0.0,0.0,9404369000.0,519503000.0,8884866000.0,1373102648.0,5932000.0,17954000.0,0.0,-20787000.0,0.0,-20787000.0,-33499000.0,-18894000.0,59938000.0,280000.0,-4732000.0,-4732000.0,-4732000.0,-659000.0,0.0,-0.008,54227000.0,14719000.0,370139000.0,0.0,0.96,28.793,30.467,2742824000.0,0.0,4.57,0.598,0.598,1359109000.0,-994957000.0,566461000.0,566461000.0,0.0,,,,,0.0,52775000.0,1.0,300460098.0,300507000.0,300507000.0,1.885,9638200000.0,0.0,-3331000.0,522430000.0,32.073,107302000.0
72,SCI,MRQ,2003-06-30,2003-06-30,2003-06-30,2021-09-09,-161584000.0,10814050000.0,,595702000.0,10218348000.0,,4.73,-26305000.0,157988000.0,157988000.0,489418000.0,15308000.0,1.246,6.637,1735817000.0,130897000.0,1604920000.0,1735817000.0,6553747000.0,41615000.0,0.0,0.0,0.0,58079000.0,99694000.0,0.171,99694000.0,58079000.0,22316000.0,0.05,0.05,0.05,1415978000.0,,1415978000.0,2748982452.0,12.0,6.738,34086000.0,0.114,1.0,94632000.0,0.162,1198195000.0,35763000.0,10715657000.0,,130976000.0,0.0,0.0,0.0,9398072000.0,478027000.0,8920045000.0,1157555452.0,5103000.0,31233000.0,0.0,-32203000.0,0.0,-32203000.0,-25583000.0,-30386000.0,60391000.0,2498000.0,15308000.0,15308000.0,15308000.0,-1234000.0,0.0,0.026,40461000.0,54171000.0,335990000.0,0.0,0.817,20.494,21.5,2759843000.0,0.0,3.87,0.505,0.506,1386068000.0,-989381000.0,584050000.0,584050000.0,0.0,,,,,0.0,36268000.0,1.0,299109936.0,299351000.0,299844000.0,1.951,9615855000.0,0.0,7008000.0,551618000.0,32.122,117675000.0
73,SCI,MRQ,2003-03-31,2003-03-31,2003-03-31,2021-09-09,-186993000.0,10652916000.0,,596063000.0,10056853000.0,,4.605,-21248000.0,152885000.0,152885000.0,465986000.0,44086000.0,1.582,6.769,1744312000.0,16948000.0,1727364000.0,1744312000.0,6422517000.0,38707000.0,0.0,0.0,0.0,107458000.0,146165000.0,0.251,146165000.0,107458000.0,70062000.0,0.15,0.14,0.15,1371173000.0,,1371173000.0,2612985813.0,140.0,13.252,162011000.0,0.544,1.0,115523000.0,0.199,1188902000.0,37396000.0,10678619000.0,,131372000.0,0.0,0.0,0.0,9281743000.0,376822000.0,8904921000.0,828772813.0,-47740000.0,33801000.0,0.0,-237982000.0,0.0,-237982000.0,5603000.0,-6950000.0,183259000.0,1380000.0,44086000.0,44086000.0,44086000.0,0.0,0.0,0.076,12077000.0,103446000.0,351266000.0,0.0,0.604,-8.138,-7.722,2755959000.0,0.0,2.78,0.362,0.361,1394257000.0,-1003760000.0,581509000.0,581509000.0,0.0,,,,,0.0,21411000.0,1.0,298119717.0,297775000.0,348665000.0,1.953,9464014000.0,0.0,25976000.0,545983000.0,31.782,219241000.0
74,SCI,MRQ,2002-12-31,2002-12-31,2002-12-31,2021-09-09,-207146000.0,7798246000.0,,614277000.0,7183969000.0,,4.475,-37811000.0,200625000.0,200625000.0,491192000.0,-6973000.0,1.341,4.878,1974423000.0,100330000.0,1874093000.0,1974423000.0,3341434000.0,42585000.0,0.0,0.0,0.0,25210000.0,67795000.0,0.12,67795000.0,25210000.0,-9750000.0,-0.03,-0.03,-0.03,1326655000.0,,1326655000.0,2845393481.0,-25.0,44.533,62148000.0,0.21,1.0,74353000.0,0.131,1184178000.0,34960000.0,7929874000.0,,136666000.0,0.0,0.0,0.0,6471591000.0,457992000.0,6013599000.0,983785481.0,59580000.0,50337000.0,0.0,-51342000.0,0.0,-109965000.0,67827000.0,56318000.0,99959000.0,1759000.0,-6973000.0,-6973000.0,-6973000.0,14768000.0,0.0,-0.012,33358000.0,40995000.0,356437000.0,0.0,0.742,-4.193,-4.15,2783466000.0,0.0,3.32,0.426,0.423,2647913000.0,-1023145000.0,565545000.0,565545000.0,0.0,,,,,0.0,31937000.0,1.0,296320928.0,296456000.0,296456000.0,1.908,6614068000.0,0.0,-2777000.0,436373000.0,22.31,156285000.0
75,SCI,MRQ,2002-09-30,2002-09-30,2002-09-30,2021-09-09,-226126000.0,10616302000.0,,644015000.0,9972287000.0,,4.353,-22065000.0,141045000.0,141045000.0,485237000.0,4061000.0,1.254,7.263,2002653000.0,103143000.0,1899510000.0,2002653000.0,6223413000.0,49513000.0,0.0,0.0,0.0,44807000.0,94320000.0,0.168,94320000.0,44807000.0,6586000.0,0.01,0.01,0.01,1284844000.0,,1284844000.0,3040446000.0,-4.0,-6.641,71773000.0,0.243,1.0,75409000.0,0.135,1187876000.0,38221000.0,10776266000.0,,151232000.0,0.0,0.0,0.0,9331458000.0,513768000.0,8817690000.0,1032997000.0,-21384000.0,16321000.0,0.0,-142803000.0,0.0,-142803000.0,31009000.0,36753000.0,93838000.0,-3428000.0,4061000.0,4061000.0,4061000.0,0.0,0.0,0.007,47705000.0,27704000.0,407954000.0,0.0,0.804,-1.222,-1.186,2711588000.0,0.0,3.5,0.439,0.439,1529054000.0,-1041814000.0,560646000.0,560646000.0,0.0,,,,,0.0,22492000.0,1.0,295142000.0,295151000.0,295593000.0,1.9,9428426000.0,0.0,2525000.0,484245000.0,31.944,130247000.0
76,SCI,MRQ,2002-06-30,2002-06-30,2002-06-30,2021-09-09,-230566000.0,10698325000.0,,722323000.0,9976002000.0,,4.33,-21695000.0,162429000.0,162429000.0,492150000.0,-143015000.0,1.168,7.408,2169878000.0,190889000.0,1978989000.0,2169878000.0,6221053000.0,47723000.0,0.0,0.0,0.0,-158819000.0,-111096000.0,-0.19,-111096000.0,-158819000.0,-200225000.0,-0.49,-0.49,-0.49,1272373000.0,,1272373000.0,3555380340.0,-5.0,-7.904,53888000.0,0.183,1.0,91273000.0,0.156,1196813000.0,41406000.0,10890704000.0,,164656000.0,0.0,0.0,0.0,9425952000.0,618257000.0,8807695000.0,1419018340.0,-142430000.0,26107000.0,0.0,-178072000.0,0.0,-178072000.0,-40980000.0,-45485000.0,75583000.0,1039000.0,-143015000.0,-143015000.0,-143015000.0,0.0,0.0,-0.245,248108000.0,-156835000.0,415680000.0,0.0,1.115,-1.68,-1.643,2738129000.0,0.0,4.83,0.597,0.597,1564777000.0,-1045875000.0,583423000.0,583423000.0,0.0,,,,,0.0,19592000.0,1.0,293792617.0,293872000.0,293872000.0,1.985,9501512000.0,0.0,-57210000.0,419789000.0,32.332,104066000.0
77,SCI,MRQ,2002-03-31,2002-03-31,2002-03-31,2021-09-09,-242203000.0,10974134000.0,,983975000.0,9990159000.0,,4.778,-18304000.0,304859000.0,304859000.0,482101000.0,-88711000.0,1.149,6.849,2441221000.0,433131000.0,2008090000.0,2441221000.0,6052923000.0,39730000.0,0.0,0.0,0.0,-26855000.0,12875000.0,0.021,12875000.0,-26855000.0,-70241000.0,-0.3,-0.24,-0.3,1398202000.0,,1398202000.0,4059050482.0,-9.0,-17.193,64488000.0,0.22,1.0,119164000.0,0.198,1213473000.0,43386000.0,11040357000.0,,157658000.0,0.0,0.0,0.0,9575932000.0,856666000.0,8719266000.0,1553729482.0,275567000.0,275321000.0,0.0,-74642000.0,0.0,-74642000.0,269069000.0,11297000.0,82792000.0,-1652000.0,-88711000.0,-88711000.0,-88711000.0,0.0,0.0,-0.148,20625000.0,98539000.0,420316000.0,0.0,1.111,-2.181,-2.129,2912519000.0,0.0,5.3,0.644,0.643,1587529000.0,-902860000.0,601265000.0,601265000.0,0.0,,,,,0.0,15731000.0,1.0,293156506.0,292653000.0,345554000.0,2.055,9760661000.0,0.0,18470000.0,486585000.0,33.352,127309000.0
78,SCI,MRQ,2001-12-31,2001-12-31,2001-12-31,2021-09-09,-291199000.0,11579937000.0,,829953000.0,10749984000.0,,4.911,-20606000.0,29292000.0,29292000.0,551231000.0,-617401000.0,1.168,7.082,2534613000.0,220640000.0,2313973000.0,2534613000.0,6352157000.0,88189000.0,0.0,0.0,0.0,-542152000.0,-453963000.0,-0.745,-453963000.0,-542152000.0,-588619000.0,-2.17,-2.17,-2.17,1432861000.0,,1432861000.0,3934972490.0,-11.0,-30.06,30402000.0,0.104,1.0,58308000.0,0.096,1409309000.0,46467000.0,11965347000.0,,168975000.0,0.0,0.0,0.0,10147076000.0,710602000.0,9436474000.0,1455540490.0,-13970000.0,38563000.0,0.0,-91109000.0,0.0,-91078000.0,27036000.0,7199000.0,51008000.0,-936000.0,-617401000.0,-617401000.0,-617401000.0,151889000.0,0.0,-1.013,442824000.0,-384516000.0,484150000.0,0.0,1.016,-2.335,-2.279,3282183000.0,0.0,4.99,0.585,0.572,1635971000.0,-814149000.0,609539000.0,609539000.0,0.0,,,,,0.0,16858000.0,1.0,291691481.0,291760000.0,291760000.0,2.089,10170628000.0,0.0,28782000.0,552559000.0,34.86,119351000.0
79,SCI,MRQ,2001-09-30,2001-09-30,2001-09-30,2021-09-09,-172191000.0,12146211000.0,,716259000.0,11429952000.0,,7.371,-64730000.0,43262000.0,43262000.0,515960000.0,4281000.0,0.998,4.677,2522694000.0,208793000.0,2313901000.0,2522694000.0,6331542000.0,47953000.0,0.0,0.0,0.0,54394000.0,102347000.0,0.176,102347000.0,54394000.0,4962000.0,0.02,0.02,0.02,2139483000.0,,2139483000.0,4475366397.0,-17.0,-69.955,-4758000.0,-0.016,1.0,67019000.0,0.115,1950814000.0,49432000.0,11957354000.0,,178580000.0,0.0,0.0,0.0,10006728000.0,717475000.0,9289253000.0,1745668397.0,-3483000.0,266879000.0,0.0,-266218000.0,0.0,-266218000.0,191786000.0,-9356000.0,59972000.0,10977000.0,4281000.0,4281000.0,4281000.0,0.0,0.0,0.007,23234000.0,43785000.0,458249000.0,0.0,0.816,-4.083,-3.834,3424385000.0,0.0,6.02,0.696,0.697,1692569000.0,-222392000.0,582979000.0,582979000.0,0.0,,,,,0.0,17049000.0,1.0,289978139.0,290258000.0,293763000.0,2.008,10195397000.0,0.0,681000.0,500433000.0,35.125,-1216000.0
80,SCI,MRQ,2001-06-30,2001-06-30,2001-06-30,2021-09-09,-278655000.0,12229799000.0,,724076000.0,11505723000.0,,7.086,12145000.0,46745000.0,46745000.0,532141000.0,-10585000.0,0.769,5.059,2776443000.0,444586000.0,2331857000.0,2776443000.0,6243408000.0,49930000.0,0.0,0.0,0.0,52722000.0,102652000.0,0.166,102652000.0,52722000.0,-1430000.0,-0.04,-0.04,-0.04,2018389000.0,,2018389000.0,4799120006.0,-16.0,-49.917,78061000.0,0.274,1.0,86570000.0,0.14,2020504000.0,54152000.0,11997831000.0,,155761000.0,0.0,0.0,0.0,10211410000.0,941162000.0,9270248000.0,1807031006.0,6524000.0,106900000.0,0.0,-186707000.0,0.0,-186707000.0,132517000.0,19057000.0,65916000.0,-5202000.0,-10585000.0,-10585000.0,-10585000.0,0.0,0.0,-0.017,44646000.0,41924000.0,450393000.0,0.0,0.895,-3.753,-3.593,3488319000.0,0.0,6.36,0.711,0.713,1746486000.0,-226673000.0,618711000.0,618711000.0,0.0,,,,,0.0,18423000.0,1.0,284124372.0,284852000.0,284852000.0,2.172,10209295000.0,0.0,9155000.0,505722000.0,35.841,-217086000.0
81,SCI,MRQ,2001-03-31,2001-03-31,2001-03-31,2021-09-09,-318206000.0,12499895000.0,,791593000.0,11708302000.0,,6.997,-1740000.0,40221000.0,40221000.0,566888000.0,265000.0,1.112,5.528,3032310000.0,171023000.0,2861287000.0,3032310000.0,6293408000.0,50272000.0,0.0,0.0,0.0,67786000.0,118058000.0,0.174,118058000.0,67786000.0,6980000.0,0.0,0.0,0.0,1914705000.0,,1914705000.0,4563893002.0,-16.0,-63.028,204699000.0,0.748,1.0,110888000.0,0.164,2086024000.0,60806000.0,12694288000.0,,160999000.0,0.0,0.0,0.0,10585190000.0,711672000.0,9873518000.0,1320505002.0,-7688000.0,0.0,0.0,-183435000.0,0.0,-183435000.0,-25929000.0,-29774000.0,206439000.0,-4763000.0,265000.0,265000.0,265000.0,0.0,0.0,0.0,43002000.0,67886000.0,462709000.0,,0.69,-2.832,-2.778,3593591000.0,0.0,4.75,0.516,0.508,1756523000.0,-216088000.0,677776000.0,677776000.0,0.0,,,,,0.0,17979000.0,1.0,278001053.0,273637000.0,273966000.0,2.477,10413871000.0,0.0,6715000.0,535023000.0,38.057,79921000.0
82,SCI,MRQ,2000-12-31,2000-12-31,2000-12-31,2021-09-09,-237157000.0,12875274000.0,,907299000.0,11967975000.0,,7.255,-63601000.0,47909000.0,47909000.0,562342000.0,-421540000.0,1.326,5.516,3268102000.0,176782000.0,3091320000.0,3268102000.0,6352826000.0,56111000.0,0.0,0.0,0.0,-443143000.0,-387032000.0,-0.615,-387032000.0,-443143000.0,-508321000.0,-1.55,-1.55,-1.55,1975821000.0,,1975821000.0,3773726962.0,-3.0,-4.062,-4203000.0,-0.015,1.0,66647000.0,0.106,2162511000.0,65178000.0,13248676000.0,,170056000.0,0.0,0.0,0.0,10899453000.0,684280000.0,10215173000.0,480999962.0,9254000.0,91793000.0,0.0,-40399000.0,0.0,-40399000.0,-12373000.0,-31494000.0,59398000.0,2628000.0,-421540000.0,-421540000.0,-421540000.0,2369000.0,0.0,-0.67,524396000.0,-457749000.0,501355000.0,0.0,0.243,-0.358,-0.355,3701747000.0,0.0,1.75,0.188,0.186,1779364000.0,-216353000.0,628989000.0,628989000.0,0.0,,,,,0.0,19901000.0,1.0,274857121.0,272322000.0,272322000.0,2.31,10712763000.0,0.0,-86781000.0,509435000.0,39.339,223019000.0
83,SCI,MRQ,2000-09-30,2000-09-30,2000-09-30,2021-09-09,-202555000.0,13418701000.0,,807401000.0,12611300000.0,,12.649,-8569000.0,38655000.0,38655000.0,543841000.0,-49626000.0,0.935,2.897,3331382000.0,245531000.0,3085851000.0,3331382000.0,4418575000.0,51074000.0,0.0,0.037,0.0,19106000.0,70180000.0,0.114,70180000.0,19106000.0,-54150000.0,-0.18,-0.18,-0.18,3443125000.0,,3443125000.0,4372930572.0,-5.0,-6.348,105218000.0,0.387,1.0,71862000.0,0.117,2295861000.0,73256000.0,13552373000.0,,184110000.0,0.0,0.0,0.0,9975576000.0,863194000.0,9112382000.0,664176572.0,4001000.0,278025000.0,0.0,-416905000.0,0.0,-416905000.0,308036000.0,79068000.0,113787000.0,-917000.0,-49626000.0,-49626000.0,-49626000.0,-4953000.0,0.0,-0.081,20185000.0,51677000.0,505940000.0,0.0,0.193,-0.601,-0.601,3917146000.0,0.0,2.44,0.25,0.25,2047082000.0,1216822000.0,615703000.0,615703000.0,0.0,,,,,0.0,20185000.0,1.0,272203513.0,272210000.0,272210000.0,2.262,11122840000.0,0.0,-4524000.0,1007249000.0,40.861,-55793000.0
84,SCI,MRQ,2000-06-30,2000-06-30,2000-06-30,2021-09-09,-169680000.0,12610736000.0,,1048799000.0,11561937000.0,,12.861,4875000.0,48303000.0,48303000.0,564477000.0,4556000.0,0.97,2.604,3757057000.0,466571000.0,3290486000.0,3757057000.0,3194423000.0,58684000.0,0.0,0.057,0.0,67699000.0,126383000.0,0.199,126383000.0,67699000.0,-5866000.0,0.02,0.02,0.02,3499355000.0,,3499355000.0,4653533228.0,-6.0,-7.86,98471000.0,0.362,1.0,72068000.0,0.113,2342801000.0,73565000.0,12895727000.0,,191595000.0,0.0,0.0,0.0,9111381000.0,1080962000.0,8030419000.0,862555228.0,-75478000.0,800000.0,55000.0,-149762000.0,0.0,-149707000.0,-19116000.0,-1340000.0,93596000.0,-251000.0,4556000.0,4556000.0,4556000.0,-5611000.0,0.0,0.007,33015000.0,39053000.0,510179000.0,0.0,0.246,-0.842,-0.843,3981131000.0,0.0,3.17,0.314,0.314,2113084000.0,1240516000.0,636545000.0,636545000.0,0.0,,,,,0.0,19734000.0,1.0,272099441.0,272093000.0,272093000.0,2.339,10267935000.0,0.0,-10422000.0,923978000.0,37.737,-32163000.0
85,SCI,MRQ,2000-03-31,2000-03-31,2000-03-31,2021-09-09,-108681000.0,14477535000.0,,982874000.0,13494661000.0,,12.943,-16075000.0,147158000.0,147158000.0,566428000.0,-876641000.0,0.95,3.111,3938136000.0,369832000.0,3568304000.0,3938136000.0,3161407000.0,58162000.0,0.0,0.09,0.0,-796820000.0,-738658000.0,-1.081,-738658000.0,-796820000.0,-866369000.0,-3.22,-3.21,-3.22,3521353000.0,,3521353000.0,4787988854.0,-7.0,-9.957,85384000.0,0.314,1.0,117065000.0,0.171,2431581000.0,69549000.0,14802057000.0,,186204000.0,1355230000.0,0.0,1355230000.0,10956182000.0,1034875000.0,9921307000.0,816193854.0,58937000.0,0.0,-55000.0,-100895000.0,0.0,42548000.0,-83479000.0,-8535000.0,101459000.0,-1591000.0,-876641000.0,-876641000.0,-876641000.0,-5152000.0,0.0,-1.283,20113000.0,96952000.0,547102000.0,0.0,0.232,-0.857,-0.857,4027649000.0,0.0,3.0,0.285,0.285,2159156000.0,1201724000.0,683493000.0,683493000.0,0.0,,,,,0.0,20113000.0,1.0,272064618.0,272063000.0,273501000.0,2.512,12045954000.0,0.0,10272000.0,947732000.0,44.276,-52001000.0
86,SCI,MRQ,1999-12-31,1999-12-31,1999-12-31,2021-09-09,-59990000.0,12978230000.0,,1143497000.0,11834733000.0,,12.847,-997000.0,57814000.0,57814000.0,641582000.0,-184248000.0,1.099,2.713,4060016000.0,423949000.0,3636067000.0,4060016000.0,3186081000.0,63861000.0,0.0,0.052,0.09,-210613000.0,-146752000.0,-0.203,-146752000.0,-210613000.0,-275194000.0,-0.68,-0.68,-0.68,3495273000.0,,3495273000.0,5882286397.0,31.0,13.479,59580000.0,0.219,1.0,80089000.0,0.111,2434467000.0,64581000.0,13505185000.0,,190343000.0,0.0,0.0,0.0,9482957000.0,1040780000.0,8442177000.0,1888100397.0,-117616000.0,-28583000.0,0.0,-506901000.0,-24485000.0,-165450000.0,-6678000.0,-2302000.0,60577000.0,-6065000.0,-184248000.0,-184248000.0,-184248000.0,-3863000.0,0.0,-0.255,299290000.0,-219201000.0,576751000.0,-0.132,0.54,-58.253,-57.833,4062389000.0,0.0,6.94,0.628,0.628,2117494000.0,1126898000.0,721671000.0,721671000.0,0.0,,,,,0.0,26746000.0,1.0,272060576.0,272062000.0,266020000.0,2.653,10543763000.0,0.0,-90946000.0,904860000.0,38.755,102717000.0
87,SCI,MRQ,1999-09-30,1999-09-30,1999-09-30,2021-09-09,-31319000.0,14972437000.0,,1092604000.0,13879833000.0,,13.63,-15523000.0,205837000.0,205837000.0,584437000.0,32054000.0,1.386,3.038,4200023000.0,88718000.0,4111305000.0,4200023000.0,3306471000.0,60189000.0,0.0,0.034,0.09,106801000.0,166990000.0,0.236,166990000.0,106801000.0,47397000.0,0.12,0.12,0.12,3708127000.0,,3708127000.0,6868243024.0,13.0,8.872,89111000.0,0.328,1.0,123754000.0,0.175,2501823000.0,59404000.0,15676473000.0,,209445000.0,1284291000.0,0.0,1284291000.0,11264310000.0,788327000.0,10475983000.0,2872961024.0,76767000.0,-8038000.0,-81000.0,71395000.0,-24485000.0,46829000.0,-77910000.0,9362000.0,104634000.0,3214000.0,32054000.0,32054000.0,32054000.0,-2703000.0,0.0,0.045,19322000.0,104432000.0,600058000.0,0.75,0.775,13.614,13.367,4140471000.0,0.0,10.56,0.973,0.973,2186068000.0,1311146000.0,708191000.0,708191000.0,0.0,,,,,0.0,19322000.0,1.0,272060703.0,272060000.0,273079000.0,2.603,12470614000.0,0.0,15343000.0,933163000.0,45.838,304277000.0
88,SCI,MRQ,1999-06-30,1999-06-30,1999-06-30,2021-09-09,-33982000.0,14665831000.0,,1016676000.0,13649155000.0,,13.595,-33329000.0,129070000.0,129070000.0,576503000.0,76013000.0,1.411,2.966,4124352000.0,79431000.0,4044921000.0,4124352000.0,3237869000.0,66136000.0,0.0,0.019,0.09,171396000.0,237532000.0,0.318,237532000.0,171396000.0,114635000.0,0.28,0.28,0.28,3697960000.0,,3697960000.0,9196914538.0,15.0,11.056,22769000.0,0.084,1.0,169333000.0,0.227,2446779000.0,56761000.0,15493950000.0,,209470000.0,1247861000.0,0.0,1247861000.0,10967871000.0,720384000.0,10247487000.0,5235633538.0,-52614000.0,63636000.0,0.0,445000.0,-24478000.0,-24033000.0,-82366000.0,31717000.0,56098000.0,-2313000.0,76013000.0,76013000.0,76013000.0,-6090000.0,0.0,0.102,16807000.0,152526000.0,553893000.0,0.321,1.416,19.969,19.444,4150700000.0,0.0,19.25,1.771,1.771,2139923000.0,1303576000.0,745836000.0,745836000.0,0.0,,,,,0.0,16807000.0,1.0,271980963.0,272013000.0,274587000.0,2.742,12219052000.0,0.0,38622000.0,929118000.0,44.921,296292000.0
89,SCI,MRQ,1999-03-31,1999-03-31,1999-03-31,2021-09-09,5029000.0,14736517000.0,,1083698000.0,13652819000.0,,13.495,-41436000.0,181684000.0,181684000.0,685185000.0,43768000.0,1.365,3.0,4142965000.0,93750000.0,4049215000.0,4142965000.0,3255373000.0,55904000.0,0.0,0.025,0.09,125750000.0,181654000.0,0.201,181654000.0,125750000.0,68302000.0,0.16,0.16,0.16,3683972000.0,,3683972000.0,7377998809.0,12.0,9.02,130865000.0,0.479,1.0,218871000.0,0.242,2453578000.0,57448000.0,15450311000.0,,207242000.0,1273154000.0,0.0,1273154000.0,11052545000.0,793909000.0,10258636000.0,3875551809.0,-176526000.0,-129662000.0,-45669000.0,310834000.0,-23331000.0,-124102000.0,-217788000.0,-17318000.0,172301000.0,-6937000.0,43768000.0,43768000.0,43768000.0,0.0,0.0,0.048,109594000.0,109277000.0,616341000.0,0.562,1.052,13.985,13.318,4130402000.0,0.0,14.25,1.336,1.341,2148754000.0,1252046000.0,904056000.0,904056000.0,0.0,,,,,0.0,19710000.0,1.0,271968548.0,272990000.0,275442000.0,3.312,12282939000.0,0.0,24534000.0,926659000.0,44.994,289789000.0
90,SCI,MRQ,1998-12-31,1998-12-31,1998-12-31,2021-09-09,15378000.0,13266158000.0,,1209080000.0,12057078000.0,,12.222,-83554000.0,358210000.0,358210000.0,472038000.0,59195000.0,1.918,3.206,3860657000.0,96067000.0,3764590000.0,3860657000.0,2819794000.0,63450000.0,0.0,0.009,0.09,124491000.0,187941000.0,0.316,187941000.0,124491000.0,73428000.0,0.23,0.23,0.23,3154102000.0,,3154102000.0,13146914868.0,19.0,14.856,-46393000.0,-0.18,1.0,122685000.0,0.206,1813212000.0,51063000.0,14325068000.0,,189070000.0,1234678000.0,0.0,1234678000.0,10112056000.0,630325000.0,9481731000.0,9814643868.0,241230000.0,-41142000.0,0.0,449082000.0,-23204000.0,425878000.0,-222836000.0,-17073000.0,37161000.0,1027000.0,59195000.0,59195000.0,59195000.0,-10581000.0,0.0,0.1,17158000.0,105527000.0,452354000.0,0.391,3.112,28.686,28.403,3860876000.0,0.0,38.06,3.64,3.617,1973628000.0,1232758000.0,594723000.0,594723000.0,0.0,,,,,0.0,17158000.0,1.0,257872934.0,258065000.0,263156000.0,2.305,11452946000.0,0.0,14233000.0,878990000.0,44.38,578755000.0
91,SCI,MRQ,1998-09-30,1998-09-30,1998-09-30,2021-09-09,-5883000.0,12053975000.0,,962845000.0,11091130000.0,,11.67,-24385000.0,116980000.0,116980000.0,538814000.0,83213000.0,1.467,3.013,3449251000.0,83269000.0,3365982000.0,3449251000.0,2458898000.0,48368000.0,0.0,0.011,0.09,176371000.0,224739000.0,0.315,224739000.0,176371000.0,128555000.0,0.32,0.32,0.32,3003665000.0,,3003665000.0,11271551837.0,15.0,12.272,77650000.0,0.302,1.0,173706000.0,0.244,1769592000.0,47816000.0,12960537000.0,,183039000.0,1275234000.0,0.0,1275234000.0,9050310000.0,656117000.0,8394193000.0,8201453837.0,41454000.0,-302007000.0,0.0,298989000.0,-23149000.0,275840000.0,-336421000.0,-30806000.0,102035000.0,0.0,83213000.0,83213000.0,83213000.0,0.0,0.0,0.117,15422000.0,158284000.0,425142000.0,0.281,2.73,21.881,21.687,3681360000.0,0.0,31.88,2.964,2.965,1849414000.0,1196893000.0,712520000.0,712520000.0,0.0,,,,,0.0,15422000.0,1.0,257260158.0,257380000.0,263416000.0,2.768,10284383000.0,0.0,45342000.0,889176000.0,39.958,306728000.0
92,SCI,MRQ,1998-06-30,1998-06-30,1998-06-30,2021-09-09,8178000.0,11244662000.0,,885645000.0,10359017000.0,,11.517,-49712000.0,75526000.0,75526000.0,502540000.0,90948000.0,1.686,2.829,3145624000.0,68338000.0,3077286000.0,3145624000.0,3400012000.0,42659000.0,0.0,0.008,0.09,180967000.0,223626000.0,0.324,223626000.0,180967000.0,140503000.0,0.36,0.35,0.36,2936985000.0,,2936985000.0,13642936098.0,19.0,15.557,-35440000.0,-0.139,1.0,187690000.0,0.272,1705928000.0,40464000.0,12083626000.0,,183920000.0,640962000.0,0.0,640962000.0,8307677000.0,525206000.0,7782471000.0,10977223098.0,-166061000.0,-311215000.0,0.0,203174000.0,-23212000.0,179962000.0,-360295000.0,-10830000.0,14272000.0,0.0,90948000.0,90948000.0,90948000.0,0.0,0.0,0.132,17251000.0,170439000.0,368256000.0,0.25,3.738,30.129,29.778,3480128000.0,0.0,42.88,4.133,4.117,1687695000.0,1136891000.0,690230000.0,690230000.0,0.0,,,,,0.0,17251000.0,1.0,255998673.0,255004000.0,261740000.0,2.707,9538734000.0,0.0,49555000.0,821262000.0,37.406,360439000.0
93,SCI,MRQ,1998-03-31,1998-03-31,1998-03-31,2021-09-09,1809000.0,10798760000.0,,1023070000.0,9775690000.0,,11.116,-51330000.0,241587000.0,241587000.0,482716000.0,108786000.0,1.794,2.815,2907300000.0,64603000.0,2842697000.0,2907300000.0,3280549000.0,42853000.0,0.0,0.008,0.08,205771000.0,248624000.0,0.356,248624000.0,205771000.0,168061000.0,0.43,0.42,0.43,2830424000.0,,2830424000.0,13510282003.0,20.0,15.979,88301000.0,0.347,1.0,216128000.0,0.309,1520286000.0,37710000.0,11373899000.0,,170410000.0,606629000.0,0.0,606629000.0,7968336000.0,570288000.0,7398048000.0,10857890003.0,194710000.0,-55608000.0,0.0,178676000.0,-18795000.0,159881000.0,-104802000.0,-20098000.0,139631000.0,0.0,108786000.0,108786000.0,108786000.0,0.0,0.0,0.156,17008000.0,199120000.0,405933000.0,0.186,3.836,30.83,30.099,3355845000.0,0.0,42.44,4.23,4.21,1623762000.0,1069086000.0,698844000.0,698844000.0,0.0,,,,,0.0,17008000.0,1.0,255840952.0,254635000.0,261768000.0,2.744,9278474000.0,0.0,59275000.0,807604000.0,36.438,452782000.0
94,SCI,MRQ,1997-12-31,1997-12-31,1997-12-31,2021-09-09,-3519000.0,10514930000.0,,811408000.0,9703522000.0,,10.813,-51157000.0,46877000.0,46877000.0,481346000.0,91880000.0,1.515,2.857,2699269000.0,64570000.0,2634699000.0,2699269000.0,2805429000.0,43568000.0,0.0,0.008,0.08,177921000.0,221489000.0,0.333,221489000.0,177921000.0,141566000.0,0.36,0.36,0.36,2726004000.0,,2726004000.0,11636308296.0,17.0,13.962,-37124000.0,-0.147,1.0,184505000.0,0.277,1498116000.0,36355000.0,11133764000.0,,172169000.0,574728000.0,0.0,574728000.0,7788926000.0,535442000.0,7253484000.0,9256457296.0,-15237000.0,-59079000.0,0.0,214444000.0,-18890000.0,195554000.0,-222326000.0,-162456000.0,14033000.0,-2498000.0,91880000.0,91880000.0,91880000.0,0.0,0.0,0.138,17566000.0,166939000.0,425631000.0,0.222,3.396,27.735,27.022,3280996000.0,0.0,36.75,3.65,3.557,1538602000.0,983353000.0,665851000.0,665851000.0,0.0,,,,,0.0,17566000.0,1.0,251876389.0,252112000.0,259278000.0,2.641,9016814000.0,0.0,49686000.0,746462000.0,35.765,275966000.0
95,SCI,MRQ,1997-09-30,1997-09-30,1997-09-30,2021-09-09,-2802000.0,9737921000.0,,755471000.0,8982450000.0,,10.402,-25889000.0,62114000.0,62114000.0,449223000.0,72724000.0,1.245,2.72,2441965000.0,124706000.0,2317259000.0,2441965000.0,3019888000.0,38919000.0,0.0,0.009,0.08,144327000.0,183246000.0,0.305,183246000.0,144327000.0,111593000.0,0.29,0.28,0.29,2617543000.0,,2617543000.0,10387606640.0,16.0,13.139,89709000.0,0.357,1.0,151772000.0,0.253,1428695000.0,32734000.0,10082389000.0,,151418000.0,569339000.0,0.0,569339000.0,7120378000.0,606688000.0,6513690000.0,8049936640.0,30557000.0,-138394000.0,0.0,79388000.0,-18862000.0,60526000.0,-145567000.0,50259000.0,115598000.0,0.0,72724000.0,72724000.0,72724000.0,0.0,0.0,0.121,16775000.0,134997000.0,414470000.0,0.276,3.075,25.505,24.06,3172475000.0,0.0,32.0,3.206,3.207,1419048000.0,908690000.0,600995000.0,600995000.0,0.0,,,,,0.0,16775000.0,1.0,251560520.0,251634000.0,258614000.0,2.388,8309226000.0,0.0,38869000.0,719431000.0,33.021,148783000.0
96,SCI,MRQ,1997-06-30,1997-06-30,1997-06-30,2021-09-09,11629000.0,9408557000.0,,719268000.0,8689289000.0,,10.661,-76871000.0,31557000.0,31557000.0,437958000.0,78801000.0,1.333,2.664,2369227000.0,100858000.0,2268369000.0,2369227000.0,2888894000.0,37742000.0,0.0,0.008,0.08,154383000.0,192125000.0,0.32,192125000.0,154383000.0,121290000.0,0.33,0.31,0.33,2567874000.0,,2567874000.0,10051639659.0,16.0,13.109,8077000.0,0.034,1.0,163183000.0,0.271,1388309000.0,33093000.0,9818226000.0,,150803000.0,560405000.0,0.0,560405000.0,6840683000.0,539692000.0,6300991000.0,7870280659.0,-15854000.0,-93679000.0,0.0,107570000.0,-17947000.0,89623000.0,-190425000.0,8102000.0,84948000.0,0.0,78801000.0,78801000.0,78801000.0,0.0,0.0,0.131,15812000.0,147371000.0,386084000.0,0.242,3.065,26.208,25.688,3090169000.0,0.0,32.88,3.206,3.226,1392282000.0,854855000.0,601141000.0,601141000.0,0.0,,,,,0.0,15812000.0,1.0,239363767.0,240872000.0,257695000.0,2.496,8020248000.0,0.0,42489000.0,687956000.0,33.297,179576000.0
97,SCI,MRQ,1997-03-31,1997-03-31,1997-03-31,2021-09-09,10792000.0,9081072000.0,,731110000.0,8349962000.0,,9.715,-29707000.0,47411000.0,47411000.0,450297000.0,90345000.0,1.273,2.94,2228770000.0,100062000.0,2128708000.0,2228770000.0,2784123000.0,37321000.0,0.0,0.008,0.06,199260000.0,236581000.0,0.371,236581000.0,199260000.0,164722000.0,0.38,0.36,0.38,2304976000.0,,2304976000.0,9221530536.0,15.0,12.442,57648000.0,0.243,1.0,188152000.0,0.295,1372705000.0,34538000.0,9315375000.0,,141421000.0,567205000.0,0.0,567205000.0,6776096000.0,574351000.0,6201745000.0,7103048536.0,3280000.0,-142233000.0,0.0,5240000.0,-14189000.0,-8949000.0,-75126000.0,111621000.0,87355000.0,0.0,90345000.0,90345000.0,90345000.0,0.0,0.0,0.142,16628000.0,171524000.0,400297000.0,0.158,3.082,25.033,24.587,2943010000.0,0.0,29.75,2.937,2.919,1371012000.0,795052000.0,638449000.0,638449000.0,0.0,,,,,0.0,16628000.0,1.0,238757934.0,237264000.0,255538000.0,2.691,7708367000.0,0.0,74377000.0,657253000.0,32.489,156759000.0
98,SCI,MRQ,1996-12-31,1996-12-31,1996-12-31,2021-09-09,33233000.0,8869770000.0,,714040000.0,8155730000.0,,9.5,-75002000.0,44131000.0,44131000.0,501797000.0,73756000.0,1.175,2.968,2162613000.0,113876000.0,2048737000.0,2162613000.0,2725770000.0,28718000.0,0.0,0.008,0.06,149947000.0,178665000.0,0.266,178665000.0,149947000.0,114316000.0,0.33,,0.33,2235317000.0,,2235317000.0,,,,-27056000.0,-0.115,1.0,168843000.0,0.252,1376634000.0,35631000.0,9004075000.0,,139019000.0,601565000.0,0.0,601565000.0,6634453000.0,607543000.0,6026910000.0,6685222152.0,-54000.0,-86035000.0,0.0,144872000.0,-14139000.0,130733000.0,-178733000.0,-74558000.0,47946000.0,0.0,73756000.0,73756000.0,73756000.0,0.0,0.0,0.11,22378000.0,146465000.0,440797000.0,0.182,2.991,25.199,24.779,2837288000.0,0.0,28.0,2.838,2.797,1303863000.0,728108000.0,670640000.0,670640000.0,0.0,,,,,0.0,22378000.0,1.0,238757934.0,235299000.0,,2.85,7493136000.0,0.0,40560000.0,580330000.0,31.845,106497000.0
99,SCI,MRQ,1996-09-30,1996-09-30,1996-09-30,2021-09-09,,,,,,,,-31224000.0,,,413122000.0,57395000.0,,,,,,,,34610000.0,,0.008,0.06,124769000.0,159379000.0,0.293,159379000.0,124769000.0,88774000.0,0.24,,0.24,,,,,,,20518000.0,,1.0,131378000.0,0.241,,35995000.0,,,,,,,,,,,-82387000.0,70394000.0,0.0,-150434000.0,-14120000.0,-164554000.0,30425000.0,0.0,51742000.0,0.0,57395000.0,57395000.0,57395000.0,0.0,0.0,0.105,12296000.0,119082000.0,,0.25,,,,,0.0,30.25,,,,,544500000.0,544500000.0,0.0,,,,,0.0,12296000.0,1.0,,,,,,,31379000.0,,,
100,SCI,MRQ,1996-06-30,1996-06-30,1996-06-30,2021-09-09,,,,,,,,-24112000.0,,,420686000.0,62250000.0,,,,,,,,34697000.0,,0.008,0.06,131813000.0,166510000.0,0.295,166510000.0,131813000.0,97568000.0,0.26,,0.26,,,,,,,9633000.0,,1.0,144063000.0,0.255,,34245000.0,,,,,,,,,,,60115000.0,-99050000.0,0.0,226762000.0,-14100000.0,212662000.0,-186292000.0,0.0,33745000.0,0.0,62250000.0,62250000.0,62250000.0,0.0,0.0,0.11,14786000.0,129277000.0,,0.231,,,,,0.0,28.75,,,,,564749000.0,564749000.0,0.0,,,,,0.0,14786000.0,1.0,,,,,,,35318000.0,,,
101,SCI,MRQ,1996-03-31,1996-03-31,1996-03-31,2021-09-09,,,,,,,,-32693000.0,,,415285000.0,71897000.0,,,,,,,,31794000.0,,0.009,0.055,145909000.0,177703000.0,0.309,177703000.0,145909000.0,113223000.0,0.3,,0.3,,,,,,,43731000.0,,1.0,160168000.0,0.278,,32686000.0,,,,,,,,,,,8973000.0,-95423000.0,0.0,90978000.0,-12903000.0,78075000.0,-145526000.0,0.0,76424000.0,0.0,71897000.0,71897000.0,71897000.0,0.0,0.0,0.125,13755000.0,146413000.0,,0.183,,,,,0.0,24.44,,,,,575453000.0,575453000.0,0.0,,,,,0.0,13755000.0,1.0,,,,,,,41326000.0,,,
102,SCI,MRQ,1995-12-31,1995-12-31,1995-12-31,2021-09-09,7533000.0,7672387000.0,,659601000.0,7012786000.0,,9.896,,57484000.0,57484000.0,,,1.078,2.884,1834701000.0,122237000.0,1712464000.0,1834701000.0,2362053000.0,,0.0,0.01,0.055,,,,,,,,,,1975345000.0,,1975345000.0,,,,,,1.0,,,1152215000.0,,7685638000.0,,120805000.0,557335000.0,0.0,557335000.0,5697042000.0,611751000.0,5085291000.0,,,,,,,,,,,,,,,,,,,,420940000.0,,,,23.913,2436278000.0,,22.0,,2.658,1211832000.0,518562000.0,,,,,,,,,,1.0,,199603000.0,,,6520172000.0,0.0,,506414000.0,32.666,47850000.0
0,SCI,MRT,2021-06-30,2021-06-30,2021-06-30,2021-09-09,51305000.0,15344449000.0,14608818500.0,586574000.0,14757875000.0,0.271,11.387,-220544000.0,436796000.0,436796000.0,2728789000.0,715327000.0,0.848,7.0,3838908000.0,66460000.0,3772448000.0,3838908000.0,1520245000.0,180536000.0,0.0,0.015,0.82,1074605000.0,1255141000.0,0.317,1255141000.0,1074605000.0,924413000.0,4.16,4.11,4.16,1918138000.0,1816167250.0,1918138000.0,12423134125.0,12.0,9.898,709269000.0,4.211,1.0,1225236000.0,0.31,1884806000.0,150192000.0,16170263000.0,15433753000.0,25036000.0,1966279000.0,0.0,1966279000.0,13426338000.0,691492000.0,12734846000.0,9010696125.0,196043000.0,-49283000.0,-465686000.0,136286000.0,-140179000.0,-469579000.0,-274865000.0,0.0,929813000.0,10674000.0,715042000.0,715042000.0,715042000.0,0.0,285000.0,0.181,126842000.0,1098394000.0,594778000.0,0.197,4.698,12.602,12.882,4012932000.0,0.0,53.59,2.279,2.283,5875623000.0,714073000.0,3954025000.0,3954025000.0,0.0,0.049,0.394,0.07,0.272,14155000.0,137855000.0,1.0,168141372.0,168450000.0,170863000.0,23.473,13459643000.0,0.0,209371000.0,30254000.0,79.903,-104918000.0
1,SCI,MRT,2021-03-31,2021-03-31,2021-03-31,2021-09-09,44371000.0,14788260000.0,14144688750.0,387485000.0,14400775000.0,0.268,10.892,-212210000.0,243726000.0,243726000.0,2611235000.0,663091000.0,0.46,6.991,3656164000.0,217062000.0,3439102000.0,3656164000.0,1501574000.0,179467000.0,0.0,0.016,0.8,1016868000.0,1196335000.0,0.316,1196335000.0,1016868000.0,862344000.0,3.81,3.78,3.81,1850711000.0,1775203000.0,1850711000.0,12160896507.0,12.0,10.165,709755000.0,4.177,1.0,1175290000.0,0.31,1882513000.0,154524000.0,15476403000.0,15004798750.0,25945000.0,1881728000.0,0.0,1881728000.0,12937600000.0,841782000.0,12095818000.0,8649219507.0,14970000.0,-79911000.0,-486076000.0,-1101000.0,-138546000.0,-625723000.0,-293721000.0,0.0,921965000.0,12449000.0,662845000.0,662845000.0,662845000.0,0.0,246000.0,0.175,139887000.0,1035403000.0,550072000.0,0.21,4.673,13.049,13.399,4002087000.0,0.0,51.05,2.284,2.291,5638711000.0,662271000.0,3786525000.0,3786525000.0,0.0,0.047,0.373,0.068,0.269,14197000.0,145986000.0,1.0,169426435.0,169918000.0,172367000.0,22.284,12905747000.0,0.0,199499000.0,74648000.0,75.953,-454297000.0
2,SCI,MRT,2020-12-31,2020-12-31,2020-12-31,2021-09-09,39366000.0,14515425000.0,13626438250.0,376152000.0,14139273000.0,0.258,9.919,-222211000.0,230857000.0,230857000.0,2534682000.0,516137000.0,0.461,7.282,3742534000.0,228352000.0,3514182000.0,3742534000.0,1488909000.0,177743000.0,0.0,0.016,0.78,824893000.0,1002636000.0,0.286,1002636000.0,824893000.0,661830000.0,2.92,2.88,2.92,1752748000.0,1750298500.0,1752748000.0,11941776184.0,14.0,11.91,582140000.0,3.294,1.0,976827000.0,0.278,1880007000.0,163063000.0,15331161000.0,14563670000.0,23929000.0,1820489000.0,0.0,1820489000.0,12762804000.0,815934000.0,11946870000.0,8481712184.0,-4010000.0,-94327000.0,-490199000.0,134813000.0,-137392000.0,-492778000.0,-318371000.0,0.0,804351000.0,2788000.0,515907000.0,515907000.0,515907000.0,0.0,230000.0,0.147,133276000.0,843551000.0,575948000.0,0.267,4.839,16.44,16.815,4013004000.0,0.0,49.1,2.415,2.471,5438659000.0,560731000.0,3511509000.0,3511509000.0,0.0,0.038,0.295,0.057,0.235,14103000.0,141066000.0,1.0,172743629.0,176709000.0,178990000.0,19.872,12635418000.0,0.0,145923000.0,11634000.0,71.504,-439782000.0
3,SCI,MRT,2020-09-30,2020-09-30,2020-09-30,2021-09-09,20270000.0,13787140000.0,13416939500.0,366058000.0,13421082000.0,0.253,9.905,-218381000.0,220304000.0,220304000.0,2512666000.0,462219000.0,0.588,6.91,3680368000.0,95862000.0,3584506000.0,3680368000.0,1501167000.0,178168000.0,0.0,0.018,0.75,778871000.0,957039000.0,0.282,957039000.0,778871000.0,607574000.0,2.57,2.55,2.57,1743072000.0,1767939750.0,1743072000.0,10871660011.0,14.0,11.36,497614000.0,2.828,1.0,879335000.0,0.259,1867885000.0,171297000.0,14757185000.0,14394270500.0,25830000.0,1671052000.0,0.0,1671052000.0,12044004000.0,622134000.0,11421870000.0,7432918011.0,22816000.0,-44740000.0,-388439000.0,94430000.0,-134293000.0,-428302000.0,-264232000.0,0.0,715995000.0,-645000.0,462016000.0,462016000.0,462016000.0,0.0,203000.0,0.136,81833000.0,797502000.0,524691000.0,0.292,4.264,16.088,16.412,3995926000.0,0.0,42.18,2.191,2.188,4915414000.0,556495000.0,3392001000.0,3392001000.0,0.0,0.034,0.261,0.054,0.23,14037000.0,134990000.0,1.0,176219014.0,175982000.0,178140000.0,19.275,11919255000.0,0.0,145558000.0,1581000.0,67.73,-256076000.0
4,SCI,MRT,2020-06-30,2020-06-30,2020-06-30,2021-09-09,12400000.0,13487930000.0,13299234750.0,383636000.0,13104294000.0,0.244,9.861,-232071000.0,222234000.0,222234000.0,2467590000.0,405599000.0,0.632,6.689,3660976000.0,87267000.0,3573709000.0,3660976000.0,1494106000.0,175638000.0,0.0,0.019,0.74,692851000.0,868489000.0,0.268,868489000.0,692851000.0,515597000.0,2.24,2.21,2.24,1754281000.0,1776045000.0,1754281000.0,10373391121.0,15.0,11.944,498093000.0,2.8,1.0,775411000.0,0.239,1865401000.0,177254000.0,14454446000.0,14267389750.0,25965000.0,1599599000.0,0.0,1599599000.0,11733602000.0,606825000.0,11126777000.0,6928013121.0,-550000.0,-55469000.0,-277636000.0,-27537000.0,-133844000.0,-439017000.0,-287894000.0,0.0,730164000.0,-3803000.0,405393000.0,405393000.0,405393000.0,0.0,206000.0,0.125,73146000.0,702265000.0,460718000.0,0.33,3.949,17.09,17.362,3981086000.0,0.0,38.89,2.136,2.133,4699663000.0,561882000.0,3243001000.0,3243001000.0,0.0,0.03,0.228,0.049,0.214,14060000.0,123672000.0,1.0,178143819.0,177902000.0,179666000.0,18.229,11622529000.0,0.0,110204000.0,58840000.0,65.331,-223189000.0
5,SCI,MRT,2020-03-31,2020-03-31,2020-03-31,2021-09-09,-1336000.0,12715258000.0,13267338000.0,359468000.0,12355790000.0,0.244,9.682,-240659000.0,176261000.0,176261000.0,2487748000.0,372559000.0,0.612,6.261,3621639000.0,85885000.0,3535754000.0,3621639000.0,1478520000.0,175626000.0,0.0,0.019,0.73,652622000.0,828248000.0,0.256,828248000.0,652622000.0,469818000.0,2.05,2.01,2.05,1751093000.0,1773531750.0,1751093000.0,10467303753.0,16.0,12.638,383192000.0,2.119,1.0,747790000.0,0.231,1861454000.0,182804000.0,13711888000.0,14225664750.0,27891000.0,1417652000.0,0.0,1417652000.0,10964165000.0,587294000.0,10376871000.0,7070228753.0,74221000.0,-35606000.0,-198063000.0,64569000.0,-132996000.0,-266490000.0,-277236000.0,0.0,623851000.0,-5904000.0,372214000.0,372214000.0,372214000.0,0.0,345000.0,0.115,78047000.0,669743000.0,474994000.0,0.356,4.038,18.995,19.078,3937853000.0,0.0,39.11,2.185,2.186,4197089000.0,562549000.0,3235538000.0,3235538000.0,0.0,0.028,0.21,0.046,0.202,13867000.0,115721000.0,1.0,180778030.0,180854000.0,183585000.0,17.89,10853804000.0,0.0,97604000.0,26415000.0,60.014,-227826000.0
6,SCI,MRT,2019-12-31,2019-12-31,2019-12-31,2021-09-09,29864000.0,13677430000.0,13358288750.0,373553000.0,13303877000.0,0.242,10.005,-239957000.0,186276000.0,186276000.0,2470205000.0,369771000.0,0.671,6.501,3583351000.0,69821000.0,3513530000.0,3583351000.0,1467103000.0,176649000.0,0.0,0.016,0.72,650100000.0,826749000.0,0.256,826749000.0,650100000.0,464257000.0,2.03,1.99,2.03,1823313000.0,1760871750.0,1823313000.0,11755136539.0,18.0,14.219,388798000.0,2.133,1.0,760580000.0,0.235,1864223000.0,185843000.0,14653563000.0,14282537750.0,25118000.0,1681149000.0,0.0,1681149000.0,11854175000.0,556719000.0,11297456000.0,8413494539.0,35036000.0,-29943000.0,-88667000.0,-99024000.0,-131402000.0,-319093000.0,-278511000.0,0.0,628755000.0,3885000.0,369596000.0,369596000.0,369596000.0,0.0,175000.0,0.114,93668000.0,666912000.0,478545000.0,0.355,4.614,22.764,22.675,3939035000.0,0.0,46.03,2.604,2.597,4871233000.0,601903000.0,3230785000.0,3230785000.0,0.0,0.028,0.21,0.046,0.201,15029000.0,126886000.0,1.0,182782849.0,182246000.0,185523000.0,17.728,11813207000.0,0.0,94661000.0,8353000.0,64.82,-183166000.0
7,SCI,MRT,2019-09-30,2019-09-30,2019-09-30,2021-09-09,23527000.0,13316321000.0,13112242000.0,352179000.0,12964142000.0,0.244,9.726,-261300000.0,194654000.0,194654000.0,2447864000.0,415834000.0,0.625,6.5,3536296000.0,69527000.0,3466769000.0,3536296000.0,1450002000.0,174169000.0,0.0,0.015,0.71,583355000.0,757524000.0,0.237,757524000.0,583355000.0,394928000.0,2.29,2.23,2.29,1775493000.0,1715519250.0,1775493000.0,12106970987.0,21.0,15.982,374461000.0,2.051,1.0,752975000.0,0.235,1844884000.0,188427000.0,14249662000.0,14038404250.0,26645000.0,1615779000.0,0.0,1615779000.0,11540801000.0,563417000.0,10977384000.0,8718668987.0,34355000.0,-53281000.0,-8201000.0,-154508000.0,-129428000.0,-292137000.0,-307536000.0,0.0,635761000.0,-1733000.0,415490000.0,415490000.0,415490000.0,0.0,344000.0,0.13,152639000.0,600336000.0,493890000.0,0.31,4.911,20.984,20.878,3909869000.0,0.0,47.81,2.724,2.727,4642667000.0,553610000.0,3200839000.0,3200839000.0,0.0,0.032,0.242,0.042,0.182,15449000.0,140470000.0,1.0,182360782.0,182551000.0,185843000.0,17.534,11471437000.0,31927000.0,-20562000.0,0.0,62.84,-211238000.0
8,SCI,MRT,2019-06-30,2019-06-30,2019-06-30,2021-09-09,27792000.0,13360343000.0,13050720250.0,394217000.0,12966126000.0,0.246,9.564,-259894000.0,243684000.0,243684000.0,2450971000.0,413955000.0,0.642,6.66,3631986000.0,167084000.0,3464902000.0,3631986000.0,1444564000.0,176028000.0,0.0,0.015,0.7,596285000.0,772313000.0,0.241,772313000.0,596285000.0,408117000.0,2.28,2.22,2.28,1744228000.0,1643861500.0,1744228000.0,11849351028.0,20.0,15.343,303453000.0,1.664,1.0,759413000.0,0.237,1846627000.0,188168000.0,14287546000.0,14004488000.0,25669000.0,1624709000.0,0.0,1624709000.0,11616127000.0,614472000.0,11001655000.0,8525295028.0,80172000.0,-29573000.0,-38003000.0,-33533000.0,-127299000.0,-198835000.0,-284541000.0,0.0,563347000.0,201000.0,413633000.0,413633000.0,413633000.0,0.0,322000.0,0.129,155227000.0,604186000.0,447388000.0,0.307,4.888,20.611,20.518,3862162000.0,0.0,46.78,2.656,2.657,4695784000.0,535173000.0,3210384000.0,3210384000.0,0.0,0.032,0.252,0.043,0.186,16095000.0,151872000.0,1.0,182242305.0,182369000.0,185690000.0,17.604,11513716000.0,0.0,-5516000.0,0.0,63.134,-220255000.0
9,SCI,MRT,2019-03-31,2019-03-31,2019-03-31,2021-09-09,20646000.0,13079061000.0,12925643750.0,290052000.0,12789009000.0,0.247,9.359,-255402000.0,153694000.0,153694000.0,2437510000.0,444723000.0,0.48,6.692,3477750000.0,68554000.0,3409196000.0,3477750000.0,1431389000.0,177953000.0,0.0,0.017,0.69,616861000.0,794814000.0,0.249,794814000.0,616861000.0,431491000.0,2.45,2.38,2.45,1700453000.0,1576867500.0,1700453000.0,10682547585.0,17.0,13.44,333866000.0,1.837,1.0,756394000.0,0.237,1859194000.0,185370000.0,13939380000.0,13902605000.0,25219000.0,1573903000.0,0.0,1573903000.0,11378656000.0,604543000.0,10774113000.0,7279319585.0,-66926000.0,-141509000.0,-137866000.0,14825000.0,-125321000.0,-248362000.0,-405472000.0,2900000.0,589268000.0,-2360000.0,444543000.0,444543000.0,444543000.0,0.0,180000.0,0.139,139353000.0,617041000.0,520187000.0,0.282,4.281,16.375,16.388,3834128000.0,0.0,40.15,2.279,2.284,4580313000.0,508578000.0,3193904000.0,3193904000.0,0.0,0.034,0.282,0.044,0.193,16495000.0,153790000.0,1.0,181303103.0,181696000.0,185317000.0,17.578,11219867000.0,0.0,-13052000.0,15802000.0,61.751,-314491000.0
10,SCI,MRT,2018-12-31,2018-12-31,2018-12-31,2021-09-09,13395000.0,12693243000.0,12763130500.0,331232000.0,12362011000.0,0.25,8.999,-250070000.0,198850000.0,198850000.0,2429852000.0,447558000.0,0.596,6.731,3602078000.0,69896000.0,3532182000.0,3602078000.0,1418814000.0,179845000.0,0.0,0.017,0.68,622938000.0,802783000.0,0.252,802783000.0,622938000.0,441382000.0,2.45,2.39,2.45,1641903000.0,1529690500.0,1641903000.0,10737925021.0,17.0,13.376,365760000.0,2.005,1.0,760322000.0,0.238,1863842000.0,181556000.0,13677029000.0,13718886500.0,24950000.0,1477798000.0,0.0,1477798000.0,11051428000.0,555600000.0,10495828000.0,7285106021.0,-133017000.0,-157515000.0,-253094000.0,47762000.0,-123849000.0,-329181000.0,-414621000.0,2900000.0,615830000.0,-5045000.0,447208000.0,447208000.0,447208000.0,0.0,350000.0,0.14,126903000.0,633419000.0,479768000.0,0.278,4.437,16.29,16.433,3814828000.0,0.0,40.26,2.284,2.302,4345217000.0,474327000.0,3190174000.0,3190174000.0,0.0,0.035,0.292,0.045,0.195,15626000.0,145596000.0,1.0,180951466.0,182447000.0,186972000.0,17.485,10829401000.0,0.0,-5826000.0,5936000.0,59.356,-224368000.0
11,SCI,MRT,2018-09-30,2018-09-30,2018-09-30,2021-09-09,32167000.0,13070234000.0,12805945500.0,300487000.0,12769747000.0,0.248,8.232,-238792000.0,158301000.0,158301000.0,2419788000.0,501717000.0,0.542,7.779,3611120000.0,68806000.0,3542314000.0,3611120000.0,1431181000.0,183893000.0,0.0,0.015,0.66,627283000.0,811176000.0,0.255,811176000.0,627283000.0,449117000.0,2.71,2.63,2.71,1488862000.0,1471562250.0,1488862000.0,11396711513.0,18.0,14.05,327363000.0,1.81,1.0,762305000.0,0.24,1854167000.0,178166000.0,14113997000.0,13642668500.0,26061000.0,1596542000.0,0.0,1596542000.0,11581248000.0,554889000.0,11026359000.0,7971879513.0,-108677000.0,-138286000.0,-305125000.0,158220000.0,-121041000.0,-267946000.0,-401346000.0,2900000.0,566155000.0,-5540000.0,501478000.0,501478000.0,501478000.0,0.0,239000.0,0.158,124378000.0,637927000.0,482357000.0,0.244,5.354,15.897,16.31,3796090000.0,0.0,44.2,2.505,2.512,4652488000.0,313720000.0,3182093000.0,3182093000.0,0.0,0.039,0.341,0.046,0.197,15809000.0,143997000.0,1.0,180359265.0,180858000.0,185460000.0,17.594,11216067000.0,0.0,-52361000.0,3726000.0,62.016,-254402000.0
12,SCI,MRT,2018-06-30,2018-06-30,2018-06-30,2021-09-09,26217000.0,12860037000.0,12694686500.0,308943000.0,12551094000.0,0.247,8.083,-232067000.0,164460000.0,164460000.0,2388742000.0,488865000.0,0.558,7.711,3589292000.0,95623000.0,3493669000.0,3589292000.0,1426757000.0,182999000.0,0.0,0.018,0.64,604241000.0,787240000.0,0.251,787240000.0,604241000.0,429740000.0,2.63,2.55,2.63,1476252000.0,1409016250.0,1476252000.0,9748314036.0,16.0,12.383,364192000.0,1.994,1.0,745911000.0,0.238,1850972000.0,174501000.0,13880014000.0,13448876000.0,26095000.0,1562659000.0,0.0,1562659000.0,11383640000.0,553883000.0,10829757000.0,6561877036.0,-63686000.0,-152063000.0,-288127000.0,156672000.0,-118462000.0,-249917000.0,-408857000.0,2900000.0,596259000.0,-1171000.0,488707000.0,488707000.0,488707000.0,0.0,158000.0,0.156,131107000.0,614804000.0,443153000.0,0.243,4.445,13.427,13.608,3741856000.0,0.0,35.79,2.093,2.085,4546840000.0,314669000.0,3134653000.0,3134653000.0,0.0,0.038,0.347,0.045,0.193,14687000.0,141919000.0,1.0,183343868.0,182637000.0,187188000.0,17.163,11009065000.0,0.0,-58967000.0,15107000.0,60.278,-244940000.0
13,SCI,MRT,2018-03-31,2018-03-31,2018-03-31,2021-09-09,32125000.0,12429008000.0,12576748250.0,351005000.0,12078003000.0,0.247,8.166,-220417000.0,219507000.0,219507000.0,2370501000.0,454146000.0,0.593,7.222,3405944000.0,89249000.0,3316695000.0,3405944000.0,1337045000.0,181988000.0,0.0,0.016,0.62,583969000.0,765957000.0,0.246,765957000.0,583969000.0,411904000.0,2.43,2.36,2.43,1511745000.0,1341127500.0,1511745000.0,10124845772.0,17.0,13.219,306300000.0,1.655,1.0,741302000.0,0.238,1819134000.0,172065000.0,13204506000.0,13277928000.0,26955000.0,1497220000.0,0.0,1497220000.0,10917159000.0,591805000.0,10325354000.0,6982231772.0,-28465000.0,-38295000.0,-211635000.0,41518000.0,-115665000.0,-290362000.0,-267925000.0,0.0,526717000.0,3105000.0,453949000.0,453949000.0,453949000.0,0.0,197000.0,0.146,146430000.0,594872000.0,469159000.0,0.255,4.619,15.381,15.531,3684545000.0,0.0,37.74,2.244,2.245,4276494000.0,333864000.0,3111803000.0,3111803000.0,0.0,0.036,0.338,0.044,0.188,14854000.0,151152000.0,1.0,185008791.0,185130000.0,189923000.0,16.809,10609874000.0,0.0,-42045000.0,33397000.0,57.31,-240800000.0
14,SCI,MRT,2017-12-31,2017-12-31,2017-12-31,2021-09-09,41943000.0,12864503000.0,12534287750.0,481296000.0,12383207000.0,0.247,7.512,-214326000.0,330039000.0,330039000.0,2372252000.0,546847000.0,0.581,8.128,3472653000.0,337337000.0,3135316000.0,3472653000.0,1789776000.0,180791000.0,0.0,0.016,0.58,569199000.0,749990000.0,0.242,749990000.0,569199000.0,400074000.0,2.91,2.84,2.91,1409390000.0,1258483500.0,1409390000.0,10097561118.0,18.0,13.464,289046000.0,1.541,1.0,722779000.0,0.234,1805981000.0,169125000.0,13372157000.0,13199449250.0,25378000.0,1532167000.0,0.0,1532167000.0,11455066000.0,828979000.0,10626087000.0,6996387118.0,129095000.0,-23790000.0,-166026000.0,142929000.0,-108750000.0,-136427000.0,-242884000.0,0.0,503372000.0,5034000.0,546663000.0,546663000.0,546663000.0,0.0,184000.0,0.177,153122000.0,569657000.0,489172000.0,0.199,4.964,12.798,12.825,3665033000.0,0.0,37.32,2.261,2.262,4869146000.0,210364000.0,3095031000.0,3095031000.0,0.0,0.044,0.434,0.043,0.184,14788000.0,158651000.0,1.0,187470180.0,187630000.0,192246000.0,16.495,11058522000.0,0.0,-146589000.0,2470000.0,58.938,-347683000.0
15,SCI,MRT,2017-09-30,2017-09-30,2017-09-30,2021-09-09,46661000.0,12625198000.0,12327699250.0,404883000.0,12220315000.0,0.251,6.609,-203728000.0,267956000.0,267956000.0,2369627000.0,365869000.0,0.698,9.192,3369130000.0,76314000.0,3292816000.0,3369130000.0,1796756000.0,181012000.0,0.0,0.016,0.56,571212000.0,752224000.0,0.243,752224000.0,571212000.0,405634000.0,1.95,1.9,1.95,1238678000.0,1179314250.0,1238678000.0,9596232871.0,17.0,12.757,316280000.0,1.687,1.0,721725000.0,0.233,1807816000.0,165578000.0,13338827000.0,13054610500.0,27161000.0,1490201000.0,0.0,1490201000.0,11386247000.0,579729000.0,10806518000.0,6459452871.0,80550000.0,-11211000.0,-151450000.0,43671000.0,-105464000.0,-216650000.0,-230190000.0,-5120000.0,520008000.0,7382000.0,365593000.0,365593000.0,365593000.0,0.0,276000.0,0.118,149904000.0,571821000.0,494020000.0,0.287,5.215,17.668,17.692,3652251000.0,0.0,34.5,2.09,2.092,4755011000.0,33140000.0,3091352000.0,3091352000.0,0.0,0.03,0.31,0.044,0.185,13403000.0,155684000.0,1.0,187230518.0,187435000.0,192243000.0,16.493,10817382000.0,0.0,40041000.0,9395000.0,57.713,-174846000.0
16,SCI,MRT,2017-06-30,2017-06-30,2017-06-30,2021-09-09,30090000.0,12388284000.0,12184268750.0,354869000.0,12033415000.0,0.253,6.422,-195406000.0,224889000.0,224889000.0,2368779000.0,357269000.0,0.677,9.283,3361669000.0,70725000.0,3290944000.0,3361669000.0,5086376000.0,179781000.0,0.0,0.016,0.54,576514000.0,756295000.0,0.245,756295000.0,576514000.0,414182000.0,1.9,1.85,1.9,1204697000.0,1141467750.0,1204697000.0,9338309536.0,16.0,12.347,290590000.0,1.549,1.0,712694000.0,0.231,1804493000.0,162332000.0,13196222000.0,12921252750.0,27333000.0,1465563000.0,0.0,1465563000.0,11183300000.0,524349000.0,10658951000.0,6288304536.0,46377000.0,-668000.0,-237124000.0,105851000.0,-102441000.0,-231797000.0,-208316000.0,-5120000.0,485996000.0,494000.0,357156000.0,357156000.0,357156000.0,0.0,113000.0,0.116,135819000.0,576875000.0,441396000.0,0.284,5.22,17.607,17.605,3613117000.0,0.0,33.45,2.041,2.036,4644773000.0,28858000.0,3081473000.0,3081473000.0,0.0,0.029,0.313,0.045,0.187,6711000.0,143608000.0,1.0,187991167.0,187597000.0,192138000.0,16.426,10583791000.0,0.0,57026000.0,12228000.0,56.418,-169480000.0
17,SCI,MRT,2017-03-31,2017-03-31,2017-03-31,2021-09-09,19656000.0,12259166000.0,12056070750.0,390757000.0,11868409000.0,0.254,6.274,-191888000.0,238254000.0,238254000.0,2368462000.0,304600000.0,0.637,9.377,3288259000.0,63606000.0,3224653000.0,3288259000.0,4987084000.0,179575000.0,0.0,0.017,0.52,504758000.0,684333000.0,0.224,684333000.0,504758000.0,345111000.0,1.61,1.57,1.61,1181169000.0,1131018500.0,1181169000.0,8904078680.0,18.0,13.011,300498000.0,1.596,1.0,691165000.0,0.226,1805590000.0,159647000.0,12890591000.0,12773105250.0,27375000.0,1440935000.0,0.0,1440935000.0,11075416000.0,612990000.0,10462426000.0,5812474680.0,25786000.0,-44131000.0,-226966000.0,103927000.0,-99527000.0,-214100000.0,-249593000.0,-5120000.0,492386000.0,-2907000.0,304295000.0,304295000.0,304295000.0,0.0,305000.0,0.099,163693000.0,527472000.0,477002000.0,0.323,4.921,19.101,19.18,3593078000.0,0.0,30.88,1.9,1.9,4531346000.0,5369000.0,3059627000.0,3059627000.0,0.0,0.025,0.269,0.04,0.165,4195000.0,140088000.0,1.0,188227807.0,188260000.0,192867000.0,16.252,10453576000.0,0.0,40816000.0,72382000.0,55.527,-222233000.0
18,SCI,MRT,2016-12-31,2016-12-31,2016-12-31,2021-09-09,16492000.0,12038149000.0,11930312000.0,354396000.0,11683753000.0,0.254,5.659,-193446000.0,194986000.0,194986000.0,2354287000.0,177305000.0,0.659,10.014,3286590000.0,89974000.0,3196616000.0,3286590000.0,1731417000.0,178189000.0,0.0,0.018,0.51,488484000.0,666673000.0,0.22,666673000.0,488484000.0,326391000.0,0.92,0.9,0.92,1092713000.0,1132067750.0,1092713000.0,8503542963.0,17.0,12.755,295589000.0,1.531,1.0,676850000.0,0.223,1799081000.0,162093000.0,12792802000.0,12639969500.0,26431000.0,1407465000.0,0.0,1407465000.0,10942902000.0,537870000.0,10405032000.0,5409888963.0,60413000.0,-21046000.0,-210266000.0,88506000.0,-98418000.0,-209454000.0,-221025000.0,0.0,489035000.0,1857000.0,177038000.0,177038000.0,177038000.0,0.0,267000.0,0.058,165596000.0,511254000.0,439936000.0,0.554,4.951,30.558,30.87,3604522000.0,0.0,28.4,1.785,1.809,4403620000.0,-103387000.0,3031137000.0,3031137000.0,0.0,0.015,0.156,0.039,0.161,1371000.0,136708000.0,1.0,190489048.0,193086000.0,196042000.0,15.698,10239068000.0,0.0,149353000.0,7960000.0,53.029,-183474000.0
19,SCI,MRT,2016-09-30,2016-09-30,2016-09-30,2021-09-09,24274000.0,12051476000.0,11839874000.0,344850000.0,11706626000.0,0.253,5.626,-177449000.0,177571000.0,177571000.0,2337903000.0,183338000.0,0.641,10.082,3271225000.0,89531000.0,3181694000.0,3271225000.0,4879151000.0,177304000.0,0.0,0.019,0.5,465919000.0,643223000.0,0.215,643223000.0,465919000.0,300876000.0,0.94,0.92,0.94,1087292000.0,1155062500.0,1087292000.0,8170435784.0,18.0,12.702,256629000.0,1.328,1.0,653459000.0,0.218,1801893000.0,165043000.0,12805396000.0,12531487500.0,28526000.0,1395403000.0,0.0,1395403000.0,10961778000.0,537841000.0,10423937000.0,5138940784.0,35621000.0,-47450000.0,-215417000.0,123880000.0,-97167000.0,-180371000.0,-219779000.0,5120000.0,434078000.0,1693000.0,183146000.0,183146000.0,183146000.0,0.0,192000.0,0.061,163847000.0,489612000.0,447313000.0,0.532,4.726,28.059,28.234,3597723000.0,0.0,26.54,1.718,1.715,4365266000.0,-142742000.0,2991362000.0,2991362000.0,0.0,0.015,0.159,0.037,0.156,956000.0,136535000.0,1.0,193630022.0,193274000.0,196567000.0,15.477,10249583000.0,0.0,117730000.0,997000.0,53.031,-192991000.0
20,SCI,MRT,2016-06-30,2016-06-30,2016-06-30,2021-09-09,29289000.0,11875492000.0,11740285250.0,332602000.0,11542890000.0,0.254,6.0,-169451000.0,171788000.0,171788000.0,2329955000.0,183724000.0,0.663,9.208,3203283000.0,90104000.0,3113179000.0,3203283000.0,4757460000.0,175947000.0,0.0,0.018,0.49,468749000.0,644696000.0,0.216,644696000.0,468749000.0,299293000.0,0.93,0.91,0.93,1162900000.0,1177708000.0,1162900000.0,8158669208.0,17.0,12.655,245756000.0,1.268,1.0,654393000.0,0.219,1801645000.0,169456000.0,12603632000.0,12406651750.0,28568000.0,1363428000.0,0.0,1363428000.0,10707672000.0,501710000.0,10205962000.0,5238419208.0,-27308000.0,-37450000.0,-261061000.0,112008000.0,-95678000.0,-237459000.0,-201781000.0,5120000.0,415207000.0,-3275000.0,182867000.0,182867000.0,182867000.0,0.0,857000.0,0.061,154619000.0,499774000.0,410141000.0,0.527,4.505,28.646,29.075,3588842000.0,0.0,27.04,1.755,1.756,4252395000.0,-106119000.0,2984348000.0,2984348000.0,0.0,0.016,0.155,0.038,0.157,3744000.0,137514000.0,1.0,193728521.0,193806000.0,196718000.0,15.399,10073847000.0,0.0,116426000.0,1465000.0,51.979,-169108000.0
21,SCI,MRT,2016-03-31,2016-03-31,2016-03-31,2021-09-09,28871000.0,11756131000.0,11752621000.0,352881000.0,11403250000.0,0.254,6.081,-164396000.0,213505000.0,213505000.0,2328645000.0,220923000.0,0.681,8.914,3133755000.0,57413000.0,3076342000.0,3133755000.0,4673184000.0,174225000.0,0.0,0.019,0.46,523569000.0,697794000.0,0.234,697794000.0,523569000.0,350529000.0,1.11,1.08,1.11,1185366000.0,1218125250.0,1185366000.0,7841993125.0,15.0,11.238,303780000.0,1.558,1.0,658661000.0,0.22,1800522000.0,173040000.0,12358048000.0,12317871000.0,28612000.0,1334165000.0,0.0,1334165000.0,10566038000.0,517811000.0,10048227000.0,4809673125.0,-3624000.0,12337000.0,-301216000.0,48407000.0,-90433000.0,-330447000.0,-140727000.0,10345000.0,468176000.0,-626000.0,219842000.0,219842000.0,219842000.0,390000.0,1081000.0,0.074,120224000.0,538437000.0,446824000.0,0.414,4.058,21.878,22.234,3595037000.0,0.0,24.68,1.61,1.61,4170194000.0,-101545000.0,2987306000.0,2987306000.0,0.0,0.019,0.18,0.043,0.175,-1983000.0,133760000.0,1.0,194881407.0,194924000.0,198030000.0,15.325,9955609000.0,0.0,130687000.0,13574000.0,51.074,-164930000.0
22,SCI,MRT,2015-12-31,2015-12-31,2015-12-31,2021-09-09,6164000.0,11676397000.0,11803182500.0,300051000.0,11376346000.0,0.253,5.913,-150986000.0,134599000.0,134599000.0,2311452000.0,234934000.0,0.587,8.852,3124428000.0,86823000.0,3037605000.0,3124428000.0,4651284000.0,172915000.0,0.0,0.017,0.44,541696000.0,714611000.0,0.239,714611000.0,541696000.0,368799000.0,1.17,1.14,1.17,1184692000.0,1254991250.0,1184692000.0,8112590020.0,15.0,11.352,321200000.0,1.603,1.0,674589000.0,0.226,1796340000.0,172897000.0,12358874000.0,12327307750.0,27835000.0,1319427000.0,0.0,1319427000.0,10486996000.0,511012000.0,9975984000.0,5113081020.0,-42736000.0,-24486000.0,-313452000.0,46496000.0,-87570000.0,-338478000.0,-166419000.0,8066000.0,472186000.0,-10025000.0,233772000.0,233772000.0,233772000.0,390000.0,1162000.0,0.078,124291000.0,550298000.0,422816000.0,0.376,4.316,21.872,22.239,3599737000.0,0.0,26.02,1.712,1.746,4168926000.0,-109351000.0,2986041000.0,2986041000.0,0.0,0.02,0.186,0.044,0.181,-4280000.0,130813000.0,1.0,196505804.0,200356000.0,204450000.0,14.904,9880057000.0,0.0,135027000.0,1373000.0,49.313,-210961000.0
23,SCI,MRT,2015-09-30,2015-09-30,2015-09-30,2021-09-09,16501000.0,11653121000.0,11864994250.0,320742000.0,11332379000.0,0.253,5.91,-154049000.0,141950000.0,141950000.0,2309703000.0,250433000.0,0.587,8.885,3141459000.0,95045000.0,3046414000.0,3141459000.0,4612401000.0,171104000.0,0.0,0.015,0.41,606706000.0,777810000.0,0.259,777810000.0,606706000.0,433972000.0,1.22,1.2,1.22,1177874000.0,1300999750.0,1177874000.0,8291067672.0,14.0,10.66,303703000.0,1.524,1.0,690663000.0,0.23,1799939000.0,172734000.0,12306053000.0,12347132500.0,29557000.0,1304219000.0,0.0,1304219000.0,10465617000.0,546638000.0,9918979000.0,5430286672.0,-124294000.0,-7536000.0,-382942000.0,18859000.0,-82559000.0,-419980000.0,-152550000.0,8066000.0,457752000.0,-9516000.0,249212000.0,249212000.0,249212000.0,-950000.0,1221000.0,0.083,69779000.0,620884000.0,449725000.0,0.336,4.61,21.79,22.213,3597203000.0,0.0,27.1,1.81,1.8,4084027000.0,-151491000.0,3000366000.0,3000366000.0,0.0,0.021,0.192,0.049,0.202,-12560000.0,138404000.0,1.0,200379582.0,199310000.0,203444000.0,15.054,9853182000.0,0.0,184760000.0,1868000.0,49.436,-225896000.0
24,SCI,MRT,2015-06-30,2015-06-30,2015-06-30,2021-09-09,44668000.0,11924835000.0,12034271750.0,361170000.0,11563665000.0,0.25,6.542,-151844000.0,199096000.0,199096000.0,2306945000.0,220191000.0,0.498,7.996,3059877000.0,290016000.0,2769861000.0,3059877000.0,4811366000.0,171583000.0,0.0,0.013,0.38,625180000.0,796763000.0,0.265,796763000.0,625180000.0,452991000.0,1.06,1.05,1.06,1324569000.0,1345856500.0,1324569000.0,8783912666.0,14.0,11.024,277201000.0,1.369,1.0,697282000.0,0.232,1811842000.0,172189000.0,12248509000.0,12432388000.0,29846000.0,1347753000.0,0.0,1347753000.0,10591100000.0,725265000.0,9865835000.0,5947405666.0,58577000.0,233271000.0,-289860000.0,-125957000.0,-77891000.0,-463103000.0,95804000.0,8066000.0,429045000.0,-3207000.0,219415000.0,219415000.0,219415000.0,-1834000.0,776000.0,0.073,65826000.0,631456000.0,420926000.0,0.358,4.49,27.106,27.764,3590529000.0,0.0,29.43,1.98,1.983,4276297000.0,-79971000.0,3004227000.0,3004227000.0,0.0,0.018,0.163,0.05,0.208,-16617000.0,150257000.0,1.0,202086499.0,202466000.0,206746000.0,14.838,10112993000.0,0.0,233576000.0,14323000.0,49.949,-364095000.0
25,SCI,MRT,2015-03-31,2015-03-31,2015-03-31,2021-09-09,36797000.0,11958377000.0,12267357500.0,409938000.0,11548439000.0,0.244,6.549,-147880000.0,217129000.0,217129000.0,2309564000.0,198880000.0,0.697,7.966,3053636000.0,90960000.0,2962676000.0,3053636000.0,4785178000.0,172733000.0,0.0,0.014,0.36,608182000.0,780915000.0,0.261,780915000.0,608182000.0,432668000.0,0.92,0.92,0.92,1332830000.0,1368959750.0,1332830000.0,8162999838.0,13.0,10.453,230360000.0,1.132,1.0,687069000.0,0.229,1811067000.0,175514000.0,12395795000.0,12721683000.0,30181000.0,1357401000.0,0.0,1357401000.0,10616821000.0,588022000.0,10028799000.0,5285609838.0,70468000.0,380417000.0,-281095000.0,-217204000.0,-74898000.0,-544307000.0,240701000.0,2841000.0,378240000.0,-4204000.0,192742000.0,192742000.0,192742000.0,-2046000.0,6138000.0,0.064,44044000.0,643025000.0,459788000.0,0.391,3.966,27.423,28.315,3585886000.0,0.0,26.05,1.764,1.769,4276123000.0,-72771000.0,2996633000.0,2996633000.0,0.0,0.016,0.141,0.048,0.203,-14870000.0,163469000.0,1.0,202902489.0,203510000.0,207752000.0,14.725,10147310000.0,0.0,239926000.0,37274000.0,49.861,-178084000.0
26,SCI,MRT,2014-12-31,2014-12-31,2014-12-31,2021-09-09,59414000.0,11923644000.0,12504166000.0,396856000.0,11526788000.0,0.239,6.495,-144499000.0,177335000.0,177335000.0,2318326000.0,178806000.0,0.719,7.705,3054725000.0,90931000.0,2963794000.0,3054725000.0,4751429000.0,176642000.0,0.0,0.015,0.34,576020000.0,752662000.0,0.251,752662000.0,576020000.0,398449000.0,0.82,0.81,0.82,1368726000.0,1394859000.0,1368726000.0,7515018945.0,13.0,9.985,172856000.0,0.82,1.0,675685000.0,0.226,1810853000.0,177571000.0,12438173000.0,12979428500.0,29697000.0,1341376000.0,0.0,1341376000.0,10546266000.0,552008000.0,9994258000.0,4713511945.0,35751000.0,409047000.0,-210498000.0,-271075000.0,-71517000.0,-537967000.0,257286000.0,-12225000.0,317355000.0,-2284000.0,172469000.0,172469000.0,172469000.0,-2186000.0,6337000.0,0.058,68136000.0,607549000.0,453042000.0,0.415,3.444,27.33,27.683,3600619000.0,0.0,22.7,1.574,1.598,4258742000.0,-81859000.0,2994011000.0,2994011000.0,0.0,0.014,0.124,0.044,0.192,-16996000.0,184749000.0,1.0,207643698.0,210741000.0,214200000.0,14.207,10112791000.0,0.0,225980000.0,8035000.0,47.987,-155152000.0
27,SCI,MRT,2014-09-30,2014-09-30,2014-09-30,2021-09-09,77823000.0,12330231000.0,12731655000.0,467699000.0,11862532000.0,0.226,6.438,-128582000.0,266259000.0,266259000.0,2259461000.0,122893000.0,0.798,8.078,3067766000.0,109266000.0,2958500000.0,3067766000.0,4847602000.0,168674000.0,0.0,0.015,0.32,440169000.0,608843000.0,0.212,608843000.0,440169000.0,266719000.0,0.53,0.52,0.53,1357301000.0,1420197500.0,1357301000.0,7478196784.0,17.0,12.283,185914000.0,0.882,1.0,618336000.0,0.215,1898885000.0,173450000.0,12647075000.0,13243541000.0,32471000.0,1381549000.0,0.0,1381549000.0,10964295000.0,585778000.0,10378517000.0,4466908784.0,86895000.0,-658955000.0,-101198000.0,751367000.0,-67884000.0,566918000.0,-794962000.0,-12225000.0,314496000.0,-936000.0,113992000.0,113992000.0,113992000.0,-811000.0,8901000.0,0.04,140137000.0,478199000.0,460364000.0,0.604,3.291,39.186,39.887,3612095000.0,0.0,21.14,1.552,1.549,4306383000.0,-148085000.0,2877797000.0,2877797000.0,0.0,0.009,0.08,0.033,0.153,-1864000.0,200971000.0,1.0,211301267.0,210820000.0,213010000.0,13.65,10431346000.0,28369000.0,152727000.0,15707000.0,49.48,-118079000.0
28,SCI,MRT,2014-06-30,2014-06-30,2014-06-30,2021-09-09,90759000.0,12857178000.0,12246437750.0,355701000.0,12501477000.0,0.226,6.672,-119556000.0,140515000.0,140515000.0,2182229000.0,132602000.0,0.63,8.068,3151803000.0,101436000.0,3050367000.0,3151803000.0,4945477000.0,161562000.0,0.0,0.014,0.3,387474000.0,549036000.0,0.198,549036000.0,387474000.0,219320000.0,0.58,0.56,0.58,1416982000.0,1437567000.0,1416982000.0,7515410989.0,19.0,13.688,209022000.0,0.984,1.0,585843000.0,0.212,1897845000.0,168154000.0,13405689000.0,12649588500.0,33453000.0,1405074000.0,0.0,1405074000.0,11431583000.0,564932000.0,10866651000.0,4424399989.0,-77091000.0,-898570000.0,-44181000.0,755016000.0,-63700000.0,623472000.0,-1030963000.0,-12225000.0,328578000.0,119000.0,123120000.0,123120000.0,123120000.0,-95000.0,9482000.0,0.044,159718000.0,426125000.0,455320000.0,0.517,3.122,35.936,35.724,3627297000.0,0.0,20.72,1.598,1.59,4387406000.0,-118184000.0,2768072000.0,2768072000.0,0.0,0.01,0.086,0.031,0.14,5535000.0,194963000.0,1.0,213532818.0,212390000.0,215989000.0,13.033,10959333000.0,28262000.0,96200000.0,1910000.0,51.6,-209231000.0
29,SCI,MRT,2014-03-31,2014-03-31,2014-03-31,2021-09-09,77215000.0,12905611000.0,11495905500.0,376004000.0,12529607000.0,0.23,6.749,-115287000.0,148619000.0,148619000.0,2089761000.0,135256000.0,0.636,7.985,3239630000.0,105705000.0,3133925000.0,3239630000.0,4904798000.0,153939000.0,0.0,0.015,0.29,365841000.0,519780000.0,0.196,519780000.0,365841000.0,211254000.0,0.62,0.6,0.62,1436427000.0,1434243000.0,1436427000.0,7379207382.0,20.0,14.197,246185000.0,1.157,1.0,555782000.0,0.21,1978621000.0,154587000.0,13426777000.0,11753580250.0,34508000.0,1342589000.0,0.0,1342589000.0,11469184000.0,591224000.0,10877960000.0,4222170382.0,-37946000.0,-1043804000.0,10077000.0,849725000.0,-61611000.0,772793000.0,-1171966000.0,-12223000.0,361472000.0,-2353000.0,130813000.0,130813000.0,130813000.0,-214000.0,4443000.0,0.049,185329000.0,370453000.0,477368000.0,0.468,2.939,32.276,32.065,3608465000.0,0.0,19.88,1.596,1.599,4278985000.0,-105893000.0,2645543000.0,2645543000.0,0.0,0.011,0.091,0.031,0.138,6253000.0,180035000.0,1.0,212382816.0,212838000.0,217231000.0,12.43,10926990000.0,39476000.0,80441000.0,3301000.0,51.339,-215220000.0
30,SCI,MRT,2013-12-31,2013-12-31,2013-12-31,2021-09-09,88441000.0,12833600000.0,10740016000.0,379096000.0,12454504000.0,0.237,6.941,-112939000.0,141584000.0,141584000.0,2001419000.0,152588000.0,0.563,7.723,3301910000.0,176362000.0,3125548000.0,3301910000.0,4816686000.0,144094000.0,0.0,0.015,0.27,382716000.0,526810000.0,0.207,526810000.0,382716000.0,240356000.0,0.7,0.68,0.7,1470080000.0,1421566250.0,1470080000.0,5534452070.0,14.0,10.506,271770000.0,1.283,1.0,549047000.0,0.215,1825721000.0,142360000.0,13494623000.0,10856728250.0,32741000.0,1342591000.0,0.0,1342591000.0,11353372000.0,673582000.0,10679790000.0,3842842070.0,52815000.0,-1043903000.0,4601000.0,902446000.0,-57229000.0,825115000.0,-1156793000.0,341000.0,384709000.0,-1001000.0,147332000.0,147332000.0,147332000.0,-406000.0,5256000.0,0.058,161391000.0,387656000.0,482839000.0,0.386,2.614,26.083,25.9,3664783000.0,0.0,18.13,1.507,1.506,4264015000.0,-90026000.0,2550466000.0,2550466000.0,0.0,0.014,0.104,0.035,0.15,11925000.0,155128000.0,1.0,211960401.0,211811000.0,216014000.0,12.041,11007879000.0,30282000.0,93024000.0,392432000.0,51.97,-294486000.0
31,SCI,MRT,2013-09-30,2013-09-30,2013-09-30,2021-09-09,101949000.0,10389362000.0,9952508000.0,357970000.0,10031392000.0,0.252,6.732,-113888000.0,602140000.0,602140000.0,1961352000.0,148234000.0,0.829,6.272,2293750000.0,36647000.0,2257103000.0,2293750000.0,4212440000.0,144726000.0,0.0,0.017,0.32,377526000.0,522252000.0,0.208,522252000.0,377526000.0,239919000.0,0.69,0.68,0.69,1426779000.0,1389803000.0,1426779000.0,5682194446.0,15.0,10.88,301505000.0,1.423,1.0,547190000.0,0.218,1377946000.0,137607000.0,10271265000.0,9919171500.0,24612000.0,1120726000.0,0.0,1120726000.0,8948588000.0,431761000.0,8516827000.0,3946485446.0,32718000.0,-43586000.0,-37871000.0,-113284000.0,-67823000.0,-226125000.0,-157592000.0,342000.0,415393000.0,-774000.0,145696000.0,145696000.0,145696000.0,-371000.0,2538000.0,0.058,142964000.0,404226000.0,392011000.0,0.464,2.766,27.087,26.986,3109282000.0,0.0,18.62,1.573,1.573,3659866000.0,-169797000.0,2508542000.0,2508542000.0,0.0,0.015,0.105,0.038,0.15,5570000.0,136006000.0,1.0,211948735.0,211954000.0,216370000.0,11.835,9011416000.0,42813000.0,94223000.0,3103000.0,42.516,-73791000.0
32,SCI,MRT,2013-06-30,2013-06-30,2013-06-30,2021-09-09,94457000.0,9855049000.0,9763641000.0,404047000.0,9451002000.0,0.254,6.627,-114022000.0,221086000.0,221086000.0,1928479000.0,162637000.0,1.024,6.011,1956795000.0,36412000.0,1920383000.0,1956795000.0,4096730000.0,144920000.0,0.0,0.017,0.31,391018000.0,535938000.0,0.216,535938000.0,391018000.0,257923000.0,0.75,0.75,0.75,1403686000.0,1376748000.0,1403686000.0,5578615659.0,14.0,10.409,323789000.0,1.529,1.0,552656000.0,0.223,1374374000.0,133095000.0,9821656000.0,9757780500.0,24280000.0,1109249000.0,0.0,1109249000.0,8437188000.0,394728000.0,8042460000.0,3816464659.0,117183000.0,-50068000.0,-64322000.0,-20229000.0,-65890000.0,-157498000.0,-163440000.0,-3474000.0,437811000.0,-1144000.0,159979000.0,159979000.0,159979000.0,-203000.0,2658000.0,0.064,136300000.0,416356000.0,356602000.0,0.413,2.719,23.856,24.04,3106839000.0,0.0,18.03,1.538,1.539,3530062000.0,-196576000.0,2481135000.0,2481135000.0,0.0,0.016,0.116,0.04,0.158,6306000.0,128676000.0,1.0,211673026.0,211821000.0,215946000.0,11.713,8480675000.0,42782000.0,97944000.0,1714000.0,40.037,9319000.0
33,SCI,MRT,2013-03-31,2013-03-31,2013-03-31,2021-09-09,106205000.0,9882053000.0,9656214750.0,374748000.0,9507305000.0,0.254,6.556,-114513000.0,188546000.0,188546000.0,1899414000.0,165841000.0,0.881,6.122,1950697000.0,37315000.0,1913382000.0,1950697000.0,4117119000.0,144280000.0,0.0,0.017,0.29,399970000.0,544250000.0,0.222,544250000.0,399970000.0,265721000.0,0.76,0.76,0.76,1385720000.0,1364796250.0,1385720000.0,5387306005.0,13.0,9.899,310073000.0,1.467,1.0,554862000.0,0.226,1379303000.0,134249000.0,9839369000.0,9676094250.0,25556000.0,1128284000.0,0.0,1128284000.0,8482972000.0,425532000.0,8057440000.0,3531964005.0,75692000.0,-53112000.0,-94208000.0,-9480000.0,-61890000.0,-176677000.0,-172626000.0,-3476000.0,424586000.0,-640000.0,163440000.0,163440000.0,163440000.0,-262000.0,2401000.0,0.067,127876000.0,426986000.0,378844000.0,0.382,2.549,21.61,22.013,3121764000.0,0.0,16.73,1.439,1.441,3549263000.0,-230098000.0,2454276000.0,2454276000.0,0.0,0.017,0.12,0.041,0.163,10467000.0,126855000.0,1.0,211115601.0,211380000.0,215208000.0,11.611,8502750000.0,42833000.0,102281000.0,9373000.0,40.225,-50784000.0
34,SCI,MRT,2012-12-31,2012-12-31,2012-12-31,2021-09-09,111717000.0,9683568000.0,9554557750.0,282495000.0,9401073000.0,0.252,6.226,-115322000.0,92708000.0,92708000.0,1881658000.0,155434000.0,0.685,6.196,1948050000.0,31429000.0,1916621000.0,1948050000.0,4022116000.0,143715000.0,0.0,0.02,0.28,379024000.0,522739000.0,0.217,522739000.0,379024000.0,243956000.0,0.71,0.7,0.71,1343027000.0,1359546000.0,1343027000.0,4700060499.0,12.0,8.991,253924000.0,1.177,1.0,522772000.0,0.217,1382410000.0,135068000.0,9744396000.0,9591509250.0,24560000.0,1099580000.0,0.0,1099580000.0,8320741000.0,412104000.0,7908637000.0,2937484499.0,-34884000.0,-55468000.0,-168377000.0,699000.0,-60296000.0,-231512000.0,-174954000.0,-3815000.0,369246000.0,1287000.0,153845000.0,153845000.0,153845000.0,-262000.0,1589000.0,0.064,123402000.0,399370000.0,373783000.0,0.394,2.187,19.094,19.451,3131049000.0,0.0,13.81,1.222,1.239,3464584000.0,-286795000.0,2404430000.0,2404430000.0,0.0,0.016,0.113,0.04,0.158,10983000.0,121891000.0,1.0,212707060.0,215712000.0,219066000.0,11.146,8301158000.0,42864000.0,90111000.0,478090000.0,38.483,-129609000.0
35,SCI,MRT,2012-09-30,2012-09-30,2012-09-30,2021-09-09,116831000.0,9633894000.0,9465618750.0,333489000.0,9300405000.0,0.25,6.396,-113412000.0,151547000.0,151547000.0,1862618000.0,172301000.0,0.824,5.993,1914123000.0,31289000.0,1882834000.0,1914123000.0,4004711000.0,143077000.0,0.0,0.016,0.21,404475000.0,547552000.0,0.231,547552000.0,404475000.0,270119000.0,0.78,0.77,0.78,1374559000.0,1371812750.0,1374559000.0,4686880592.0,12.0,8.56,263674000.0,1.227,1.0,505010000.0,0.213,1366075000.0,134356000.0,9625701000.0,9489613250.0,25132000.0,1091083000.0,0.0,1091083000.0,8238039000.0,404694000.0,7833345000.0,2892459592.0,24510000.0,-3149000.0,-177439000.0,-12441000.0,-46244000.0,-236124000.0,-118174000.0,-3816000.0,377086000.0,1722000.0,170713000.0,170713000.0,170713000.0,0.0,1588000.0,0.072,89735000.0,415275000.0,366883000.0,0.269,2.104,16.943,17.256,3123606000.0,0.0,13.46,1.222,1.222,3398042000.0,-293260000.0,2367628000.0,2367628000.0,0.0,0.018,0.124,0.043,0.171,10518000.0,106372000.0,1.0,214892986.0,214914000.0,218460000.0,11.017,8267819000.0,38222000.0,99406000.0,6522000.0,38.47,-71205000.0
36,SCI,MRT,2012-06-30,2012-06-30,2012-06-30,2021-09-09,103328000.0,9425344000.0,9349971750.0,282659000.0,9142685000.0,0.252,6.28,-113362000.0,105343000.0,105343000.0,1868656000.0,165519000.0,0.763,5.936,1899764000.0,30500000.0,1869264000.0,1899764000.0,3921763000.0,143274000.0,0.0,0.016,0.2,385278000.0,528552000.0,0.224,528552000.0,385278000.0,251452000.0,0.74,0.73,0.74,1355879000.0,1378211000.0,1355879000.0,4459075035.0,12.0,8.436,257603000.0,1.193,1.0,490789000.0,0.208,1354259000.0,133826000.0,9494911000.0,9387285250.0,25497000.0,1057261000.0,0.0,1057261000.0,8048914000.0,370595000.0,7678319000.0,2685507035.0,-27651000.0,-22312000.0,-241200000.0,31685000.0,-45208000.0,-254723000.0,-141578000.0,0.0,370965000.0,-2315000.0,165147000.0,165147000.0,165147000.0,0.0,372000.0,0.07,92504000.0,398285000.0,334323000.0,0.27,1.981,16.261,16.716,3112381000.0,0.0,12.37,1.138,1.132,3288238000.0,-316456000.0,2359445000.0,2359445000.0,0.0,0.018,0.12,0.041,0.163,9571000.0,103825000.0,1.0,217098386.0,215898000.0,218906000.0,10.929,8071085000.0,38161000.0,86305000.0,5772000.0,37.384,-87936000.0
37,SCI,MRT,2012-03-31,2012-03-31,2012-03-31,2021-09-09,111612000.0,9475425000.0,9371903500.0,298118000.0,9177307000.0,0.25,6.2,-116615000.0,113831000.0,113831000.0,1861224000.0,154618000.0,0.765,5.928,1887399000.0,28415000.0,1858984000.0,1887399000.0,3981959000.0,143643000.0,0.0,0.018,0.2,366434000.0,510077000.0,0.218,510077000.0,366434000.0,232623000.0,0.68,0.67,0.68,1364719000.0,1410979750.0,1364719000.0,4250461600.0,12.0,8.333,259295000.0,1.178,1.0,477623000.0,0.204,1358182000.0,133811000.0,9501029000.0,9384442500.0,25438000.0,1050081000.0,0.0,1050081000.0,8090330000.0,389782000.0,7700548000.0,2494360600.0,-96476000.0,-69765000.0,-234795000.0,-3327000.0,-46294000.0,-284416000.0,-185612000.0,0.0,375910000.0,-2358000.0,154164000.0,154164000.0,154164000.0,0.0,454000.0,0.066,98532000.0,379091000.0,347823000.0,0.294,1.828,16.18,16.559,3115596000.0,0.0,11.26,1.066,1.06,3326320000.0,-342579000.0,2338847000.0,2338847000.0,0.0,0.016,0.109,0.039,0.157,9465000.0,98952000.0,1.0,221524032.0,220132000.0,223212000.0,10.625,8117243000.0,38073000.0,78459000.0,13544000.0,36.874,-91664000.0
38,SCI,MRT,2011-12-31,2011-12-31,2011-12-31,2021-09-09,105852000.0,9327812000.0,9333108750.0,328093000.0,8999719000.0,0.248,5.943,-118375000.0,128569000.0,128569000.0,1839538000.0,146232000.0,0.851,5.686,1884670000.0,23554000.0,1861116000.0,1884670000.0,3833205000.0,143638000.0,0.0,0.018,0.19,358089000.0,501727000.0,0.217,501727000.0,358089000.0,224307000.0,0.62,0.61,0.62,1392094000.0,1443061500.0,1392094000.0,4188729928.0,12.0,8.349,269737000.0,1.152,1.0,476502000.0,0.206,1361493000.0,133782000.0,9336812000.0,9330093250.0,25513000.0,1016506000.0,0.0,1016506000.0,7915617000.0,385608000.0,7530009000.0,2428182928.0,-42277000.0,-75041000.0,-189075000.0,-4796000.0,-44795000.0,-238666000.0,-190257000.0,0.0,388112000.0,-1466000.0,144903000.0,144903000.0,144903000.0,0.0,1329000.0,0.063,101826000.0,374676000.0,358904000.0,0.306,1.744,16.757,17.177,3116064000.0,0.0,10.65,1.048,1.077,3178697000.0,-367044000.0,2316040000.0,2316040000.0,0.0,0.016,0.1,0.038,0.155,9144000.0,101826000.0,1.0,227998397.0,234242000.0,236669000.0,9.887,7966319000.0,44316000.0,79404000.0,3150000.0,34.009,-57515000.0
39,SCI,MRT,2011-09-30,2011-09-30,2011-09-30,2021-09-09,99552000.0,9171306000.0,9298790750.0,308430000.0,8862876000.0,0.247,6.011,-116392000.0,127037000.0,127037000.0,1827284000.0,138451000.0,0.816,5.536,1887584000.0,23685000.0,1863899000.0,1887584000.0,3746488000.0,142956000.0,0.0,0.02,0.18,355583000.0,498539000.0,0.217,498539000.0,355583000.0,223192000.0,0.57,0.56,0.57,1400152000.0,1464902000.0,1400152000.0,3873509814.0,11.0,7.77,263189000.0,1.13,1.0,473439000.0,0.206,1337587000.0,132391000.0,9216389000.0,9296006500.0,26494000.0,974266000.0,0.0,974266000.0,7751057000.0,377877000.0,7373180000.0,2170909814.0,-8776000.0,-91554000.0,-168613000.0,31597000.0,-43172000.0,-181019000.0,-206993000.0,-26440000.0,379581000.0,-345000.0,136808000.0,136808000.0,136808000.0,0.0,1643000.0,0.059,113147000.0,360292000.0,351235000.0,0.316,1.55,15.868,16.07,3127002000.0,0.0,9.16,0.944,0.927,3059752000.0,-398997000.0,2300723000.0,2300723000.0,0.0,0.015,0.093,0.038,0.155,9838000.0,100984000.0,1.0,236998888.0,232917000.0,235513000.0,9.878,7833719000.0,43542000.0,86384000.0,2957000.0,33.633,-69447000.0
40,SCI,MRT,2011-06-30,2011-06-30,2011-06-30,2021-09-09,122684000.0,9513071000.0,9243588500.0,328673000.0,9184398000.0,0.245,6.235,-113360000.0,132994000.0,132994000.0,1791853000.0,122116000.0,0.928,5.384,1835594000.0,23392000.0,1812202000.0,1835594000.0,4055596000.0,142741000.0,0.0,0.015,0.17,338225000.0,480966000.0,0.213,480966000.0,338225000.0,207375000.0,0.5,0.49,0.5,1486954000.0,1482479000.0,1486954000.0,4431737906.0,13.0,9.214,230519000.0,0.967,1.0,469036000.0,0.207,1378076000.0,130850000.0,9483540000.0,9242834500.0,27017000.0,1018188000.0,0.0,1018188000.0,8005522000.0,354055000.0,7651467000.0,2789261906.0,-19248000.0,-42478000.0,-110132000.0,-63914000.0,-41195000.0,-215936000.0,-151293000.0,-26441000.0,343879000.0,4102000.0,120077000.0,120077000.0,120077000.0,0.0,2039000.0,0.053,118434000.0,350602000.0,329257000.0,0.34,1.876,23.229,23.36,3141625000.0,0.0,11.68,1.234,1.232,3294499000.0,-412602000.0,2260889000.0,2260889000.0,0.0,0.013,0.081,0.037,0.15,9570000.0,103981000.0,1.0,238806670.0,238498000.0,241435000.0,9.48,8134995000.0,44138000.0,87298000.0,1406000.0,34.109,-25382000.0
41,SCI,MRT,2011-03-31,2011-03-31,2011-03-31,2021-09-09,124270000.0,9320246000.0,9066827500.0,400035000.0,8920211000.0,0.247,6.227,-104701000.0,210307000.0,210307000.0,1776077000.0,135605000.0,1.095,5.241,1852783000.0,22693000.0,1830090000.0,1852783000.0,3859013000.0,142958000.0,0.0,0.014,0.16,360130000.0,503088000.0,0.225,503088000.0,360130000.0,230676000.0,0.55,0.54,0.55,1493046000.0,1481642500.0,1493046000.0,4339931865.0,12.0,8.627,248728000.0,1.037,1.0,463311000.0,0.207,1313671000.0,129454000.0,9283632000.0,9096489000.0,34245000.0,1022420000.0,0.0,1022420000.0,7825537000.0,365419000.0,7460118000.0,2655895865.0,29833000.0,21061000.0,-142517000.0,-64101000.0,-39445000.0,-246063000.0,-80081000.0,-26445000.0,353429000.0,2548000.0,134269000.0,134269000.0,134269000.0,0.0,1336000.0,0.06,97278000.0,366033000.0,338540000.0,0.291,1.779,19.78,20.109,3142535000.0,0.0,11.06,1.186,1.184,3145153000.0,-438695000.0,2239388000.0,2239388000.0,0.0,0.015,0.091,0.04,0.161,8807000.0,106270000.0,1.0,240135250.0,239772000.0,242052000.0,9.34,8006575000.0,44308000.0,96407000.0,4186000.0,33.392,34616000.0
42,SCI,MRT,2010-12-31,2010-12-31,2010-12-31,2021-09-09,112768000.0,9190540000.0,9003400250.0,374520000.0,8816020000.0,0.243,5.945,-97899000.0,170846000.0,170846000.0,1741329000.0,127001000.0,1.022,5.212,1854882000.0,22502000.0,1832380000.0,1854882000.0,3801790000.0,141588000.0,0.0,0.019,0.16,347071000.0,488659000.0,0.223,488659000.0,347071000.0,218875000.0,0.51,0.5,0.51,1479456000.0,1488379000.0,1479456000.0,3701567384.0,11.0,7.575,256480000.0,1.031,1.0,449223000.0,0.205,1307484000.0,128196000.0,9200465000.0,9050947500.0,27372000.0,987019000.0,0.0,987019000.0,7710592000.0,366627000.0,7343965000.0,2016519384.0,-8899000.0,-208248000.0,-115119000.0,66934000.0,-40001000.0,-88186000.0,-279710000.0,0.0,354379000.0,4618000.0,126417000.0,126417000.0,126417000.0,0.0,584000.0,0.058,95177000.0,354046000.0,342651000.0,0.314,1.363,15.951,16.176,3136485000.0,0.0,8.25,0.921,0.937,3095635000.0,-477459000.0,2190552000.0,2190552000.0,0.0,0.014,0.085,0.038,0.158,8878000.0,103689000.0,1.0,244426592.0,248871000.0,250602000.0,8.802,7883056000.0,41371000.0,92458000.0,1474000.0,31.675,7893000.0
43,SCI,MRT,2010-09-30,2010-09-30,2010-09-30,2021-09-09,101903000.0,8950497000.0,8928500750.0,344495000.0,8606002000.0,0.241,5.972,-88773000.0,135813000.0,135813000.0,1708470000.0,124803000.0,1.003,5.087,1820861000.0,22319000.0,1798542000.0,1820861000.0,3683397000.0,140323000.0,0.0,0.019,0.16,333611000.0,473934000.0,0.22,473934000.0,333611000.0,201788000.0,0.5,0.5,0.5,1470460000.0,1489209000.0,1470460000.0,3837766363.0,12.0,8.098,244059000.0,0.991,1.0,442590000.0,0.206,1288261000.0,131823000.0,9003701000.0,9009177000.0,33713000.0,962758000.0,0.0,962758000.0,7479753000.0,343583000.0,7136170000.0,2127509363.0,-97672000.0,-268795000.0,-81400000.0,32204000.0,-40359000.0,-88724000.0,-346564000.0,11004000.0,332832000.0,4784000.0,124264000.0,124264000.0,124264000.0,0.0,539000.0,0.058,100790000.0,341800000.0,320860000.0,0.32,1.447,17.121,17.24,3123255000.0,0.0,8.62,0.989,0.987,2919291000.0,-513914000.0,2151060000.0,2151060000.0,0.0,0.014,0.083,0.037,0.155,8062000.0,113374000.0,1.0,246810831.0,246214000.0,247523000.0,8.737,7662236000.0,53254000.0,77524000.0,266000.0,31.12,912000.0
44,SCI,MRT,2010-06-30,2010-06-30,2010-06-30,2021-09-09,94637000.0,8806027000.0,8831675750.0,345737000.0,8460290000.0,0.239,5.893,-82934000.0,152242000.0,152242000.0,1674006000.0,136685000.0,1.035,4.935,1862499000.0,26838000.0,1835661000.0,1862499000.0,3562237000.0,136986000.0,0.0,0.022,0.16,353356000.0,490342000.0,0.232,490342000.0,353356000.0,223647000.0,0.54,0.54,0.54,1483608000.0,1476436750.0,1483608000.0,3592334635.0,10.0,7.326,264048000.0,1.049,1.0,441106000.0,0.209,1284114000.0,129709000.0,8898158000.0,8900629000.0,33155000.0,914664000.0,0.0,914664000.0,7322053000.0,334012000.0,6988041000.0,1885721635.0,-18147000.0,-288719000.0,-38725000.0,66722000.0,-40527000.0,-11835000.0,-361800000.0,9853000.0,346982000.0,8506000.0,136661000.0,136661000.0,136661000.0,0.0,24000.0,0.065,89821000.0,351285000.0,303156000.0,0.296,1.271,13.799,13.704,3158423000.0,0.0,7.4,0.892,0.881,2782074000.0,-532679000.0,2115112000.0,2115112000.0,0.0,0.015,0.093,0.04,0.167,8366000.0,107475000.0,1.0,254827248.0,251763000.0,253583000.0,8.401,7521913000.0,52270000.0,86986000.0,4018000.0,29.877,11725000.0
45,SCI,MRT,2010-03-31,2010-03-31,2010-03-31,2021-09-09,110969000.0,9066537000.0,8688901750.0,378316000.0,8688221000.0,0.239,5.975,-78632000.0,180474000.0,180474000.0,1640155000.0,120038000.0,1.039,4.965,1887087000.0,28622000.0,1858465000.0,1887087000.0,3692220000.0,132516000.0,0.0,0.017,0.16,325202000.0,457718000.0,0.221,457718000.0,325202000.0,195590000.0,0.47,0.47,0.47,1519992000.0,1445527750.0,1519992000.0,4042784235.0,12.0,8.832,261020000.0,1.026,1.0,433633000.0,0.209,1307560000.0,129612000.0,9101466000.0,8758180750.0,33737000.0,919948000.0,0.0,919948000.0,7546115000.0,364124000.0,7181991000.0,2332040235.0,-35497000.0,-294562000.0,15379000.0,-1470000.0,-40375000.0,-26466000.0,-363337000.0,9857000.0,339652000.0,14654000.0,119480000.0,119480000.0,119480000.0,0.0,558000.0,0.058,109204000.0,324429000.0,329856000.0,0.34,1.534,19.518,19.532,3168288000.0,0.0,9.18,1.125,1.126,2913133000.0,-572964000.0,2073788000.0,2073788000.0,0.0,0.014,0.083,0.037,0.157,9600000.0,106967000.0,1.0,254034884.0,254400000.0,256154000.0,8.152,7758977000.0,52355000.0,76110000.0,5092000.0,30.499,14192000.0
46,SCI,MRT,2009-12-31,2009-12-31,2009-12-31,2021-09-09,97142000.0,8890942000.0,8458082750.0,377422000.0,8513520000.0,0.243,5.891,-83790000.0,179745000.0,179745000.0,1632125000.0,123093000.0,1.028,4.996,1890489000.0,49957000.0,1840532000.0,1890489000.0,3615912000.0,132800000.0,0.0,0.02,0.16,328354000.0,461154000.0,0.225,461154000.0,328354000.0,199373000.0,0.49,0.49,0.49,1482776000.0,1394236750.0,1482776000.0,3585305200.0,11.0,7.775,288280000.0,1.145,1.0,421395000.0,0.205,1201332000.0,128981000.0,9033383000.0,8540970500.0,31117000.0,889689000.0,0.0,889689000.0,7408154000.0,366971000.0,7041183000.0,2075222200.0,51348000.0,-52236000.0,17407000.0,-155642000.0,-40195000.0,-178430000.0,-152485000.0,-16459000.0,372070000.0,10193000.0,123098000.0,123098000.0,123098000.0,0.0,-5000.0,0.06,97508000.0,323887000.0,314277000.0,0.327,1.4,16.858,16.714,3080139000.0,0.0,8.19,1.011,1.004,2831259000.0,-603876000.0,2053520000.0,2053520000.0,0.0,0.015,0.088,0.038,0.16,9684000.0,102501000.0,1.0,253384884.0,251709000.0,252484000.0,8.158,7689610000.0,51534000.0,76275000.0,2236000.0,30.55,10451000.0
47,SCI,MRT,2009-09-30,2009-09-30,2009-09-30,2021-09-09,82893000.0,8563197000.0,8263068000.0,437303000.0,8125894000.0,0.247,5.638,-108237000.0,233485000.0,233485000.0,1642454000.0,98050000.0,1.332,5.033,1743568000.0,26061000.0,1717507000.0,1743568000.0,3516868000.0,134398000.0,0.0,0.023,0.16,300634000.0,435032000.0,0.213,435032000.0,300634000.0,173523000.0,0.39,0.39,0.39,1419371000.0,1346837500.0,1419371000.0,3344218237.0,11.0,7.687,313977000.0,1.247,1.0,396257000.0,0.194,1175528000.0,127111000.0,8569509000.0,8363935500.0,30717000.0,848159000.0,0.0,848159000.0,7144206000.0,328243000.0,6815963000.0,1759544237.0,61582000.0,30664000.0,-40565000.0,-199276000.0,-40395000.0,-283455000.0,-78861000.0,-1288000.0,422214000.0,1684000.0,98324000.0,98324000.0,98324000.0,0.0,-274000.0,0.048,131428000.0,264829000.0,299934000.0,0.41,1.24,17.895,17.974,3006020000.0,0.0,7.01,0.863,0.866,2696181000.0,-637960000.0,2038711000.0,2038711000.0,0.0,0.012,0.073,0.036,0.147,13068000.0,95224000.0,1.0,251004884.0,251765000.0,253048000.0,8.098,7387669000.0,79571000.0,75199000.0,331579000.0,29.344,109060000.0
48,SCI,MRT,2009-06-30,2009-06-30,2009-06-30,2021-09-09,57907000.0,8234931000.0,8311435750.0,387372000.0,7847559000.0,0.248,5.419,-128536000.0,170389000.0,170389000.0,1680571000.0,82260000.0,1.212,5.055,1755063000.0,27971000.0,1727092000.0,1755063000.0,3342645000.0,136078000.0,0.0,0.029,0.16,269707000.0,405785000.0,0.197,405785000.0,269707000.0,138757000.0,0.33,0.33,0.33,1359972000.0,1354846500.0,1359972000.0,3003773964.0,11.0,7.402,316384000.0,1.261,1.0,377362000.0,0.183,1171695000.0,130950000.0,8328365000.0,8439157250.0,31111000.0,767740000.0,0.0,767740000.0,6874738000.0,319545000.0,6555193000.0,1375177964.0,65689000.0,33324000.0,-49106000.0,-188373000.0,-40642000.0,-280291000.0,-95347000.0,-135000.0,444920000.0,-3593000.0,81801000.0,81801000.0,81801000.0,0.0,459000.0,0.04,128669000.0,248693000.0,288823000.0,0.485,1.011,16.811,16.606,3007778000.0,0.0,5.48,0.668,0.668,2511626000.0,-669122000.0,2057933000.0,2057933000.0,0.0,0.01,0.06,0.032,0.131,12052000.0,90373000.0,1.0,250944884.0,250977000.0,251130000.0,8.2,7063236000.0,79571000.0,56956000.0,321466000.0,28.143,67827000.0
49,SCI,MRT,2009-03-31,2009-03-31,2009-03-31,2021-09-09,28896000.0,8143261000.0,8454699000.0,430638000.0,7712623000.0,0.248,5.256,-148355000.0,215971000.0,215971000.0,1710068000.0,90077000.0,1.175,5.194,1844567000.0,55897000.0,1788670000.0,1844567000.0,3239290000.0,139191000.0,0.0,0.046,0.16,282998000.0,422189000.0,0.202,422189000.0,282998000.0,151123000.0,0.36,0.36,0.36,1314828000.0,1378955750.0,1314828000.0,2595865334.0,9.0,6.149,296969000.0,1.187,1.0,382698000.0,0.183,1172645000.0,131875000.0,8232625000.0,8609316250.0,31221000.0,697535000.0,0.0,697535000.0,6828685000.0,366587000.0,6462098000.0,875754334.0,83496000.0,26811000.0,-89709000.0,-100750000.0,-40897000.0,-232680000.0,-121673000.0,-129000.0,445324000.0,-7475000.0,90094000.0,90094000.0,90094000.0,377000.0,-17000.0,0.043,115878000.0,266820000.0,308983000.0,0.444,0.666,9.72,9.694,3025688000.0,0.0,3.49,0.418,0.417,2359987000.0,-692226000.0,2092766000.0,2092766000.0,0.0,0.011,0.065,0.033,0.135,11505000.0,85562000.0,1.0,250932474.0,250134000.0,250309000.0,8.367,6970616000.0,79571000.0,61029000.0,307225000.0,27.868,64051000.0
50,SCI,MRT,2008-12-31,2008-12-31,2008-12-31,2021-09-09,36649000.0,8110883000.0,8605903750.0,355510000.0,7755373000.0,0.25,5.01,-154101000.0,128397000.0,128397000.0,1735447000.0,97216000.0,1.088,5.272,1848508000.0,27104000.0,1821404000.0,1848508000.0,3176980000.0,137793000.0,0.0,0.032,0.16,297074000.0,434867000.0,0.202,434867000.0,297074000.0,162800000.0,0.38,0.37,0.38,1293179000.0,1416827500.0,1293179000.0,2990551653.0,10.0,6.877,196213000.0,0.76,1.0,420175000.0,0.195,1178969000.0,134274000.0,8325243000.0,8771516000.0,31603000.0,744758000.0,0.0,744758000.0,6817704000.0,326782000.0,6490922000.0,1270345653.0,-40197000.0,23715000.0,-127343000.0,-61799000.0,-41501000.0,-230643000.0,-151269000.0,-21741000.0,350314000.0,-8599000.0,97083000.0,97083000.0,97083000.0,362000.0,133000.0,0.045,127503000.0,292672000.0,294859000.0,0.421,0.982,13.085,13.079,3026856000.0,0.0,4.97,0.589,0.595,2350789000.0,-726756000.0,2155622000.0,2155622000.0,0.0,0.011,0.069,0.034,0.138,9970000.0,88851000.0,1.0,255602747.0,258106000.0,260983000.0,8.352,6931914000.0,79571000.0,65717000.0,4354000.0,26.857,28728000.0
51,SCI,MRT,2008-09-30,2008-09-30,2008-09-30,2021-09-09,119500000.0,8756668000.0,8811244000.0,480280000.0,8276388000.0,0.251,5.639,-151728000.0,171903000.0,171903000.0,1764458000.0,254487000.0,1.232,5.033,1892109000.0,56271000.0,1835838000.0,1892109000.0,1354419000.0,136070000.0,0.0,0.018,0.15,513652000.0,649722000.0,0.294,649722000.0,513652000.0,378048000.0,0.93,0.92,0.93,1451407000.0,1466553500.0,1451407000.0,3924975515.0,8.0,6.041,109277000.0,0.425,1.0,447136000.0,0.202,1216748000.0,135604000.0,8870396000.0,8939144500.0,32635000.0,813857000.0,0.0,813857000.0,7305261000.0,389730000.0,6915531000.0,2149875515.0,-115835000.0,102063000.0,-333847000.0,-82053000.0,-39530000.0,-446901000.0,71297000.0,120104000.0,261005000.0,-1236000.0,254354000.0,254354000.0,254354000.0,409000.0,133000.0,0.115,101839000.0,345297000.0,333201000.0,0.161,1.481,8.452,8.989,3022888000.0,0.0,8.36,0.972,0.973,2734553000.0,-736284000.0,2211594000.0,2211594000.0,0.0,0.029,0.173,0.057,0.232,-14000.0,101137000.0,1.0,257162143.0,257408000.0,260370000.0,8.592,7539920000.0,168321000.0,123694000.0,237481000.0,29.292,90550000.0
52,SCI,MRT,2008-06-30,2008-06-30,2008-06-30,2021-09-09,135443000.0,8807984000.0,8974275250.0,331111000.0,8476873000.0,0.249,5.609,-159654000.0,104700000.0,104700000.0,1767106000.0,267885000.0,0.956,5.048,1879800000.0,51289000.0,1828511000.0,1879800000.0,1344751000.0,137441000.0,0.0,0.014,0.14,544953000.0,682394000.0,0.305,682394000.0,544953000.0,404481000.0,0.97,0.96,0.97,1456409000.0,1497778000.0,1456409000.0,4321322761.0,8.0,6.333,121485000.0,0.468,1.0,467383000.0,0.209,1227624000.0,140472000.0,9009001000.0,9033054500.0,33008000.0,863284000.0,0.0,863284000.0,7351575000.0,346459000.0,7005116000.0,2574841761.0,-118085000.0,193012000.0,-437648000.0,-86332000.0,-37863000.0,-553327000.0,154321000.0,120105000.0,281139000.0,-218000.0,267885000.0,267885000.0,267885000.0,1084000.0,0.0,0.12,113485000.0,353898000.0,294707000.0,0.144,1.768,9.612,10.165,3018035000.0,0.0,9.86,1.152,1.146,2896726000.0,-750923000.0,2234489000.0,2234489000.0,0.0,0.03,0.179,0.06,0.244,-453000.0,117096000.0,1.0,261140138.0,259655000.0,263132000.0,8.606,7580360000.0,73182000.0,136596000.0,148038000.0,29.194,-15348000.0
53,SCI,MRT,2008-03-31,2008-03-31,2008-03-31,2021-09-09,130484000.0,8748080000.0,9207527500.0,378279000.0,8369801000.0,0.244,5.608,-160013000.0,132475000.0,132475000.0,1787738000.0,251606000.0,0.978,4.966,1878956000.0,38558000.0,1840398000.0,1878956000.0,1332316000.0,138965000.0,0.0,0.013,0.13,540074000.0,679039000.0,0.302,679039000.0,540074000.0,396748000.0,0.9,0.89,0.9,1466315000.0,1535469750.0,1466315000.0,4342902242.0,8.0,6.396,114624000.0,0.438,1.0,463461000.0,0.206,1226524000.0,143326000.0,8881424000.0,9221764000.0,33747000.0,874688000.0,0.0,874688000.0,7281765000.0,386613000.0,6895152000.0,2654796242.0,54382000.0,362942000.0,-493343000.0,-19423000.0,-36413000.0,-542658000.0,321906000.0,120083000.0,274637000.0,497000.0,251606000.0,251606000.0,251606000.0,-1502000.0,0.0,0.112,123680000.0,339781000.0,347795000.0,0.144,1.811,10.551,11.267,3008694000.0,0.0,10.14,1.179,1.178,2804521000.0,-771775000.0,2251199000.0,2251199000.0,0.0,0.027,0.164,0.059,0.24,-753000.0,125600000.0,1.0,261814225.0,261475000.0,265329000.0,8.61,7521556000.0,73182000.0,145142000.0,139047000.0,28.766,-8334000.0
54,SCI,MRT,2007-12-31,2007-12-31,2007-12-31,2021-09-09,152590000.0,8932244000.0,9457921250.0,421327000.0,8510917000.0,0.242,5.223,-157011000.0,168594000.0,168594000.0,1818456000.0,247729000.0,0.988,4.986,1856700000.0,36594000.0,1820106000.0,1856700000.0,3670832000.0,143232000.0,0.0,0.009,0.12,538253000.0,681485000.0,0.298,681485000.0,538253000.0,391399000.0,0.87,0.85,0.87,1492083000.0,1582276500.0,1492083000.0,5563902073.0,10.0,8.164,199171000.0,0.697,1.0,466847000.0,0.204,1198153000.0,146854000.0,8995757000.0,9451477500.0,36203000.0,905744000.0,0.0,905744000.0,7440161000.0,426440000.0,7013721000.0,3915344073.0,128714000.0,402334000.0,-452183000.0,-129074000.0,-34629000.0,-607530000.0,378121000.0,141344000.0,356182000.0,1941000.0,247729000.0,247729000.0,247729000.0,-4412000.0,0.0,0.108,120681000.0,346166000.0,343392000.0,0.138,2.624,15.805,16.149,3021200000.0,0.0,14.05,1.713,1.756,2976253000.0,-797965000.0,2285303000.0,2285303000.0,0.0,0.026,0.157,0.057,0.236,-1682000.0,135753000.0,1.0,278672176.0,285699000.0,290936000.0,7.999,7734091000.0,73182000.0,143670000.0,186928000.0,27.071,-5113000.0
55,SCI,MRT,2007-09-30,2007-09-30,2007-09-30,2021-09-09,161318000.0,9408793000.0,9657207500.0,469672000.0,8939121000.0,0.227,5.54,-147935000.0,287738000.0,287738000.0,1742708000.0,81700000.0,0.865,4.969,1936296000.0,156466000.0,1779830000.0,1936296000.0,1245381000.0,137409000.0,0.0,0.009,0.12,305783000.0,443192000.0,0.202,443192000.0,305783000.0,157199000.0,0.28,0.28,0.28,1576305000.0,1607949500.0,1576305000.0,5421948919.0,18.0,12.234,239578000.0,0.842,1.0,448771000.0,0.205,1268493000.0,148584000.0,9246036000.0,9696578750.0,37898000.0,916629000.0,0.0,916629000.0,7832488000.0,542822000.0,7289666000.0,3703578919.0,-348895000.0,-947395000.0,-189377000.0,591153000.0,-33583000.0,370985000.0,-1107637000.0,-2032000.0,387513000.0,244000.0,81700000.0,81700000.0,81700000.0,-7565000.0,0.0,0.037,146716000.0,302055000.0,340965000.0,0.429,2.35,45.331,46.071,3023727000.0,0.0,12.9,1.69,1.675,3088122000.0,-865496000.0,2191479000.0,2191479000.0,0.0,0.008,0.051,0.032,0.14,4287000.0,126174000.0,1.0,287099141.0,284511000.0,289597000.0,7.703,8140300000.0,0.0,75499000.0,118358000.0,28.612,-73150000.0
56,SCI,MRT,2007-06-30,2007-06-30,2007-06-30,2021-09-09,113894000.0,9740993000.0,9215968750.0,406785000.0,9334208000.0,0.223,5.531,-122386000.0,222785000.0,222785000.0,1633230000.0,56895000.0,0.935,5.061,1941155000.0,103837000.0,1837318000.0,1941155000.0,1276570000.0,125613000.0,0.0,0.009,0.12,266953000.0,392566000.0,0.191,392566000.0,266953000.0,123129000.0,0.19,0.19,0.19,1607176000.0,1615519500.0,1607176000.0,5546679852.0,21.0,14.129,241785000.0,0.832,1.0,419304000.0,0.204,1260587000.0,143824000.0,9763839000.0,9116113500.0,39017000.0,958947000.0,0.0,958947000.0,8133817000.0,434937000.0,7698880000.0,3757018852.0,-306386000.0,-1015998000.0,-86865000.0,597400000.0,-32357000.0,479934000.0,-1150698000.0,-2212000.0,364171000.0,207000.0,56895000.0,56895000.0,56895000.0,-8799000.0,0.0,0.028,166353000.0,252951000.0,305374000.0,0.632,2.338,66.034,67.263,3071051000.0,0.0,12.78,1.83,1.809,3198883000.0,-858068000.0,2052534000.0,2052534000.0,0.0,0.006,0.035,0.029,0.13,5036000.0,115061000.0,1.0,293976436.0,290577000.0,296124000.0,7.064,8480406000.0,0.0,66234000.0,122364000.0,29.185,-28152000.0
57,SCI,MRT,2007-03-31,2007-03-31,2007-03-31,2021-09-09,76704000.0,9749655000.0,8698395500.0,268136000.0,9481519000.0,0.221,5.642,-104729000.0,78093000.0,78093000.0,1518189000.0,67227000.0,0.599,4.896,1867754000.0,99202000.0,1768552000.0,1867754000.0,1288090000.0,112410000.0,0.0,0.01,0.12,254192000.0,366602000.0,0.191,366602000.0,254192000.0,119924000.0,0.23,0.23,0.23,1653542000.0,1615940000.0,1653542000.0,5399628473.0,21.0,14.729,267165000.0,0.912,1.0,400253000.0,0.209,1291141000.0,134268000.0,9800278000.0,8442824250.0,39602000.0,915951000.0,0.0,915951000.0,8096113000.0,447897000.0,7648216000.0,3480636473.0,-412315000.0,-1167428000.0,-17254000.0,522894000.0,-30861000.0,477684000.0,-1263346000.0,5870000.0,371894000.0,1453000.0,67227000.0,67227000.0,67227000.0,-6683000.0,0.0,0.035,159997000.0,240256000.0,344862000.0,0.522,2.105,51.774,51.565,3106065000.0,0.0,11.86,1.814,1.812,3118131000.0,-856765000.0,1918442000.0,1918442000.0,0.0,0.008,0.042,0.03,0.132,4834000.0,105824000.0,1.0,293476937.0,293096000.0,298621000.0,6.545,8458514000.0,0.0,52697000.0,110512000.0,28.859,-179761000.0
58,SCI,MRT,2006-12-31,2006-12-31,2006-12-31,2021-09-09,72298000.0,9729389000.0,8184558500.0,238337000.0,9491052000.0,0.214,5.446,-97527000.0,39880000.0,39880000.0,1404924000.0,56511000.0,0.584,5.101,1958872000.0,46176000.0,1912696000.0,1958872000.0,1291985000.0,97484000.0,0.0,0.012,0.12,224755000.0,322239000.0,0.184,322239000.0,224755000.0,101356000.0,0.19,0.19,0.19,1594775000.0,1603601000.0,1594775000.0,3659929577.0,16.0,11.358,226692000.0,0.774,1.0,347964000.0,0.199,1264272000.0,123399000.0,9976162000.0,7773101500.0,39535000.0,893931000.0,0.0,893931000.0,8134614000.0,407947000.0,7726667000.0,3000720577.0,-406902000.0,-1218213000.0,-21924000.0,616822000.0,-29431000.0,565213000.0,-1297502000.0,8639000.0,324219000.0,1168000.0,56511000.0,56511000.0,56511000.0,-3907000.0,0.0,0.032,151286000.0,196678000.0,341173000.0,0.632,1.882,53.1,53.947,3136601000.0,0.0,10.25,1.712,1.712,3146454000.0,-906394000.0,1752888000.0,1752888000.0,0.0,0.007,0.035,0.029,0.128,7035000.0,92603000.0,1.0,292753227.0,292859000.0,297371000.0,5.985,8465117000.0,0.0,44845000.0,195169000.0,28.905,-169610000.0
59,SCI,MRT,2006-09-30,2006-09-30,2006-09-30,2021-09-09,80228000.0,7643838000.0,7638403500.0,776815000.0,6867023000.0,0.223,5.508,-89563000.0,636633000.0,636633000.0,1385859000.0,78510000.0,2.631,3.758,1295842000.0,30629000.0,1265213000.0,1295842000.0,1243466000.0,88605000.0,0.0,0.013,0.12,233205000.0,321810000.0,0.189,321810000.0,233205000.0,120204000.0,0.27,0.26,0.27,1606585000.0,1600296000.0,1606585000.0,3497904025.0,15.0,10.869,230084000.0,0.789,1.0,319285000.0,0.187,1083563000.0,113001000.0,6924175000.0,7006194000.0,47747000.0,681924000.0,0.0,681924000.0,6037253000.0,295309000.0,5741944000.0,2731398025.0,144574000.0,95341000.0,-55498000.0,-113733000.0,-29566000.0,-197953000.0,20237000.0,3720000.0,319647000.0,2643000.0,78510000.0,78510000.0,78510000.0,-1482000.0,0.0,0.046,122358000.0,196927000.0,241853000.0,0.444,1.7,34.79,34.593,2331095000.0,0.0,9.34,1.602,1.598,2503164000.0,-907164000.0,1705144000.0,1705144000.0,0.0,0.01,0.049,0.033,0.137,6028000.0,86783000.0,1.0,292440902.0,291662000.0,295918000.0,5.846,6560275000.0,0.0,41694000.0,189988000.0,22.493,481506000.0
60,SCI,MRT,2006-06-30,2006-06-30,2006-06-30,2021-09-09,81460000.0,7670700000.0,7658684250.0,687395000.0,6983305000.0,0.223,5.483,-95386000.0,529171000.0,529171000.0,1406044000.0,65493000.0,2.767,3.768,1295677000.0,30414000.0,1265263000.0,1295677000.0,1316895000.0,84011000.0,0.0,0.015,0.12,207346000.0,291357000.0,0.17,291357000.0,207346000.0,101505000.0,0.23,0.22,0.23,1608858000.0,1597291750.0,1608858000.0,3224906300.0,16.0,11.069,178641000.0,0.609,1.0,305080000.0,0.178,1118119000.0,105841000.0,7070682000.0,7038551250.0,64938000.0,693781000.0,0.0,693781000.0,6061842000.0,248405000.0,5813437000.0,2407431300.0,209216000.0,181127000.0,-57533000.0,-112957000.0,-29627000.0,-199273000.0,130722000.0,34472000.0,274027000.0,3740000.0,65493000.0,65493000.0,65493000.0,-460000.0,0.0,0.038,117842000.0,187238000.0,196977000.0,0.522,1.496,36.759,35.391,2404702000.0,0.0,8.14,1.407,1.396,2575415000.0,-910529000.0,1711124000.0,1711124000.0,0.0,0.009,0.041,0.029,0.121,4946000.0,85571000.0,1.0,295753231.0,293409000.0,297501000.0,5.832,6552581000.0,0.0,36012000.0,189939000.0,22.333,438990000.0
61,SCI,MRT,2006-03-31,2006-03-31,2006-03-31,2021-09-09,70169000.0,7694307000.0,7676529250.0,665081000.0,7029226000.0,0.223,5.451,-97082000.0,490408000.0,490408000.0,1417630000.0,53880000.0,2.48,3.796,1307853000.0,35996000.0,1271857000.0,1307853000.0,1319009000.0,76872000.0,0.0,0.015,0.12,189497000.0,266369000.0,0.156,266369000.0,189497000.0,84041000.0,0.19,0.18,0.19,1604186000.0,1588433750.0,1604186000.0,3052263393.0,16.0,11.459,168918000.0,0.574,1.0,293936000.0,0.172,1122205000.0,105456000.0,7121387000.0,7076289250.0,67256000.0,697871000.0,0.0,697871000.0,6090121000.0,268160000.0,5821961000.0,2303114393.0,169915000.0,186402000.0,-116433000.0,-83944000.0,-30008000.0,-229541000.0,131905000.0,43256000.0,266000000.0,1551000.0,53880000.0,53880000.0,53880000.0,-3480000.0,0.0,0.031,111996000.0,181940000.0,213961000.0,0.632,1.436,42.745,41.053,2409396000.0,0.0,7.8,1.346,1.341,2611788000.0,-935979000.0,1711566000.0,1711566000.0,0.0,0.007,0.034,0.027,0.111,3784000.0,87134000.0,1.0,295271076.0,294308000.0,298678000.0,5.816,6572102000.0,0.0,30161000.0,175684000.0,22.331,396921000.0
62,SCI,MRT,2005-12-31,2005-12-31,2005-12-31,2021-09-09,70499000.0,7544769000.0,7700890250.0,613310000.0,6931459000.0,0.223,5.233,-98605000.0,446782000.0,446782000.0,1413965000.0,-127941000.0,2.248,3.77,1207201000.0,20716000.0,1186485000.0,1207201000.0,1327869000.0,74866000.0,0.0,0.011,0.09,7828000.0,82694000.0,0.048,82694000.0,7828000.0,-95905000.0,-0.42,-0.42,-0.42,1581555000.0,1600664250.0,1581555000.0,3194602546.0,408.0,38.632,214247000.0,0.709,1.0,303042000.0,0.176,1123888000.0,103733000.0,6908532000.0,7107349250.0,31254000.0,700382000.0,0.0,700382000.0,5963214000.0,272768000.0,5690446000.0,2425876546.0,158997000.0,223518000.0,-217318000.0,-86430000.0,-22637000.0,-326385000.0,171015000.0,46903000.0,312852000.0,1515000.0,-127941000.0,-127941000.0,-127941000.0,-4506000.0,0.0,-0.075,110927000.0,192115000.0,231693000.0,-0.214,1.534,-18.961,-19.476,2342901000.0,0.0,8.18,1.413,1.44,2612454000.0,-962905000.0,1717007000.0,1717007000.0,0.0,-0.017,-0.08,0.001,0.005,2086000.0,84834000.0,1.0,296561925.0,302213000.0,306745000.0,5.681,6420881000.0,0.0,32036000.0,159036000.0,21.246,340542000.0
63,SCI,MRT,2005-09-30,2005-09-30,2005-09-30,2021-09-09,69295000.0,7724961000.0,7871486500.0,708551000.0,7016410000.0,0.217,5.361,-100365000.0,492059000.0,492059000.0,1404192000.0,-123715000.0,2.175,3.845,1286914000.0,91379000.0,1195535000.0,1286914000.0,1347524000.0,85203000.0,0.0,0.007,0.06,5745000.0,90948000.0,0.053,90948000.0,5745000.0,-98800000.0,-0.39,-0.39,-0.39,1594568000.0,1666012250.0,1594568000.0,3492237547.0,608.0,38.398,82841000.0,0.279,1.0,302607000.0,0.177,1140509000.0,104545000.0,7053604000.0,7313837750.0,66158000.0,701382000.0,0.0,701382000.0,6130393000.0,325703000.0,5804690000.0,2564655547.0,174014000.0,196130000.0,-256957000.0,-55731000.0,-15184000.0,-328716000.0,318159000.0,225899000.0,183206000.0,1365000.0,-123715000.0,-123715000.0,-123715000.0,-12687000.0,0.0,-0.072,128365000.0,174242000.0,233634000.0,-0.154,1.608,-20.73,-21.256,2331895000.0,0.0,8.29,1.503,1.445,2615781000.0,-985674000.0,1706799000.0,1706799000.0,0.0,-0.016,-0.074,0.001,0.003,2434000.0,92482000.0,1.0,309367376.0,297421000.0,297421000.0,5.739,6584452000.0,0.0,24915000.0,173291000.0,22.138,382848000.0
64,SCI,MRT,2005-06-30,2005-06-30,2005-06-30,2021-09-09,25524000.0,7742080000.0,8017288250.0,557592000.0,7184488000.0,0.212,5.204,-98082000.0,319955000.0,319955000.0,1385185000.0,-100348000.0,1.778,3.921,1263295000.0,90770000.0,1172525000.0,1263295000.0,1359474000.0,98721000.0,0.0,0.004,0.03,35308000.0,134029000.0,0.079,134029000.0,35308000.0,-70022000.0,-0.32,-0.32,-0.32,1573426000.0,1736568500.0,1573426000.0,3408708356.0,97.0,25.433,53754000.0,0.178,1.0,312431000.0,0.184,1150143000.0,105330000.0,7221634000.0,7468552000.0,82987000.0,722947000.0,0.0,722947000.0,6168654000.0,313643000.0,5855011000.0,2481126356.0,-20929000.0,35122000.0,-290160000.0,-42452000.0,-7729000.0,-341185000.0,166631000.0,233054000.0,151836000.0,1789000.0,-100348000.0,-100348000.0,-100348000.0,-14000000.0,0.0,-0.059,109751000.0,202680000.0,219925000.0,-0.094,1.577,-24.725,-25.062,2431469000.0,0.0,8.02,1.462,1.428,2713199000.0,-970485000.0,1697616000.0,1697616000.0,0.0,-0.013,-0.058,0.005,0.021,1885000.0,98033000.0,1.0,309367376.0,302363000.0,306404000.0,5.614,6591937000.0,0.0,30326000.0,204226000.0,21.801,243949000.0
65,SCI,MRT,2005-03-31,2005-03-31,2005-03-31,2021-09-09,26952000.0,7791751000.0,8191458000.0,543279000.0,7248472000.0,0.207,5.273,-98480000.0,320493000.0,320493000.0,1385406000.0,-71233000.0,1.744,3.713,1248075000.0,75936000.0,1172139000.0,1248075000.0,1314092000.0,117749000.0,0.0,0.0,0.0,53585000.0,171334000.0,0.101,171334000.0,53585000.0,-57364000.0,-0.23,-0.23,-0.23,1653108000.0,1812326500.0,1653108000.0,3284768126.0,61.0,19.172,34146000.0,0.109,1.0,312736000.0,0.184,1162215000.0,110949000.0,7245627000.0,7602059250.0,85761000.0,706585000.0,0.0,706585000.0,6138643000.0,311491000.0,5827152000.0,2318593126.0,-178418000.0,70388000.0,-202613000.0,-239579000.0,0.0,-443036000.0,131641000.0,163173000.0,132626000.0,351000.0,-71233000.0,-71233000.0,-71233000.0,-45224000.0,0.0,-0.042,114305000.0,198431000.0,231403000.0,0.0,1.403,-32.549,-32.522,2472469000.0,0.0,7.48,1.365,1.381,2710517000.0,-984190000.0,1698142000.0,1698142000.0,0.0,-0.009,-0.039,0.007,0.032,1336000.0,99576000.0,1.0,309972343.0,313490000.0,317751000.0,5.417,6629536000.0,0.0,13869000.0,195356000.0,21.148,231788000.0
66,SCI,MRT,2004-12-31,2004-12-31,2004-12-31,2021-09-09,-38349000.0,8227154000.0,8437877250.0,536838000.0,7690316000.0,0.216,5.782,-95619000.0,287785000.0,287785000.0,1497396000.0,110661000.0,1.708,3.464,1278517000.0,78164000.0,1200353000.0,1278517000.0,1343938000.0,133431000.0,0.0,0.0,0.0,221851000.0,355282000.0,0.195,355282000.0,221851000.0,102558000.0,0.35,0.34,0.35,1842947000.0,1802287500.0,1842947000.0,3437698845.0,15.0,9.676,-1463000.0,-0.005,1.0,328347000.0,0.18,1169040000.0,119293000.0,7734486000.0,7802438000.0,81526000.0,729048000.0,0.0,729048000.0,6384207000.0,314360000.0,6069847000.0,2461027845.0,48354000.0,337190000.0,-99653000.0,-236333000.0,0.0,-335986000.0,289524000.0,51378000.0,94156000.0,660000.0,110661000.0,110661000.0,110661000.0,-43833000.0,0.0,0.061,105087000.0,223260000.0,221235000.0,0.0,1.335,22.239,21.286,2488460000.0,0.0,7.45,1.348,1.301,2770184000.0,-834964000.0,1825743000.0,1825743000.0,0.0,0.013,0.061,0.028,0.122,889000.0,130884000.0,1.0,330339308.0,318737000.0,344675000.0,5.728,7058114000.0,0.0,-8103000.0,282313000.0,22.144,222478000.0
67,SCI,MRT,2004-09-30,2004-09-30,2004-09-30,2021-09-09,-54505000.0,8308168000.0,8271814500.0,701175000.0,7606993000.0,0.242,5.576,-103102000.0,318045000.0,318045000.0,1666774000.0,117215000.0,1.575,3.427,1294716000.0,59025000.0,1235691000.0,1294716000.0,1354812000.0,143522000.0,0.0,0.0,0.0,231097000.0,374619000.0,0.187,374619000.0,231097000.0,107645000.0,0.38,0.38,0.38,1876793000.0,1721955750.0,1876793000.0,3054338749.0,13.0,8.153,137104000.0,0.407,1.0,335319000.0,0.167,1167092000.0,123452000.0,7672461000.0,7658062000.0,86951000.0,699888000.0,0.0,699888000.0,6431375000.0,445286000.0,5986089000.0,2097620749.0,154125000.0,376895000.0,-27675000.0,-184110000.0,0.0,-221702000.0,136893000.0,-136612000.0,240206000.0,-1272000.0,117215000.0,117215000.0,117215000.0,-49745000.0,0.0,0.059,97012000.0,238307000.0,369608000.0,0.0,1.118,17.895,16.342,2504491000.0,0.0,6.21,1.048,1.044,2681445000.0,-850608000.0,2002093000.0,2002093000.0,0.0,0.014,0.068,0.03,0.115,0.0,168017000.0,1.0,337781119.0,336590000.0,340215000.0,5.948,7141076000.0,0.0,-9570000.0,319049000.0,21.216,255889000.0
68,SCI,MRT,2004-06-30,2004-06-30,2004-06-30,2021-09-09,-71483000.0,8438759000.0,8903586250.0,708862000.0,7729897000.0,0.244,6.093,-109207000.0,340884000.0,340884000.0,1835770000.0,98768000.0,1.478,3.497,1297602000.0,58810000.0,1238792000.0,1297602000.0,1369753000.0,152465000.0,0.0,0.0,0.0,212673000.0,365138000.0,0.168,365138000.0,212673000.0,81341000.0,0.32,0.32,0.32,1876458000.0,1610479000.0,1876458000.0,3436947912.0,16.0,9.413,154198000.0,0.501,1.0,335598000.0,0.155,1160341000.0,131332000.0,7755663000.0,8407915500.0,75462000.0,699591000.0,0.0,699591000.0,6562301000.0,479473000.0,6082828000.0,2244793912.0,182896000.0,442009000.0,6351000.0,-213111000.0,0.0,-216677000.0,139046000.0,-193235000.0,263405000.0,-2878000.0,98768000.0,98768000.0,98768000.0,-49554000.0,0.0,0.045,122663000.0,212935000.0,410179000.0,0.0,1.196,22.728,23.031,2509082000.0,0.0,7.37,1.034,1.045,2777685000.0,-863184000.0,2171368000.0,2171368000.0,0.0,0.011,0.061,0.025,0.098,0.0,195497000.0,1.0,304585334.0,307988000.0,312725000.0,7.05,7278418000.0,0.0,-17427000.0,316898000.0,23.632,229389000.0
69,SCI,MRT,2004-03-31,2004-03-31,2004-03-31,2021-09-09,-64162000.0,8777428000.0,9497409000.0,848809000.0,7928619000.0,0.245,5.323,-111921000.0,498911000.0,498911000.0,1966169000.0,71124000.0,1.124,4.442,1691065000.0,371692000.0,1319373000.0,1691065000.0,1482009000.0,159063000.0,0.0,0.0,0.0,202861000.0,361924000.0,0.156,361924000.0,202861000.0,67609000.0,0.23,0.23,0.23,1612952000.0,1495359000.0,1612952000.0,3739809758.0,18.0,10.333,167723000.0,0.554,1.0,356881000.0,0.154,1167579000.0,135252000.0,8047142000.0,9147914000.0,78898000.0,703996000.0,0.0,703996000.0,7164476000.0,754861000.0,6409615000.0,2267675758.0,346026000.0,413346000.0,4391000.0,-59405000.0,0.0,-64931000.0,130267000.0,-170590000.0,279644000.0,1046000.0,71124000.0,71124000.0,71124000.0,-16451000.0,0.0,0.031,140613000.0,216268000.0,371878000.0,0.0,1.406,31.883,32.478,2497849000.0,0.0,7.47,0.976,0.974,2996240000.0,-909544000.0,2323050000.0,2323050000.0,0.0,0.007,0.048,0.022,0.087,0.0,207737000.0,1.0,303571052.0,303018000.0,353088000.0,7.666,7609849000.0,0.0,-3515000.0,378226000.0,25.114,93948000.0
70,SCI,MRT,2003-12-31,2003-12-31,2003-12-31,2021-09-09,-111712000.0,7562903000.0,9966281000.0,673277000.0,6889626000.0,0.232,5.075,-115471000.0,239431000.0,239431000.0,1956967000.0,85074000.0,1.001,3.97,1701871000.0,182682000.0,1519189000.0,1701871000.0,3015405000.0,161443000.0,0.0,0.0,0.0,251440000.0,412883000.0,0.178,412883000.0,251440000.0,111476000.0,0.28,0.28,0.28,1521620000.0,1434914250.0,1521620000.0,3177489190.0,13.0,7.696,258788000.0,0.863,1.0,356210000.0,0.154,1195422000.0,139964000.0,7156982000.0,9805783250.0,136760000.0,0.0,0.0,0.0,6041283000.0,672939000.0,5368344000.0,1624311190.0,38806000.0,150517000.0,1097000.0,-291480000.0,0.0,-300300000.0,-37422000.0,-71939000.0,374259000.0,2269000.0,85074000.0,85074000.0,85074000.0,-15809000.0,0.0,0.037,136454000.0,219756000.0,453081000.0,0.0,1.067,19.093,19.25,2800503000.0,0.0,5.39,0.702,0.699,2378163000.0,-943372000.0,2313177000.0,2313177000.0,0.0,0.009,0.059,0.026,0.109,0.0,178127000.0,1.0,301356436.0,299801000.0,300790000.0,7.716,6367481000.0,0.0,26402000.0,444784000.0,21.239,338000.0
71,SCI,MRT,2003-09-30,2003-09-30,2003-09-30,2021-09-09,-145263000.0,10835255000.0,10025116750.0,626805000.0,10208450000.0,0.229,4.762,-117675000.0,163920000.0,163920000.0,1944111000.0,47689000.0,1.207,6.572,1717098000.0,131971000.0,1585127000.0,1717098000.0,6577707000.0,164705000.0,0.0,0.0,0.0,217519000.0,382224000.0,0.166,382224000.0,217519000.0,74565000.0,0.15,0.14,0.15,1430886000.0,1386173000.0,1430886000.0,2950931648.0,14.0,7.72,285872000.0,0.951,1.0,353454000.0,0.154,1197055000.0,142954000.0,10671875000.0,9999006250.0,131882000.0,0.0,0.0,0.0,9404369000.0,519503000.0,8884866000.0,1373102648.0,22875000.0,133325000.0,0.0,-342314000.0,0.0,-400937000.0,14348000.0,88000.0,403547000.0,5917000.0,47689000.0,47689000.0,47689000.0,12875000.0,0.0,0.021,140123000.0,213331000.0,370139000.0,0.0,0.96,28.793,30.467,2742824000.0,0.0,4.57,0.598,0.598,1359109000.0,-994957000.0,2297565000.0,2297565000.0,0.0,0.005,0.034,0.022,0.095,0.0,142391000.0,1.0,300460098.0,300507000.0,300507000.0,7.646,9638200000.0,0.0,26876000.0,522430000.0,32.073,107302000.0
72,SCI,MRT,2003-06-30,2003-06-30,2003-06-30,2021-09-09,-161584000.0,10814050000.0,9970378500.0,595702000.0,10218348000.0,0.23,4.73,-107429000.0,157988000.0,157988000.0,1931833000.0,56482000.0,1.246,6.637,1735817000.0,130897000.0,1604920000.0,1735817000.0,6553747000.0,172420000.0,0.0,0.0,0.0,235554000.0,407974000.0,0.178,407974000.0,235554000.0,89214000.0,0.18,0.17,0.18,1415978000.0,1349662500.0,1415978000.0,2748982452.0,12.0,6.738,330018000.0,1.102,1.0,359917000.0,0.157,1198195000.0,146340000.0,10715657000.0,10025104000.0,130976000.0,0.0,0.0,0.0,9398072000.0,478027000.0,8920045000.0,1157555452.0,-4441000.0,131692000.0,0.0,-464330000.0,0.0,-522953000.0,78856000.0,55735000.0,437447000.0,2209000.0,56482000.0,56482000.0,56482000.0,13534000.0,0.0,0.025,133601000.0,226316000.0,335990000.0,0.0,0.817,20.494,21.5,2759843000.0,0.0,3.87,0.505,0.506,1386068000.0,-989381000.0,2291750000.0,2291750000.0,0.0,0.006,0.042,0.023,0.103,0.0,112108000.0,1.0,299109936.0,299351000.0,299844000.0,7.656,9615855000.0,0.0,32732000.0,551618000.0,32.122,117675000.0
73,SCI,MRT,2003-03-31,2003-03-31,2003-03-31,2021-09-09,-186993000.0,10652916000.0,9941447250.0,596063000.0,10056853000.0,0.23,4.605,-102819000.0,152885000.0,152885000.0,1934565000.0,-101841000.0,1.582,6.769,1744312000.0,16948000.0,1727364000.0,1744312000.0,6422517000.0,178528000.0,0.0,0.0,0.0,18656000.0,197184000.0,0.086,197184000.0,18656000.0,-133327000.0,-0.36,-0.37,-0.36,1371173000.0,1313761250.0,1371173000.0,2612985813.0,140.0,13.252,349820000.0,1.175,1.0,356558000.0,0.156,1188902000.0,151983000.0,10678619000.0,10068865750.0,131372000.0,0.0,0.0,0.0,9281743000.0,376822000.0,8904921000.0,828772813.0,-151974000.0,126566000.0,0.0,-610199000.0,0.0,-668822000.0,63459000.0,40636000.0,452639000.0,750000.0,-101841000.0,-101841000.0,-101841000.0,14768000.0,0.0,-0.044,341248000.0,15310000.0,351266000.0,0.0,0.604,-8.138,-7.722,2755959000.0,0.0,2.78,0.362,0.361,1394257000.0,-1003760000.0,2291123000.0,2291123000.0,0.0,-0.01,-0.078,0.002,0.008,0.0,95432000.0,1.0,298119717.0,297775000.0,348665000.0,7.694,9464014000.0,0.0,-31486000.0,545983000.0,31.782,219241000.0
74,SCI,MRT,2002-12-31,2002-12-31,2002-12-31,2021-09-09,-207146000.0,7798246000.0,10021751750.0,614277000.0,7183969000.0,0.231,4.504,-99875000.0,200625000.0,200625000.0,1950681000.0,-234638000.0,1.341,4.878,1974423000.0,100330000.0,1874093000.0,1974423000.0,3341434000.0,179551000.0,0.0,0.0,0.0,-115657000.0,63894000.0,0.028,63894000.0,-115657000.0,-273630000.0,-0.8,-0.8,-0.8,1326655000.0,1320518500.0,1326655000.0,2845393481.0,-25.0,44.533,252297000.0,0.857,1.0,360199000.0,0.156,1184178000.0,157973000.0,7929874000.0,10159300250.0,136666000.0,0.0,0.0,0.0,6471591000.0,457992000.0,6013599000.0,983785481.0,171333000.0,368086000.0,0.0,-446859000.0,0.0,-505482000.0,326925000.0,58883000.0,352172000.0,-2282000.0,-234638000.0,-234638000.0,-234638000.0,14768000.0,0.0,-0.102,347814000.0,12385000.0,356437000.0,0.0,0.742,-4.193,-4.15,2783466000.0,0.0,3.32,0.426,0.423,2647913000.0,-1023145000.0,2310880000.0,2310880000.0,0.0,-0.023,-0.178,-0.011,-0.05,0.0,89752000.0,1.0,296320928.0,294533000.0,294533000.0,7.846,6614068000.0,0.0,-38992000.0,436373000.0,22.456,156285000.0
75,SCI,MRT,2002-09-30,2002-09-30,2002-09-30,2021-09-09,-226126000.0,10616302000.0,10967174500.0,644015000.0,9972287000.0,0.215,4.353,-82670000.0,141045000.0,141045000.0,2010719000.0,-845066000.0,1.254,7.263,2002653000.0,103143000.0,1899510000.0,2002653000.0,6223413000.0,225155000.0,0.0,0.0,0.0,-683019000.0,-457864000.0,-0.194,-457864000.0,-683019000.0,-852499000.0,-2.95,-2.89,-2.95,1284844000.0,1347070000.0,1284844000.0,3040446000.0,-4.0,-6.641,220551000.0,0.747,1.0,344154000.0,0.146,1187876000.0,169480000.0,10776266000.0,11168168500.0,151232000.0,0.0,0.0,0.0,9331458000.0,513768000.0,8817690000.0,1032997000.0,97783000.0,356312000.0,0.0,-486626000.0,0.0,-486595000.0,286134000.0,9764000.0,303221000.0,-4977000.0,-845066000.0,-845066000.0,-845066000.0,151889000.0,0.0,-0.359,759262000.0,-415108000.0,407954000.0,0.0,0.804,-1.222,-1.186,2711588000.0,0.0,3.5,0.439,0.439,1529054000.0,-1041814000.0,2354873000.0,2354873000.0,0.0,-0.077,-0.627,-0.061,-0.29,0.0,74673000.0,1.0,295142000.0,295151000.0,295593000.0,7.979,9428426000.0,0.0,-7433000.0,484245000.0,31.944,130247000.0
76,SCI,MRT,2002-06-30,2002-06-30,2002-06-30,2021-09-09,-230566000.0,10698325000.0,11349651750.0,722323000.0,9976002000.0,0.209,4.33,-125335000.0,162429000.0,162429000.0,2041442000.0,-844846000.0,1.168,7.408,2169878000.0,190889000.0,1978989000.0,2169878000.0,6221053000.0,223595000.0,0.0,0.0,0.0,-673432000.0,-449837000.0,-0.189,-449837000.0,-673432000.0,-854123000.0,-2.94,-2.88,-2.94,1272373000.0,1560729750.0,1272373000.0,3555380340.0,-5.0,-7.904,144020000.0,0.49,1.0,335764000.0,0.141,1196813000.0,180691000.0,10890704000.0,11463440500.0,164656000.0,0.0,0.0,0.0,9425952000.0,618257000.0,8807695000.0,1419018340.0,115684000.0,606870000.0,0.0,-610041000.0,0.0,-610010000.0,446911000.0,-36345000.0,269355000.0,9428000.0,-844846000.0,-844846000.0,-844846000.0,151889000.0,0.0,-0.355,734791000.0,-399027000.0,415680000.0,0.0,1.115,-1.68,-1.643,2738129000.0,0.0,4.83,0.597,0.597,1564777000.0,-1045875000.0,2377206000.0,2377206000.0,0.0,-0.074,-0.541,-0.059,-0.283,0.0,69230000.0,1.0,293792617.0,293872000.0,293872000.0,8.089,9501512000.0,0.0,-9277000.0,419789000.0,32.332,104066000.0
77,SCI,MRT,2002-03-31,2002-03-31,2002-03-31,2021-09-09,-242203000.0,10974134000.0,11732520250.0,983975000.0,9990159000.0,0.206,4.778,-91495000.0,304859000.0,304859000.0,2081433000.0,-712416000.0,1.149,6.849,2441221000.0,433131000.0,2008090000.0,2441221000.0,6052923000.0,225802000.0,0.0,0.0,0.0,-461891000.0,-236089000.0,-0.098,-236089000.0,-461891000.0,-655328000.0,-2.49,-2.43,-2.49,1398202000.0,1747233750.0,1398202000.0,4059050482.0,-9.0,-17.193,168193000.0,0.575,1.0,331061000.0,0.137,1213473000.0,193437000.0,11040357000.0,11740222250.0,157658000.0,0.0,0.0,0.0,9575932000.0,856666000.0,8719266000.0,1553729482.0,264638000.0,687663000.0,0.0,-618676000.0,0.0,-618645000.0,620408000.0,28197000.0,259688000.0,3187000.0,-712416000.0,-712416000.0,-712416000.0,151889000.0,0.0,-0.295,531329000.0,-200268000.0,420316000.0,0.0,1.111,-2.181,-2.129,2912519000.0,0.0,5.3,0.644,0.643,1587529000.0,-902860000.0,2412494000.0,2412494000.0,0.0,-0.061,-0.408,-0.039,-0.191,0.0,68061000.0,1.0,293156506.0,292653000.0,345554000.0,8.244,9760661000.0,0.0,57088000.0,486585000.0,33.352,127309000.0
78,SCI,MRT,2001-12-31,2001-12-31,2001-12-31,2021-09-09,-291199000.0,11579937000.0,12113960500.0,829953000.0,10749984000.0,0.205,5.025,-74931000.0,29292000.0,29292000.0,2166220000.0,-623440000.0,1.168,7.082,2534613000.0,220640000.0,2313973000.0,2534613000.0,6352157000.0,236344000.0,0.0,0.0,0.0,-367250000.0,-130906000.0,-0.053,-130906000.0,-367250000.0,-578107000.0,-2.19,-2.19,-2.19,1432861000.0,1876359500.0,1432861000.0,3934972490.0,-11.0,-30.06,308404000.0,1.082,1.0,322785000.0,0.13,1409309000.0,210857000.0,11965347000.0,12153705000.0,168975000.0,0.0,0.0,0.0,10147076000.0,710602000.0,9436474000.0,1455540490.0,-18617000.0,412342000.0,0.0,-727469000.0,0.0,-727438000.0,325410000.0,-12874000.0,383335000.0,76000.0,-623440000.0,-623440000.0,-623440000.0,151889000.0,0.0,-0.25,553706000.0,-230921000.0,484150000.0,0.0,1.016,-2.335,-2.279,3282183000.0,0.0,4.99,0.585,0.572,1635971000.0,-814149000.0,2489005000.0,2489005000.0,0.0,-0.051,-0.332,-0.03,-0.148,0.0,70309000.0,1.0,291691481.0,285127000.0,285127000.0,8.729,10170628000.0,0.0,45333000.0,552559000.0,35.671,119351000.0
79,SCI,MRT,2001-09-30,2001-09-30,2001-09-30,2021-09-09,-172191000.0,12146211000.0,12437794750.0,716259000.0,11429952000.0,0.202,7.371,-117926000.0,43262000.0,43262000.0,2177331000.0,-427579000.0,0.998,4.677,2522694000.0,208793000.0,2313901000.0,2522694000.0,6331542000.0,204266000.0,0.0,0.0,0.0,-268241000.0,-63975000.0,-0.026,-63975000.0,-268241000.0,-497809000.0,-1.57,-1.57,-1.57,2139483000.0,2012099500.0,2139483000.0,4475366397.0,-17.0,-69.955,273799000.0,0.943,1.0,331124000.0,0.132,1950814000.0,229568000.0,11957354000.0,12474537250.0,178580000.0,0.0,0.0,0.0,10006728000.0,717475000.0,9289253000.0,1745668397.0,4607000.0,465572000.0,0.0,-676759000.0,0.0,-676759000.0,286001000.0,-51567000.0,391725000.0,3640000.0,-427579000.0,-427579000.0,-427579000.0,2369000.0,0.0,-0.17,635278000.0,-304154000.0,458249000.0,0.0,0.816,-4.083,-3.834,3424385000.0,0.0,6.02,0.696,0.697,1692569000.0,-222392000.0,2508455000.0,2508455000.0,0.0,-0.034,-0.213,-0.022,-0.107,0.0,73352000.0,1.0,289978139.0,290258000.0,293763000.0,8.642,10195397000.0,0.0,-70230000.0,500433000.0,35.125,-1216000.0
80,SCI,MRT,2001-06-30,2001-06-30,2001-06-30,2021-09-09,-278655000.0,12229799000.0,12755917250.0,724076000.0,11505723000.0,0.199,7.086,-61765000.0,46745000.0,46745000.0,2205212000.0,-481486000.0,0.769,5.059,2776443000.0,444586000.0,2331857000.0,2776443000.0,6243408000.0,207387000.0,0.0,0.0,0.0,-303529000.0,-96142000.0,-0.038,-96142000.0,-303529000.0,-556921000.0,-1.77,-1.77,-1.77,2018389000.0,2338010000.0,2018389000.0,4799120006.0,-16.0,-49.917,383775000.0,1.347,1.0,335967000.0,0.132,2020504000.0,253392000.0,11997831000.0,12873292000.0,155761000.0,0.0,0.0,0.0,10211410000.0,941162000.0,9270248000.0,1807031006.0,12091000.0,476718000.0,0.0,-827446000.0,0.0,-827446000.0,402251000.0,36857000.0,445540000.0,-8254000.0,-481486000.0,-481486000.0,-481486000.0,-2584000.0,0.0,-0.189,632229000.0,-296262000.0,450393000.0,0.0,0.895,-3.753,-3.593,3488319000.0,0.0,6.36,0.711,0.713,1746486000.0,-226673000.0,2541179000.0,2541179000.0,0.0,-0.038,-0.206,-0.024,-0.119,0.0,76488000.0,1.0,284124372.0,284852000.0,284852000.0,8.921,10209295000.0,0.0,-75435000.0,505722000.0,35.841,-217086000.0
81,SCI,MRT,2001-03-31,2001-03-31,2001-03-31,2021-09-09,-318206000.0,12499895000.0,12851151500.0,791593000.0,11708302000.0,0.199,6.997,-69035000.0,40221000.0,40221000.0,2237548000.0,-466345000.0,1.112,5.528,3032310000.0,171023000.0,2861287000.0,3032310000.0,6293408000.0,216141000.0,0.0,0.0,0.0,-288552000.0,-72411000.0,-0.028,-72411000.0,-288552000.0,-561357000.0,-1.71,-1.71,-1.71,1914705000.0,2708251500.0,1914705000.0,4563893002.0,-16.0,-63.028,404185000.0,1.477,1.0,321465000.0,0.126,2086024000.0,272805000.0,12694288000.0,13097766000.0,160999000.0,0.0,0.0,0.0,10585190000.0,711672000.0,9873518000.0,1320505002.0,-69911000.0,370618000.0,55000.0,-790501000.0,0.0,-790446000.0,250618000.0,16460000.0,473220000.0,-3303000.0,-466345000.0,-466345000.0,-466345000.0,-8195000.0,0.0,-0.182,620598000.0,-299133000.0,462709000.0,0.0,0.69,-2.832,-2.778,3593591000.0,0.0,4.75,0.516,0.508,1756523000.0,-216088000.0,2559013000.0,2559013000.0,0.0,-0.036,-0.172,-0.022,-0.113,0.0,77799000.0,1.0,278001053.0,273637000.0,273966000.0,9.352,10413871000.0,0.0,-95012000.0,535023000.0,38.057,79921000.0
82,SCI,MRT,2000-12-31,2000-12-31,2000-12-31,2021-09-09,-237157000.0,12875274000.0,13345561500.0,907299000.0,11967975000.0,0.192,7.259,-83370000.0,47909000.0,47909000.0,2237088000.0,-1343251000.0,1.326,5.516,3268102000.0,176782000.0,3091320000.0,3268102000.0,6352826000.0,224031000.0,0.0,0.0,0.0,-1153158000.0,-929127000.0,-0.362,-929127000.0,-1153158000.0,-1434706000.0,-4.93,-4.93,-4.93,1975821000.0,3109913500.0,1975821000.0,3773726962.0,-3.0,-4.062,284870000.0,1.047,1.0,327642000.0,0.128,2162511000.0,281548000.0,13248676000.0,13624708250.0,170056000.0,0.0,0.0,0.0,10899453000.0,684280000.0,10215173000.0,480999962.0,-3286000.0,370618000.0,0.0,-707961000.0,0.0,-564463000.0,193068000.0,37699000.0,368240000.0,-131000.0,-1343251000.0,-1343251000.0,-1343251000.0,-13347000.0,0.0,-0.524,597708000.0,-270066000.0,501355000.0,0.0,0.243,-0.358,-0.355,3701747000.0,0.0,1.75,0.188,0.186,1779364000.0,-216353000.0,2564730000.0,2564730000.0,0.0,-0.101,-0.432,-0.085,-0.45,0.0,79932000.0,1.0,274857121.0,272172000.0,272172000.0,9.423,10712763000.0,0.0,-91455000.0,509435000.0,39.36,223019000.0
83,SCI,MRT,2000-09-30,2000-09-30,2000-09-30,2021-09-09,-202555000.0,13418701000.0,13371300500.0,807401000.0,12611300000.0,0.199,12.649,-20766000.0,38655000.0,38655000.0,2316328000.0,-1105959000.0,0.935,2.897,3331382000.0,245531000.0,3085851000.0,3331382000.0,4418575000.0,231781000.0,0.0,0.037,0.09,-920628000.0,-688847000.0,-0.259,-688847000.0,-920628000.0,-1201579000.0,-4.06,-4.05,-4.06,3443125000.0,3489776500.0,3443125000.0,4372930572.0,-5.0,-6.348,348653000.0,1.281,1.0,341084000.0,0.128,2295861000.0,280951000.0,13552373000.0,13688835500.0,184110000.0,0.0,0.0,0.0,9975576000.0,863194000.0,9112382000.0,664176572.0,-130156000.0,250242000.0,0.0,-1174463000.0,-24485000.0,-689514000.0,198763000.0,66891000.0,369419000.0,-8824000.0,-1105959000.0,-1105959000.0,-1105959000.0,-19579000.0,0.0,-0.416,372603000.0,-31519000.0,505940000.0,-0.022,0.193,-0.601,-0.601,3917146000.0,0.0,2.44,0.25,0.25,2047082000.0,1216822000.0,2657412000.0,2657412000.0,0.0,-0.083,-0.317,-0.067,-0.346,0.0,86778000.0,1.0,272203513.0,272210000.0,272210000.0,9.762,11122840000.0,0.0,-95620000.0,1007249000.0,40.861,-55793000.0
84,SCI,MRT,2000-06-30,2000-06-30,2000-06-30,2021-09-09,-169680000.0,12610736000.0,13759734500.0,1048799000.0,11561937000.0,0.2,12.861,-27720000.0,48303000.0,48303000.0,2356924000.0,-1024279000.0,0.97,2.604,3757057000.0,466571000.0,3290486000.0,3757057000.0,3194423000.0,240896000.0,0.0,0.057,0.18,-832933000.0,-592037000.0,-0.215,-592037000.0,-832933000.0,-1100032000.0,-3.76,-3.75,-3.76,3499355000.0,3556027000.0,3499355000.0,4653533228.0,-6.0,-7.86,332546000.0,1.222,1.0,392976000.0,0.143,2342801000.0,267099000.0,12895727000.0,14219860500.0,191595000.0,0.0,0.0,0.0,9111381000.0,1080962000.0,8030419000.0,862555228.0,-57390000.0,-35821000.0,-81000.0,-686163000.0,-48970000.0,-225780000.0,-187183000.0,-2815000.0,360266000.0,-4693000.0,-1024279000.0,-1024279000.0,-1024279000.0,-17329000.0,0.0,-0.372,371740000.0,21236000.0,510179000.0,-0.048,0.246,-0.842,-0.843,3981131000.0,0.0,3.17,0.314,0.314,2113084000.0,1240516000.0,2749900000.0,2749900000.0,0.0,-0.074,-0.288,-0.059,-0.303,0.0,85915000.0,1.0,272099441.0,272093000.0,272093000.0,10.106,10267935000.0,0.0,-75753000.0,923978000.0,37.737,-32163000.0
85,SCI,MRT,2000-03-31,2000-03-31,2000-03-31,2021-09-09,-108681000.0,14477535000.0,14273508250.0,982874000.0,13494661000.0,0.2,12.943,-65924000.0,147158000.0,147158000.0,2368950000.0,-952822000.0,0.95,3.111,3938136000.0,369832000.0,3568304000.0,3938136000.0,3161407000.0,248348000.0,0.0,0.09,0.27,-729236000.0,-480888000.0,-0.168,-480888000.0,-729236000.0,-979531000.0,-3.5,-3.49,-3.5,3521353000.0,3605678250.0,3521353000.0,4787988854.0,-7.0,-9.957,256844000.0,0.944,1.0,490241000.0,0.171,2431581000.0,250295000.0,14802057000.0,14869416250.0,186204000.0,1355230000.0,0.0,1355230000.0,10956182000.0,1034875000.0,9921307000.0,816193854.0,-34526000.0,27015000.0,-136000.0,-535956000.0,-73448000.0,-100106000.0,-250433000.0,30242000.0,322768000.0,-6755000.0,-952822000.0,-952822000.0,-952822000.0,-17808000.0,0.0,-0.333,355532000.0,134709000.0,547102000.0,-0.077,0.232,-0.857,-0.857,4027649000.0,0.0,3.0,0.285,0.285,2159156000.0,1201724000.0,2859191000.0,2859191000.0,0.0,-0.067,-0.264,-0.049,-0.255,0.0,82988000.0,1.0,272064618.0,272063000.0,273501000.0,10.509,12045954000.0,0.0,-26709000.0,947732000.0,44.276,-52001000.0
86,SCI,MRT,1999-12-31,1999-12-31,1999-12-31,2021-09-09,-59990000.0,12978230000.0,14338253750.0,1143497000.0,11834733000.0,0.21,12.837,-91285000.0,57814000.0,57814000.0,2423212000.0,-32412000.0,1.099,2.713,4060016000.0,423949000.0,3636067000.0,4060016000.0,3186081000.0,246090000.0,0.0,0.052,0.36,190304000.0,436394000.0,0.145,436394000.0,190304000.0,-47881000.0,-0.12,-0.12,-0.12,3495273000.0,3646333000.0,3495273000.0,5882286397.0,31.0,13.479,302325000.0,1.11,1.0,584746000.0,0.194,2434467000.0,238185000.0,13505185000.0,15031479750.0,190343000.0,0.0,0.0,0.0,9482957000.0,1040780000.0,8442177000.0,1888100397.0,-269989000.0,-102647000.0,-45750000.0,-124227000.0,-96779000.0,-266756000.0,-384742000.0,21459000.0,393610000.0,-12101000.0,-32412000.0,-32412000.0,-32412000.0,-16927000.0,0.0,-0.011,445013000.0,139733000.0,576751000.0,-3.0,0.54,-58.253,-57.833,4062389000.0,0.0,6.94,0.628,0.628,2117494000.0,1126898000.0,3007958000.0,3007958000.0,0.0,-0.002,-0.009,0.013,0.063,0.0,82585000.0,1.0,272060576.0,272281000.0,272281000.0,11.047,10543763000.0,0.0,-15469000.0,904860000.0,38.724,102717000.0
87,SCI,MRT,1999-09-30,1999-09-30,1999-09-30,2021-09-09,-31319000.0,14972437000.0,14410235750.0,1092604000.0,13879833000.0,0.205,13.63,-173842000.0,205837000.0,205837000.0,2318163000.0,211030000.0,1.386,3.038,4200023000.0,88718000.0,4111305000.0,4200023000.0,3306471000.0,245679000.0,0.0,0.034,0.36,528438000.0,774117000.0,0.262,774117000.0,528438000.0,303762000.0,0.79,0.79,0.79,3708127000.0,3561040250.0,3708127000.0,6868243024.0,13.0,8.872,196352000.0,0.722,1.0,634643000.0,0.215,2501823000.0,224676000.0,15676473000.0,15236450500.0,209445000.0,1284291000.0,0.0,1284291000.0,11264310000.0,788327000.0,10475983000.0,2872961024.0,88857000.0,-115206000.0,-45750000.0,831756000.0,-95498000.0,324572000.0,-600900000.0,6688000.0,370194000.0,-5009000.0,211030000.0,211030000.0,211030000.0,-19374000.0,0.0,0.071,162881000.0,471762000.0,600058000.0,0.456,0.775,13.614,13.367,4140471000.0,0.0,10.56,0.973,0.973,2186068000.0,1311146000.0,2952806000.0,2952806000.0,0.0,0.015,0.059,0.035,0.179,0.0,72997000.0,1.0,272060703.0,272060000.0,273079000.0,10.854,12470614000.0,0.0,92732000.0,933163000.0,45.838,304277000.0
88,SCI,MRT,1999-06-30,1999-06-30,1999-06-30,2021-09-09,-33982000.0,14665831000.0,13680620250.0,1016676000.0,13649155000.0,0.216,13.595,-182704000.0,129070000.0,129070000.0,2272540000.0,262189000.0,1.411,2.966,4124352000.0,79431000.0,4044921000.0,4124352000.0,3237869000.0,233858000.0,0.0,0.019,0.36,598008000.0,831866000.0,0.281,831866000.0,598008000.0,384920000.0,0.99,0.99,0.99,3697960000.0,3384924750.0,3697960000.0,9196914538.0,15.0,11.056,184891000.0,0.68,1.0,684595000.0,0.232,2446779000.0,213088000.0,15493950000.0,14557466500.0,209470000.0,1247861000.0,0.0,1247861000.0,10967871000.0,720384000.0,10247487000.0,5235633538.0,53544000.0,-409175000.0,-45669000.0,1059350000.0,-94162000.0,553583000.0,-859411000.0,-33480000.0,367595000.0,-8223000.0,262189000.0,262189000.0,262189000.0,-16671000.0,0.0,0.089,158981000.0,525614000.0,553893000.0,0.364,1.416,19.969,19.444,4150700000.0,0.0,19.25,1.771,1.771,2139923000.0,1303576000.0,2957135000.0,2957135000.0,0.0,0.019,0.077,0.041,0.202,0.0,69097000.0,1.0,271980963.0,272013000.0,274587000.0,10.871,12219052000.0,0.0,122731000.0,929118000.0,44.921,296292000.0
89,SCI,MRT,1999-03-31,1999-03-31,1999-03-31,2021-09-09,5029000.0,14736517000.0,12825328000.0,1083698000.0,13652819000.0,0.226,13.495,-199087000.0,181684000.0,181684000.0,2198577000.0,277124000.0,1.365,3.0,4142965000.0,93750000.0,4049215000.0,4142965000.0,3255373000.0,210381000.0,0.0,0.025,0.36,607579000.0,817960000.0,0.282,817960000.0,607579000.0,410788000.0,1.07,1.06,1.07,3683972000.0,3194681000.0,3683972000.0,7377998809.0,12.0,9.02,126682000.0,0.464,1.0,702952000.0,0.242,2453578000.0,196791000.0,15450311000.0,13704885500.0,207242000.0,1273154000.0,0.0,1273154000.0,11052545000.0,793909000.0,10258636000.0,3875551809.0,-59903000.0,-784026000.0,-45669000.0,1262079000.0,-92896000.0,757578000.0,-1137340000.0,-76027000.0,325769000.0,-5910000.0,277124000.0,277124000.0,277124000.0,-10581000.0,0.0,0.096,159425000.0,543527000.0,616341000.0,0.336,1.052,13.985,13.318,4130402000.0,0.0,14.25,1.336,1.341,2148754000.0,1252046000.0,2901529000.0,2901529000.0,0.0,0.022,0.087,0.044,0.209,0.0,69541000.0,1.0,271968548.0,272990000.0,275442000.0,10.629,12282939000.0,0.0,133664000.0,926659000.0,44.994,289789000.0
90,SCI,MRT,1998-12-31,1998-12-31,1998-12-31,2021-09-09,15378000.0,13266158000.0,11840888750.0,1209080000.0,12057078000.0,0.228,12.308,-208981000.0,358210000.0,358210000.0,1996108000.0,342142000.0,1.918,3.206,3860657000.0,96067000.0,3764590000.0,3860657000.0,2819794000.0,197330000.0,0.0,0.009,0.35,687600000.0,884930000.0,0.328,884930000.0,687600000.0,510547000.0,1.34,1.31,1.34,3154102000.0,2981294000.0,3154102000.0,13146914868.0,19.0,14.856,84118000.0,0.328,1.0,700209000.0,0.26,1813212000.0,177053000.0,14325068000.0,12685782500.0,189070000.0,1234678000.0,0.0,1234678000.0,10112056000.0,630325000.0,9481731000.0,9814643868.0,311333000.0,-709972000.0,0.0,1129921000.0,-88360000.0,1041561000.0,-1024354000.0,-78807000.0,293099000.0,1027000.0,342142000.0,342142000.0,342142000.0,-10581000.0,0.0,0.127,66839000.0,633370000.0,452354000.0,0.261,3.112,28.686,28.403,3860876000.0,0.0,38.06,3.64,3.617,1973628000.0,1232758000.0,2696317000.0,2696317000.0,0.0,0.029,0.115,0.054,0.255,0.0,66839000.0,1.0,257872934.0,256271000.0,262520000.0,10.521,11452946000.0,0.0,168405000.0,878990000.0,44.691,578755000.0
91,SCI,MRT,1998-09-30,1998-09-30,1998-09-30,2021-09-09,-5883000.0,12053975000.0,11153081750.0,962845000.0,11091130000.0,0.248,11.67,-176584000.0,116980000.0,116980000.0,2005416000.0,374827000.0,1.467,3.013,3449251000.0,83269000.0,3365982000.0,3449251000.0,2458898000.0,177448000.0,0.0,0.011,0.34,741030000.0,918478000.0,0.332,918478000.0,741030000.0,578685000.0,1.47,1.45,1.47,3003665000.0,2874269500.0,3003665000.0,11271551837.0,15.0,12.272,93387000.0,0.363,1.0,762029000.0,0.275,1769592000.0,162345000.0,12960537000.0,11887956500.0,183039000.0,1275234000.0,0.0,1275234000.0,9050310000.0,656117000.0,8394193000.0,8201453837.0,54866000.0,-727909000.0,0.0,895283000.0,-84046000.0,811237000.0,-1023844000.0,-224190000.0,269971000.0,-2498000.0,374827000.0,374827000.0,374827000.0,0.0,0.0,0.135,67247000.0,694782000.0,425142000.0,0.231,2.73,21.881,21.687,3681360000.0,0.0,31.88,2.964,2.965,1849414000.0,1196893000.0,2767445000.0,2767445000.0,0.0,0.034,0.13,0.062,0.268,0.0,67247000.0,1.0,257260158.0,257380000.0,263416000.0,10.752,10284383000.0,0.0,203858000.0,889176000.0,39.958,306728000.0
92,SCI,MRT,1998-06-30,1998-06-30,1998-06-30,2021-09-09,8178000.0,11244662000.0,10574068250.0,885645000.0,10359017000.0,0.251,11.517,-178088000.0,75526000.0,75526000.0,1915825000.0,364338000.0,1.686,2.829,3145624000.0,68338000.0,3077286000.0,3145624000.0,3400012000.0,167999000.0,0.0,0.008,0.33,708986000.0,876985000.0,0.33,876985000.0,708986000.0,561723000.0,1.44,1.41,1.44,2936985000.0,2777739000.0,2936985000.0,13642936098.0,19.0,15.557,105446000.0,0.414,1.0,740095000.0,0.279,1705928000.0,147263000.0,12083626000.0,11168419500.0,183920000.0,640962000.0,0.0,640962000.0,8307677000.0,525206000.0,7782471000.0,10977223098.0,43969000.0,-564296000.0,0.0,675682000.0,-79759000.0,595923000.0,-832990000.0,-143125000.0,283534000.0,-2498000.0,364338000.0,364338000.0,364338000.0,0.0,0.0,0.137,68600000.0,671495000.0,368256000.0,0.229,3.738,30.129,29.778,3480128000.0,0.0,42.88,4.133,4.117,1687695000.0,1136891000.0,2655920000.0,2655920000.0,0.0,0.034,0.131,0.063,0.267,0.0,68600000.0,1.0,255998673.0,255004000.0,261740000.0,10.415,9538734000.0,0.0,197385000.0,821262000.0,37.406,360439000.0
93,SCI,MRT,1998-03-31,1998-03-31,1998-03-31,2021-09-09,1809000.0,10798760000.0,10115042000.0,1023070000.0,9775690000.0,0.254,11.116,-205247000.0,241587000.0,241587000.0,1851243000.0,352191000.0,1.794,2.815,2907300000.0,64603000.0,2842697000.0,2907300000.0,3280549000.0,163082000.0,0.0,0.008,0.32,682402000.0,845484000.0,0.329,845484000.0,682402000.0,542510000.0,1.41,1.37,1.41,2830424000.0,2685461250.0,2830424000.0,13510282003.0,20.0,15.979,148963000.0,0.585,1.0,715588000.0,0.279,1520286000.0,139892000.0,11373899000.0,10602069500.0,170410000.0,606629000.0,0.0,606629000.0,7968336000.0,570288000.0,7398048000.0,10857890003.0,194176000.0,-346760000.0,0.0,580078000.0,-74494000.0,505584000.0,-663120000.0,-124193000.0,354210000.0,-2498000.0,352191000.0,352191000.0,352191000.0,0.0,0.0,0.137,67161000.0,648427000.0,405933000.0,0.227,3.836,30.83,30.099,3355845000.0,0.0,42.44,4.23,4.21,1623762000.0,1069086000.0,2566831000.0,2566831000.0,0.0,0.035,0.131,0.064,0.266,0.0,67161000.0,1.0,255840952.0,254635000.0,261768000.0,10.08,9278474000.0,0.0,190319000.0,807604000.0,36.438,452782000.0
94,SCI,MRT,1997-12-31,1997-12-31,1997-12-31,2021-09-09,-3519000.0,10514930000.0,9685620000.0,811408000.0,9703522000.0,0.262,11.105,-183624000.0,46877000.0,46877000.0,1848253000.0,333750000.0,1.515,2.857,2699269000.0,64570000.0,2634699000.0,2699269000.0,2805429000.0,157550000.0,0.0,0.008,0.3,675891000.0,833441000.0,0.329,833441000.0,675891000.0,539171000.0,1.36,1.31,1.36,2726004000.0,2554099250.0,2726004000.0,11636308296.0,17.0,13.962,118310000.0,0.482,1.0,687612000.0,0.271,1498116000.0,136720000.0,11133764000.0,10087438500.0,172169000.0,574728000.0,0.0,574728000.0,7788926000.0,535442000.0,7253484000.0,9256457296.0,2746000.0,-433385000.0,0.0,406642000.0,-69888000.0,336754000.0,-633444000.0,7526000.0,301934000.0,-2498000.0,333750000.0,333750000.0,333750000.0,0.0,0.0,0.132,66781000.0,620831000.0,425631000.0,0.221,3.396,27.735,27.022,3280996000.0,0.0,36.75,3.65,3.557,1538602000.0,983353000.0,2535865000.0,2535865000.0,0.0,0.034,0.131,0.067,0.267,0.0,66781000.0,1.0,251876389.0,245470000.0,257781000.0,10.331,9016814000.0,0.0,205421000.0,746462000.0,36.733,275966000.0
95,SCI,MRT,1997-09-30,1997-09-30,1997-09-30,2021-09-09,-2802000.0,9737921000.0,9274330000.0,755471000.0,8982450000.0,0.271,10.402,-207469000.0,62114000.0,62114000.0,1839275000.0,315626000.0,1.245,2.72,2441965000.0,124706000.0,2317259000.0,2441965000.0,3019888000.0,142700000.0,0.0,0.009,0.28,647917000.0,790617000.0,0.315,790617000.0,647917000.0,511921000.0,1.33,,1.33,2617543000.0,2431427500.0,2617543000.0,10387606640.0,16.0,13.139,128378000.0,0.51,1.0,671950000.0,0.268,1428695000.0,135996000.0,10082389000.0,9555016250.0,151418000.0,569339000.0,0.0,569339000.0,7120378000.0,606688000.0,6513690000.0,8049936640.0,17929000.0,-460341000.0,0.0,337070000.0,-65137000.0,271933000.0,-589851000.0,95424000.0,335847000.0,0.0,315626000.0,315626000.0,315626000.0,0.0,0.0,0.126,71593000.0,600357000.0,414470000.0,0.211,3.075,25.505,24.06,3172475000.0,0.0,32.0,3.206,3.207,1419048000.0,908690000.0,2511225000.0,2511225000.0,0.0,0.034,0.13,0.068,0.258,0.0,71593000.0,1.0,251560520.0,251634000.0,,9.98,8309226000.0,0.0,196295000.0,719431000.0,33.021,148783000.0
96,SCI,MRT,1997-06-30,1997-06-30,1997-06-30,2021-09-09,11629000.0,9408557000.0,,719268000.0,8689289000.0,,10.661,-212804000.0,31557000.0,31557000.0,1803174000.0,300297000.0,1.333,2.664,2369227000.0,100858000.0,2268369000.0,2369227000.0,2888894000.0,138391000.0,0.0,0.008,0.26,628359000.0,766750000.0,0.312,766750000.0,628359000.0,489102000.0,1.28,,1.28,2567874000.0,,2567874000.0,10051639659.0,16.0,13.109,59187000.0,0.246,1.0,651556000.0,0.265,1388309000.0,139257000.0,9818226000.0,,150803000.0,560405000.0,0.0,560405000.0,6840683000.0,539692000.0,6300991000.0,7870280659.0,-95015000.0,-251553000.0,0.0,107248000.0,-60395000.0,46853000.0,-413859000.0,45165000.0,271991000.0,0.0,300297000.0,300297000.0,300297000.0,0.0,0.0,0.122,67114000.0,584442000.0,386084000.0,0.203,3.065,26.208,25.688,3090169000.0,0.0,32.88,3.206,3.226,1392282000.0,854855000.0,2454730000.0,2454730000.0,0.0,,,,0.256,0.0,67114000.0,1.0,239363767.0,240872000.0,,10.191,8020248000.0,0.0,188805000.0,687956000.0,33.297,179576000.0
97,SCI,MRT,1997-03-31,1997-03-31,1997-03-31,2021-09-09,10792000.0,9081072000.0,,731110000.0,8349962000.0,,9.715,-160045000.0,47411000.0,47411000.0,1785902000.0,283746000.0,1.273,2.94,2228770000.0,100062000.0,2128708000.0,2228770000.0,2784123000.0,135346000.0,0.0,0.008,0.24,605789000.0,741135000.0,0.306,741135000.0,605789000.0,465380000.0,1.21,,1.21,2304976000.0,,2304976000.0,9221530536.0,15.0,12.442,60743000.0,0.256,1.0,632436000.0,0.262,1372705000.0,140409000.0,9315375000.0,,141421000.0,567205000.0,0.0,567205000.0,6776096000.0,574351000.0,6201745000.0,7103048536.0,-19046000.0,-256924000.0,0.0,226440000.0,-56548000.0,169892000.0,-409726000.0,37063000.0,220788000.0,0.0,283746000.0,283746000.0,283746000.0,0.0,0.0,0.117,66088000.0,566348000.0,400297000.0,0.198,3.082,25.033,24.587,2943010000.0,0.0,29.75,2.937,2.919,1371012000.0,795052000.0,2418338000.0,2418338000.0,0.0,,,,0.25,0.0,66088000.0,1.0,238757934.0,237264000.0,,10.193,7708367000.0,0.0,181634000.0,657253000.0,32.489,156759000.0
98,SCI,MRT,1996-12-31,1996-12-31,1996-12-31,2021-09-09,33233000.0,8869770000.0,8271078500.0,714040000.0,8155730000.0,0.285,9.5,-163031000.0,44131000.0,44131000.0,1750890000.0,265298000.0,1.175,2.968,2162613000.0,113876000.0,2048737000.0,2162613000.0,2725770000.0,129819000.0,0.0,0.008,0.235,552438000.0,682257000.0,0.29,682257000.0,552438000.0,413881000.0,1.13,1.08,1.13,2235317000.0,2105331000.0,2235317000.0,,,,46826000.0,0.199,1.0,604452000.0,0.257,1376634000.0,138557000.0,9004075000.0,8344856500.0,139019000.0,601565000.0,0.0,601565000.0,6634453000.0,607543000.0,6026910000.0,6685222152.0,-13353000.0,-210114000.0,0.0,312178000.0,-55262000.0,256916000.0,-480126000.0,-74558000.0,209857000.0,0.0,265298000.0,265298000.0,265298000.0,0.0,0.0,0.113,63215000.0,541237000.0,440797000.0,0.208,2.991,25.199,24.779,2837288000.0,0.0,28.0,2.838,2.797,1303863000.0,728108000.0,2355342000.0,2355342000.0,0.0,0.032,0.126,0.066,0.235,0.0,63215000.0,1.0,238757934.0,235299000.0,252870000.0,10.01,7493136000.0,0.0,148583000.0,580330000.0,31.845,106497000.0
99,SCI,MRT,1996-09-30,1996-09-30,1996-09-30,2021-09-09,,,,,,,,,,,,,,,,,,,,,,0.008,0.23,,,,,,,,,,,,,,,,,,1.0,,,,,,,,,,,,,,,,,,,,,,,,,,,,,,,,,,,,,,,,30.25,,,,,,,,,,,,,,1.0,,,,,,,,,,
100,SCI,MRT,1996-06-30,1996-06-30,1996-06-30,2021-09-09,,,,,,,,,,,,,,,,,,,,,,0.008,0.225,,,,,,,,,,,,,,,,,,1.0,,,,,,,,,,,,,,,,,,,,,,,,,,,,,,,,,,,,,,,,28.75,,,,,,,,,,,,,,1.0,,,,,,,,,,
101,SCI,MRT,1996-03-31,1996-03-31,1996-03-31,2021-09-09,,,,,,,,,,,,,,,,,,,,,,0.009,0.22,,,,,,,,,,,,,,,,,,1.0,,,,,,,,,,,,,,,,,,,,,,,,,,,,,,,,,,,,,,,,24.44,,,,,,,,,,,,,,1.0,,,,,,,,,,
102,SCI,MRT,1995-12-31,1995-12-31,1995-12-31,2021-09-09,7533000.0,7672387000.0,,659601000.0,7012786000.0,,9.896,-112576000.0,57484000.0,57484000.0,1186905000.0,183588000.0,1.078,2.884,1834701000.0,122237000.0,1712464000.0,1834701000.0,2362053000.0,92541000.0,0.0,0.01,0.22,412359000.0,504900000.0,0.306,504900000.0,412359000.0,294211000.0,0.92,0.86,0.92,1975345000.0,,1975345000.0,,,,58922000.0,0.295,1.0,465221000.0,0.282,1152215000.0,118148000.0,7685638000.0,,120805000.0,557335000.0,0.0,557335000.0,5697042000.0,611751000.0,5085291000.0,,-160857000.0,-707499000.0,331063000.0,305393000.0,-43676000.0,592780000.0,-925135000.0,-52321000.0,171498000.0,0.0,183588000.0,183588000.0,183588000.0,0.0,0.0,0.111,53600000.0,411621000.0,420940000.0,0.239,,,23.913,2436278000.0,0.0,22.0,,2.658,1211832000.0,518562000.0,1652126000.0,1652126000.0,0.0,,,,0.25,0.0,53600000.0,1.0,,199603000.0,229967000.0,8.277,6520172000.0,0.0,110623000.0,506414000.0,32.666,47850000.0
103,SCI,MRT,1994-12-31,1994-12-31,1994-12-31,2021-09-09,,,,,,,,-67796000.0,,,775980000.0,131045000.0,,,,,,,,68993000.0,,0.016,0.22,299144000.0,368137000.0,0.33,368137000.0,299144000.0,219021000.0,0.75,0.72,0.75,,,,,,,45118000.0,,1.0,341195000.0,0.305,,80123000.0,,,,,,,,,,,197519000.0,-683389000.0,189726000.0,465089000.0,-36013000.0,791302000.0,-706697000.0,0.0,112914000.0,0.0,131045000.0,131045000.0,131045000.0,0.0,0.0,0.117,51700000.0,289495000.0,,0.293,,,18.5,,0.0,13.875,,,,,1117175000.0,1117175000.0,0.0,,,,0.268,0.0,51700000.0,1.0,,,,,,,87976000.0,,,
