None,ticker,dimension,calendardate,datekey,reportperiod,lastupdated,accoci,assets,assetsavg,assetsc,assetsnc,assetturnover,bvps,capex,cashneq,cashnequsd,cor,consolinc,currentratio,de,debt,debtc,debtnc,debtusd,deferredrev,depamor,deposits,divyield,dps,ebit,ebitda,ebitdamargin,ebitdausd,ebitusd,ebt,eps,epsdil,epsusd,equity,equityavg,equityusd,ev,evebit,evebitda,fcf,fcfps,fxusd,gp,grossmargin,intangibles,intexp,invcap,invcapavg,inventory,investments,investmentsc,investmentsnc,liabilities,liabilitiesc,liabilitiesnc,marketcap,ncf,ncfbus,ncfcommon,ncfdebt,ncfdiv,ncff,ncfi,ncfinv,ncfo,ncfx,netinc,netinccmn,netinccmnusd,netincdis,netincnci,netmargin,opex,opinc,payables,payoutratio,pb,pe,pe1,ppnenet,prefdivis,price,ps,ps1,receivables,retearn,revenue,revenueusd,rnd,roa,roe,roic,ros,sbcomp,sgna,sharefactor,sharesbas,shareswa,shareswadil,sps,tangibles,taxassets,taxexp,taxliabilities,tbvps,workingcapital
0,DFODQ,MRY,2019-12-31,2019-12-31,2019-12-31,2021-08-25,-85163000.0,2228557000.0,2321996500.0,966667000.0,1261890000.0,3.156,-1.973,-83415000.0,80011000.0,80011000.0,5888931000.0,-500804000.0,0.885,-13.244,734829000.0,526682000.0,208147000.0,734829000.0,0.0,278088000.0,0.0,0.0,0.0,-440407000.0,-162319000.0,-0.022,-162319000.0,-440407000.0,-509137000.0,-5.45,-5.45,-5.45,-181122000.0,88764500.0,-181122000.0,1390530401.0,-3.0,-8.567,-130751000.0,-1.425,1.0,1439732000.0,0.196,165928000.0,68730000.0,1625033000.0,2472547250.0,250485000.0,0.0,0.0,0.0,2398797000.0,1092414000.0,1306383000.0,5516401.0,55835000.0,0.0,-425000.0,187039000.0,0.0,186586000.0,-83415000.0,0.0,-47336000.0,0.0,-499942000.0,-499942000.0,-499942000.0,70000.0,-862000.0,-0.068,1844251000.0,-404519000.0,565732000.0,0.0,-0.03,-0.011,-0.011,1095962000.0,0.0,0.06,0.001,0.001,574146000.0,-760727000.0,7328663000.0,7328663000.0,0.0,-0.215,-5.632,-0.178,-0.06,2383000.0,1629277000.0,1.0,91940015.0,91777119,91777119.0,79.853,2062629000.0,1917000.0,-9195000.0,5066000.0,22.474,-125747000.0
1,DFODQ,MRY,2018-12-31,2018-12-31,2018-12-31,2021-08-25,-98607000.0,2118492000.0,2318807750.0,912280000.0,1206212000.0,3.345,3.317,-95900000.0,24176000.0,24176000.0,6100005000.0,-327358000.0,1.302,5.954,906344000.0,1174000.0,905170000.0,906344000.0,0.0,156027000.0,0.0,0.079,0.3,-312740000.0,-156713000.0,-0.02,-156713000.0,-312740000.0,-369183000.0,-3.58,-3.58,-3.58,302960000.0,532870250.0,302960000.0,1213614989.0,-4.0,-7.744,57062000.0,0.625,1.0,1655278000.0,0.213,197512000.0,56443000.0,2102313000.0,2186047500.0,255484000.0,0.0,0.0,0.0,1803760000.0,700835000.0,1102925000.0,348235989.0,7664000.0,-13324000.0,-445000.0,-8668000.0,-27405000.0,-36074000.0,-109224000.0,0.0,152962000.0,0.0,-326900000.0,-326900000.0,-326900000.0,-4872000.0,-458000.0,-0.042,1978410000.0,-323132000.0,699661000.0,-0.084,1.149,-1.065,-1.064,1006182000.0,0.0,3.81,0.045,0.045,589263000.0,-260977000.0,7755283000.0,7755283000.0,0.0,-0.141,-0.613,-0.143,-0.04,7895000.0,1680837000.0,1.0,91400522.0,91327846,91327846.0,84.917,1920980000.0,6738000.0,-42283000.0,13707000.0,21.034,211445000.0
2,DFODQ,MRY,2017-12-31,2017-12-31,2017-12-31,2021-08-25,-78410000.0,2503829000.0,2507632000.0,1019879000.0,1483950000.0,3.109,7.216,-102390000.0,16512000.0,16512000.0,5976958000.0,61588000.0,1.517,2.817,913199000.0,1125000.0,912074000.0,913199000.0,0.0,170640000.0,0.0,0.031,0.36,100370000.0,271010000.0,0.035,271010000.0,100370000.0,35409000.0,0.68,0.67,0.68,655947000.0,615900750.0,655947000.0,1974921390.0,20.0,7.287,42409000.0,0.467,1.0,1818067000.0,0.233,379155000.0,64961000.0,2349166000.0,2250653750.0,278063000.0,0.0,0.0,0.0,1847882000.0,672195000.0,1175687000.0,1052788390.0,-1468000.0,-21596000.0,-535000.0,21991000.0,-32737000.0,-11281000.0,-134986000.0,-11000000.0,144799000.0,0.0,61588000.0,61588000.0,61588000.0,-14166000.0,0.0,0.008,1730501000.0,87566000.0,671070000.0,0.529,1.605,17.094,17.0,1094064000.0,0.0,11.56,0.135,0.135,675826000.0,74219000.0,7795025000.0,7795025000.0,0.0,0.025,0.1,0.045,0.013,11021000.0,1654210000.0,1.0,91071660.0,90899284,91273994.0,85.755,2124674000.0,12871000.0,-26179000.0,60018000.0,23.374,347684000.0
3,DFODQ,MRY,2016-12-31,2016-12-31,2016-12-31,2021-08-25,-89633000.0,2606227000.0,2540894750.0,1058630000.0,1547597000.0,3.034,6.714,-129937000.0,17980000.0,17980000.0,5722112000.0,119929000.0,1.249,3.269,886051000.0,140806000.0,745245000.0,886051000.0,0.0,178385000.0,0.0,0.017,0.36,268758000.0,447143000.0,0.058,447143000.0,268758000.0,201963000.0,1.32,1.31,1.32,610556000.0,589775000.0,610556000.0,2838937008.0,11.0,6.349,127476000.0,1.402,1.0,1988114000.0,0.258,362009000.0,66795000.0,2264502000.0,2334659250.0,284484000.0,0.0,0.0,0.0,1995671000.0,847787000.0,1147884000.0,1971013008.0,-42754000.0,-158203000.0,-25720000.0,47868000.0,-32828000.0,-9934000.0,-288140000.0,0.0,257413000.0,-2093000.0,119929000.0,119929000.0,119929000.0,688000.0,0.0,0.016,1719883000.0,268231000.0,706981000.0,0.273,3.228,16.435,16.5,1163851000.0,0.0,21.78,0.256,0.257,669200000.0,45654000.0,7710226000.0,7710226000.0,0.0,0.047,0.203,0.115,0.035,29830000.0,1690412000.0,1.0,90496465.0,90933886,91510483.0,84.789,2244218000.0,64819000.0,82034000.0,126009000.0,24.68,210843000.0
4,DFODQ,MRY,2015-12-31,2015-12-31,2015-12-31,2021-08-25,-85803000.0,2520163000.0,2509850000.0,1077563000.0,1442600000.0,3.236,5.847,-144047000.0,60734000.0,60734000.0,6147252000.0,-8508000.0,1.414,3.62,834573000.0,1493000.0,833080000.0,834573000.0,0.0,176884000.0,0.0,0.016,0.28,53076000.0,229960000.0,0.028,229960000.0,53076000.0,-13737000.0,-0.09,-0.09,-0.09,545504000.0,551583250.0,545504000.0,2343778324.0,44.0,10.192,264106000.0,2.831,1.0,1974409000.0,0.243,237077000.0,66813000.0,2295030000.0,2290344500.0,253326000.0,0.0,0.0,0.0,1974659000.0,761895000.0,1212764000.0,1566779324.0,44372000.0,0.0,-53026000.0,-137030000.0,-26182000.0,-215896000.0,-146247000.0,-2200000.0,408153000.0,-1638000.0,-8508000.0,-8508000.0,-8508000.0,427000.0,0.0,-0.001,1881048000.0,93361000.0,741988000.0,-3.111,2.872,-184.154,-190.556,1174137000.0,0.0,17.15,0.193,0.197,653156000.0,-49523000.0,8121661000.0,8121661000.0,0.0,-0.003,-0.015,0.023,0.007,16377000.0,1729641000.0,1.0,91357395.0,93298467,93298467.0,87.05,2283086000.0,94106000.0,-5229000.0,106820000.0,24.471,315668000.0
5,DFODQ,MRY,2014-12-31,2014-12-31,2014-12-31,2021-08-25,-84983000.0,2769636000.0,2806572500.0,1180060000.0,1589576000.0,3.386,6.68,-121792000.0,16362000.0,16362000.0,7829733000.0,-20296000.0,1.485,3.415,917179000.0,698000.0,916481000.0,917179000.0,0.0,164297000.0,0.0,0.014,0.28,8627000.0,172924000.0,0.018,172924000.0,8627000.0,-52392000.0,-0.22,-0.22,-0.22,627318000.0,658459250.0,627318000.0,2766117759.0,321.0,15.996,31154000.0,0.332,1.0,1673463000.0,0.176,381565000.0,61019000.0,2494437000.0,2552315500.0,251831000.0,0.0,0.0,0.0,2142318000.0,794451000.0,1347867000.0,1818284759.0,-400000.0,0.0,-17139000.0,13123000.0,-26232000.0,-29888000.0,-121792000.0,0.0,152946000.0,-1666000.0,-20296000.0,-20296000.0,-20296000.0,109000.0,0.0,-0.002,1664910000.0,8553000.0,774900000.0,-1.273,2.899,-89.588,-88.091,1172596000.0,0.0,19.38,0.191,0.192,747630000.0,-41015000.0,9503196000.0,9503196000.0,0.0,-0.007,-0.031,0.003,0.001,12276000.0,1643797000.0,1.0,93822743.0,93916656,93916656.0,101.188,2388071000.0,150220000.0,-32096000.0,137944000.0,25.428,385609000.0
6,DFODQ,MRY,2013-12-31,2013-12-31,2013-12-31,2021-08-25,-57190000.0,2802045000.0,3546283500.0,1150698000.0,1651347000.0,2.542,7.616,-165223000.0,16762000.0,16762000.0,7161734000.0,819357000.0,1.473,2.923,897262000.0,698000.0,896564000.0,897262000.0,0.0,173829000.0,0.0,0.0,0.0,971411000.0,1145240000.0,0.127,1145240000.0,971411000.0,770853000.0,8.67,8.58,8.67,714315000.0,733580000.0,714315000.0,2293802439.0,2.0,2.003,-481864000.0,-5.138,1.0,1854587000.0,0.206,399677000.0,200558000.0,2501781000.0,2901092000.0,262858000.0,0.0,0.0,0.0,2087730000.0,781087000.0,1306643000.0,1622808439.0,-7895000.0,0.0,23481000.0,-903377000.0,0.0,-929526000.0,1238271000.0,0.0,-316641000.0,1000.0,813178000.0,813178000.0,813178000.0,-493998000.0,6179000.0,0.09,1723791000.0,130796000.0,761288000.0,0.0,2.272,1.996,1.983,1216047000.0,0.0,17.19,0.18,0.179,752234000.0,-20719000.0,9016321000.0,9016321000.0,0.0,0.229,1.109,0.335,0.108,19289000.0,1648198000.0,1.0,94404214.0,93785611,94796236.0,96.138,2402368000.0,111681000.0,-42325000.0,100691000.0,25.616,369611000.0
7,DFODQ,MRY,2012-12-31,2012-12-31,2012-12-31,2021-08-25,-186584000.0,5697583000.0,5664816500.0,3980734000.0,1716849000.0,1.637,3.867,-110930000.0,24657000.0,24657000.0,7179403000.0,161041000.0,1.651,14.664,2322243000.0,10535000.0,2311708000.0,2322243000.0,0.0,186748000.0,0.0,0.0,0.0,397156000.0,583904000.0,0.063,583904000.0,397156000.0,246567000.0,1.72,1.7,1.72,357187000.0,87981000.0,357187000.0,6439541448.0,16.0,11.028,371488000.0,4.022,1.0,2095259000.0,0.226,418354000.0,150589000.0,5166428000.0,5646083500.0,261265000.0,0.0,0.0,0.0,5237955000.0,2410387000.0,2827568000.0,3058198448.0,6510000.0,58034000.0,6434000.0,-1407470000.0,0.0,-302463000.0,-174178000.0,0.0,482418000.0,733000.0,158622000.0,158622000.0,158622000.0,-137226000.0,2419000.0,0.017,1834574000.0,260685000.0,913631000.0,0.0,8.562,19.28,19.198,1248637000.0,0.0,33.02,0.33,0.329,775818000.0,-833897000.0,9274662000.0,9274662000.0,0.0,0.028,1.803,0.07,0.043,29091000.0,1832488000.0,1.0,92616549.0,92375378,93065912.0,100.402,5279229000.0,139211000.0,87945000.0,104835000.0,57.15,1570347000.0
8,DFODQ,MRY,2011-12-31,2011-12-31,2011-12-31,2021-08-25,-199520000.0,5755167000.0,6853406000.0,2238708000.0,3516459000.0,1.418,-1.128,-171766000.0,115650000.0,115650000.0,7618313000.0,-1592171000.0,1.469,-56.614,3743927000.0,202292000.0,3541635000.0,3743927000.0,0.0,190141000.0,0.0,0.0,0.0,-1921727000.0,-1731586000.0,-0.178,-1731586000.0,-1921727000.0,-2099176000.0,-17.18,-17.18,-17.18,-103398000.0,729907000.0,-103398000.0,5800501379.0,-3.0,-3.35,267271000.0,2.915,1.0,2097434000.0,0.216,1580224000.0,177449000.0,6279171000.0,6211610750.0,384991000.0,0.0,0.0,0.0,5853818000.0,1524049000.0,4329769000.0,2057430379.0,16082000.0,91958000.0,3623000.0,-340675000.0,0.0,-293598000.0,-128260000.0,0.0,439037000.0,-1097000.0,-1575621000.0,-1575621000.0,-1575621000.0,-136111000.0,-16550000.0,-0.162,4173859000.0,-2076425000.0,1127717000.0,0.0,-19.898,-1.306,-1.304,1936235000.0,0.0,22.4,0.212,0.211,872958000.0,-992519000.0,9715747000.0,9715747000.0,0.0,-0.23,-2.159,-0.309,-0.198,30422000.0,1929823000.0,1.0,91849570.0,91694110,91694110.0,105.958,4174943000.0,134435000.0,-523555000.0,292539000.0,45.531,714659000.0
9,DFODQ,MRY,2010-12-31,2010-12-31,2010-12-31,2021-08-25,-146653000.0,7956667000.0,7853042500.0,1816216000.0,6140451000.0,1.378,16.496,-267683000.0,92007000.0,92007000.0,8063932000.0,82756000.0,1.26,4.296,4067525000.0,174250000.0,3893275000.0,4067525000.0,0.0,247239000.0,0.0,0.0,0.0,328849000.0,576088000.0,0.053,576088000.0,328849000.0,137644000.0,1.0,1.0,1.0,1499525000.0,1455025500.0,1499525000.0,5594008140.0,17.0,9.71,251535000.0,2.767,1.0,2756305000.0,0.255,4027060000.0,191205000.0,6464160000.0,6451513250.0,425576000.0,0.0,0.0,0.0,6442599000.0,1440965000.0,5001634000.0,1610494140.0,31570000.0,0.0,3415000.0,-229109000.0,0.0,-217692000.0,-269454000.0,0.0,519218000.0,-502000.0,91491000.0,91491000.0,91491000.0,-51264000.0,-8735000.0,0.008,2487238000.0,269067000.0,1232876000.0,0.0,1.074,17.603,17.68,2113391000.0,0.0,17.68,0.149,0.149,891019000.0,583102000.0,10820237000.0,10820237000.0,0.0,0.012,0.063,0.051,0.03,36872000.0,2418135000.0,1.0,91091298.0,90899653,91430901.0,119.035,3929607000.0,212990000.0,46153000.0,756714000.0,43.23,375251000.0
10,DFODQ,MRY,2009-12-31,2009-12-31,2009-12-31,2021-08-25,-166976000.0,7843941000.0,7328309000.0,1647594000.0,6196347000.0,1.517,15.813,-258857000.0,45190000.0,45190000.0,8008561000.0,227847000.0,1.111,4.791,4228979000.0,248352000.0,3980627000.0,4228979000.0,0.0,253930000.0,0.0,0.0,0.0,638663000.0,892593000.0,0.08,892593000.0,638663000.0,392153000.0,2.82,2.76,2.82,1351946000.0,1113176500.0,1351946000.0,7419667904.0,12.0,8.312,401697000.0,4.699,1.0,3105221000.0,0.279,4094094000.0,246510000.0,6451222000.0,6022775750.0,436061000.0,0.0,0.0,0.0,6476709000.0,1482414000.0,4994295000.0,3256111904.0,13534000.0,-581211000.0,454326000.0,-275163000.0,0.0,192765000.0,-840593000.0,0.0,660554000.0,808000.0,240308000.0,240308000.0,240308000.0,773000.0,-12461000.0,0.022,2482467000.0,622754000.0,1225017000.0,0.0,2.408,13.55,12.794,2102253000.0,0.0,36.08,0.293,0.278,871833000.0,491611000.0,11113782000.0,11113782000.0,0.0,0.033,0.216,0.106,0.057,39371000.0,2442668000.0,1.0,90247004.0,85493443,86929152.0,129.996,3749847000.0,174361000.0,151845000.0,620093000.0,43.861,165180000.0
11,DFODQ,MRY,2008-12-31,2008-12-31,2008-12-31,2021-08-25,-227029000.0,7040192000.0,7035097750.0,1481193000.0,5558999000.0,1.757,7.48,-244810000.0,35979000.0,35979000.0,9438593000.0,183770000.0,1.038,11.612,4489251000.0,315526000.0,4173725000.0,4489251000.0,0.0,236820000.0,0.0,0.0,0.0,606278000.0,843098000.0,0.068,843098000.0,606278000.0,298100000.0,2.46,2.4,2.46,558234000.0,544559250.0,558234000.0,7377173082.0,12.0,8.75,471818000.0,6.322,1.0,2922718000.0,0.236,3737107000.0,308178000.0,6329090000.0,6684394750.0,393111000.0,0.0,0.0,0.0,6481958000.0,1427267000.0,5054691000.0,2766466082.0,2098000.0,-95851000.0,419663000.0,-800287000.0,0.0,-373043000.0,-341487000.0,0.0,716628000.0,0.0,183770000.0,183770000.0,183770000.0,-1883000.0,0.0,0.015,2317200000.0,605518000.0,1084037000.0,0.0,4.956,15.054,14.61,1821892000.0,0.0,35.94,0.224,0.217,854992000.0,251303000.0,12361311000.0,12361311000.0,0.0,0.026,0.337,0.091,0.049,35180000.0,2284606000.0,1.0,76974571.0,74633260,76697873.0,165.627,3303085000.0,127211000.0,114330000.0,496348000.0,44.258,53926000.0
12,DFODQ,MRY,2007-12-31,2007-12-31,2007-12-31,2021-08-25,-87802000.0,7033356000.0,7035679500.0,1531984000.0,5501372000.0,1.68,0.787,-221256000.0,32555000.0,32555000.0,9084318000.0,131353000.0,1.643,136.191,5272351000.0,25246000.0,5247105000.0,5272351000.0,0.0,231898000.0,0.0,0.58,30.0,548562000.0,780460000.0,0.066,780460000.0,548562000.0,215360000.0,2.02,1.92,2.02,51267000.0,497832750.0,51267000.0,8724429738.0,16.0,11.179,128994000.0,1.98,1.0,2737585000.0,0.232,3702994000.0,333202000.0,7637642000.0,7021288750.0,379773000.0,0.0,0.0,0.0,6982089000.0,932516000.0,6049573000.0,3403329738.0,1415000.0,-130668000.0,48114000.0,1868639000.0,-1942738000.0,-7616000.0,-341219000.0,0.0,350250000.0,0.0,131353000.0,131353000.0,131353000.0,-891000.0,0.0,0.011,2183988000.0,553597000.0,907270000.0,14.851,66.384,25.91,25.604,1798378000.0,0.0,51.72,0.288,0.285,913074000.0,67533000.0,11821903000.0,11821903000.0,0.0,0.019,0.264,0.078,0.046,34817000.0,2141135000.0,1.0,65802972.0,65155406,68645999.0,181.442,3330362000.0,146726000.0,84007000.0,482212000.0,51.114,599468000.0
13,DFODQ,MRY,2006-12-31,2006-12-31,2006-12-31,2021-08-25,-45787000.0,6770173000.0,6870176500.0,1379290000.0,5390883000.0,1.47,27.018,-231052000.0,31140000.0,31140000.0,7358676000.0,225414000.0,1.032,2.742,3355851000.0,483658000.0,2872193000.0,3355851000.0,0.0,227682000.0,0.0,0.0,0.0,595411000.0,823093000.0,0.082,823093000.0,595411000.0,400864000.0,3.36,3.22,3.36,1809399000.0,1930921000.0,1809399000.0,8788570565.0,15.0,10.677,330166000.0,4.93,1.0,2739879000.0,0.271,3583996000.0,194547000.0,5174332000.0,5392027250.0,360754000.0,0.0,0.0,0.0,4960774000.0,1336556000.0,3624218000.0,5655267565.0,6684000.0,-17244000.0,-367751000.0,-60427000.0,0.0,-387069000.0,-167465000.0,0.0,561218000.0,0.0,225414000.0,225414000.0,225414000.0,54849000.0,0.0,0.022,2089184000.0,650695000.0,822122000.0,0.0,3.125,25.088,25.167,1786907000.0,0.0,84.56,0.56,0.561,799038000.0,1229427000.0,10098555000.0,10098555000.0,0.0,0.033,0.117,0.11,0.059,36871000.0,2058085000.0,1.0,66878756.0,66969388,69881052.0,150.794,3186177000.0,117991000.0,175450000.0,535328000.0,47.577,42734000.0
14,DFODQ,MRY,2005-12-31,2005-12-31,2005-12-31,2021-08-25,-25933000.0,7050884000.0,7226281000.0,1401193000.0,5649691000.0,1.408,25.938,-278772000.0,24456000.0,24456000.0,7591548000.0,308654000.0,1.366,2.707,3386848000.0,65326000.0,3321522000.0,3386848000.0,0.0,214630000.0,0.0,0.0,0.0,632782000.0,847412000.0,0.083,847412000.0,632782000.0,472552000.0,4.2,4.02,4.2,1902213000.0,2285013750.0,1902213000.0,8129431430.0,13.0,9.593,277004000.0,3.777,1.0,2583170000.0,0.254,3571163000.0,160230000.0,5816179000.0,5446298750.0,355004000.0,0.0,0.0,0.0,5148671000.0,1025934000.0,4122737000.0,5069019430.0,-901000.0,-1378000.0,-642160000.0,153067000.0,0.0,-438957000.0,-117720000.0,0.0,555776000.0,0.0,308654000.0,308654000.0,308654000.0,-53556000.0,0.0,0.03,2003075000.0,580095000.0,926067000.0,0.0,2.665,16.423,17.933,1776801000.0,0.0,75.32,0.498,0.543,818431000.0,1004013000.0,10174718000.0,10174718000.0,0.0,0.043,0.135,0.116,0.062,40067000.0,1961518000.0,1.0,67299780.0,73336661,76719318.0,138.74,3479721000.0,137776000.0,163898000.0,484248000.0,47.449,375259000.0
15,DFODQ,MRY,2004-12-31,2004-12-31,2004-12-31,2021-08-25,-5697000.0,7756368000.0,7613249000.0,1437082000.0,6319286000.0,1.277,34.45,-291158000.0,27407000.0,27407000.0,7338138000.0,253721000.0,1.368,1.912,3251728000.0,141012000.0,3110716000.0,3251728000.0,0.0,202289000.0,0.0,0.0,0.0,583981000.0,786270000.0,0.081,786270000.0,583981000.0,392193000.0,3.28,3.16,3.28,2663599000.0,2675408250.0,2663599000.0,8225230287.0,14.0,10.461,237568000.0,3.073,1.0,2387410000.0,0.245,3773298000.0,191788000.0,6157216000.0,5562850250.0,365403000.0,0.0,0.0,0.0,5092769000.0,1050175000.0,4042594000.0,4910568287.0,-5951000.0,-378164000.0,-235049000.0,409569000.0,0.0,211894000.0,-746571000.0,0.0,528726000.0,0.0,253721000.0,253721000.0,253721000.0,-47514000.0,0.0,0.026,1851665000.0,535745000.0,869163000.0,0.0,1.844,19.354,20.091,1813284000.0,0.0,65.9,0.505,0.524,828754000.0,1359632000.0,9725548000.0,9725548000.0,0.0,0.033,0.095,0.105,0.06,48193000.0,1827884000.0,1.0,74515452.0,77317990,80352288.0,125.786,3983070000.0,143079000.0,138472000.0,523540000.0,51.515,386907000.0
16,DFODQ,MRY,2003-12-31,2003-12-31,2003-12-31,2021-08-25,-31020000.0,6992536000.0,6741091750.0,1400881000.0,5591655000.0,1.245,35.025,-259769000.0,47143000.0,47143000.0,6214729000.0,355703000.0,1.197,1.75,2791514000.0,180158000.0,2611356000.0,2791514000.0,0.0,176668000.0,0.0,0.0,0.0,703207000.0,879875000.0,0.105,879875000.0,703207000.0,529262000.0,4.9,4.54,4.9,2542813000.0,2246350750.0,2542813000.0,7740395552.0,11.0,8.797,265001000.0,3.65,1.0,2176256000.0,0.259,3818100000.0,173945000.0,4748414000.0,4563329000.0,426478000.0,0.0,0.0,0.0,4449723000.0,1170393000.0,3279330000.0,5128586552.0,3715000.0,-144047000.0,-104251000.0,22098000.0,0.0,-84882000.0,-436173000.0,0.0,524770000.0,0.0,355703000.0,355703000.0,355703000.0,-80164000.0,0.0,0.042,1541823000.0,634433000.0,924707000.0,0.0,2.017,14.418,13.416,1773555000.0,0.0,65.74,0.611,0.569,742934000.0,1074258000.0,8390985000.0,8390985000.0,0.0,0.053,0.158,0.154,0.084,26380000.0,1595150000.0,1.0,78013182.0,72600706,80347835.0,115.577,3174436000.0,137055000.0,173559000.0,453679000.0,43.725,230488000.0
17,DFODQ,MRY,2002-12-31,2002-12-31,2002-12-31,2021-08-25,-55705000.0,6582266000.0,6718912500.0,1311146000.0,5271120000.0,1.338,24.339,-235217000.0,45896000.0,45896000.0,6642773000.0,175416000.0,1.099,3.006,2727924000.0,173442000.0,2554482000.0,2727924000.0,0.0,173994000.0,0.0,0.0,0.0,526089000.0,700083000.0,0.078,700083000.0,526089000.0,328404000.0,2.6,2.42,2.6,1643293000.0,1648324750.0,1643293000.0,6239844747.0,12.0,8.913,420547000.0,6.229,1.0,2348691000.0,0.261,3642696000.0,197685000.0,4428650000.0,4674216000.0,400347000.0,0.0,0.0,0.0,4938973000.0,1192948000.0,3746025000.0,3385989747.0,-28834000.0,-73836000.0,-12223000.0,-355297000.0,0.0,-370407000.0,-314191000.0,0.0,655764000.0,0.0,175416000.0,175416000.0,175416000.0,7352000.0,0.0,0.02,1686084000.0,662607000.0,981018000.0,0.0,2.06,19.303,19.026,1628424000.0,0.0,49.467,0.377,0.371,656938000.0,718555000.0,8991464000.0,8991464000.0,0.0,0.026,0.106,0.113,0.059,13923000.0,1659259000.0,1.0,68449928.0,67515637,81581952.0,133.176,2939570000.0,158337000.0,152988000.0,332744000.0,43.539,118198000.0
18,DFODQ,MRY,2001-12-31,2001-12-31,2001-12-31,2021-08-25,-29843000.0,6691897000.0,4507342500.0,1438467000.0,5253430000.0,1.326,34.951,-128527000.0,74730000.0,74730000.0,4574258000.0,109830000.0,1.235,3.534,3068497000.0,96972000.0,2971525000.0,3068497000.0,0.0,145898000.0,0.0,0.013,0.6,293810000.0,439708000.0,0.074,439708000.0,293810000.0,189990000.0,2.6,2.38,2.6,1475880000.0,471533500.0,1475880000.0,3174978243.0,11.0,7.221,179400000.0,4.248,1.0,1400297000.0,0.234,3474275000.0,103820000.0,5046456000.0,3061870000.0,425913000.0,0.0,0.0,0.0,5216017000.0,1164933000.0,4051084000.0,1916733243.0,44870000.0,-1146077000.0,44541000.0,1030390000.0,0.0,1017443000.0,-1280500000.0,0.0,307927000.0,0.0,109830000.0,109830000.0,109830000.0,-3592000.0,0.0,0.018,1015184000.0,385113000.0,1035326000.0,0.231,1.299,17.452,17.487,1611358000.0,0.0,45.467,0.321,0.321,752503000.0,543139000.0,5974555000.0,5974555000.0,0.0,0.024,0.233,0.096,0.049,9319000.0,971579000.0,1.0,42156890.0,42227097,55338111.0,141.486,3217622000.0,127215000.0,80160000.0,313864000.0,76.198,273534000.0
19,DFODQ,MRY,2000-12-31,2000-12-31,2000-12-31,2021-08-25,-1111000.0,3780478000.0,3692191500.0,817931000.0,2962547000.0,1.49,1.986,-121250000.0,31110000.0,31110000.0,4150170000.0,118719000.0,1.169,37.883,1353269000.0,128224000.0,1225045000.0,1353269000.0,0.0,135872000.0,0.0,0.009,0.3,315505000.0,451377000.0,0.082,451377000.0,315505000.0,208430000.0,2.8,2.54,2.8,83987000.0,88687000.0,83987000.0,2634646544.0,8.0,5.837,179726000.0,4.25,1.0,1349542000.0,0.245,1958778000.0,107075000.0,2443951000.0,2412700500.0,186713000.0,0.0,0.0,0.0,3181646000.0,699908000.0,2481738000.0,1303628544.0,9253000.0,-246919000.0,-120012000.0,337049000.0,0.0,88530000.0,-380253000.0,0.0,300976000.0,0.0,118719000.0,118719000.0,118719000.0,-3636000.0,0.0,0.022,990821000.0,358721000.0,567342000.0,0.107,15.522,10.981,11.429,1003769000.0,0.0,32.0,0.237,0.246,519318000.0,433309000.0,5499712000.0,5499712000.0,0.0,0.032,1.339,0.131,0.057,0.0,930798000.0,1.0,40738392.0,42292564,55006896.0,130.04,1821700000.0,58559000.0,89711000.0,127956000.0,43.074,118023000.0
20,DFODQ,MRY,1999-12-31,1999-12-31,1999-12-31,2021-08-25,-6438000.0,2658922000.0,2919983500.0,639407000.0,2019515000.0,1.535,8.972,-187642000.0,25155000.0,25155000.0,3487075000.0,109731000.0,1.335,4.692,712068000.0,22671000.0,689397000.0,712068000.0,0.0,116645000.0,0.0,0.0,0.0,234427000.0,351072000.0,0.078,351072000.0,234427000.0,185194000.0,2.227,2.087,2.227,442222000.0,518450000.0,442222000.0,1796685385.0,8.0,5.118,95863000.0,1.945,1.0,994924000.0,0.222,1261030000.0,49233000.0,1605688000.0,1804469750.0,182321000.0,0.0,0.0,0.0,2074950000.0,479117000.0,1595833000.0,1236166385.0,-29767000.0,147275000.0,-182079000.0,-92070000.0,0.0,-275288000.0,-37984000.0,0.0,283505000.0,0.0,109731000.0,109731000.0,109731000.0,0.0,0.0,0.024,718050000.0,276874000.0,441792000.0,0.0,2.795,11.265,11.86,758485000.0,0.0,26.413,0.276,0.29,379070000.0,314590000.0,4481999000.0,4481999000.0,0.0,0.038,0.212,0.13,0.052,0.0,666971000.0,1.0,46800848.0,49291827,64287738.0,90.928,1397892000.0,30519000.0,75463000.0,60977000.0,28.36,160290000.0
21,DFODQ,MRY,1998-12-31,1998-12-31,1998-12-31,2021-08-25,4346000.0,3013783000.0,2573041500.0,813899000.0,2199884000.0,1.291,10.641,-176870000.0,54922000.0,54922000.0,2557908000.0,131606000.0,1.456,4.483,932969000.0,39892000.0,893077000.0,932969000.0,0.0,91779000.0,0.0,0.0,0.0,243274000.0,335053000.0,0.101,335053000.0,243274000.0,191192000.0,2.653,2.387,2.653,525996000.0,537532250.0,525996000.0,2630009941.0,11.0,7.85,29543000.0,0.598,1.0,763032000.0,0.23,1352928000.0,52082000.0,1979831000.0,1637057500.0,223338000.0,9216000.0,9216000.0,0.0,2358012000.0,559071000.0,1798941000.0,1783706941.0,30534000.0,-438669000.0,-11934000.0,-117900000.0,0.0,452313000.0,-628192000.0,0.0,206413000.0,0.0,131369000.0,131369000.0,131369000.0,3161000.0,237000.0,0.04,520576000.0,242456000.0,500303000.0,0.0,3.391,13.578,12.801,846956000.0,0.0,33.96,0.537,0.505,452185000.0,204859000.0,3320940000.0,3320940000.0,0.0,0.051,0.244,0.149,0.073,0.0,489097000.0,1.0,52523762.0,49429935,62948346.0,67.185,1660855000.0,48314000.0,59823000.0,47578000.0,33.6,254828000.0
22,DFODQ,MRY,1997-12-31,1997-12-31,1997-12-31,2021-08-25,0.0,1403462000.0,1118543000.0,396076000.0,1007386000.0,1.606,8.118,-62120000.0,24388000.0,24388000.0,1381084000.0,28764000.0,1.701,2.906,828659000.0,50846000.0,777813000.0,828659000.0,0.0,44607000.0,0.0,0.0,0.0,108503000.0,153110000.0,0.085,153110000.0,108503000.0,71839000.0,0.64,0.607,0.64,359310000.0,286582000.0,359310000.0,,,,74501000.0,1.683,1.0,414784000.0,0.231,639253000.0,36664000.0,1335607000.0,1050970500.0,76087000.0,0.0,0.0,0.0,1044152000.0,232873000.0,811279000.0,1864400009.0,565000.0,-429898000.0,95076000.0,373624000.0,0.0,413990000.0,-550046000.0,0.0,136621000.0,0.0,28464000.0,28464000.0,28464000.0,-717000.0,300000.0,0.016,319898000.0,94886000.0,178021000.0,0.0,5.189,65.5,62.042,363649000.0,0.0,39.707,1.038,0.979,164284000.0,73490000.0,1795868000.0,1795868000.0,0.0,0.025,0.099,0.103,0.06,0.0,267979000.0,1.0,46954332.0,44263186,47022886.0,40.572,764209000.0,27038000.0,43375000.0,24242000.0,17.265,163203000.0
23,DFODQ,MRY,1996-12-31,1996-12-31,1996-12-31,2021-08-25,0.0,833624000.0,,273795000.0,559829000.0,,6.086,-30079000.0,23823000.0,23823000.0,970796000.0,46963000.0,1.659,2.898,455880000.0,23508000.0,432372000.0,455880000.0,0.0,28003000.0,0.0,0.0,0.0,65307000.0,93310000.0,0.077,93310000.0,65307000.0,49600000.0,1.327,1.273,1.327,213854000.0,,213854000.0,,,,34104000.0,0.971,1.0,236769000.0,0.196,334315000.0,15707000.0,766334000.0,,57193000.0,0.0,0.0,0.0,619770000.0,165032000.0,454738000.0,,3184000.0,-251961000.0,55284000.0,178386000.0,0.0,229848000.0,-290847000.0,0.0,64183000.0,0.0,46661000.0,46661000.0,46661000.0,-2315000.0,302000.0,0.039,175759000.0,61010000.0,133409000.0,0.0,,,10.173,214316000.0,0.0,13.5,,0.393,129602000.0,45473000.0,1207565000.0,1207565000.0,0.0,,,,0.054,0.0,167513000.0,1.0,,35136483,36737848.0,34.368,499309000.0,25092000.0,2939000.0,17087000.0,14.211,108763000.0
24,DFODQ,MRY,1995-12-31,1995-12-31,1995-12-31,2021-08-25,,,,,,,,-24045000.0,,,813091000.0,5555000.0,,,,,,,,25347000.0,,,0.0,34196000.0,59543000.0,0.059,59543000.0,34196000.0,15254000.0,0.167,0.167,0.167,,,,,,,42651000.0,1.373,1.0,201835000.0,0.199,,18942000.0,,,,,,,,,,,850000.0,0.0,-26407000.0,3994000.0,0.0,-39217000.0,-26629000.0,0.0,66696000.0,0.0,5251000.0,5251000.0,5251000.0,-1329000.0,304000.0,0.005,162443000.0,39392000.0,,0.0,,,,,0.0,,,,,,1014926000.0,1014926000.0,0.0,,,,0.034,0.0,147534000.0,1.0,,31062700,31402742.0,32.673,,,10003000.0,,,
0,DFODQ,MRQ,2019-12-31,2019-12-31,2019-12-31,2021-08-25,-85163000.0,2228557000.0,,966667000.0,1261890000.0,,-1.97,-23130000.0,80011000.0,80011000.0,1503863000.0,-294721000.0,0.885,-13.244,734829000.0,526682000.0,208147000.0,734829000.0,0.0,70250000.0,0.0,0.0,0.0,-279757000.0,-209507000.0,-0.114,-209507000.0,-279757000.0,-295957000.0,-3.21,-3.21,-3.21,-181122000.0,,-181122000.0,1390530401.0,-3.0,-8.567,44790000.0,0.487,1.0,336158000.0,0.183,165928000.0,16200000.0,1625033000.0,,250485000.0,0.0,0.0,0.0,2398797000.0,1092414000.0,1306383000.0,5516401.0,43255000.0,0.0,-13000.0,-1522000.0,0.0,-1535000.0,-23130000.0,0.0,67920000.0,0.0,-294643000.0,-294643000.0,-294643000.0,70000.0,-78000.0,-0.16,571429000.0,-235271000.0,565732000.0,0.0,-0.03,-0.011,-0.011,1095962000.0,0.0,0.06,0.001,0.001,574146000.0,-760727000.0,1840021000.0,1840021000.0,0.0,,,,,-847000.0,399303000.0,1.0,91940015.0,91929429,91929429.0,20.016,2062629000.0,1917000.0,-1314000.0,5066000.0,22.437,-125747000.0
1,DFODQ,MRQ,2019-09-30,2019-09-30,2019-09-30,2021-08-25,-91639000.0,2294832000.0,,857467000.0,1437365000.0,,1.163,-19934000.0,36756000.0,36756000.0,1499369000.0,-79393000.0,1.249,20.372,1421770000.0,90759000.0,1331011000.0,1421770000.0,0.0,68762000.0,0.0,0.026,0.0,-63372000.0,5390000.0,0.003,5390000.0,-63372000.0,-80702000.0,-0.86,-0.86,-0.86,106865000.0,,106865000.0,1389281592.0,-3.0,-7.855,-105984000.0,-1.153,1.0,350341000.0,0.189,189682000.0,17330000.0,2803815000.0,,269036000.0,0.0,0.0,0.0,2177007000.0,686349000.0,1490658000.0,106596592.0,15809000.0,0.0,-2000.0,121795000.0,0.0,121793000.0,-19934000.0,0.0,-86050000.0,0.0,-79254000.0,-79254000.0,-79254000.0,0.0,-139000.0,-0.043,420735000.0,-70394000.0,595590000.0,0.0,0.997,-0.229,-0.228,1247683000.0,0.0,1.16,0.014,0.014,508586000.0,-466099000.0,1849710000.0,1849710000.0,0.0,,,,,-501000.0,411779000.0,1.0,91893614.0,91889977,91889977.0,20.13,2105150000.0,0.0,-1448000.0,5927000.0,22.909,171118000.0
2,DFODQ,MRQ,2019-06-30,2019-06-30,2019-06-30,2021-08-25,-94059000.0,2322297000.0,,861202000.0,1461095000.0,,2.012,-15761000.0,20947000.0,20947000.0,1464018000.0,-64863000.0,1.151,11.516,1303632000.0,94150000.0,1209482000.0,1303632000.0,0.0,101303000.0,0.0,0.13,0.0,-52748000.0,48555000.0,0.026,48555000.0,-52748000.0,-68948000.0,-0.7,-0.7,-0.7,184660000.0,,184660000.0,1404000857.0,-4.0,-8.252,27079000.0,0.295,1.0,379480000.0,0.206,191833000.0,16200000.0,2664964000.0,,283092000.0,0.0,0.0,0.0,2126538000.0,748185000.0,1378353000.0,84752857.0,-1626000.0,0.0,-34000.0,-28671000.0,0.0,-28705000.0,-15761000.0,0.0,42840000.0,0.0,-64471000.0,-64471000.0,-64471000.0,0.0,-392000.0,-0.035,431808000.0,-52328000.0,654035000.0,0.0,0.459,-0.205,-0.205,1269262000.0,0.0,0.924,0.011,0.011,509811000.0,-386932000.0,1843498000.0,1843498000.0,0.0,,,,,1836000.0,407398000.0,1.0,91743729.0,91758807,91758807.0,20.091,2130464000.0,0.0,-4477000.0,4008000.0,23.218,113017000.0
3,DFODQ,MRQ,2019-03-31,2019-03-31,2019-03-31,2021-08-25,-96479000.0,2442300000.0,,935262000.0,1507038000.0,,2.673,-24590000.0,22573000.0,22573000.0,1421681000.0,-61827000.0,1.22,8.936,1341821000.0,96827000.0,1244994000.0,1341821000.0,0.0,37773000.0,0.0,0.069,0.0,-44530000.0,-6757000.0,-0.004,-6757000.0,-44530000.0,-63530000.0,-0.67,-0.67,-0.67,244655000.0,,244655000.0,1159258143.0,-3.0,-5.307,-96636000.0,-1.056,1.0,373753000.0,0.208,198382000.0,19000000.0,2796377000.0,,290376000.0,0.0,0.0,0.0,2186154000.0,766789000.0,1419365000.0,277090143.0,-1603000.0,0.0,-376000.0,95437000.0,0.0,95033000.0,-24590000.0,0.0,-72046000.0,0.0,-61574000.0,-61574000.0,-61574000.0,0.0,-253000.0,-0.034,420279000.0,-46526000.0,669962000.0,0.0,1.133,-0.714,-0.713,1308656000.0,0.0,3.03,0.037,0.037,577239000.0,-322490000.0,1795434000.0,1795434000.0,0.0,,,,,1895000.0,410797000.0,1.0,91448892.0,91526266,91526266.0,19.617,2243918000.0,0.0,-1956000.0,7619000.0,24.517,168473000.0
4,DFODQ,MRQ,2018-12-31,2018-12-31,2018-12-31,2021-08-25,-98607000.0,2118492000.0,,912280000.0,1206212000.0,,3.315,-46303000.0,24176000.0,24176000.0,1546086000.0,-260351000.0,1.302,5.954,906344000.0,1174000.0,905170000.0,906344000.0,0.0,37817000.0,0.0,0.079,0.03,-261872000.0,-224055000.0,-0.116,-224055000.0,-261872000.0,-276403000.0,-2.85,-2.85,-2.85,302960000.0,,302960000.0,1213614989.0,-4.0,-7.744,-13139000.0,-0.144,1.0,383394000.0,0.199,197512000.0,14531000.0,2102313000.0,,255484000.0,0.0,0.0,0.0,1803760000.0,700835000.0,1102925000.0,348235989.0,2391000.0,0.0,-9000.0,18191000.0,-2742000.0,15530000.0,-46303000.0,0.0,33164000.0,0.0,-260117000.0,-260117000.0,-260117000.0,-2950000.0,-234000.0,-0.135,649680000.0,-266286000.0,699661000.0,-0.011,1.149,-1.065,-1.064,1006182000.0,0.0,3.81,0.045,0.045,589263000.0,-260977000.0,1929480000.0,1929480000.0,0.0,,,,,650000.0,440800000.0,1.0,91400522.0,91402414,91402414.0,21.11,1920980000.0,6738000.0,-16286000.0,13707000.0,21.017,211445000.0
5,DFODQ,MRQ,2018-09-30,2018-09-30,2018-09-30,2021-08-25,-90668000.0,2354462000.0,,938641000.0,1415821000.0,,6.265,-24723000.0,21785000.0,21785000.0,1503469000.0,-26648000.0,1.454,3.092,887164000.0,1162000.0,886002000.0,887164000.0,0.0,38108000.0,0.0,0.051,0.09,-25991000.0,12117000.0,0.006,12117000.0,-25991000.0,-39801000.0,-0.29,-0.29,-0.29,572452000.0,,572452000.0,1480283410.0,-101.0,10.239,-25685000.0,-0.281,1.0,390597000.0,0.206,400919000.0,13810000.0,2173377000.0,,262173000.0,0.0,0.0,0.0,1770128000.0,645545000.0,1124583000.0,648758410.0,-3649000.0,0.0,-23000.0,29930000.0,-8225000.0,22036000.0,-24723000.0,0.0,-962000.0,0.0,-26424000.0,-26424000.0,-26424000.0,0.0,-224000.0,-0.014,418297000.0,-27700000.0,644383000.0,-0.31,1.133,-44.85,-47.333,999438000.0,0.0,7.1,0.084,0.084,612254000.0,-825000.0,1894066000.0,1894066000.0,0.0,,,,,620000.0,415826000.0,1.0,91374424.0,91372325,91372325.0,20.729,1953543000.0,19610000.0,-13377000.0,42365000.0,21.38,293096000.0
6,DFODQ,MRQ,2018-06-30,2018-06-30,2018-06-30,2021-08-25,-92031000.0,2357563000.0,,943281000.0,1414282000.0,,6.631,-12545000.0,25434000.0,25434000.0,1518446000.0,-40094000.0,1.465,2.873,856959000.0,1150000.0,855809000.0,856959000.0,0.0,40025000.0,0.0,0.034,0.09,-39752000.0,273000.0,0.0,273000.0,-39752000.0,-53821000.0,-0.44,-0.44,-0.44,605709000.0,,605709000.0,1839111770.0,72.0,9.686,69262000.0,0.758,1.0,432784000.0,0.222,398391000.0,14069000.0,2147033000.0,,276656000.0,0.0,0.0,0.0,1740102000.0,643664000.0,1096438000.0,960036770.0,-2691000.0,-13324000.0,106000.0,-50515000.0,-8220000.0,-58629000.0,-25869000.0,0.0,81807000.0,0.0,-40094000.0,-40094000.0,-40094000.0,-1922000.0,0.0,-0.021,475375000.0,-42591000.0,642514000.0,-0.205,1.585,71.961,65.688,1001808000.0,0.0,10.51,0.123,0.123,593207000.0,33943000.0,1951230000.0,1951230000.0,0.0,,,,,4470000.0,402693000.0,1.0,91345078.0,91342652,91342652.0,21.362,1959172000.0,15544000.0,-13727000.0,50450000.0,21.449,299617000.0
7,DFODQ,MRQ,2018-03-31,2018-03-31,2018-03-31,2021-08-25,-93633000.0,2444714000.0,,1002123000.0,1442591000.0,,7.132,-12329000.0,28125000.0,28125000.0,1532004000.0,-265000.0,1.6,2.759,907200000.0,1137000.0,906063000.0,907200000.0,0.0,40077000.0,0.0,0.042,0.09,14875000.0,54952000.0,0.028,54952000.0,14875000.0,842000.0,0.0,0.0,0.0,650360000.0,,650360000.0,1682537998.0,15.0,6.034,26624000.0,0.292,1.0,448503000.0,0.226,376012000.0,14033000.0,2321467000.0,,287234000.0,0.0,0.0,0.0,1794354000.0,626310000.0,1168044000.0,785850998.0,11613000.0,0.0,-519000.0,-6274000.0,-8218000.0,-15011000.0,-12329000.0,0.0,38953000.0,0.0,-265000.0,-265000.0,-265000.0,0.0,0.0,0.0,435058000.0,13445000.0,625173000.0,,1.208,11.056,10.911,1056036000.0,0.0,8.62,0.101,0.101,637291000.0,82436000.0,1980507000.0,1980507000.0,0.0,,,,,2155000.0,421518000.0,1.0,91166009.0,91192013,91192013.0,21.718,2068702000.0,12500000.0,1107000.0,61009000.0,22.685,375813000.0
8,DFODQ,MRQ,2017-12-31,2017-12-31,2017-12-31,2021-08-25,-78410000.0,2503829000.0,,1019879000.0,1483950000.0,,7.203,-44118000.0,16512000.0,16512000.0,1488467000.0,52318000.0,1.517,2.817,913199000.0,1125000.0,912074000.0,913199000.0,0.0,40973000.0,0.0,0.031,0.09,36261000.0,77234000.0,0.04,77234000.0,36261000.0,21710000.0,0.58,0.57,0.58,655947000.0,,655947000.0,1974921390.0,20.0,7.287,33956000.0,0.373,1.0,446530000.0,0.231,379155000.0,14551000.0,2349166000.0,,278063000.0,0.0,0.0,0.0,1847882000.0,672195000.0,1175687000.0,1052788390.0,-7836000.0,0.0,229000.0,-33824000.0,-8197000.0,-41792000.0,-44118000.0,0.0,78074000.0,0.0,52318000.0,52318000.0,52318000.0,-2811000.0,0.0,0.027,412523000.0,34007000.0,671070000.0,0.155,1.605,17.094,17.0,1094064000.0,0.0,11.56,0.135,0.135,675826000.0,74219000.0,1934997000.0,1934997000.0,0.0,,,,,3460000.0,399691000.0,1.0,91071660.0,91063297,92562137.0,21.249,2124674000.0,12871000.0,-30608000.0,60018000.0,23.332,347684000.0
9,DFODQ,MRQ,2017-09-30,2017-09-30,2017-09-30,2021-08-25,-84730000.0,2506711000.0,,1016423000.0,1490288000.0,,6.646,-26202000.0,24348000.0,24348000.0,1495782000.0,1382000.0,1.285,3.147,946481000.0,142883000.0,803598000.0,946481000.0,0.0,43178000.0,0.0,0.033,0.09,14232000.0,57410000.0,0.03,57410000.0,14232000.0,-2295000.0,0.02,0.02,0.02,604418000.0,,604418000.0,1861946093.0,14.0,5.997,-38657000.0,-0.425,1.0,441838000.0,0.228,377740000.0,16527000.0,2259923000.0,,281073000.0,0.0,0.0,0.0,1902293000.0,791181000.0,1111112000.0,989157093.0,-7161000.0,0.0,468000.0,41211000.0,-8183000.0,33496000.0,-28202000.0,-2000000.0,-12455000.0,0.0,1382000.0,1382000.0,1382000.0,-11355000.0,0.0,0.001,438547000.0,3291000.0,648298000.0,4.5,1.637,23.495,23.652,1091429000.0,0.0,10.88,0.126,0.126,673468000.0,30129000.0,1937620000.0,1937620000.0,0.0,,,,,902000.0,400501000.0,1.0,90915174.0,90939101,90939101.0,21.307,2128971000.0,21479000.0,-3677000.0,96485000.0,23.411,225242000.0
10,DFODQ,MRQ,2017-06-30,2017-06-30,2017-06-30,2021-08-25,-86357000.0,2494248000.0,,968083000.0,1526165000.0,,6.692,-24699000.0,31509000.0,31509000.0,1459242000.0,17647000.0,1.214,3.101,904298000.0,142173000.0,762125000.0,904298000.0,0.0,43298000.0,0.0,0.021,0.09,45969000.0,89267000.0,0.046,89267000.0,45969000.0,29550000.0,0.19,0.19,0.19,608211000.0,,608211000.0,2405087453.0,15.0,7.051,26925000.0,0.296,1.0,467480000.0,0.243,380766000.0,16419000.0,2188800000.0,,287222000.0,0.0,0.0,0.0,1886037000.0,797471000.0,1088566000.0,1544992453.0,-73000.0,-21596000.0,164000.0,11613000.0,-8179000.0,3598000.0,-55295000.0,-9000000.0,51624000.0,0.0,17647000.0,17647000.0,17647000.0,0.0,0.0,0.009,421263000.0,46217000.0,655298000.0,0.474,2.54,27.966,28.333,1124089000.0,0.0,17.0,0.195,0.195,601869000.0,36938000.0,1926722000.0,1926722000.0,0.0,,,,,2702000.0,410291000.0,1.0,90881909.0,90882415,91369030.0,21.2,2113482000.0,28501000.0,11903000.0,99942000.0,23.255,170612000.0
11,DFODQ,MRQ,2017-03-31,2017-03-31,2017-03-31,2021-08-25,-87989000.0,2525740000.0,,1011373000.0,1514367000.0,,6.56,-7371000.0,31582000.0,31582000.0,1533467000.0,-9759000.0,1.224,3.245,891677000.0,141482000.0,750195000.0,891677000.0,0.0,43191000.0,0.0,0.018,0.09,3908000.0,47099000.0,0.024,47099000.0,3908000.0,-13556000.0,-0.11,-0.11,-0.11,595027000.0,,595027000.0,2652397147.0,14.0,7.175,20185000.0,0.223,1.0,462219000.0,0.232,355156000.0,17464000.0,2204726000.0,,290908000.0,0.0,0.0,0.0,1930713000.0,825953000.0,1104760000.0,1784326147.0,13602000.0,0.0,-1396000.0,2991000.0,-8178000.0,-6583000.0,-7371000.0,0.0,27556000.0,0.0,-9759000.0,-9759000.0,-9759000.0,0.0,0.0,-0.005,458168000.0,4051000.0,684471000.0,-0.818,2.999,25.142,25.205,1135724000.0,0.0,19.66,0.228,0.228,646648000.0,27594000.0,1995686000.0,1995686000.0,0.0,,,,,3957000.0,443727000.0,1.0,90759214.0,90709802,90709802.0,22.001,2170584000.0,28634000.0,-3797000.0,86520000.0,23.929,185420000.0
12,DFODQ,MRQ,2016-12-31,2016-12-31,2016-12-31,2021-08-25,-89633000.0,2606227000.0,,1058630000.0,1547597000.0,,6.746,-62374000.0,17980000.0,17980000.0,1515991000.0,32831000.0,1.249,3.269,886051000.0,140806000.0,745245000.0,886051000.0,0.0,45648000.0,0.0,0.017,0.09,71055000.0,116703000.0,0.058,116703000.0,71055000.0,54530000.0,0.36,0.36,0.36,610556000.0,,610556000.0,2838937008.0,11.0,6.349,10421000.0,0.115,1.0,502018000.0,0.249,362009000.0,16525000.0,2264502000.0,,284484000.0,0.0,0.0,0.0,1995671000.0,847787000.0,1147884000.0,1971013008.0,-10178000.0,-882000.0,55000.0,-10954000.0,-8147000.0,-18978000.0,-63256000.0,0.0,72795000.0,-739000.0,32831000.0,32831000.0,32831000.0,688000.0,0.0,0.016,427105000.0,74913000.0,706981000.0,0.25,3.228,16.435,16.5,1163851000.0,0.0,21.78,0.256,0.257,669200000.0,45654000.0,2018009000.0,2018009000.0,0.0,,,,,9107000.0,422293000.0,1.0,90496465.0,90505321,90957418.0,22.297,2244218000.0,64819000.0,21699000.0,126009000.0,24.797,210843000.0
13,DFODQ,MRQ,2016-09-30,2016-09-30,2016-09-30,2021-08-25,-83150000.0,2567652000.0,,1019742000.0,1547910000.0,,6.524,-32522000.0,28158000.0,28158000.0,1475826000.0,14526000.0,1.494,3.353,896082000.0,1067000.0,895015000.0,896082000.0,0.0,44861000.0,0.0,0.021,0.09,43188000.0,88049000.0,0.045,88049000.0,43188000.0,26624000.0,0.16,0.16,0.16,589889000.0,,589889000.0,2367883070.0,10.0,5.605,26777000.0,0.296,1.0,488775000.0,0.249,380742000.0,16564000.0,2372406000.0,,261644000.0,0.0,0.0,0.0,1977763000.0,682428000.0,1295335000.0,1482939070.0,4348000.0,0.0,-129000.0,-13583000.0,-8167000.0,-21900000.0,-32522000.0,0.0,59299000.0,-529000.0,14526000.0,14526000.0,14526000.0,0.0,0.0,0.007,446765000.0,42010000.0,681361000.0,0.562,2.514,14.046,14.138,1144733000.0,0.0,16.4,0.192,0.192,643301000.0,21061000.0,1964601000.0,1964601000.0,0.0,,,,,8926000.0,432317000.0,1.0,90423114.0,90423466,90965375.0,21.727,2186910000.0,69792000.0,12098000.0,132857000.0,24.185,337314000.0
14,DFODQ,MRQ,2016-06-30,2016-06-30,2016-06-30,2021-08-25,-83823000.0,2537346000.0,,974471000.0,1562875000.0,,6.364,-21183000.0,23810000.0,23810000.0,1355535000.0,33371000.0,1.515,3.369,908754000.0,1172000.0,907582000.0,908754000.0,0.0,42838000.0,0.0,0.018,0.09,74979000.0,117817000.0,0.064,117817000.0,74979000.0,58149000.0,0.37,0.36,0.37,580707000.0,,580707000.0,2410498227.0,10.0,5.595,57906000.0,0.635,1.0,493253000.0,0.267,384445000.0,16830000.0,2394465000.0,,265357000.0,0.0,0.0,0.0,1956639000.0,643380000.0,1313259000.0,1660051227.0,-60785000.0,-157321000.0,-24983000.0,72818000.0,-8255000.0,39521000.0,-178504000.0,0.0,79089000.0,-891000.0,33371000.0,33371000.0,33371000.0,0.0,0.0,0.018,420484000.0,72769000.0,642208000.0,0.243,2.859,14.917,14.828,1153061000.0,0.0,18.09,0.213,0.212,589442000.0,14766000.0,1848788000.0,1848788000.0,0.0,,,,,5730000.0,417764000.0,1.0,91766237.0,91244745,91679813.0,20.262,2152901000.0,77197000.0,24778000.0,135552000.0,23.595,331091000.0
15,DFODQ,MRQ,2016-03-31,2016-03-31,2016-03-31,2021-08-25,-84165000.0,2452354000.0,,1046289000.0,1406065000.0,,6.312,-13858000.0,84595000.0,84595000.0,1374760000.0,39201000.0,1.566,3.243,835042000.0,1338000.0,833704000.0,835042000.0,0.0,45038000.0,0.0,0.017,0.09,79536000.0,124574000.0,0.066,124574000.0,79536000.0,62660000.0,0.43,0.43,0.43,577948000.0,,577948000.0,2369699639.0,10.0,5.673,32372000.0,0.354,1.0,504068000.0,0.268,227532000.0,16876000.0,2307264000.0,,269385000.0,0.0,0.0,0.0,1874406000.0,668005000.0,1206401000.0,1588008639.0,23861000.0,0.0,-663000.0,-413000.0,-8259000.0,-8577000.0,-13858000.0,0.0,46230000.0,66000.0,39201000.0,39201000.0,39201000.0,0.0,0.0,0.021,425529000.0,78539000.0,637203000.0,0.209,2.748,15.206,15.327,1149254000.0,0.0,17.32,0.2,0.199,598264000.0,-10322000.0,1878828000.0,1878828000.0,0.0,,,,,6067000.0,418038000.0,1.0,91686411.0,91567119,92168303.0,20.519,2224822000.0,79416000.0,23459000.0,119028000.0,24.297,378284000.0
16,DFODQ,MRQ,2015-12-31,2015-12-31,2015-12-31,2021-08-25,-85803000.0,2520163000.0,,1077563000.0,1442600000.0,,5.972,-79240000.0,60734000.0,60734000.0,1514029000.0,18480000.0,1.414,3.62,834573000.0,1493000.0,833080000.0,834573000.0,0.0,44909000.0,0.0,0.016,0.07,47121000.0,92030000.0,0.046,92030000.0,47121000.0,30813000.0,0.2,0.2,0.2,545504000.0,,545504000.0,2343778324.0,44.0,10.192,6885000.0,0.075,1.0,508471000.0,0.251,237077000.0,16308000.0,2295030000.0,,253326000.0,0.0,0.0,0.0,1974659000.0,761895000.0,1212764000.0,1566779324.0,-3033000.0,0.0,-907000.0,-368000.0,-6398000.0,-7517000.0,-81440000.0,-2200000.0,86125000.0,-201000.0,18480000.0,18480000.0,18480000.0,338000.0,0.0,0.009,463059000.0,45412000.0,741988000.0,0.35,2.872,-184.154,-190.556,1174137000.0,0.0,17.15,0.193,0.197,653156000.0,-49523000.0,2022500000.0,2022500000.0,0.0,,,,,4626000.0,446237000.0,1.0,91357395.0,91341789,91341789.0,22.142,2283086000.0,94106000.0,12333000.0,106820000.0,24.995,315668000.0
17,DFODQ,MRQ,2015-09-30,2015-09-30,2015-09-30,2021-08-25,-81830000.0,2496811000.0,,1069006000.0,1427805000.0,,5.748,-29571000.0,63767000.0,63767000.0,1541705000.0,20233000.0,1.41,3.658,840766000.0,1392000.0,839374000.0,840766000.0,0.0,45010000.0,0.0,0.017,0.07,51433000.0,96443000.0,0.047,96443000.0,51433000.0,34430000.0,0.22,0.22,0.22,536053000.0,,536053000.0,2293557799.0,177.0,12.294,20686000.0,0.222,1.0,491988000.0,0.242,254635000.0,17003000.0,2260979000.0,,252095000.0,0.0,0.0,0.0,1960758000.0,758196000.0,1202562000.0,1559981799.0,-41923000.0,0.0,-53058000.0,-2173000.0,-6572000.0,-61816000.0,-29571000.0,0.0,50257000.0,-793000.0,20233000.0,20233000.0,20233000.0,0.0,0.0,0.01,441519000.0,50469000.0,738609000.0,0.318,2.91,-71.852,-71.826,1137991000.0,0.0,16.52,0.184,0.181,656271000.0,-68003000.0,2033693000.0,2033693000.0,0.0,,,,,4833000.0,432409000.0,1.0,94429891.0,93254547,93816178.0,21.808,2242176000.0,94452000.0,14197000.0,97640000.0,24.044,310810000.0
18,DFODQ,MRQ,2015-06-30,2015-06-30,2015-06-30,2021-08-25,-82457000.0,2508919000.0,,1064808000.0,1444111000.0,,6.083,-17570000.0,105690000.0,105690000.0,1519065000.0,26519000.0,1.48,3.37,839266000.0,1200000.0,838066000.0,839266000.0,0.0,47707000.0,0.0,0.017,0.07,56986000.0,104693000.0,0.052,104693000.0,56986000.0,40012000.0,0.28,0.28,0.28,574169000.0,,574169000.0,2349124032.0,-59.0,18.137,96622000.0,1.024,1.0,495641000.0,0.246,264318000.0,16974000.0,2258469000.0,,244585000.0,0.0,0.0,0.0,1934750000.0,719708000.0,1215042000.0,1525754032.0,75634000.0,0.0,922000.0,-15048000.0,-6608000.0,-20752000.0,-17570000.0,0.0,114192000.0,-236000.0,26519000.0,26519000.0,26519000.0,0.0,0.0,0.013,438949000.0,56692000.0,700531000.0,0.25,2.657,-26.344,-26.081,1140784000.0,0.0,16.17,0.173,0.173,614075000.0,-88236000.0,2014706000.0,2014706000.0,0.0,,,,,4013000.0,425335000.0,1.0,94357083.0,94386346,94900339.0,21.345,2244601000.0,100464000.0,13493000.0,94781000.0,23.781,345100000.0
19,DFODQ,MRQ,2015-03-31,2015-03-31,2015-03-31,2021-08-25,-83776000.0,2513507000.0,,1040789000.0,1472718000.0,,5.844,-17666000.0,30056000.0,30056000.0,1572453000.0,-73740000.0,1.458,3.565,853426000.0,1188000.0,852238000.0,853426000.0,0.0,39258000.0,0.0,0.017,0.07,-102464000.0,-63206000.0,-0.031,-63206000.0,-102464000.0,-118992000.0,-0.78,-0.78,-0.78,550607000.0,,550607000.0,2457204704.0,-25.0,38.992,139913000.0,1.485,1.0,478309000.0,0.233,276112000.0,16528000.0,2346900000.0,,254657000.0,0.0,0.0,0.0,1962900000.0,713865000.0,1249035000.0,1556387704.0,13694000.0,0.0,17000.0,-119441000.0,-6604000.0,-125811000.0,-17666000.0,0.0,157579000.0,-408000.0,-73740000.0,-73740000.0,-73740000.0,89000.0,0.0,-0.036,537521000.0,-59212000.0,693824000.0,-0.09,2.827,-18.293,-18.165,1158550000.0,0.0,16.53,0.169,0.169,655135000.0,-114755000.0,2050762000.0,2050762000.0,0.0,,,,,2905000.0,425660000.0,1.0,94155336.0,94222243,94222243.0,21.765,2237395000.0,97986000.0,-45252000.0,99385000.0,23.746,326924000.0
20,DFODQ,MRQ,2014-12-31,2014-12-31,2014-12-31,2021-08-25,-84983000.0,2769636000.0,,1180060000.0,1589576000.0,,6.68,-50994000.0,16362000.0,16362000.0,1953607000.0,5277000.0,1.485,3.415,917179000.0,698000.0,916481000.0,917179000.0,0.0,41648000.0,0.0,0.014,0.07,6976000.0,48624000.0,0.02,48624000.0,6976000.0,-8566000.0,0.05,0.05,0.05,627318000.0,,627318000.0,2766117759.0,321.0,15.996,53881000.0,0.574,1.0,441400000.0,0.184,381565000.0,15542000.0,2494437000.0,,251831000.0,0.0,0.0,0.0,2142318000.0,794451000.0,1347867000.0,1818284759.0,-14019000.0,0.0,2565000.0,-62856000.0,-6578000.0,-66841000.0,-50994000.0,0.0,104875000.0,-1059000.0,5277000.0,5277000.0,5277000.0,427000.0,0.0,0.002,433420000.0,7980000.0,774900000.0,1.4,2.899,-89.588,-88.091,1172596000.0,0.0,19.38,0.191,0.192,747630000.0,-41015000.0,2395007000.0,2395007000.0,0.0,,,,,5474000.0,419336000.0,1.0,93822743.0,93916080,93916080.0,25.502,2388071000.0,150220000.0,-13843000.0,137944000.0,25.428,385609000.0
21,DFODQ,MRQ,2014-09-30,2014-09-30,2014-09-30,2021-08-25,-54753000.0,2789890000.0,,1213558000.0,1576332000.0,,6.985,-34732000.0,30381000.0,30381000.0,1956480000.0,-15972000.0,1.541,3.258,978214000.0,698000.0,977516000.0,978214000.0,0.0,40955000.0,0.0,0.016,0.07,-1542000.0,39413000.0,0.017,39413000.0,-1542000.0,-16775000.0,-0.17,-0.17,-0.17,655199000.0,,655199000.0,2169072046.0,-79.0,15.782,-11929000.0,-0.127,1.0,416800000.0,0.176,382621000.0,15233000.0,2567488000.0,,279691000.0,0.0,0.0,0.0,2134691000.0,787614000.0,1347077000.0,1242497046.0,-29383000.0,0.0,343000.0,-10844000.0,-6565000.0,-17018000.0,-34732000.0,0.0,22803000.0,-436000.0,-15972000.0,-15972000.0,-15972000.0,836000.0,0.0,-0.007,417993000.0,-1193000.0,768063000.0,-0.412,1.896,-19.644,-18.929,1180990000.0,0.0,13.25,0.132,0.132,776741000.0,-46292000.0,2373280000.0,2373280000.0,0.0,,,,,1552000.0,407074000.0,1.0,93773362.0,93797183,93797183.0,25.302,2407269000.0,101779000.0,-803000.0,124831000.0,25.665,425944000.0
22,DFODQ,MRQ,2014-06-30,2014-06-30,2014-06-30,2021-08-25,-55237000.0,2803322000.0,,1212002000.0,1591320000.0,,7.215,-9403000.0,59764000.0,59764000.0,1994781000.0,-645000.0,1.6,3.153,986339000.0,698000.0,985641000.0,986339000.0,0.0,41448000.0,0.0,0.008,0.07,-3261000.0,38187000.0,0.016,38187000.0,-3261000.0,-18482000.0,-0.01,-0.01,-0.01,675002000.0,,675002000.0,2549801722.0,6.0,4.408,-16934000.0,-0.181,1.0,399088000.0,0.167,382806000.0,15221000.0,2589615000.0,,269803000.0,0.0,0.0,0.0,2128320000.0,757476000.0,1370844000.0,1644197722.0,2013000.0,0.0,4084000.0,21297000.0,-6546000.0,18860000.0,-9403000.0,0.0,-7531000.0,87000.0,-645000.0,-645000.0,-645000.0,-318000.0,0.0,0.0,402619000.0,-3531000.0,738173000.0,-7.0,2.436,4.47,4.534,1183854000.0,0.0,17.59,0.178,0.178,718921000.0,-30320000.0,2393869000.0,2393869000.0,0.0,,,,,3555000.0,405709000.0,1.0,93473435.0,93561305,93561305.0,25.586,2420516000.0,148024000.0,-17837000.0,126615000.0,25.871,454526000.0
23,DFODQ,MRQ,2014-03-31,2014-03-31,2014-03-31,2021-08-25,-56166000.0,2863442000.0,,1242705000.0,1620737000.0,,7.164,-26663000.0,57751000.0,57751000.0,1924865000.0,-8956000.0,1.512,3.234,963355000.0,698000.0,962657000.0,963355000.0,0.0,40246000.0,0.0,0.005,0.07,6454000.0,46700000.0,0.02,46700000.0,6454000.0,-8569000.0,-0.09,-0.09,-0.09,676318000.0,,676318000.0,2348334951.0,5.0,3.89,6136000.0,0.065,1.0,416175000.0,0.178,389630000.0,15023000.0,2557722000.0,,286091000.0,0.0,0.0,0.0,2187124000.0,821694000.0,1365430000.0,1467834951.0,40989000.0,0.0,-24131000.0,65526000.0,-6543000.0,35111000.0,-26663000.0,0.0,32799000.0,-258000.0,-8956000.0,-8956000.0,-8956000.0,-836000.0,0.0,-0.004,410878000.0,5297000.0,802391000.0,-0.778,2.17,4.71,4.713,1202754000.0,0.0,15.46,0.162,0.161,775268000.0,-29675000.0,2341040000.0,2341040000.0,0.0,,,,,1695000.0,411678000.0,1.0,94944046.0,94398665,94398665.0,24.8,2473812000.0,116821000.0,387000.0,103551000.0,26.206,421011000.0
24,DFODQ,MRQ,2013-12-31,2013-12-31,2013-12-31,2021-08-25,-57190000.0,2802045000.0,,1150698000.0,1651347000.0,,7.556,-83362000.0,16762000.0,16762000.0,1849680000.0,-37677000.0,1.473,2.923,897262000.0,698000.0,896564000.0,897262000.0,0.0,42178000.0,0.0,0.0,0.0,-29037000.0,13141000.0,0.006,13141000.0,-29037000.0,-49586000.0,-0.43,-0.42,-0.43,714315000.0,,714315000.0,2293802439.0,2.0,2.003,-155549000.0,-1.645,1.0,445770000.0,0.194,399677000.0,20549000.0,2501781000.0,,262858000.0,0.0,0.0,0.0,2087730000.0,781087000.0,1306643000.0,1622808439.0,-343887000.0,0.0,5843000.0,-194213000.0,0.0,-188555000.0,-83362000.0,0.0,-72187000.0,217000.0,-37677000.0,-37677000.0,-37677000.0,315000.0,0.0,-0.016,411016000.0,34754000.0,761288000.0,0.0,2.272,1.996,1.983,1216047000.0,0.0,17.19,0.18,0.179,752234000.0,-20719000.0,2295450000.0,2295450000.0,0.0,,,,,2185000.0,399441000.0,1.0,94404214.0,94541551,95453572.0,24.28,2402368000.0,111681000.0,-11909000.0,100691000.0,25.411,369611000.0
25,DFODQ,MRQ,2013-09-30,2013-09-30,2013-09-30,2021-08-25,-97260000.0,3048638000.0,,1424990000.0,1623648000.0,,7.499,-37140000.0,360649000.0,360649000.0,1759614000.0,415120000.0,1.627,3.318,1031643000.0,0.0,1031643000.0,1031643000.0,0.0,42264000.0,0.0,0.0,0.0,438181000.0,480445000.0,0.218,480445000.0,438181000.0,407943000.0,4.41,4.35,4.41,706094000.0,,706094000.0,3027371006.0,3.0,2.447,-50680000.0,-0.538,1.0,441285000.0,0.201,406725000.0,30238000.0,2437233000.0,,257788000.0,0.0,0.0,0.0,2342544000.0,875674000.0,1466870000.0,1813234006.0,334686000.0,0.0,8853000.0,374607000.0,0.0,385427000.0,-37140000.0,0.0,-13540000.0,-61000.0,415120000.0,415120000.0,415120000.0,398000.0,0.0,0.189,418615000.0,22670000.0,749423000.0,0.0,2.568,2.063,2.051,1173649000.0,0.0,19.3,0.198,0.198,712371000.0,16958000.0,2200899000.0,2200899000.0,0.0,,,,,3510000.0,405730000.0,1.0,93949948.0,94164101,95337764.0,23.373,2641913000.0,100858000.0,-7177000.0,160314000.0,28.056,549316000.0
26,DFODQ,MRQ,2013-06-30,2013-06-30,2013-06-30,2021-08-25,285955000.0,3321317000.0,,1690588000.0,1630729000.0,,7.081,-30317000.0,25963000.0,25963000.0,1755242000.0,-53883000.0,1.539,4.021,1240100000.0,117000000.0,1123100000.0,1240100000.0,0.0,44083000.0,0.0,0.0,0.0,19291000.0,63374000.0,0.028,63374000.0,19291000.0,-70831000.0,-0.61,-0.61,-0.61,661517000.0,,661517000.0,3590397336.0,5.0,3.778,-155726000.0,-1.667,1.0,472300000.0,0.212,404604000.0,90122000.0,3032628000.0,,273035000.0,559000000.0,559000000.0,0.0,2659800000.0,1098222000.0,1561578000.0,1869289336.0,6894000.0,0.0,9538000.0,186101000.0,0.0,180495000.0,-47666000.0,0.0,-125409000.0,-526000.0,-56870000.0,-56870000.0,-56870000.0,21826000.0,2987000.0,-0.026,428724000.0,43576000.0,727910000.0,0.0,2.826,3.736,3.718,1181094000.0,0.0,20.04,0.203,0.203,733131000.0,-398162000.0,2227542000.0,2227542000.0,0.0,,,,,10283000.0,418066000.0,1.0,93277911.0,93417417,93417417.0,23.845,2916713000.0,101850000.0,-13961000.0,285331000.0,31.222,592366000.0
27,DFODQ,MRQ,2013-03-31,2013-03-31,2013-03-31,2021-08-25,-176277000.0,5013134000.0,,1607770000.0,3405364000.0,,9.164,-14404000.0,76410000.0,76410000.0,1797198000.0,495797000.0,1.044,4.743,1797518000.0,15000000.0,1782518000.0,1797518000.0,0.0,45304000.0,0.0,0.0,0.0,542976000.0,588280000.0,0.257,588280000.0,542976000.0,483327000.0,5.3,5.3,5.3,852394000.0,,852394000.0,6394567543.0,7.0,6.242,-119909000.0,-1.289,1.0,495232000.0,0.216,1561733000.0,59649000.0,3632726000.0,,433326000.0,0.0,0.0,0.0,4043298000.0,1539783000.0,2503515000.0,3370749543.0,-5588000.0,0.0,-753000.0,-1269872000.0,0.0,-1306893000.0,1406439000.0,0.0,-105505000.0,371000.0,492605000.0,492605000.0,492605000.0,-516537000.0,3192000.0,0.215,465436000.0,29796000.0,1062823000.0,0.0,3.954,5.496,5.494,1812908000.0,0.0,36.26,0.366,0.366,966880000.0,-341292000.0,2292430000.0,2292430000.0,0.0,,,,,3311000.0,424961000.0,1.0,92960550.0,93010596,93010596.0,24.647,3451401000.0,107426000.0,-9278000.0,689452000.0,37.108,67987000.0
28,DFODQ,MRQ,2012-12-31,2012-12-31,2012-12-31,2021-08-25,-186584000.0,5697583000.0,,3980734000.0,1716849000.0,,3.854,-42034000.0,24657000.0,24657000.0,1939327000.0,30552000.0,1.651,14.664,2322243000.0,10535000.0,2311708000.0,2322243000.0,0.0,46414000.0,0.0,0.0,0.0,58817000.0,105231000.0,0.043,105231000.0,58817000.0,24966000.0,0.31,0.29,0.31,357187000.0,,357187000.0,6439541448.0,16.0,11.028,18756000.0,0.202,1.0,515803000.0,0.21,418354000.0,33851000.0,5166428000.0,,261265000.0,0.0,0.0,0.0,5237955000.0,2410387000.0,2827568000.0,3058198448.0,-15496000.0,1695000.0,3296000.0,-1129276000.0,0.0,10043000.0,-86254000.0,0.0,60790000.0,-75000.0,28133000.0,28133000.0,28133000.0,-22790000.0,2419000.0,0.011,477328000.0,38475000.0,913631000.0,0.0,8.562,19.28,19.198,1248637000.0,0.0,33.02,0.33,0.329,775818000.0,-833897000.0,2455130000.0,2455130000.0,0.0,,,,,-3545000.0,459453000.0,1.0,92616549.0,92672639,93853703.0,26.493,5279229000.0,139211000.0,-3167000.0,104835000.0,56.966,1570347000.0
29,DFODQ,MRQ,2012-09-30,2012-09-30,2012-09-30,2021-08-25,-189840000.0,5649960000.0,,1684920000.0,3965040000.0,,0.547,-35705000.0,69775000.0,69775000.0,1728559000.0,36441000.0,1.091,110.719,3451118000.0,206695000.0,3244423000.0,3451118000.0,0.0,47695000.0,0.0,0.0,0.0,145856000.0,193551000.0,0.087,193551000.0,145856000.0,109517000.0,0.39,0.39,0.39,50573000.0,,50573000.0,6513793490.0,33.0,20.831,71677000.0,0.775,1.0,508410000.0,0.227,1904477000.0,36339000.0,5582326000.0,,504764000.0,0.0,0.0,0.0,5599387000.0,1544500000.0,4054887000.0,3022128490.0,-275000.0,56339000.0,1727000.0,-73255000.0,0.0,-99652000.0,-8498000.0,0.0,107382000.0,493000.0,36441000.0,36441000.0,36441000.0,-38633000.0,0.0,0.016,400800000.0,107610000.0,1248988000.0,0.0,59.758,25.056,24.962,2037386000.0,0.0,32.7,0.414,0.414,946764000.0,-862030000.0,2236969000.0,2236969000.0,0.0,,,,,11139000.0,450119000.0,1.0,92419832.0,92495115,92495115.0,24.185,3745483000.0,116890000.0,73076000.0,394585000.0,40.494,140420000.0
30,DFODQ,MRQ,2012-06-30,2012-06-30,2012-06-30,2021-08-25,-201094000.0,5553091000.0,,1581746000.0,3971345000.0,,-0.034,5040000.0,60370000.0,60370000.0,1694939000.0,56165000.0,1.133,-1790.011,3552035000.0,206817000.0,3345218000.0,3552035000.0,0.0,28039000.0,0.0,0.0,0.0,109370000.0,137409000.0,0.061,137409000.0,109370000.0,71454000.0,0.6,0.6,0.6,-3104000.0,,-3104000.0,6829481974.0,-4.0,-4.097,315314000.0,3.417,1.0,539902000.0,0.242,1905404000.0,37916000.0,5743203000.0,,472549000.0,0.0,0.0,0.0,5556195000.0,1396149000.0,4160046000.0,3142050974.0,6073000.0,0.0,3666000.0,-253042000.0,0.0,-262489000.0,-38669000.0,0.0,310274000.0,-3043000.0,56165000.0,56165000.0,56165000.0,-36562000.0,0.0,0.025,469605000.0,70297000.0,1169332000.0,0.0,-1012.259,-2.158,-2.148,2043415000.0,0.0,34.06,0.371,0.371,876093000.0,-898471000.0,2234841000.0,2234841000.0,0.0,,,,,18085000.0,462449000.0,1.0,92250469.0,92278912,92628862.0,24.218,3647687000.0,126416000.0,15289000.0,342385000.0,39.529,185597000.0
31,DFODQ,MRQ,2012-03-31,2012-03-31,2012-03-31,2021-08-25,-179772000.0,5758632000.0,,1722889000.0,4035743000.0,,-0.573,-38231000.0,130309000.0,130309000.0,2146885000.0,37883000.0,1.207,-110.206,3817740000.0,253661000.0,3564079000.0,3817740000.0,0.0,64600000.0,0.0,0.0,0.0,100509000.0,165109000.0,0.058,165109000.0,100509000.0,54994000.0,0.42,0.4,0.42,-52732000.0,,-52732000.0,5882167791.0,-3.0,-3.368,-34259000.0,-0.372,1.0,723567000.0,0.252,1926804000.0,45515000.0,6092377000.0,,476252000.0,0.0,0.0,0.0,5811364000.0,1426882000.0,4384482000.0,2231090791.0,16208000.0,0.0,-2255000.0,48103000.0,0.0,49635000.0,-40757000.0,0.0,3972000.0,3358000.0,37883000.0,37883000.0,37883000.0,-11424000.0,0.0,0.013,633928000.0,89639000.0,1173221000.0,0.0,-42.31,-1.427,-1.423,2083432000.0,0.0,24.22,0.234,0.234,932911000.0,-954636000.0,2870452000.0,2870452000.0,0.0,,,,,3412000.0,606939000.0,1.0,92117704.0,92052402,92473840.0,31.183,3831828000.0,136335000.0,17111000.0,329752000.0,41.627,296007000.0
32,DFODQ,MRQ,2011-12-31,2011-12-31,2011-12-31,2021-08-25,-199520000.0,5755167000.0,,2238708000.0,3516459000.0,,-1.126,38369000.0,115650000.0,115650000.0,109962000.0,-10499000.0,1.469,-56.614,3743927000.0,202292000.0,3541635000.0,3743927000.0,0.0,-23754000.0,0.0,0.0,0.0,-159619000.0,-183373000.0,4.195,-183373000.0,-159619000.0,-145432000.0,-0.1,-0.1,-0.1,-103398000.0,,-103398000.0,5800501379.0,-3.0,-3.35,230983000.0,2.515,1.0,-153674000.0,3.516,1580224000.0,-14187000.0,6279171000.0,,384991000.0,0.0,0.0,0.0,5853818000.0,1524049000.0,4329769000.0,2057430379.0,358000.0,-93312000.0,-141000.0,-122607000.0,0.0,-84998000.0,-107011000.0,0.0,192614000.0,-247000.0,-9874000.0,-9874000.0,-9874000.0,-132495000.0,-625000.0,0.226,139933000.0,-293607000.0,1127717000.0,0.0,-19.898,-1.306,-1.304,1936235000.0,0.0,22.4,0.212,0.211,872958000.0,-992519000.0,-43712000.0,-43712000.0,0.0,,,,,4540000.0,-13253000.0,1.0,91849570.0,91858440,91858440.0,-0.476,4174943000.0,134435000.0,-135558000.0,292539000.0,45.45,714659000.0
33,DFODQ,MRQ,2011-09-30,2011-09-30,2011-09-30,2021-08-25,-161428000.0,5911201000.0,,1800305000.0,4110896000.0,,-0.687,-96066000.0,107731000.0,107731000.0,2669532000.0,-1552034000.0,1.223,-94.658,3850802000.0,150240000.0,3700562000.0,3850802000.0,0.0,70556000.0,0.0,0.0,0.0,-1856735000.0,-1786179000.0,-0.524,-1786179000.0,-1856735000.0,-1919608000.0,-16.78,-16.78,-16.78,-63062000.0,,-63062000.0,5342028099.0,-3.0,-3.505,-29291000.0,-0.319,1.0,741265000.0,0.217,2041961000.0,62873000.0,6139676000.0,,481157000.0,0.0,0.0,0.0,5969341000.0,1472635000.0,4496706000.0,1628959099.0,-8076000.0,-443000.0,-84000.0,21471000.0,0.0,22141000.0,-92893000.0,0.0,66775000.0,-4099000.0,-1540497000.0,-1540497000.0,-1540497000.0,-3616000.0,-11537000.0,-0.452,2613567000.0,-1872302000.0,1262397000.0,0.0,-25.831,-1.027,-1.025,2068935000.0,0.0,17.74,0.14,0.14,1000391000.0,-982645000.0,3410797000.0,3410797000.0,0.0,,,,,7231000.0,646873000.0,1.0,91824076.0,91824798,91824798.0,37.145,3869240000.0,135869000.0,-379111000.0,336458000.0,42.137,327670000.0
34,DFODQ,MRQ,2011-06-30,2011-06-30,2011-06-30,2021-08-25,-113353000.0,7830057000.0,,1737087000.0,6092970000.0,,16.566,-75465000.0,115807000.0,115807000.0,2539247000.0,-53020000.0,1.18,4.146,3828876000.0,158222000.0,3670654000.0,3828876000.0,0.0,71015000.0,0.0,0.0,0.0,-13229000.0,57786000.0,0.018,57786000.0,-13229000.0,-76722000.0,-0.56,-0.56,-0.56,1518727000.0,,1518727000.0,6128052091.0,35.0,14.228,67000000.0,0.731,1.0,759561000.0,0.23,4020528000.0,63493000.0,6051041000.0,,488814000.0,0.0,0.0,0.0,6296225000.0,1471557000.0,4824668000.0,2247731091.0,7198000.0,93933000.0,4428000.0,-160502000.0,0.0,-154037000.0,18468000.0,0.0,142465000.0,302000.0,-50513000.0,-50513000.0,-50513000.0,0.0,-2507000.0,-0.015,776004000.0,-16443000.0,1253335000.0,0.0,1.48,-103.592,-94.385,2072442000.0,0.0,24.54,0.2,0.2,925769000.0,557852000.0,3298808000.0,3298808000.0,0.0,,,,,9546000.0,645739000.0,1.0,91594584.0,91679826,91679826.0,35.982,3809529000.0,123082000.0,-26209000.0,718120000.0,41.553,265530000.0
35,DFODQ,MRQ,2011-03-31,2011-03-31,2011-03-31,2021-08-25,-105594000.0,7917199000.0,,1818545000.0,6098654000.0,,17.147,-38604000.0,108609000.0,108609000.0,2299572000.0,23382000.0,1.305,4.041,3988930000.0,117486000.0,3871444000.0,3988930000.0,0.0,72324000.0,0.0,0.0,0.0,107856000.0,180180000.0,0.059,180180000.0,107856000.0,42586000.0,0.28,0.28,0.28,1567361000.0,,1567361000.0,5806819380.0,19.0,10.255,-1421000.0,-0.016,1.0,750282000.0,0.246,4026951000.0,65270000.0,6376555000.0,,466320000.0,0.0,0.0,0.0,6334263000.0,1394014000.0,4940249000.0,1831301380.0,16602000.0,91780000.0,-580000.0,-79037000.0,0.0,-76704000.0,53176000.0,0.0,37183000.0,2947000.0,25263000.0,25263000.0,25263000.0,0.0,-1881000.0,0.008,644355000.0,105927000.0,1273420000.0,0.0,1.168,24.881,25.0,2071703000.0,0.0,20.0,0.168,0.168,935938000.0,608365000.0,3049854000.0,3049854000.0,0.0,,,,,9105000.0,650464000.0,1.0,91565069.0,91408533,91646438.0,33.365,3890248000.0,147488000.0,17323000.0,724219000.0,42.559,424531000.0
36,DFODQ,MRQ,2010-12-31,2010-12-31,2010-12-31,2021-08-25,-146653000.0,7956667000.0,,1816216000.0,6140451000.0,,16.46,-90933000.0,92007000.0,92007000.0,1342852000.0,-22968000.0,1.26,4.296,4067525000.0,174250000.0,3893275000.0,4067525000.0,0.0,44114000.0,0.0,0.0,0.0,-20223000.0,23891000.0,0.013,23891000.0,-20223000.0,-33686000.0,-0.24,-0.22,-0.24,1499525000.0,,1499525000.0,5594008140.0,17.0,9.71,40102000.0,0.44,1.0,507459000.0,0.274,4027060000.0,13463000.0,6464160000.0,,425576000.0,0.0,0.0,0.0,6442599000.0,1440965000.0,5001634000.0,1610494140.0,-25340000.0,0.0,117000.0,-72188000.0,0.0,-37027000.0,-117499000.0,0.0,131035000.0,-1849000.0,-20744000.0,-20744000.0,-20744000.0,-45989000.0,-2224000.0,-0.011,575576000.0,-68117000.0,1232876000.0,0.0,1.074,17.603,17.68,2113391000.0,0.0,17.68,0.149,0.149,891019000.0,583102000.0,1850311000.0,1850311000.0,0.0,,,,,7244000.0,531266000.0,1.0,91091298.0,91099236,91464994.0,20.311,3929607000.0,212990000.0,-12942000.0,756714000.0,43.135,375251000.0
37,DFODQ,MRQ,2010-09-30,2010-09-30,2010-09-30,2021-08-25,-152980000.0,7916019000.0,,1730748000.0,6185271000.0,,16.551,-68938000.0,102100000.0,102100000.0,2304501000.0,21957000.0,1.247,4.242,4085614000.0,167599000.0,3918015000.0,4085614000.0,0.0,69591000.0,0.0,0.0,0.0,99253000.0,168844000.0,0.055,168844000.0,99253000.0,34949000.0,0.26,0.26,0.26,1507131000.0,,1507131000.0,5951504310.0,12.0,7.838,74966000.0,0.823,1.0,749629000.0,0.245,4101572000.0,64304000.0,6409952000.0,,472607000.0,0.0,0.0,0.0,6393197000.0,1388009000.0,5005188000.0,1859300310.0,40853000.0,0.0,1712000.0,-68267000.0,0.0,-63984000.0,-44010000.0,0.0,143904000.0,4943000.0,24296000.0,24296000.0,24296000.0,-4780000.0,-2339000.0,0.008,657112000.0,92517000.0,1220410000.0,0.0,1.234,11.442,11.344,2083699000.0,0.0,20.42,0.155,0.155,883741000.0,603846000.0,3054130000.0,3054130000.0,0.0,,,,,9009000.0,646049000.0,1.0,91052904.0,91059253,91161298.0,33.54,3814447000.0,192155000.0,10653000.0,706099000.0,41.89,342739000.0
38,DFODQ,MRQ,2010-06-30,2010-06-30,2010-06-30,2021-08-25,-195385000.0,7778996000.0,,1634736000.0,6144260000.0,,15.76,-64873000.0,61247000.0,61247000.0,2203230000.0,42852000.0,1.242,4.424,4153451000.0,143322000.0,4010129000.0,4153451000.0,0.0,66718000.0,0.0,0.0,0.0,126611000.0,193329000.0,0.065,193329000.0,126611000.0,71242000.0,0.5,0.5,0.5,1431264000.0,,1431264000.0,5980788518.0,11.0,7.488,107892000.0,1.188,1.0,751423000.0,0.254,4087281000.0,55369000.0,6468175000.0,,453028000.0,0.0,0.0,0.0,6331997000.0,1315744000.0,5016253000.0,1827861518.0,15174000.0,0.0,3009000.0,-60158000.0,0.0,-90215000.0,-64923000.0,0.0,172765000.0,-2453000.0,44787000.0,44787000.0,44787000.0,609000.0,-1935000.0,0.015,626444000.0,124979000.0,1150243000.0,0.0,1.277,9.73,9.59,2056979000.0,0.0,20.14,0.157,0.157,851611000.0,579550000.0,2954653000.0,2954653000.0,0.0,,,,,10195000.0,617128000.0,1.0,90757772.0,90817889,91195424.0,32.534,3691715000.0,143452000.0,26455000.0,639582000.0,40.65,318992000.0
39,DFODQ,MRQ,2010-03-31,2010-03-31,2010-03-31,2021-08-25,-184777000.0,7760488000.0,,1604152000.0,6156336000.0,,15.253,-42939000.0,47911000.0,47911000.0,2213349000.0,40917000.0,1.169,4.603,4200838000.0,245055000.0,3955783000.0,4200838000.0,0.0,66816000.0,0.0,0.0,0.0,123210000.0,190026000.0,0.064,190026000.0,123210000.0,65141000.0,0.48,0.48,0.48,1382182000.0,,1382182000.0,7025953649.0,12.0,8.48,28575000.0,0.315,1.0,747794000.0,0.253,4076998000.0,58069000.0,6463766000.0,,437891000.0,0.0,0.0,0.0,6361997000.0,1372651000.0,4989346000.0,2844606649.0,883000.0,0.0,-1423000.0,-28496000.0,0.0,-26466000.0,-43022000.0,0.0,71514000.0,-1143000.0,43154000.0,43154000.0,43154000.0,-1104000.0,-2237000.0,0.015,628106000.0,119688000.0,1127596000.0,0.0,2.058,13.728,13.297,2079338000.0,0.0,31.38,0.25,0.25,863789000.0,534765000.0,2961143000.0,2961143000.0,0.0,,,,,10424000.0,623692000.0,1.0,90650308.0,90617378,91671799.0,32.677,3683490000.0,160880000.0,21987000.0,635461000.0,40.649,231501000.0
40,DFODQ,MRQ,2009-12-31,2009-12-31,2009-12-31,2021-08-25,-166976000.0,7843941000.0,,1647594000.0,6196347000.0,,14.965,-93781000.0,45190000.0,45190000.0,2187236000.0,43227000.0,1.111,4.791,4228979000.0,248352000.0,3980627000.0,4228979000.0,0.0,65342000.0,0.0,0.0,0.0,141803000.0,207145000.0,0.069,207145000.0,141803000.0,83055000.0,0.56,0.54,0.56,1351946000.0,,1351946000.0,7419667904.0,12.0,8.312,64076000.0,0.709,1.0,802511000.0,0.268,4094094000.0,58748000.0,6451222000.0,,436061000.0,0.0,0.0,0.0,6476709000.0,1482414000.0,4994295000.0,3256111904.0,10715000.0,-89511000.0,3941000.0,26713000.0,0.0,35468000.0,-183408000.0,0.0,157857000.0,798000.0,50266000.0,50266000.0,50266000.0,851000.0,-7039000.0,0.017,666731000.0,135780000.0,1225017000.0,0.0,2.408,13.55,12.794,2102253000.0,0.0,36.08,0.293,0.278,871833000.0,491611000.0,2989747000.0,2989747000.0,0.0,,,,,9887000.0,659291000.0,1.0,90247004.0,90338452,91676584.0,33.095,3749847000.0,174361000.0,32789000.0,620093000.0,41.509,165180000.0
41,DFODQ,MRQ,2009-09-30,2009-09-30,2009-09-30,2021-08-25,-193953000.0,7629974000.0,,1517382000.0,6112592000.0,,13.986,-69018000.0,38563000.0,38563000.0,1977176000.0,47104000.0,0.967,5.035,4202119000.0,411374000.0,3790745000.0,4202119000.0,0.0,67690000.0,0.0,0.0,0.0,140529000.0,208219000.0,0.075,208219000.0,140529000.0,81021000.0,0.56,0.54,0.56,1261221000.0,,1261221000.0,7002488710.0,10.0,7.559,84133000.0,0.933,1.0,785533000.0,0.284,4081898000.0,59508000.0,6142860000.0,,452356000.0,0.0,0.0,0.0,6350348000.0,1568772000.0,4781576000.0,3207263710.0,-14346000.0,-456737000.0,3625000.0,352428000.0,0.0,358408000.0,-525915000.0,0.0,153151000.0,10000.0,49653000.0,49653000.0,49653000.0,-978000.0,-2549000.0,0.018,648015000.0,137518000.0,1157398000.0,0.0,2.543,12.509,11.259,2030694000.0,0.0,35.58,0.288,0.288,802890000.0,441345000.0,2762709000.0,2762709000.0,0.0,,,,,10087000.0,639232000.0,1.0,90142319.0,90176204,91533008.0,30.637,3548076000.0,130651000.0,31368000.0,565081000.0,39.346,-51390000.0
42,DFODQ,MRQ,2009-06-30,2009-06-30,2009-06-30,2021-08-25,-199953000.0,6923235000.0,,1363798000.0,5559437000.0,,14.161,-57638000.0,53144000.0,53144000.0,1908203000.0,62316000.0,1.083,4.794,3848369000.0,254772000.0,3593597000.0,3848369000.0,0.0,60293000.0,0.0,0.0,0.0,162834000.0,223127000.0,0.084,223127000.0,162834000.0,102870000.0,0.76,0.76,0.76,1191856000.0,,1191856000.0,7270079972.0,11.0,8.002,107314000.0,1.275,1.0,761650000.0,0.285,3732702000.0,59964000.0,5726579000.0,,402048000.0,0.0,0.0,0.0,5713320000.0,1259179000.0,4454141000.0,2965166972.0,-9851000.0,-33579000.0,446120000.0,-531871000.0,0.0,-83337000.0,-91466000.0,0.0,164952000.0,0.0,64143000.0,64143000.0,64143000.0,1100000.0,-1827000.0,0.024,604615000.0,157035000.0,996511000.0,0.0,2.488,12.127,12.381,1826735000.0,0.0,38.38,0.257,0.28,706063000.0,391692000.0,2669853000.0,2669853000.0,0.0,,,,,10187000.0,591195000.0,1.0,77258128.0,84165780,85495562.0,31.721,3190533000.0,115505000.0,38727000.0,494648000.0,37.908,104619000.0
43,DFODQ,MRQ,2009-03-31,2009-03-31,2009-03-31,2021-08-25,-222547000.0,6916086000.0,,1381673000.0,5534413000.0,,8.395,-38420000.0,62995000.0,62995000.0,1944251000.0,75200000.0,0.799,9.651,4367908000.0,713865000.0,3654043000.0,4367908000.0,0.0,60605000.0,0.0,0.0,0.0,193535000.0,254140000.0,0.094,254140000.0,193535000.0,125236000.0,0.98,0.96,0.98,647683000.0,,647683000.0,7243762379.0,11.0,8.027,146174000.0,1.895,1.0,758687000.0,0.281,3721973000.0,68299000.0,5770442000.0,,381058000.0,0.0,0.0,0.0,6250931000.0,1728584000.0,4522347000.0,2790490379.0,27016000.0,-1384000.0,640000.0,-122433000.0,0.0,-117774000.0,-39804000.0,0.0,184594000.0,0.0,76246000.0,76246000.0,76246000.0,142000.0,-1046000.0,0.028,565861000.0,192826000.0,975579000.0,0.0,4.308,12.173,12.134,1812440000.0,0.0,36.16,0.233,0.233,733978000.0,327549000.0,2702938000.0,2702938000.0,0.0,,,,,9210000.0,555705000.0,1.0,77170641.0,77150193,78627747.0,35.035,3194113000.0,123425000.0,48990000.0,510150000.0,41.401,-346911000.0
44,DFODQ,MRQ,2008-12-31,2008-12-31,2008-12-31,2021-08-25,-227029000.0,7040192000.0,,1481193000.0,5558999000.0,,7.25,-80923000.0,35979000.0,35979000.0,2224019000.0,66361000.0,1.038,11.612,4489251000.0,315526000.0,4173725000.0,4489251000.0,0.0,59094000.0,0.0,0.0,0.0,181748000.0,240842000.0,0.081,240842000.0,181748000.0,108596000.0,0.86,0.86,0.86,558234000.0,,558234000.0,7377173082.0,12.0,8.75,177445000.0,2.304,1.0,763104000.0,0.255,3737107000.0,73152000.0,6329090000.0,,393111000.0,0.0,0.0,0.0,6481958000.0,1427267000.0,5054691000.0,2766466082.0,9933000.0,-20651000.0,917000.0,-147168000.0,0.0,-146035000.0,-102400000.0,0.0,258368000.0,0.0,66361000.0,66361000.0,66361000.0,-1934000.0,0.0,0.022,582682000.0,180422000.0,1084037000.0,0.0,4.956,15.054,14.61,1821892000.0,0.0,35.94,0.224,0.217,854992000.0,251303000.0,2987123000.0,2987123000.0,0.0,,,,,8541000.0,571507000.0,1.0,76974571.0,77000705,78139550.0,38.793,3303085000.0,127211000.0,42235000.0,496348000.0,42.897,53926000.0
45,DFODQ,MRQ,2008-09-30,2008-09-30,2008-09-30,2021-08-25,-90434000.0,7075867000.0,,1525532000.0,5550335000.0,,8.082,-63719000.0,24720000.0,24720000.0,2462949000.0,37752000.0,1.113,10.435,4635427000.0,336282000.0,4299145000.0,4635427000.0,0.0,58397000.0,0.0,0.0,0.0,132005000.0,190402000.0,0.06,190402000.0,132005000.0,57296000.0,0.5,0.48,0.5,618794000.0,,618794000.0,8244530986.0,15.0,10.279,79237000.0,1.035,1.0,731720000.0,0.229,3728535000.0,74709000.0,6586956000.0,,427203000.0,0.0,0.0,0.0,6457073000.0,1371083000.0,5085990000.0,3558918986.0,-14128000.0,-14311000.0,4854000.0,-90228000.0,0.0,-79054000.0,-78030000.0,0.0,142956000.0,0.0,37752000.0,37752000.0,37752000.0,51000.0,0.0,0.012,599906000.0,131814000.0,1034801000.0,0.0,5.751,23.719,22.462,1821800000.0,0.0,46.72,0.282,0.284,894302000.0,184942000.0,3194669000.0,3194669000.0,0.0,,,,,8849000.0,589179000.0,1.0,76175492.0,76568606,78643082.0,41.723,3347332000.0,118521000.0,19544000.0,516748000.0,43.717,154449000.0
46,DFODQ,MRQ,2008-06-30,2008-06-30,2008-06-30,2021-08-25,-86740000.0,7010251000.0,,1468153000.0,5542098000.0,,7.431,-57959000.0,38848000.0,38848000.0,2363239000.0,48885000.0,1.197,11.414,4724460000.0,283758000.0,4440702000.0,4724460000.0,0.0,59950000.0,0.0,0.0,0.0,157040000.0,216990000.0,0.07,216990000.0,157040000.0,80555000.0,0.64,0.62,0.64,564713000.0,,564713000.0,7752534333.0,14.0,10.029,99084000.0,1.304,1.0,739320000.0,0.238,3731372000.0,76485000.0,6738454000.0,,404233000.0,0.0,0.0,0.0,6445538000.0,1226037000.0,5219501000.0,2981131333.0,-2128000.0,-9089000.0,8428000.0,-101596000.0,0.0,-92123000.0,-67048000.0,0.0,157043000.0,0.0,48885000.0,48885000.0,48885000.0,0.0,0.0,0.016,582142000.0,157178000.0,942279000.0,0.0,5.279,25.099,23.357,1810726000.0,0.0,39.24,0.238,0.238,835228000.0,147190000.0,3102559000.0,3102559000.0,0.0,,,,,9299000.0,575236000.0,1.0,75971746.0,75992144,78175940.0,40.827,3278879000.0,125705000.0,31670000.0,510427000.0,43.148,242116000.0
47,DFODQ,MRQ,2008-03-31,2008-03-31,2008-03-31,2021-08-25,-147300000.0,7014081000.0,,1481779000.0,5532302000.0,,6.331,-42209000.0,40976000.0,40976000.0,2388386000.0,30772000.0,1.515,15.069,4812379000.0,21067000.0,4791312000.0,4812379000.0,0.0,59379000.0,0.0,0.747,0.0,135485000.0,194864000.0,0.063,194864000.0,135485000.0,51653000.0,0.44,0.42,0.44,436496000.0,,436496000.0,7904797703.0,15.0,10.353,116052000.0,1.683,1.0,688574000.0,0.224,3724434000.0,83832000.0,7083079000.0,,389786000.0,0.0,0.0,0.0,6577585000.0,977971000.0,5599614000.0,2665001703.0,8421000.0,-51800000.0,405464000.0,-461295000.0,0.0,-55831000.0,-94009000.0,0.0,158261000.0,0.0,30772000.0,30772000.0,30772000.0,0.0,0.0,0.01,552470000.0,136104000.0,956904000.0,0.0,6.105,27.11,27.149,1807868000.0,0.0,40.18,0.217,0.226,848061000.0,98305000.0,3076960000.0,3076960000.0,0.0,,,,,8491000.0,548684000.0,1.0,66326573.0,68941658,71644518.0,44.631,3289647000.0,141425000.0,20881000.0,463011000.0,47.716,503808000.0
48,DFODQ,MRQ,2007-12-31,2007-12-31,2007-12-31,2021-08-25,-87802000.0,7033356000.0,,1531984000.0,5501372000.0,,0.779,-67895000.0,32555000.0,32555000.0,2528775000.0,32635000.0,1.643,136.191,5272351000.0,25246000.0,5247105000.0,5272351000.0,0.0,57713000.0,0.0,0.58,0.0,142103000.0,199816000.0,0.062,199816000.0,142103000.0,53285000.0,0.5,0.48,0.5,51267000.0,,51267000.0,8724429738.0,16.0,11.179,61666000.0,0.937,1.0,702938000.0,0.218,3702994000.0,88818000.0,7637642000.0,,379773000.0,0.0,0.0,0.0,6982089000.0,932516000.0,6049573000.0,3403329738.0,-12451000.0,-11148000.0,20362000.0,-97876000.0,0.0,-73674000.0,-68338000.0,0.0,129561000.0,0.0,32635000.0,32635000.0,32635000.0,-70000.0,0.0,0.01,560437000.0,142501000.0,907270000.0,0.0,66.384,25.91,25.604,1798378000.0,0.0,51.72,0.288,0.285,913074000.0,67533000.0,3231713000.0,3231713000.0,0.0,,,,,7629000.0,553198000.0,1.0,65802972.0,65822409,68981920.0,49.097,3330362000.0,146726000.0,20650000.0,482212000.0,50.596,599468000.0
49,DFODQ,MRQ,2007-09-30,2007-09-30,2007-09-30,2021-08-25,-63784000.0,7140974000.0,,1643627000.0,5497347000.0,,0.166,-53497000.0,45006000.0,45006000.0,2457473000.0,6482000.0,1.661,659.04,5366106000.0,26666000.0,5339440000.0,5366106000.0,0.0,58672000.0,0.0,0.586,0.0,102659000.0,161331000.0,0.052,161331000.0,102659000.0,13002000.0,0.1,0.1,0.1,10819000.0,,10819000.0,8661961813.0,15.0,10.719,-3291000.0,-0.05,1.0,659323000.0,0.212,3709157000.0,89657000.0,7763653000.0,,418734000.0,0.0,0.0,0.0,7130155000.0,989264000.0,6140891000.0,3341997813.0,7580000.0,-2435000.0,1251000.0,7612000.0,0.0,13306000.0,-55932000.0,0.0,50206000.0,0.0,6482000.0,6482000.0,6482000.0,35000.0,0.0,0.002,556017000.0,103306000.0,962598000.0,0.0,308.901,19.467,19.379,1788190000.0,0.0,51.16,0.299,0.299,942672000.0,34898000.0,3116796000.0,3116796000.0,0.0,,,,,8100000.0,533914000.0,1.0,65324430.0,65335704,68834627.0,47.704,3431817000.0,176508000.0,6520000.0,501319000.0,52.526,654363000.0
50,DFODQ,MRQ,2007-06-30,2007-06-30,2007-06-30,2021-08-25,-19590000.0,7071973000.0,,1541558000.0,5530415000.0,,0.534,-49633000.0,37426000.0,37426000.0,2155595000.0,28416000.0,1.338,202.586,5357390000.0,280023000.0,5077367000.0,5357390000.0,0.0,58170000.0,0.0,0.471,30.0,149330000.0,207500000.0,0.073,207500000.0,149330000.0,46844000.0,0.44,0.42,0.44,34737000.0,,34737000.0,7468496712.0,12.0,8.594,-17158000.0,-0.264,1.0,688050000.0,0.242,3751572000.0,102486000.0,7488229000.0,,405993000.0,0.0,0.0,0.0,7037236000.0,1152136000.0,5885100000.0,4143009712.0,-528000.0,-1952000.0,8475000.0,1948578000.0,-1942738000.0,18582000.0,-51585000.0,0.0,32475000.0,0.0,28416000.0,28416000.0,28416000.0,-239000.0,0.0,0.01,534413000.0,153637000.0,872113000.0,68.182,119.268,17.556,17.706,1778843000.0,0.0,63.74,0.391,0.391,859339000.0,28416000.0,2843645000.0,2843645000.0,0.0,,,,,10785000.0,528999000.0,1.0,64998584.0,65008450,69192448.0,43.743,3320401000.0,157288000.0,18428000.0,520131000.0,51.076,389422000.0
51,DFODQ,MRQ,2007-03-31,2007-03-31,2007-03-31,2021-08-25,-50614000.0,6896415000.0,,1414305000.0,5482110000.0,,29.397,-50231000.0,37954000.0,37954000.0,1942474000.0,63820000.0,1.064,2.64,3363441000.0,478275000.0,2885166000.0,3363441000.0,0.0,57343000.0,0.0,0.0,0.0,154470000.0,211813000.0,0.081,211813000.0,154470000.0,102229000.0,1.0,0.94,1.0,1894508000.0,,1894508000.0,9351786138.0,15.0,11.09,87777000.0,1.362,1.0,687275000.0,0.261,3696454000.0,52241000.0,5195631000.0,,380137000.0,0.0,0.0,0.0,5001907000.0,1329817000.0,3672090000.0,6027075138.0,6814000.0,-115133000.0,18026000.0,10325000.0,0.0,34170000.0,-165364000.0,0.0,138008000.0,0.0,63820000.0,63820000.0,63820000.0,-617000.0,0.0,0.024,533122000.0,154153000.0,841904000.0,0.0,3.181,25.491,26.112,1785656000.0,0.0,93.48,0.59,0.59,803952000.0,1287520000.0,2629749000.0,2629749000.0,0.0,,,,,8303000.0,525025000.0,1.0,64474488.0,64444753,67260734.0,40.806,3199961000.0,133770000.0,38409000.0,512513000.0,49.654,84488000.0
52,DFODQ,MRQ,2006-12-31,2006-12-31,2006-12-31,2021-08-25,-45787000.0,6770173000.0,,1379290000.0,5390883000.0,,27.452,-61758000.0,31140000.0,31140000.0,1883158000.0,72961000.0,1.032,2.742,3355851000.0,483658000.0,2872193000.0,3355851000.0,0.0,58653000.0,0.0,0.0,0.0,168767000.0,227420000.0,0.088,227420000.0,168767000.0,118555000.0,1.1,1.04,1.1,1809399000.0,,1809399000.0,8788570565.0,15.0,10.677,73408000.0,1.114,1.0,710680000.0,0.274,3583996000.0,50212000.0,5174332000.0,,360754000.0,0.0,0.0,0.0,4960774000.0,1336556000.0,3624218000.0,5655267565.0,-11930000.0,-96705000.0,-260121000.0,177823000.0,0.0,-84160000.0,-62936000.0,0.0,135166000.0,0.0,72961000.0,72961000.0,72961000.0,3315000.0,0.0,0.028,538117000.0,172563000.0,822122000.0,0.0,3.125,25.088,25.167,1786907000.0,0.0,84.56,0.56,0.561,799038000.0,1229427000.0,2593838000.0,2593838000.0,0.0,,,,,8317000.0,524310000.0,1.0,66878756.0,65912218,68773214.0,39.353,3186177000.0,117991000.0,45594000.0,535328000.0,48.34,42734000.0
53,DFODQ,MRQ,2006-09-30,2006-09-30,2006-09-30,2021-08-25,-36757000.0,6763208000.0,,1364976000.0,5398232000.0,,29.849,-59129000.0,43070000.0,43070000.0,1823786000.0,70793000.0,1.011,2.388,3176373000.0,484968000.0,2691405000.0,3176373000.0,0.0,57154000.0,0.0,0.0,0.0,165101000.0,222255000.0,0.088,222255000.0,165101000.0,117070000.0,1.06,1.02,1.06,1995977000.0,,1995977000.0,8954560006.0,15.0,11.111,104044000.0,1.556,1.0,694006000.0,0.276,3588500000.0,48031000.0,4958235000.0,,375413000.0,0.0,0.0,0.0,4767231000.0,1349776000.0,3417455000.0,5608749006.0,12692000.0,90421000.0,17997000.0,-205651000.0,0.0,-176582000.0,26101000.0,0.0,163173000.0,0.0,70793000.0,70793000.0,70793000.0,3705000.0,0.0,0.028,525260000.0,168746000.0,835753000.0,0.0,2.81,25.654,26.099,1792145000.0,0.0,84.04,0.554,0.555,757272000.0,1156466000.0,2517792000.0,2517792000.0,0.0,,,,,8292000.0,518249000.0,1.0,66739041.0,66869558,69579829.0,37.652,3174708000.0,116657000.0,46277000.0,520016000.0,47.476,15200000.0
54,DFODQ,MRQ,2006-06-30,2006-06-30,2006-06-30,2021-08-25,232000.0,6932167000.0,,1284566000.0,5647601000.0,,28.566,-57012000.0,30378000.0,30378000.0,1794037000.0,28868000.0,1.325,2.594,3376189000.0,182150000.0,3194039000.0,3376189000.0,0.0,56357000.0,0.0,0.0,0.0,125448000.0,181805000.0,0.073,181805000.0,125448000.0,76680000.0,0.42,0.42,0.42,1928717000.0,,1928717000.0,8504646239.0,14.0,10.458,183773000.0,2.722,1.0,683847000.0,0.276,3600724000.0,48768000.0,5708012000.0,,358243000.0,0.0,0.0,0.0,5003450000.0,969242000.0,4034208000.0,5058258239.0,3493000.0,-1200000.0,-115710000.0,-60005000.0,0.0,-175084000.0,-62208000.0,0.0,240785000.0,0.0,28868000.0,28868000.0,28868000.0,45927000.0,0.0,0.012,512558000.0,171289000.0,777722000.0,0.0,2.623,20.461,21.251,1780350000.0,0.0,74.38,0.497,0.494,699612000.0,1085673000.0,2477884000.0,2477884000.0,0.0,,,,,10873000.0,508100000.0,1.0,68005623.0,67518616,70216880.0,36.699,3331443000.0,111611000.0,47812000.0,495707000.0,49.341,315324000.0
55,DFODQ,MRQ,2006-03-31,2006-03-31,2006-03-31,2021-08-25,-13499000.0,7015158000.0,,1416172000.0,5598986000.0,,29.438,-53153000.0,28341000.0,28341000.0,1857695000.0,52792000.0,1.394,2.526,3474729000.0,169814000.0,3304915000.0,3474729000.0,0.0,55518000.0,0.0,0.0,0.0,136095000.0,191613000.0,0.076,191613000.0,136095000.0,88559000.0,0.78,0.74,0.78,1989591000.0,,1989591000.0,8680601539.0,14.0,10.207,-31059000.0,-0.46,1.0,651346000.0,0.26,3717868000.0,47536000.0,5727530000.0,,369430000.0,0.0,0.0,0.0,5025567000.0,1016148000.0,4009419000.0,5268886539.0,2429000.0,-9760000.0,-9917000.0,27406000.0,0.0,48757000.0,-68422000.0,0.0,22094000.0,0.0,52792000.0,52792000.0,52792000.0,1902000.0,0.0,0.021,513249000.0,138097000.0,846334000.0,0.0,2.648,17.564,18.668,1881118000.0,0.0,77.66,0.516,0.514,827808000.0,1056805000.0,2509041000.0,2509041000.0,0.0,,,,,9389000.0,507426000.0,1.0,67845564.0,67585056,71204994.0,37.124,3297290000.0,116536000.0,35767000.0,478901000.0,48.787,400024000.0
56,DFODQ,MRQ,2005-12-31,2005-12-31,2005-12-31,2021-08-25,-25933000.0,7050884000.0,,1401193000.0,5649691000.0,,27.577,-79758000.0,24456000.0,24456000.0,1941949000.0,66175000.0,1.366,2.707,3386848000.0,65326000.0,3321522000.0,3386848000.0,0.0,54701000.0,0.0,0.0,0.0,155547000.0,210248000.0,0.08,210248000.0,155547000.0,110998000.0,0.96,0.92,0.96,1902213000.0,,1902213000.0,8129431430.0,13.0,9.593,242000.0,0.004,1.0,673663000.0,0.258,3571163000.0,44549000.0,5816179000.0,,355004000.0,0.0,0.0,0.0,5148671000.0,1025934000.0,4122737000.0,5069019430.0,-5226000.0,-190879000.0,-343124000.0,343549000.0,0.0,345000.0,-85571000.0,0.0,80000000.0,0.0,66175000.0,66175000.0,66175000.0,2024000.0,0.0,0.025,514768000.0,158895000.0,926067000.0,0.0,2.665,16.423,17.933,1776801000.0,0.0,75.32,0.498,0.543,818431000.0,1004013000.0,2615612000.0,2615612000.0,0.0,,,,,7787000.0,504627000.0,1.0,67299780.0,68979143,72671636.0,37.919,3479721000.0,137776000.0,44823000.0,484248000.0,50.446,375259000.0
57,DFODQ,MRQ,2005-09-30,2005-09-30,2005-09-30,2021-08-25,-21470000.0,7034026000.0,,1431820000.0,5602206000.0,,28.73,-73699000.0,32381000.0,32381000.0,1918356000.0,99384000.0,1.351,2.306,3092793000.0,66849000.0,3025944000.0,3092793000.0,0.0,54210000.0,0.0,0.0,0.0,175350000.0,229560000.0,0.089,229560000.0,175350000.0,137513000.0,1.34,1.28,1.34,2127448000.0,,2127448000.0,8763573275.0,14.0,10.583,40665000.0,0.549,1.0,651049000.0,0.253,3755442000.0,37837000.0,5279209000.0,,383753000.0,0.0,0.0,0.0,4906578000.0,1059787000.0,3846791000.0,5809289275.0,658000.0,190797000.0,-337909000.0,99680000.0,0.0,-229877000.0,116171000.0,0.0,114364000.0,0.0,99384000.0,99384000.0,99384000.0,-37203000.0,0.0,0.039,513075000.0,137974000.0,918245000.0,0.0,2.731,18.758,18.773,1846764000.0,0.0,77.72,0.585,0.58,816093000.0,1123992000.0,2569405000.0,2569405000.0,0.0,,,,,11066000.0,493638000.0,1.0,74746388.0,74049181,77768247.0,34.699,3278584000.0,138328000.0,38129000.0,607083000.0,44.276,372033000.0
58,DFODQ,MRQ,2005-06-30,2005-06-30,2005-06-30,2021-08-25,-24184000.0,7085204000.0,,1384262000.0,5700942000.0,,31.381,-64796000.0,32305000.0,32305000.0,1867895000.0,81626000.0,1.451,1.994,2986589000.0,55702000.0,2930887000.0,2986589000.0,0.0,51493000.0,0.0,0.0,0.0,167538000.0,219031000.0,0.087,219031000.0,167538000.0,128913000.0,1.08,1.04,1.08,2366692000.0,,2366692000.0,8378842012.0,14.0,10.612,98338000.0,1.304,1.0,647235000.0,0.257,3850750000.0,38625000.0,5234831000.0,,376585000.0,0.0,0.0,0.0,4718512000.0,953907000.0,3764605000.0,5303436012.0,2053000.0,406000.0,24113000.0,-138485000.0,0.0,-77707000.0,-83374000.0,0.0,163134000.0,0.0,81626000.0,81626000.0,81626000.0,-7600000.0,0.0,0.032,487502000.0,159733000.0,861297000.0,0.0,2.241,21.171,21.229,1850192000.0,0.0,70.48,0.534,0.535,770803000.0,1021125000.0,2515130000.0,2515130000.0,0.0,,,,,12723000.0,483583000.0,1.0,75247390.0,75416998,78609899.0,33.35,3234454000.0,143359000.0,47287000.0,561795000.0,42.888,430355000.0
59,DFODQ,MRQ,2005-03-31,2005-03-31,2005-03-31,2021-08-25,-14111000.0,7735010000.0,,1572749000.0,6162261000.0,,36.626,-60519000.0,29108000.0,29108000.0,1948455000.0,61469000.0,1.373,1.819,3104514000.0,145670000.0,2958844000.0,3104514000.0,0.0,54226000.0,0.0,0.0,0.0,136362000.0,190588000.0,0.074,190588000.0,136362000.0,95327000.0,0.82,0.78,0.82,2743702000.0,,2743702000.0,8380030597.0,14.0,10.735,137759000.0,1.839,1.0,613296000.0,0.239,4209755000.0,41035000.0,5454976000.0,,492091000.0,0.0,0.0,0.0,4991308000.0,1145685000.0,3845623000.0,5150343597.0,1614000.0,-1702000.0,14760000.0,-151677000.0,0.0,-131718000.0,-64946000.0,0.0,198278000.0,0.0,61469000.0,61469000.0,61469000.0,-10336000.0,0.0,0.024,487380000.0,125916000.0,963002000.0,0.0,1.877,20.941,21.304,1952506000.0,0.0,68.6,0.513,0.511,841373000.0,1425829000.0,2561751000.0,2561751000.0,0.0,,,,,8491000.0,479302000.0,1.0,75077895.0,74910791,77831490.0,34.197,3525255000.0,150951000.0,33858000.0,588015000.0,47.059,427064000.0
60,DFODQ,MRQ,2004-12-31,2004-12-31,2004-12-31,2021-08-25,-5697000.0,7756368000.0,,1437082000.0,6319286000.0,,35.707,-52324000.0,27407000.0,27407000.0,1649054000.0,67216000.0,1.368,1.912,3251728000.0,141012000.0,3110716000.0,3251728000.0,0.0,48691000.0,0.0,0.0,0.0,140190000.0,188881000.0,0.083,188881000.0,140190000.0,106470000.0,0.9,0.86,0.9,2663599000.0,,2663599000.0,8225230287.0,14.0,10.461,208483000.0,2.795,1.0,629419000.0,0.276,3773298000.0,33720000.0,6157216000.0,,365403000.0,0.0,0.0,0.0,5092769000.0,1050175000.0,4042594000.0,4910568287.0,29012000.0,-11174000.0,-40077000.0,-108503000.0,0.0,-107591000.0,-124204000.0,0.0,260807000.0,0.0,67216000.0,67216000.0,67216000.0,-14986000.0,0.0,0.03,503693000.0,125726000.0,869163000.0,0.0,1.844,19.354,20.091,1813284000.0,0.0,65.9,0.505,0.524,828754000.0,1359632000.0,2278473000.0,2278473000.0,0.0,,,,,30645000.0,502754000.0,1.0,74515452.0,74596247,77219624.0,30.544,3983070000.0,143079000.0,39254000.0,523540000.0,53.395,386907000.0
61,DFODQ,MRQ,2004-09-30,2004-09-30,2004-09-30,2021-08-25,-19119000.0,7629208000.0,,1595888000.0,6033320000.0,,33.151,-90480000.0,11696000.0,11696000.0,1977934000.0,40192000.0,1.482,1.952,3326358000.0,134658000.0,3191700000.0,3326358000.0,0.0,49832000.0,0.0,0.0,0.0,141263000.0,191095000.0,0.074,191095000.0,141263000.0,66870000.0,0.52,0.5,0.52,2584430000.0,,2584430000.0,7827247539.0,13.0,10.078,52182000.0,0.669,1.0,605644000.0,0.234,4137770000.0,74393000.0,5729053000.0,,543008000.0,0.0,0.0,0.0,5044778000.0,1077047000.0,3967731000.0,4737905539.0,-17893000.0,-16814000.0,-242283000.0,196299000.0,0.0,-46005000.0,-114550000.0,0.0,142662000.0,0.0,40192000.0,40192000.0,40192000.0,-2366000.0,0.0,0.016,466332000.0,139312000.0,942389000.0,0.0,1.833,17.352,17.253,1895550000.0,0.0,60.04,0.505,0.499,819466000.0,1260763000.0,2583578000.0,2583578000.0,0.0,,,,,2250000.0,453080000.0,1.0,78912484.0,77960294,81050463.0,33.14,3491438000.0,158729000.0,26678000.0,507853000.0,44.785,518841000.0
62,DFODQ,MRQ,2004-06-30,2004-06-30,2004-06-30,2021-08-25,-24369000.0,7632623000.0,,1605482000.0,6027141000.0,,35.327,-80269000.0,29617000.0,29617000.0,2027254000.0,77073000.0,1.217,1.747,3118959000.0,300020000.0,2818939000.0,3118959000.0,0.0,48964000.0,0.0,0.0,0.0,161127000.0,210091000.0,0.08,210091000.0,161127000.0,117064000.0,0.98,0.94,0.98,2779021000.0,,2779021000.0,8874076530.0,13.0,10.127,-45539000.0,-0.579,1.0,596660000.0,0.227,4151712000.0,44063000.0,5251257000.0,,517484000.0,0.0,0.0,0.0,4853602000.0,1318996000.0,3534606000.0,5861883530.0,2949000.0,-44730000.0,14592000.0,91507000.0,0.0,102505000.0,-134286000.0,0.0,34730000.0,0.0,77073000.0,77073000.0,77073000.0,-13737000.0,0.0,0.029,449455000.0,147205000.0,991027000.0,0.0,2.109,16.512,16.436,1875429000.0,0.0,74.62,0.644,0.645,860890000.0,1220571000.0,2623914000.0,2623914000.0,0.0,,,,,3535000.0,448277000.0,1.0,78556466.0,78665594,81817166.0,33.355,3480911000.0,138381000.0,39991000.0,463442000.0,44.249,286486000.0
63,DFODQ,MRQ,2004-03-31,2004-03-31,2004-03-31,2021-08-25,-33607000.0,7434797000.0,,1481231000.0,5953566000.0,,34.266,-68085000.0,27124000.0,27124000.0,1839706000.0,69240000.0,1.237,1.78,3039317000.0,180630000.0,2858687000.0,3039317000.0,0.0,54802000.0,0.0,0.0,0.0,153887000.0,208689000.0,0.085,208689000.0,153887000.0,111386000.0,0.88,0.86,0.88,2674583000.0,,2674583000.0,7988125977.0,11.0,8.949,22442000.0,0.288,1.0,612445000.0,0.25,4135580000.0,42501000.0,5113875000.0,,494009000.0,0.0,0.0,0.0,4760214000.0,1197535000.0,3562679000.0,5243754977.0,-20019000.0,-305446000.0,32719000.0,230266000.0,0.0,262985000.0,-373531000.0,0.0,90527000.0,0.0,69240000.0,69240000.0,69240000.0,0.0,0.0,0.028,460043000.0,152402000.0,976960000.0,0.0,1.961,14.496,14.034,1817986000.0,0.0,66.8,0.603,0.599,763055000.0,1143498000.0,2452151000.0,2452151000.0,0.0,,,,,11763000.0,451294000.0,1.0,78499326.0,78052736,81365143.0,31.417,3299217000.0,140816000.0,42146000.0,451649000.0,42.269,283696000.0
64,DFODQ,MRQ,2003-12-31,2003-12-31,2003-12-31,2021-08-25,-31020000.0,6992536000.0,,1400881000.0,5591655000.0,,32.668,-70196000.0,47143000.0,47143000.0,1306354000.0,86543000.0,1.197,1.75,2791514000.0,180158000.0,2611356000.0,2791514000.0,0.0,34531000.0,0.0,0.0,0.0,132247000.0,166778000.0,0.097,166778000.0,132247000.0,95320000.0,1.1,1.08,1.1,2542813000.0,,2542813000.0,7740395552.0,11.0,8.797,116448000.0,1.496,1.0,410333000.0,0.239,3818100000.0,36927000.0,4748414000.0,,426478000.0,0.0,0.0,0.0,4449723000.0,1170393000.0,3279330000.0,5128586552.0,29631000.0,-172905000.0,-33758000.0,152512000.0,0.0,118445000.0,-275458000.0,0.0,186644000.0,0.0,86543000.0,86543000.0,86543000.0,-80164000.0,0.0,0.05,358229000.0,52104000.0,924707000.0,0.0,2.017,14.418,13.416,1773555000.0,0.0,65.74,0.611,0.569,742934000.0,1074258000.0,1716687000.0,1716687000.0,0.0,,,,,3699000.0,352861000.0,1.0,78013182.0,77839136,80784602.0,22.054,3174436000.0,137055000.0,8777000.0,453679000.0,40.782,230488000.0
65,DFODQ,MRQ,2003-09-30,2003-09-30,2003-09-30,2021-08-25,-40183000.0,6747464000.0,,1364827000.0,5382637000.0,,31.945,-64163000.0,19980000.0,19980000.0,1713311000.0,122162000.0,1.093,1.724,2631789000.0,188274000.0,2443515000.0,2631789000.0,0.0,48017000.0,0.0,0.0,0.0,242726000.0,290743000.0,0.126,290743000.0,242726000.0,196920000.0,1.58,1.52,1.58,2477153000.0,,2477153000.0,7554028074.0,11.0,8.396,56994000.0,0.735,1.0,593537000.0,0.257,3689056000.0,45806000.0,4421237000.0,,468314000.0,0.0,0.0,0.0,4270311000.0,1248980000.0,3021331000.0,4803526074.0,-8023000.0,80906000.0,7795000.0,-153718000.0,0.0,-145923000.0,16743000.0,0.0,121157000.0,0.0,122162000.0,122162000.0,122162000.0,0.0,0.0,0.053,352656000.0,240881000.0,988685000.0,0.0,1.939,14.457,13.204,1693581000.0,0.0,62.06,0.539,0.54,678220000.0,987715000.0,2306848000.0,2306848000.0,0.0,,,,,6910000.0,415320000.0,1.0,77401322.0,77545116,80544446.0,29.748,3058408000.0,140109000.0,74758000.0,444114000.0,39.44,115847000.0
66,DFODQ,MRQ,2003-06-30,2003-06-30,2003-06-30,2021-08-25,-54827000.0,6653354000.0,,1280433000.0,5372921000.0,,33.348,-76193000.0,28003000.0,28003000.0,1621419000.0,83789000.0,1.105,1.861,2778505000.0,175475000.0,2603030000.0,2778505000.0,0.0,47454000.0,0.0,0.0,0.0,178984000.0,226438000.0,0.102,226438000.0,178984000.0,134643000.0,1.2,1.08,1.2,2325655000.0,,2325655000.0,7027479590.0,11.0,8.664,76321000.0,1.094,1.0,601153000.0,0.27,3683745000.0,44341000.0,4561818000.0,,423801000.0,0.0,0.0,0.0,4327699000.0,1158293000.0,3169406000.0,4250918590.0,1223000.0,-51572000.0,19103000.0,-40209000.0,0.0,-23526000.0,-127765000.0,0.0,152514000.0,0.0,83789000.0,83789000.0,83789000.0,0.0,0.0,0.038,416687000.0,184466000.0,925179000.0,0.0,1.828,15.247,15.217,1689176000.0,0.0,63.0,0.481,0.497,621122000.0,865552000.0,2222572000.0,2222572000.0,0.0,,,,,4431000.0,412664000.0,1.0,67474898.0,69738538,80379137.0,31.87,2969609000.0,148395000.0,50854000.0,394567000.0,42.582,122140000.0
67,DFODQ,MRQ,2003-03-31,2003-03-31,2003-03-31,2021-08-25,-50679000.0,6571013000.0,,1280607000.0,5290406000.0,,25.172,-49217000.0,26780000.0,26780000.0,1573645000.0,63209000.0,1.085,3.007,2803341000.0,185228000.0,2618113000.0,2803341000.0,0.0,46666000.0,0.0,0.0,0.0,149250000.0,195916000.0,0.091,195916000.0,149250000.0,102379000.0,0.98,0.86,0.98,1639782000.0,,1639782000.0,6672995358.0,11.0,8.38,15238000.0,0.234,1.0,571233000.0,0.266,3645137000.0,46871000.0,4521847000.0,,418403000.0,0.0,0.0,0.0,4931231000.0,1180590000.0,3750641000.0,3990967358.0,-19116000.0,-476000.0,-97391000.0,63513000.0,0.0,-33878000.0,-49693000.0,0.0,64455000.0,0.0,63209000.0,63209000.0,63209000.0,0.0,0.0,0.029,414251000.0,156982000.0,952644000.0,0.0,2.434,14.878,14.232,1645269000.0,0.0,57.213,0.448,0.418,629425000.0,781764000.0,2144878000.0,2144878000.0,0.0,,,,,11340000.0,414305000.0,1.0,69755896.0,65144089,79650471.0,32.925,2925876000.0,151347000.0,39170000.0,355923000.0,44.914,100017000.0
68,DFODQ,MRQ,2002-12-31,2002-12-31,2002-12-31,2021-08-25,-55705000.0,6582266000.0,,1311146000.0,5271120000.0,,24.19,-90409000.0,45896000.0,45896000.0,1630293000.0,63114000.0,1.099,3.006,2727924000.0,173442000.0,2554482000.0,2727924000.0,0.0,42644000.0,0.0,0.0,0.0,144029000.0,186673000.0,0.083,186673000.0,144029000.0,96093000.0,0.94,0.76,0.94,1643293000.0,,1643293000.0,6239844747.0,12.0,8.913,131374000.0,1.934,1.0,609982000.0,0.272,3642696000.0,47936000.0,4428650000.0,,400347000.0,0.0,0.0,0.0,4938973000.0,1192948000.0,3746025000.0,3385989747.0,6370000.0,137189000.0,-80511000.0,-177372000.0,0.0,-260770000.0,45357000.0,0.0,221783000.0,0.0,63114000.0,63114000.0,63114000.0,7937000.0,0.0,0.028,437813000.0,172169000.0,981018000.0,0.0,2.06,19.303,19.026,1628424000.0,0.0,49.467,0.377,0.371,656938000.0,718555000.0,2240275000.0,2240275000.0,0.0,,,,,13923000.0,428797000.0,1.0,68449928.0,67932728,81811908.0,32.978,2939570000.0,158337000.0,32979000.0,332744000.0,43.272,118198000.0
69,DFODQ,MRQ,2002-09-30,2002-09-30,2002-09-30,2021-08-25,-29746000.0,6852784000.0,,1365122000.0,5487662000.0,,25.577,-57547000.0,49153000.0,49153000.0,1636306000.0,68699000.0,1.126,2.944,2903008000.0,161955000.0,2741053000.0,2903008000.0,0.0,43662000.0,0.0,0.003,0.0,158428000.0,202090000.0,0.091,202090000.0,158428000.0,110102000.0,1.02,1.02,1.02,1737409000.0,,1737409000.0,6556462682.0,15.0,10.72,89039000.0,1.311,1.0,593420000.0,0.266,3853961000.0,48326000.0,4639842000.0,,435700000.0,0.0,0.0,0.0,5115375000.0,1212836000.0,3902539000.0,3597478682.0,-18266000.0,1314000.0,17079000.0,-124296000.0,0.0,-107217000.0,-57635000.0,0.0,146586000.0,0.0,68699000.0,68699000.0,68699000.0,-692000.0,0.0,0.031,427167000.0,166253000.0,1022703000.0,0.0,2.071,26.445,24.33,1633701000.0,0.0,53.04,0.439,0.44,689238000.0,693108000.0,2229726000.0,2229726000.0,0.0,,,,,0.0,419940000.0,1.0,67825767.0,67927784,81788168.0,32.825,2998823000.0,107668000.0,41403000.0,360786000.0,44.147,152286000.0
70,DFODQ,MRQ,2002-06-30,2002-06-30,2002-06-30,2021-08-25,-26962000.0,6842923000.0,,1381291000.0,5461632000.0,,24.431,-57981000.0,67350000.0,67350000.0,1694786000.0,73226000.0,1.162,3.147,3026334000.0,139422000.0,2886912000.0,3026334000.0,0.0,41766000.0,0.0,0.006,0.0,169828000.0,211594000.0,0.092,211594000.0,169828000.0,118925000.0,1.08,0.96,1.08,1650016000.0,,1650016000.0,6263169384.0,17.0,12.033,146354000.0,2.167,1.0,600457000.0,0.262,3841513000.0,50903000.0,4772065000.0,,415979000.0,0.0,0.0,0.0,5192907000.0,1188329000.0,4004578000.0,3357259384.0,38405000.0,-198999000.0,10400000.0,82235000.0,0.0,92635000.0,-258565000.0,0.0,204335000.0,0.0,73226000.0,73226000.0,73226000.0,804000.0,0.0,0.032,422083000.0,178374000.0,988198000.0,0.0,2.035,34.697,26.638,1620119000.0,0.0,49.733,0.447,0.447,725103000.0,624409000.0,2295243000.0,2295243000.0,0.0,,,,,0.0,414947000.0,1.0,67505216.0,67537368,81741530.0,33.985,3001410000.0,105028000.0,45699000.0,345304000.0,44.441,192962000.0
71,DFODQ,MRQ,2002-03-31,2002-03-31,2002-03-31,2021-08-25,-29208000.0,6597677000.0,,1419887000.0,5177790000.0,,23.442,-29280000.0,22736000.0,22736000.0,1681388000.0,-29624000.0,1.27,3.222,2928646000.0,120229000.0,2808417000.0,2928646000.0,0.0,45922000.0,0.0,0.009,0.0,53803000.0,99725000.0,0.045,99725000.0,53803000.0,3283000.0,-0.44,-0.307,-0.44,1562581000.0,,1562581000.0,3386324782.0,12.0,7.81,53780000.0,0.807,1.0,544832000.0,0.245,3529278000.0,50520000.0,4856307000.0,,432352000.0,0.0,0.0,0.0,5035096000.0,1118002000.0,3917094000.0,2128079782.0,-55343000.0,-13340000.0,40809000.0,-135864000.0,0.0,-95055000.0,-43348000.0,0.0,83060000.0,0.0,-29624000.0,-29624000.0,-29624000.0,-696000.0,0.0,-0.013,399021000.0,145811000.0,993133000.0,0.0,1.362,36.606,31.026,1648512000.0,0.0,50.48,0.316,0.5,777026000.0,551182000.0,2226220000.0,2226220000.0,0.0,,,,,0.0,395575000.0,1.0,42156890.0,66657158,80927218.0,33.398,3068399000.0,129782000.0,32907000.0,295022000.0,46.033,301885000.0
72,DFODQ,MRQ,2001-12-31,2001-12-31,2001-12-31,2021-08-25,-29843000.0,6691897000.0,,1438467000.0,5253430000.0,,32.993,-39159000.0,74730000.0,74730000.0,1097049000.0,23734000.0,1.235,3.534,3068497000.0,96972000.0,2971525000.0,3068497000.0,0.0,32431000.0,0.0,0.013,0.15,65768000.0,98199000.0,0.068,98199000.0,65768000.0,38442000.0,0.52,0.5,0.52,1475880000.0,,1475880000.0,3174978243.0,11.0,7.221,89225000.0,1.995,1.0,347109000.0,0.24,3474275000.0,27326000.0,5046456000.0,,425913000.0,0.0,0.0,0.0,5216017000.0,1164933000.0,4051084000.0,1916733243.0,50219000.0,-1101015000.0,20376000.0,1099186000.0,0.0,1069820000.0,-1147985000.0,0.0,128384000.0,0.0,23734000.0,23734000.0,23734000.0,-3592000.0,0.0,0.016,246944000.0,100165000.0,1035326000.0,0.288,1.299,17.452,17.487,1611358000.0,0.0,45.467,0.321,0.321,752503000.0,543139000.0,1444158000.0,1444158000.0,0.0,,,,,9319000.0,244096000.0,1.0,42156890.0,44732692,58541692.0,32.284,3217622000.0,127215000.0,14708000.0,313864000.0,71.93,273534000.0
73,DFODQ,MRQ,2001-09-30,2001-09-30,2001-09-30,2021-08-25,-24807000.0,3832778000.0,,894454000.0,2938324000.0,,4.283,-35281000.0,25761000.0,25761000.0,1195435000.0,29422000.0,1.244,17.532,1284006000.0,164919000.0,1119087000.0,1284006000.0,0.0,37507000.0,0.0,0.014,0.15,73483000.0,110990000.0,0.072,110990000.0,73483000.0,50225000.0,0.707,0.627,0.707,179000000.0,,179000000.0,3004595200.0,10.0,6.865,11040000.0,0.264,1.0,352350000.0,0.228,1926679000.0,23258000.0,2445337000.0,,209616000.0,0.0,0.0,0.0,3138306000.0,719007000.0,2419299000.0,1755959200.0,2823000.0,-29015000.0,13716000.0,9034000.0,0.0,18883000.0,-62381000.0,0.0,46321000.0,0.0,29422000.0,29422000.0,29422000.0,0.0,0.0,0.019,254183000.0,98167000.0,543076000.0,0.212,9.81,15.332,15.18,1011645000.0,0.0,42.093,0.305,0.305,540791000.0,519405000.0,1547785000.0,1547785000.0,0.0,,,,,0.0,241066000.0,1.0,41715850.0,41791098,54905950.0,37.036,1906099000.0,62112000.0,20803000.0,150598000.0,45.61,175447000.0
74,DFODQ,MRQ,2001-06-30,2001-06-30,2001-06-30,2021-08-25,-16224000.0,3760968000.0,,818918000.0,2942050000.0,,3.191,-34355000.0,22938000.0,22938000.0,1163947000.0,34603000.0,1.188,23.536,1271574000.0,136011000.0,1135563000.0,1271574000.0,0.0,38131000.0,0.0,0.017,0.15,86519000.0,124650000.0,0.082,124650000.0,86519000.0,60585000.0,0.84,0.733,0.84,131916000.0,,131916000.0,2738365244.0,9.0,6.103,34379000.0,0.832,1.0,353594000.0,0.233,1935678000.0,25934000.0,2384855000.0,,194465000.0,0.0,0.0,0.0,3104781000.0,689071000.0,2415710000.0,1460176244.0,1849000.0,-16047000.0,7640000.0,-20764000.0,0.0,-15619000.0,-51266000.0,0.0,68734000.0,0.0,34603000.0,34603000.0,34603000.0,0.0,0.0,0.023,250692000.0,102902000.0,544278000.0,0.179,11.069,12.555,12.553,1006372000.0,0.0,35.4,0.258,0.259,500815000.0,489983000.0,1517541000.0,1517541000.0,0.0,,,,,0.0,237236000.0,1.0,41247916.0,41340452,54170638.0,36.708,1825290000.0,57753000.0,25982000.0,138580000.0,44.153,129847000.0
75,DFODQ,MRQ,2001-03-31,2001-03-31,2001-03-31,2021-08-25,-15707000.0,3743727000.0,,790944000.0,2952783000.0,,2.421,-19732000.0,21089000.0,21089000.0,1117837000.0,22071000.0,1.129,31.527,1299278000.0,135940000.0,1163338000.0,1299278000.0,0.0,37829000.0,0.0,0.014,0.15,68040000.0,105869000.0,0.072,105869000.0,68040000.0,40738000.0,0.533,0.507,0.533,99338000.0,,99338000.0,2637090848.0,8.0,5.848,44756000.0,1.091,1.0,347235000.0,0.237,1950352000.0,27302000.0,2370832000.0,,188180000.0,0.0,0.0,0.0,3131812000.0,700732000.0,2431080000.0,1306072848.0,-10021000.0,0.0,2809000.0,-57066000.0,0.0,-55641000.0,-18868000.0,0.0,64488000.0,0.0,22071000.0,22071000.0,22071000.0,0.0,0.0,0.015,263357000.0,83878000.0,561486000.0,0.281,13.148,11.335,11.645,1002431000.0,0.0,32.06,0.234,0.236,503723000.0,455380000.0,1465072000.0,1465072000.0,0.0,,,,,0.0,249173000.0,1.0,40738392.0,41032830,53677275.0,35.705,1793375000.0,52657000.0,18667000.0,128916000.0,43.706,90212000.0
76,DFODQ,MRQ,2000-12-31,2000-12-31,2000-12-31,2021-08-25,-1111000.0,3780478000.0,,817931000.0,2962547000.0,,2.059,-34990000.0,31110000.0,31110000.0,936425000.0,28435000.0,1.169,37.883,1353269000.0,128224000.0,1225045000.0,1353269000.0,0.0,21953000.0,0.0,0.009,0.15,74198000.0,96151000.0,0.078,96151000.0,74198000.0,50245000.0,0.693,0.627,0.693,83987000.0,,83987000.0,2634646544.0,8.0,5.837,74371000.0,1.824,1.0,294845000.0,0.239,1958778000.0,23953000.0,2443951000.0,,186713000.0,0.0,0.0,0.0,3181646000.0,699908000.0,2481738000.0,1303628544.0,-8589000.0,-49817000.0,355000.0,-4331000.0,0.0,-18491000.0,-99459000.0,0.0,109361000.0,0.0,28435000.0,28435000.0,28435000.0,-3636000.0,0.0,0.023,210748000.0,84097000.0,567342000.0,0.216,15.522,10.981,11.429,1003769000.0,0.0,32.0,0.237,0.246,519318000.0,433309000.0,1231270000.0,1231270000.0,0.0,,,,,0.0,193266000.0,1.0,40738392.0,40782306,53247000.0,30.191,1821700000.0,58559000.0,21810000.0,127956000.0,44.669,118023000.0
77,DFODQ,MRQ,2000-09-30,2000-09-30,2000-09-30,2021-08-25,-4398000.0,3683755000.0,,780255000.0,2903500000.0,,1.354,-30882000.0,42997000.0,42997000.0,1085627000.0,31189000.0,1.241,55.592,1374015000.0,91494000.0,1282521000.0,1374015000.0,0.0,37858000.0,0.0,0.004,0.15,84197000.0,122055000.0,0.085,122055000.0,84197000.0,55210000.0,0.753,0.673,0.753,56112000.0,,56112000.0,2696945768.0,9.0,6.166,37779000.0,0.912,1.0,354320000.0,0.246,1927873000.0,28987000.0,2458146000.0,,181484000.0,0.0,0.0,0.0,3119360000.0,628754000.0,2490606000.0,1421879768.0,-26307000.0,-16008000.0,-68833000.0,28559000.0,0.0,-49507000.0,-45461000.0,0.0,68661000.0,0.0,31189000.0,31189000.0,31189000.0,0.0,0.0,0.022,259325000.0,94995000.0,525647000.0,0.199,25.34,12.2,12.668,975627000.0,0.0,34.04,0.263,0.261,479688000.0,404874000.0,1439947000.0,1439947000.0,0.0,,,,,0.0,245406000.0,1.0,41770851.0,41435892,54296568.0,34.751,1755882000.0,53080000.0,24021000.0,99336000.0,42.376,151501000.0
78,DFODQ,MRQ,2000-06-30,2000-06-30,2000-06-30,2021-08-25,-1093000.0,3676234000.0,,767638000.0,2908596000.0,,2.436,-31454000.0,69304000.0,69304000.0,1074136000.0,33533000.0,1.232,29.096,1344370000.0,64510000.0,1279860000.0,1344370000.0,0.0,38713000.0,0.0,0.0,0.0,88147000.0,126860000.0,0.088,126860000.0,88147000.0,61233000.0,0.773,0.693,0.773,105608000.0,,105608000.0,2647858921.0,10.0,6.607,34586000.0,0.798,1.0,360218000.0,0.251,1923283000.0,26914000.0,2404714000.0,,173656000.0,0.0,0.0,0.0,3072802000.0,623303000.0,2449499000.0,1419343921.0,36797000.0,-42684000.0,-34968000.0,83996000.0,0.0,44269000.0,-73512000.0,0.0,66040000.0,0.0,33533000.0,33533000.0,33533000.0,0.0,0.0,0.023,256902000.0,103316000.0,557584000.0,0.0,13.44,12.256,12.862,985313000.0,0.0,32.58,0.282,0.28,476353000.0,373685000.0,1434354000.0,1434354000.0,0.0,,,,,0.0,242742000.0,1.0,43564884.0,43344860,55983678.0,33.092,1752951000.0,30541000.0,27700000.0,64321000.0,40.442,144335000.0
79,DFODQ,MRQ,2000-03-31,2000-03-31,2000-03-31,2021-08-25,-816000.0,3628299000.0,,754768000.0,2873531000.0,,2.501,-23924000.0,32507000.0,32507000.0,1053983000.0,25562000.0,1.24,27.765,1261022000.0,24277000.0,1236745000.0,1261022000.0,0.0,37348000.0,0.0,0.0,0.0,68962000.0,106310000.0,0.076,106310000.0,68962000.0,41741000.0,0.587,0.547,0.587,109041000.0,,109041000.0,1979353903.0,8.0,5.266,32990000.0,0.757,1.0,340158000.0,0.244,1903924000.0,27221000.0,2343991000.0,,190419000.0,0.0,0.0,0.0,3027508000.0,608899000.0,2418609000.0,1292440903.0,7352000.0,-138410000.0,-16566000.0,228825000.0,0.0,112259000.0,-161821000.0,0.0,56914000.0,0.0,25562000.0,25562000.0,25562000.0,0.0,0.0,0.018,263847000.0,76311000.0,571717000.0,0.0,11.853,11.295,11.213,969607000.0,0.0,26.833,0.274,0.248,484674000.0,340152000.0,1394141000.0,1394141000.0,0.0,,,,,0.0,249385000.0,1.0,48165500.0,43607200,56417208.0,31.97,1724375000.0,29491000.0,16179000.0,63870000.0,39.543,145869000.0
80,DFODQ,MRQ,1999-12-31,1999-12-31,1999-12-31,2021-08-25,-6438000.0,2658922000.0,,639407000.0,2019515000.0,,9.696,-44434000.0,25155000.0,25155000.0,876143000.0,26263000.0,1.335,4.692,712068000.0,22671000.0,689397000.0,712068000.0,0.0,27274000.0,0.0,0.0,0.0,54885000.0,82159000.0,0.073,82159000.0,54885000.0,45264000.0,0.573,0.54,0.573,442222000.0,,442222000.0,1796685385.0,8.0,5.118,716000.0,0.016,1.0,251766000.0,0.223,1261030000.0,9621000.0,1605688000.0,,182321000.0,0.0,0.0,0.0,2074950000.0,479117000.0,1595833000.0,1236166385.0,-21614000.0,-88000.0,-115672000.0,89365000.0,0.0,-26307000.0,-40457000.0,0.0,45150000.0,0.0,26263000.0,26263000.0,26263000.0,0.0,0.0,0.023,185457000.0,66309000.0,441792000.0,0.0,2.795,11.265,11.86,758485000.0,0.0,26.413,0.276,0.29,379070000.0,314590000.0,1127909000.0,1127909000.0,0.0,,,,,0.0,171278000.0,1.0,46800848.0,45609490,60179040.0,24.73,1397892000.0,30519000.0,19001000.0,60977000.0,30.649,160290000.0
81,DFODQ,MRQ,1999-09-30,1999-09-30,1999-09-30,2021-08-25,1198000.0,2766243000.0,,734940000.0,2031303000.0,,10.329,-38450000.0,62184000.0,62184000.0,834410000.0,30449000.0,1.218,4.009,622703000.0,49573000.0,573130000.0,622703000.0,0.0,26169000.0,0.0,0.0,0.0,59242000.0,85411000.0,0.079,85411000.0,59242000.0,50808000.0,0.6,0.553,0.6,521592000.0,,521592000.0,2245252762.0,9.0,6.315,75058000.0,1.486,1.0,247650000.0,0.229,1286865000.0,8434000.0,1436326000.0,,208765000.0,0.0,0.0,0.0,2091045000.0,603571000.0,1487474000.0,1265404762.0,6637000.0,287798000.0,-65555000.0,-282115000.0,0.0,-356588000.0,249717000.0,0.0,113508000.0,0.0,30449000.0,30449000.0,30449000.0,0.0,0.0,0.028,180920000.0,66730000.0,520049000.0,0.0,2.426,11.447,11.468,743282000.0,0.0,25.0,0.291,0.291,413493000.0,288327000.0,1082060000.0,1082060000.0,0.0,,,,,0.0,168668000.0,1.0,50616190.0,50498667,65462684.0,21.427,1479378000.0,26124000.0,20359000.0,71091000.0,29.295,131369000.0
82,DFODQ,MRQ,1999-06-30,1999-06-30,1999-06-30,2021-08-25,-1713000.0,3173569000.0,,788287000.0,2385282000.0,,11.149,-47609000.0,57338000.0,57338000.0,855895000.0,32147000.0,1.394,4.372,1037186000.0,61557000.0,975629000.0,1037186000.0,0.0,32519000.0,0.0,0.0,0.0,69474000.0,101993000.0,0.091,101993000.0,69474000.0,54239000.0,0.633,0.58,0.633,564075000.0,,564075000.0,2325465557.0,10.0,6.515,14105000.0,0.279,1.0,262949000.0,0.235,1449690000.0,15235000.0,2138306000.0,,231789000.0,8612000.0,8612000.0,0.0,2466139000.0,565421000.0,1900718000.0,1414344557.0,-17855000.0,-92383000.0,-1626000.0,56703000.0,0.0,64060000.0,-143629000.0,0.0,61714000.0,0.0,32147000.0,32147000.0,32147000.0,0.0,0.0,0.029,180790000.0,82159000.0,484193000.0,0.0,2.507,13.056,13.126,934349000.0,0.0,27.92,0.334,0.334,428557000.0,257879000.0,1118844000.0,1118844000.0,0.0,,,,,0.0,166065000.0,1.0,50657040.0,50595522,65708630.0,22.113,1723879000.0,32600000.0,22092000.0,60163000.0,34.072,222866000.0
83,DFODQ,MRQ,1999-03-31,1999-03-31,1999-03-31,2021-08-25,1065000.0,3081200000.0,,799376000.0,2281824000.0,,10.818,-57149000.0,67901000.0,67901000.0,920627000.0,20873000.0,1.404,4.403,979022000.0,55292000.0,923730000.0,979022000.0,0.0,30683000.0,0.0,0.0,0.0,50828000.0,81511000.0,0.071,81511000.0,50828000.0,34885000.0,0.413,0.4,0.413,545911000.0,,545911000.0,2013781303.0,8.0,5.553,5984000.0,0.119,1.0,232559000.0,0.202,1385545000.0,15943000.0,2037559000.0,,229062000.0,8111000.0,8111000.0,0.0,2403660000.0,569217000.0,1834443000.0,1135734303.0,3065000.0,-48052000.0,774000.0,43977000.0,0.0,43547000.0,-103615000.0,0.0,63133000.0,0.0,20873000.0,20873000.0,20873000.0,0.0,0.0,0.018,170883000.0,61676000.0,504296000.0,0.0,2.08,8.264,8.176,893845000.0,0.0,22.46,0.293,0.292,447749000.0,225732000.0,1153186000.0,1153186000.0,0.0,,,,,0.0,160959000.0,1.0,50566977.0,50463222,54309978.0,22.852,1695655000.0,32668000.0,14012000.0,44332000.0,33.602,230159000.0
84,DFODQ,MRQ,1998-12-31,1998-12-31,1998-12-31,2021-08-25,4346000.0,3013783000.0,,813899000.0,2199884000.0,,10.45,-63215000.0,54922000.0,54922000.0,772238000.0,27073000.0,1.456,4.483,932969000.0,39892000.0,893077000.0,932969000.0,0.0,27570000.0,0.0,0.0,0.0,59049000.0,86619000.0,0.087,86619000.0,59049000.0,42918000.0,0.533,0.493,0.533,525996000.0,,525996000.0,2630009941.0,11.0,7.85,25331000.0,0.503,1.0,219357000.0,0.221,1352928000.0,16131000.0,1979831000.0,,223338000.0,9216000.0,9216000.0,0.0,2358012000.0,559071000.0,1798941000.0,1783706941.0,22849000.0,-44619000.0,-17615000.0,53430000.0,0.0,40756000.0,-106453000.0,0.0,88546000.0,0.0,27073000.0,27073000.0,27073000.0,0.0,0.0,0.027,152133000.0,67224000.0,500303000.0,0.0,3.391,13.578,12.801,846956000.0,0.0,33.96,0.537,0.505,452185000.0,204859000.0,991595000.0,991595000.0,0.0,,,,,0.0,142783000.0,1.0,52523762.0,50332730,66201608.0,19.701,1660855000.0,48314000.0,15845000.0,47578000.0,32.998,254828000.0
85,DFODQ,MRQ,1998-09-30,1998-09-30,1998-09-30,2021-08-25,9935000.0,2766167000.0,,735092000.0,2031075000.0,,11.953,-48941000.0,32073000.0,32073000.0,747309000.0,28313000.0,1.458,3.414,878376000.0,47413000.0,830963000.0,878376000.0,0.0,27402000.0,0.0,0.0,0.0,59408000.0,86810000.0,0.09,86810000.0,59408000.0,45304000.0,0.547,0.507,0.547,621025000.0,,621025000.0,1747966375.0,9.0,6.62,-24280000.0,-0.467,1.0,220795000.0,0.228,1282110000.0,14104000.0,1826273000.0,,221619000.0,27395000.0,27395000.0,0.0,2120349000.0,504087000.0,1616262000.0,1085511375.0,-13030000.0,-120598000.0,-21836000.0,158873000.0,0.0,133149000.0,-170840000.0,0.0,24661000.0,0.0,28238000.0,28238000.0,28238000.0,0.0,75000.0,0.029,152008000.0,68787000.0,446589000.0,0.0,1.748,13.876,13.77,746438000.0,0.0,20.833,0.377,0.376,411240000.0,177786000.0,968104000.0,968104000.0,0.0,,,,,0.0,142865000.0,1.0,52104546.0,51957638,67775268.0,18.633,1484057000.0,28227000.0,17066000.0,25326000.0,28.563,231005000.0
86,DFODQ,MRQ,1998-06-30,1998-06-30,1998-06-30,2021-08-25,0.0,2565468000.0,,660263000.0,1905205000.0,,12.311,-44710000.0,45103000.0,45103000.0,582213000.0,61328000.0,1.425,3.23,707558000.0,52678000.0,654880000.0,707558000.0,0.0,20697000.0,0.0,0.0,0.0,87023000.0,107720000.0,0.14,107720000.0,87023000.0,78578000.0,1.253,1.027,1.253,600486000.0,,600486000.0,2357142631.0,14.0,10.263,20049000.0,0.411,1.0,185907000.0,0.242,1225087000.0,8445000.0,1539612000.0,,217838000.0,17009000.0,17009000.0,0.0,1939492000.0,463224000.0,1476268000.0,1890060631.0,-38922000.0,-14097000.0,14483000.0,-52465000.0,0.0,-39238000.0,-64443000.0,0.0,64759000.0,0.0,61253000.0,61253000.0,61253000.0,0.0,75000.0,0.08,121051000.0,64856000.0,405721000.0,0.0,3.148,27.146,28.424,676939000.0,0.0,39.793,0.784,0.805,333711000.0,148277000.0,768120000.0,768120000.0,0.0,,,,,0.0,113803000.0,1.0,47496916.0,48775269,65373554.0,15.748,1340381000.0,31133000.0,17325000.0,40090000.0,27.481,197039000.0
87,DFODQ,MRQ,1998-03-31,1998-03-31,1998-03-31,2021-08-25,0.0,1946748000.0,,570729000.0,1376019000.0,,8.735,-20004000.0,84025000.0,84025000.0,456148000.0,14892000.0,1.894,3.835,551107000.0,57134000.0,493973000.0,551107000.0,0.0,16110000.0,0.0,0.0,0.0,37794000.0,53904000.0,0.091,53904000.0,37794000.0,24392000.0,0.32,0.3,0.32,402622000.0,,402622000.0,2725642265.0,24.0,16.734,8443000.0,0.183,1.0,136973000.0,0.231,910032000.0,13402000.0,1202514000.0,,105444000.0,0.0,0.0,0.0,1544126000.0,301284000.0,1242842000.0,1921371265.0,59637000.0,-259355000.0,13034000.0,-277738000.0,0.0,317646000.0,-286456000.0,0.0,28447000.0,0.0,14805000.0,14805000.0,14805000.0,3161000.0,87000.0,0.025,95384000.0,41589000.0,241160000.0,0.0,4.772,74.259,75.778,462156000.0,0.0,40.92,0.95,0.932,222004000.0,88295000.0,593121000.0,593121000.0,0.0,,,,,0.0,89646000.0,1.0,46954332.0,46091937,50732836.0,12.868,1036716000.0,40551000.0,9587000.0,28608000.0,22.492,269445000.0
88,DFODQ,MRQ,1997-12-31,1997-12-31,1997-12-31,2021-08-25,0.0,1403462000.0,,396076000.0,1007386000.0,,7.891,-24456000.0,24388000.0,24388000.0,420943000.0,-25993000.0,1.701,2.906,828659000.0,50846000.0,777813000.0,828659000.0,0.0,13964000.0,0.0,0.0,0.0,1641000.0,15605000.0,0.028,15605000.0,1641000.0,-11672000.0,-0.607,-0.56,-0.607,359310000.0,,359310000.0,,,,7075000.0,0.155,1.0,127722000.0,0.233,639253000.0,13313000.0,1335607000.0,,76087000.0,0.0,0.0,0.0,1044152000.0,232873000.0,811279000.0,1864400009.0,1507000.0,-4809000.0,3680000.0,76222000.0,0.0,25342000.0,-55366000.0,0.0,31531000.0,0.0,-26068000.0,-26068000.0,-26068000.0,1705000.0,75000.0,-0.048,120657000.0,7065000.0,178021000.0,0.0,5.189,65.5,62.042,363649000.0,0.0,39.707,1.038,0.979,164284000.0,73490000.0,548665000.0,548665000.0,0.0,,,,,0.0,78815000.0,1.0,46954332.0,45536421,48271934.0,12.049,764209000.0,27038000.0,14396000.0,24242000.0,16.782,163203000.0
89,DFODQ,MRQ,1997-09-30,1997-09-30,1997-09-30,2021-08-25,,,,,,,,-17157000.0,,,385174000.0,19711000.0,,,,,,,,11013000.0,,0.0,0.0,41430000.0,52443000.0,0.105,52443000.0,41430000.0,28702000.0,0.433,0.407,0.433,,,,,,,32142000.0,0.712,1.0,114662000.0,0.229,,12728000.0,,,,,,,,,,,6909000.0,-417768000.0,1648000.0,402234000.0,0.0,403882000.0,-446272000.0,0.0,49299000.0,0.0,19636000.0,19636000.0,19636000.0,-2774000.0,75000.0,0.039,76911000.0,37751000.0,,0.0,,,,,0.0,34.333,,,,,499836000.0,499836000.0,0.0,,,,,0.0,72192000.0,1.0,,45146481,48564405.0,11.071,,,9066000.0,,,
90,DFODQ,MRQ,1997-06-30,1997-06-30,1997-06-30,2021-08-25,,,,,,,,-13586000.0,,,291609000.0,17576000.0,,,,,,,,10443000.0,,0.0,0.0,30481000.0,40924000.0,0.107,40924000.0,30481000.0,25546000.0,0.393,0.373,0.393,,,,,,,29793000.0,0.672,1.0,90080000.0,0.236,,4935000.0,,,,,,,,,,,-3746000.0,-321000.0,876000.0,-21117000.0,0.0,-20241000.0,-26884000.0,0.0,43379000.0,0.0,17501000.0,17501000.0,17501000.0,-1313000.0,75000.0,0.046,61417000.0,28663000.0,,0.0,,,,,0.0,27.333,,,,,381689000.0,381689000.0,0.0,,,,,0.0,58783000.0,1.0,,44318806,47013094.0,8.612,,,8045000.0,,,
91,DFODQ,MRQ,1997-03-31,1997-03-31,1997-03-31,2021-08-25,,,,,,,,-6921000.0,,,286003000.0,17469000.0,,,,,,,,9187000.0,,0.0,0.0,35031000.0,44218000.0,0.121,44218000.0,35031000.0,29262000.0,0.413,0.393,0.413,,,,,,,5491000.0,0.131,1.0,79581000.0,0.218,,5769000.0,,,,,,,,,,,-4105000.0,-7000000.0,88872000.0,-83715000.0,0.0,5007000.0,-21524000.0,0.0,12412000.0,0.0,17394000.0,17394000.0,17394000.0,1666000.0,75000.0,0.048,58005000.0,21576000.0,,0.0,,,,,0.0,17.833,,,,,365584000.0,365584000.0,0.0,,,,,0.0,55362000.0,1.0,,42051038,44242112.0,8.694,,,11868000.0,,,
92,DFODQ,MRQ,1996-12-31,1996-12-31,1996-12-31,2021-08-25,0.0,833624000.0,,273795000.0,559829000.0,,6.086,,23823000.0,23823000.0,,,1.659,2.898,455880000.0,23508000.0,432372000.0,455880000.0,0.0,,0.0,0.0,0.0,,,,,,,,,,213854000.0,,213854000.0,,,,,,1.0,,,334315000.0,,766334000.0,,57193000.0,0.0,0.0,0.0,619770000.0,165032000.0,454738000.0,,,,,,,,,,,,,,,,,,,,133409000.0,,,,10.173,214316000.0,,13.5,,0.393,129602000.0,45473000.0,,,,,,,,,,1.0,,35136483,,,499309000.0,25092000.0,,17087000.0,14.211,108763000.0
0,DFODQ,MRT,2019-12-31,2019-12-31,2019-12-31,2021-08-25,-85163000.0,2228557000.0,2321996500.0,966667000.0,1261890000.0,3.156,-1.973,-83415000.0,80011000.0,80011000.0,5888931000.0,-500804000.0,0.885,-13.244,734829000.0,526682000.0,208147000.0,734829000.0,0.0,278088000.0,0.0,0.0,0.0,-440407000.0,-162319000.0,-0.022,-162319000.0,-440407000.0,-509137000.0,-5.45,-5.45,-5.45,-181122000.0,88764500.0,-181122000.0,1390530401.0,-3.0,-8.567,-130751000.0,-1.425,1.0,1439732000.0,0.196,165928000.0,68730000.0,1625033000.0,2472547250.0,250485000.0,0.0,0.0,0.0,2398797000.0,1092414000.0,1306383000.0,5516401.0,55835000.0,0.0,-425000.0,187039000.0,0.0,186586000.0,-83415000.0,0.0,-47336000.0,0.0,-499942000.0,-499942000.0,-499942000.0,70000.0,-862000.0,-0.068,1844251000.0,-404519000.0,565732000.0,0.0,-0.03,-0.011,-0.011,1095962000.0,0.0,0.06,0.001,0.001,574146000.0,-760727000.0,7328663000.0,7328663000.0,0.0,-0.215,-5.632,-0.178,-0.06,2383000.0,1629277000.0,1.0,91940015.0,91777119,91777119.0,79.853,2062629000.0,1917000.0,-9195000.0,5066000.0,22.474,-125747000.0
1,DFODQ,MRT,2019-09-30,2019-09-30,2019-09-30,2021-08-25,-91639000.0,2294832000.0,2294480250.0,857467000.0,1437365000.0,3.233,1.163,-106588000.0,36756000.0,36756000.0,5931154000.0,-466434000.0,1.249,20.372,1421770000.0,90759000.0,1331011000.0,1421770000.0,0.0,245655000.0,0.0,0.026,0.03,-422522000.0,-176867000.0,-0.024,-176867000.0,-422522000.0,-489583000.0,-5.08,-5.08,-5.08,106865000.0,209785000.0,106865000.0,1389281592.0,-3.0,-7.855,-188680000.0,-2.053,1.0,1486968000.0,0.2,189682000.0,67061000.0,2803815000.0,2591867250.0,269036000.0,0.0,0.0,0.0,2177007000.0,686349000.0,1490658000.0,106596592.0,14971000.0,0.0,-421000.0,206752000.0,-2742000.0,203651000.0,-106588000.0,0.0,-82092000.0,0.0,-465416000.0,-465416000.0,-465416000.0,-2950000.0,-1018000.0,-0.063,1922502000.0,-435534000.0,595590000.0,-0.006,0.997,-0.229,-0.228,1247683000.0,0.0,1.16,0.014,0.014,508586000.0,-466099000.0,7418122000.0,7418122000.0,0.0,-0.203,-2.219,-0.163,-0.057,3880000.0,1670774000.0,1.0,91893614.0,91889977,91889977.0,80.728,2105150000.0,0.0,-24167000.0,5927000.0,22.909,171118000.0
2,DFODQ,MRT,2019-06-30,2019-06-30,2019-06-30,2021-08-25,-94059000.0,2322297000.0,2309387750.0,861202000.0,1461095000.0,3.231,2.012,-111377000.0,20947000.0,20947000.0,5935254000.0,-413689000.0,1.151,11.516,1303632000.0,94150000.0,1209482000.0,1303632000.0,0.0,215001000.0,0.0,0.13,0.12,-385141000.0,-170140000.0,-0.023,-170140000.0,-385141000.0,-448682000.0,-4.51,-4.51,-4.51,184660000.0,326181750.0,184660000.0,1404000857.0,-4.0,-8.252,-108381000.0,-1.181,1.0,1527224000.0,0.205,191833000.0,63541000.0,2664964000.0,2434257750.0,283092000.0,0.0,0.0,0.0,2126538000.0,748185000.0,1378353000.0,84752857.0,-4487000.0,0.0,-442000.0,114887000.0,-10967000.0,103894000.0,-111377000.0,0.0,2996000.0,0.0,-412586000.0,-412586000.0,-412586000.0,-2950000.0,-1103000.0,-0.055,1920064000.0,-392840000.0,654035000.0,-0.027,0.459,-0.205,-0.205,1269262000.0,0.0,0.924,0.011,0.011,509811000.0,-386932000.0,7462478000.0,7462478000.0,0.0,-0.179,-1.265,-0.158,-0.052,5001000.0,1674821000.0,1.0,91743729.0,91758807,91758807.0,81.327,2130464000.0,0.0,-36096000.0,4008000.0,23.218,113017000.0
3,DFODQ,MRT,2019-03-31,2019-03-31,2019-03-31,2021-08-25,-96479000.0,2442300000.0,2318204250.0,935262000.0,1507038000.0,3.266,2.673,-108161000.0,22573000.0,22573000.0,5989682000.0,-388920000.0,1.22,8.936,1341821000.0,96827000.0,1244994000.0,1341821000.0,0.0,153723000.0,0.0,0.069,0.21,-372145000.0,-218422000.0,-0.029,-218422000.0,-372145000.0,-433555000.0,-4.25,-4.25,-4.25,244655000.0,431444000.0,244655000.0,1159258143.0,-3.0,-5.307,-66198000.0,-0.723,1.0,1580528000.0,0.209,198382000.0,61410000.0,2796377000.0,2304775000.0,290376000.0,0.0,0.0,0.0,2186154000.0,766789000.0,1419365000.0,277090143.0,-5552000.0,-13324000.0,-302000.0,93043000.0,-19187000.0,73970000.0,-121485000.0,0.0,41963000.0,0.0,-388209000.0,-388209000.0,-388209000.0,-4872000.0,-711000.0,-0.051,1963631000.0,-383103000.0,669962000.0,-0.049,1.133,-0.714,-0.713,1308656000.0,0.0,3.03,0.037,0.037,577239000.0,-322490000.0,7570210000.0,7570210000.0,0.0,-0.167,-0.9,-0.161,-0.049,7635000.0,1670116000.0,1.0,91448892.0,91526266,91526266.0,82.711,2243918000.0,0.0,-45346000.0,7619000.0,24.517,168473000.0
4,DFODQ,MRT,2018-12-31,2018-12-31,2018-12-31,2021-08-25,-98607000.0,2118492000.0,2318807750.0,912280000.0,1206212000.0,3.345,3.317,-95900000.0,24176000.0,24176000.0,6100005000.0,-327358000.0,1.302,5.954,906344000.0,1174000.0,905170000.0,906344000.0,0.0,156027000.0,0.0,0.079,0.3,-312740000.0,-156713000.0,-0.02,-156713000.0,-312740000.0,-369183000.0,-3.58,-3.58,-3.58,302960000.0,532870250.0,302960000.0,1213614989.0,-4.0,-7.744,57062000.0,0.625,1.0,1655278000.0,0.213,197512000.0,56443000.0,2102313000.0,2186047500.0,255484000.0,0.0,0.0,0.0,1803760000.0,700835000.0,1102925000.0,348235989.0,7664000.0,-13324000.0,-445000.0,-8668000.0,-27405000.0,-36074000.0,-109224000.0,0.0,152962000.0,0.0,-326900000.0,-326900000.0,-326900000.0,-4872000.0,-458000.0,-0.042,1978410000.0,-323132000.0,699661000.0,-0.084,1.149,-1.065,-1.064,1006182000.0,0.0,3.81,0.045,0.045,589263000.0,-260977000.0,7755283000.0,7755283000.0,0.0,-0.141,-0.613,-0.143,-0.04,7895000.0,1680837000.0,1.0,91400522.0,91327846,91327846.0,84.917,1920980000.0,6738000.0,-42283000.0,13707000.0,21.034,211445000.0
5,DFODQ,MRT,2018-09-30,2018-09-30,2018-09-30,2021-08-25,-90668000.0,2354462000.0,2415142000.0,938641000.0,1415821000.0,3.213,6.265,-93715000.0,21785000.0,21785000.0,6042386000.0,-14689000.0,1.454,3.092,887164000.0,1162000.0,886002000.0,887164000.0,0.0,159183000.0,0.0,0.051,0.36,-14607000.0,144576000.0,0.019,144576000.0,-14607000.0,-71070000.0,-0.15,-0.16,-0.15,572452000.0,621117000.0,572452000.0,1480283410.0,-101.0,10.239,104157000.0,1.14,1.0,1718414000.0,0.221,400919000.0,56463000.0,2173377000.0,2247760750.0,262173000.0,0.0,0.0,0.0,1770128000.0,645545000.0,1124583000.0,648758410.0,-2563000.0,-13324000.0,-207000.0,-60683000.0,-32860000.0,-93396000.0,-107039000.0,0.0,197872000.0,0.0,-14465000.0,-14465000.0,-14465000.0,-4733000.0,-224000.0,-0.002,1741253000.0,-22839000.0,644383000.0,-2.4,1.133,-44.85,-47.333,999438000.0,0.0,7.1,0.084,0.084,612254000.0,-825000.0,7760800000.0,7760800000.0,0.0,-0.006,-0.023,-0.006,-0.002,10705000.0,1639728000.0,1.0,91374424.0,91372325,91372325.0,84.936,1953543000.0,19610000.0,-56605000.0,42365000.0,21.38,293096000.0
6,DFODQ,MRT,2018-06-30,2018-06-30,2018-06-30,2021-08-25,-92031000.0,2357563000.0,2453204250.0,943281000.0,1414282000.0,3.181,6.631,-95194000.0,25434000.0,25434000.0,6034699000.0,13341000.0,1.465,2.873,856959000.0,1150000.0,855809000.0,856959000.0,0.0,164253000.0,0.0,0.034,0.36,25616000.0,189869000.0,0.024,189869000.0,25616000.0,-33564000.0,0.16,0.15,0.16,605709000.0,629108500.0,605709000.0,1839111770.0,72.0,9.686,91185000.0,0.998,1.0,1769655000.0,0.227,398391000.0,59180000.0,2147033000.0,2269397250.0,276656000.0,0.0,0.0,0.0,1740102000.0,643664000.0,1096438000.0,960036770.0,-6075000.0,-13324000.0,284000.0,-49402000.0,-32818000.0,-81936000.0,-110518000.0,-2000000.0,186379000.0,0.0,13341000.0,13341000.0,13341000.0,-16088000.0,0.0,0.002,1761503000.0,8152000.0,642514000.0,2.25,1.585,71.961,65.688,1001808000.0,0.0,10.51,0.123,0.123,593207000.0,33943000.0,7804354000.0,7804354000.0,0.0,0.005,0.021,0.011,0.003,10987000.0,1624403000.0,1.0,91345078.0,91342652,91342652.0,85.44,1959172000.0,15544000.0,-46905000.0,50450000.0,21.449,299617000.0
7,DFODQ,MRT,2018-03-31,2018-03-31,2018-03-31,2021-08-25,-93633000.0,2444714000.0,2487375500.0,1002123000.0,1442591000.0,3.128,7.132,-107348000.0,28125000.0,28125000.0,5975495000.0,71082000.0,1.6,2.759,907200000.0,1137000.0,906063000.0,907200000.0,0.0,167526000.0,0.0,0.042,0.36,111337000.0,278863000.0,0.036,278863000.0,111337000.0,49807000.0,0.79,0.78,0.79,650360000.0,629734000.0,650360000.0,1682537998.0,15.0,6.034,48848000.0,0.536,1.0,1804351000.0,0.232,376012000.0,61530000.0,2321467000.0,2279839000.0,287234000.0,0.0,0.0,0.0,1794354000.0,626310000.0,1168044000.0,785850998.0,-3457000.0,-21596000.0,342000.0,12726000.0,-32777000.0,-19709000.0,-139944000.0,-11000000.0,156196000.0,0.0,71082000.0,71082000.0,71082000.0,-14166000.0,0.0,0.009,1707391000.0,96960000.0,625173000.0,0.456,1.208,11.056,10.911,1056036000.0,0.0,8.62,0.101,0.101,637291000.0,82436000.0,7779846000.0,7779846000.0,0.0,0.029,0.113,0.049,0.014,9219000.0,1632001000.0,1.0,91166009.0,91192013,91192013.0,85.313,2068702000.0,12500000.0,-21275000.0,61009000.0,22.685,375813000.0
8,DFODQ,MRT,2017-12-31,2017-12-31,2017-12-31,2021-08-25,-78410000.0,2503829000.0,2507632000.0,1019879000.0,1483950000.0,3.109,7.216,-102390000.0,16512000.0,16512000.0,5976958000.0,61588000.0,1.517,2.817,913199000.0,1125000.0,912074000.0,913199000.0,0.0,170640000.0,0.0,0.031,0.36,100370000.0,271010000.0,0.035,271010000.0,100370000.0,35409000.0,0.68,0.67,0.68,655947000.0,615900750.0,655947000.0,1974921390.0,20.0,7.287,42409000.0,0.467,1.0,1818067000.0,0.233,379155000.0,64961000.0,2349166000.0,2250653750.0,278063000.0,0.0,0.0,0.0,1847882000.0,672195000.0,1175687000.0,1052788390.0,-1468000.0,-21596000.0,-535000.0,21991000.0,-32737000.0,-11281000.0,-134986000.0,-11000000.0,144799000.0,0.0,61588000.0,61588000.0,61588000.0,-14166000.0,0.0,0.008,1730501000.0,87566000.0,671070000.0,0.529,1.605,17.094,17.0,1094064000.0,0.0,11.56,0.135,0.135,675826000.0,74219000.0,7795025000.0,7795025000.0,0.0,0.025,0.1,0.045,0.013,11021000.0,1654210000.0,1.0,91071660.0,90899284,91273994.0,85.755,2124674000.0,12871000.0,-26179000.0,60018000.0,23.374,347684000.0
9,DFODQ,MRT,2017-09-30,2017-09-30,2017-09-30,2021-08-25,-84730000.0,2506711000.0,2533231500.0,1016423000.0,1490288000.0,3.11,6.646,-120646000.0,24348000.0,24348000.0,6004482000.0,42101000.0,1.285,3.147,946481000.0,142883000.0,803598000.0,946481000.0,0.0,175315000.0,0.0,0.033,0.36,135164000.0,310479000.0,0.039,310479000.0,135164000.0,68229000.0,0.46,0.46,0.46,604418000.0,604553000.0,604418000.0,1861946093.0,14.0,5.997,18874000.0,0.208,1.0,1873555000.0,0.238,377740000.0,66935000.0,2259923000.0,2229487750.0,281073000.0,0.0,0.0,0.0,1902293000.0,791181000.0,1111112000.0,989157093.0,-3810000.0,-22478000.0,-709000.0,44861000.0,-32687000.0,11533000.0,-154124000.0,-11000000.0,139520000.0,-739000.0,42101000.0,42101000.0,42101000.0,-10667000.0,0.0,0.005,1745083000.0,128472000.0,648298000.0,0.783,1.637,23.495,23.652,1091429000.0,0.0,10.88,0.126,0.126,673468000.0,30129000.0,7878037000.0,7878037000.0,0.0,0.017,0.07,0.061,0.017,16668000.0,1676812000.0,1.0,90915174.0,90939101,90939101.0,86.63,2128971000.0,21479000.0,26128000.0,96485000.0,23.411,225242000.0
10,DFODQ,MRT,2017-06-30,2017-06-30,2017-06-30,2021-08-25,-86357000.0,2494248000.0,2548466750.0,968083000.0,1526165000.0,3.102,6.692,-126966000.0,31509000.0,31509000.0,5984526000.0,55245000.0,1.214,3.101,904298000.0,142173000.0,762125000.0,904298000.0,0.0,176998000.0,0.0,0.021,0.36,164120000.0,341118000.0,0.043,341118000.0,164120000.0,97148000.0,0.6,0.6,0.6,608211000.0,600920750.0,608211000.0,2405087453.0,15.0,7.051,84308000.0,0.928,1.0,1920492000.0,0.243,380766000.0,66972000.0,2188800000.0,2257608500.0,287222000.0,0.0,0.0,0.0,1886037000.0,797471000.0,1088566000.0,1544992453.0,7699000.0,-22478000.0,-1306000.0,-9933000.0,-32671000.0,-43863000.0,-158444000.0,-9000000.0,211274000.0,-1268000.0,55245000.0,55245000.0,55245000.0,688000.0,0.0,0.007,1753301000.0,167191000.0,655298000.0,0.6,2.54,27.966,28.333,1124089000.0,0.0,17.0,0.195,0.195,601869000.0,36938000.0,7905018000.0,7905018000.0,0.0,0.022,0.092,0.073,0.021,24692000.0,1708628000.0,1.0,90881909.0,90882415,91369030.0,86.981,2113482000.0,28501000.0,41903000.0,99942000.0,23.255,170612000.0
11,DFODQ,MRT,2017-03-31,2017-03-31,2017-03-31,2021-08-25,-87989000.0,2525740000.0,2559241250.0,1011373000.0,1514367000.0,3.058,6.56,-123450000.0,31582000.0,31582000.0,5880819000.0,70969000.0,1.224,3.245,891677000.0,141482000.0,750195000.0,891677000.0,0.0,176538000.0,0.0,0.018,0.36,193130000.0,369668000.0,0.047,369668000.0,193130000.0,125747000.0,0.78,0.77,0.78,595027000.0,594044750.0,595027000.0,2652397147.0,14.0,7.175,115289000.0,1.271,1.0,1946265000.0,0.249,355156000.0,67383000.0,2204726000.0,2309024750.0,290908000.0,0.0,0.0,0.0,1930713000.0,825953000.0,1104760000.0,1784326147.0,-53013000.0,-158203000.0,-26453000.0,51272000.0,-32747000.0,-7940000.0,-281653000.0,0.0,238739000.0,-2159000.0,70969000.0,70969000.0,70969000.0,688000.0,0.0,0.009,1752522000.0,193743000.0,684471000.0,0.462,2.999,25.142,25.205,1135724000.0,0.0,19.66,0.228,0.228,646648000.0,27594000.0,7827084000.0,7827084000.0,0.0,0.028,0.119,0.084,0.025,27720000.0,1716101000.0,1.0,90759214.0,90709802,90709802.0,86.287,2170584000.0,28634000.0,54778000.0,86520000.0,23.929,185420000.0
12,DFODQ,MRT,2016-12-31,2016-12-31,2016-12-31,2021-08-25,-89633000.0,2606227000.0,2540894750.0,1058630000.0,1547597000.0,3.034,6.714,-129937000.0,17980000.0,17980000.0,5722112000.0,119929000.0,1.249,3.269,886051000.0,140806000.0,745245000.0,886051000.0,0.0,178385000.0,0.0,0.017,0.36,268758000.0,447143000.0,0.058,447143000.0,268758000.0,201963000.0,1.32,1.31,1.32,610556000.0,589775000.0,610556000.0,2838937008.0,11.0,6.349,127476000.0,1.402,1.0,1988114000.0,0.258,362009000.0,66795000.0,2264502000.0,2334659250.0,284484000.0,0.0,0.0,0.0,1995671000.0,847787000.0,1147884000.0,1971013008.0,-42754000.0,-158203000.0,-25720000.0,47868000.0,-32828000.0,-9934000.0,-288140000.0,0.0,257413000.0,-2093000.0,119929000.0,119929000.0,119929000.0,688000.0,0.0,0.016,1719883000.0,268231000.0,706981000.0,0.273,3.228,16.435,16.5,1163851000.0,0.0,21.78,0.256,0.257,669200000.0,45654000.0,7710226000.0,7710226000.0,0.0,0.047,0.203,0.115,0.035,29830000.0,1690412000.0,1.0,90496465.0,90933886,91510483.0,84.789,2244218000.0,64819000.0,82034000.0,126009000.0,24.68,210843000.0
13,DFODQ,MRT,2016-09-30,2016-09-30,2016-09-30,2021-08-25,-83150000.0,2567652000.0,2519378750.0,1019742000.0,1547910000.0,3.062,6.524,-146803000.0,28158000.0,28158000.0,5720150000.0,105578000.0,1.494,3.353,896082000.0,1067000.0,895015000.0,896082000.0,0.0,177646000.0,0.0,0.021,0.34,244824000.0,422470000.0,0.055,422470000.0,244824000.0,178246000.0,1.16,1.15,1.16,589889000.0,573512000.0,589889000.0,2367883070.0,10.0,5.605,123940000.0,1.371,1.0,1994567000.0,0.259,380742000.0,66578000.0,2372406000.0,2342291250.0,261644000.0,0.0,0.0,0.0,1977763000.0,682428000.0,1295335000.0,1482939070.0,-35609000.0,-157321000.0,-26682000.0,58454000.0,-31079000.0,1527000.0,-306324000.0,-2200000.0,270743000.0,-1555000.0,105578000.0,105578000.0,105578000.0,338000.0,0.0,0.014,1755837000.0,238730000.0,681361000.0,0.293,2.514,14.046,14.138,1144733000.0,0.0,16.4,0.192,0.192,643301000.0,21061000.0,7714717000.0,7714717000.0,0.0,0.042,0.184,0.105,0.032,25349000.0,1714356000.0,1.0,90423114.0,90423466,90965375.0,85.318,2186910000.0,69792000.0,72668000.0,132857000.0,24.185,337314000.0
14,DFODQ,MRT,2016-06-30,2016-06-30,2016-06-30,2021-08-25,-83823000.0,2537346000.0,2501668500.0,974471000.0,1562875000.0,3.111,6.364,-143852000.0,23810000.0,23810000.0,5786029000.0,111285000.0,1.515,3.369,908754000.0,1172000.0,907582000.0,908754000.0,0.0,177795000.0,0.0,0.018,0.32,253069000.0,430864000.0,0.055,430864000.0,253069000.0,186052000.0,1.22,1.21,1.22,580707000.0,560053000.0,580707000.0,2410498227.0,10.0,5.595,117849000.0,1.292,1.0,1997780000.0,0.257,384445000.0,67017000.0,2394465000.0,2314434500.0,265357000.0,0.0,0.0,0.0,1956639000.0,643380000.0,1313259000.0,1660051227.0,-81880000.0,-157321000.0,-79611000.0,69864000.0,-29484000.0,-38389000.0,-303373000.0,-2200000.0,261701000.0,-1819000.0,111285000.0,111285000.0,111285000.0,338000.0,0.0,0.014,1750591000.0,247189000.0,642208000.0,0.262,2.859,14.917,14.828,1153061000.0,0.0,18.09,0.213,0.212,589442000.0,14766000.0,7783809000.0,7783809000.0,0.0,0.044,0.199,0.109,0.033,21256000.0,1714448000.0,1.0,91766237.0,91244745,91679813.0,85.307,2152901000.0,77197000.0,74767000.0,135552000.0,23.595,331091000.0
15,DFODQ,MRT,2016-03-31,2016-03-31,2016-03-31,2021-08-25,-84165000.0,2452354000.0,2494561750.0,1046289000.0,1406065000.0,3.187,6.312,-140239000.0,84595000.0,84595000.0,5949559000.0,104433000.0,1.566,3.243,835042000.0,1338000.0,833704000.0,835042000.0,0.0,182664000.0,0.0,0.017,0.3,235076000.0,417740000.0,0.053,417740000.0,235076000.0,167915000.0,1.13,1.13,1.13,577948000.0,558418500.0,577948000.0,2369699639.0,10.0,5.673,156565000.0,1.71,1.0,2000168000.0,0.252,227532000.0,67161000.0,2307264000.0,2280435500.0,269385000.0,0.0,0.0,0.0,1874406000.0,668005000.0,1206401000.0,1588008639.0,54539000.0,0.0,-53706000.0,-18002000.0,-27837000.0,-98662000.0,-142439000.0,-2200000.0,296804000.0,-1164000.0,104433000.0,104433000.0,104433000.0,338000.0,0.0,0.013,1769056000.0,231112000.0,637203000.0,0.265,2.748,15.206,15.327,1149254000.0,0.0,17.32,0.2,0.199,598264000.0,-10322000.0,7949727000.0,7949727000.0,0.0,0.042,0.187,0.103,0.03,19539000.0,1722019000.0,1.0,91686411.0,91567119,92168303.0,86.819,2224822000.0,79416000.0,63482000.0,119028000.0,24.297,378284000.0
16,DFODQ,MRT,2015-12-31,2015-12-31,2015-12-31,2021-08-25,-85803000.0,2520163000.0,2509850000.0,1077563000.0,1442600000.0,3.236,5.847,-144047000.0,60734000.0,60734000.0,6147252000.0,-8508000.0,1.414,3.62,834573000.0,1493000.0,833080000.0,834573000.0,0.0,176884000.0,0.0,0.016,0.28,53076000.0,229960000.0,0.028,229960000.0,53076000.0,-13737000.0,-0.09,-0.09,-0.09,545504000.0,551583250.0,545504000.0,2343778324.0,44.0,10.192,264106000.0,2.831,1.0,1974409000.0,0.243,237077000.0,66813000.0,2295030000.0,2290344500.0,253326000.0,0.0,0.0,0.0,1974659000.0,761895000.0,1212764000.0,1566779324.0,44372000.0,0.0,-53026000.0,-137030000.0,-26182000.0,-215896000.0,-146247000.0,-2200000.0,408153000.0,-1638000.0,-8508000.0,-8508000.0,-8508000.0,427000.0,0.0,-0.001,1881048000.0,93361000.0,741988000.0,-3.111,2.872,-184.154,-190.556,1174137000.0,0.0,17.15,0.193,0.197,653156000.0,-49523000.0,8121661000.0,8121661000.0,0.0,-0.003,-0.015,0.023,0.007,16377000.0,1729641000.0,1.0,91357395.0,93298467,93298467.0,87.05,2283086000.0,94106000.0,-5229000.0,106820000.0,24.471,315668000.0
17,DFODQ,MRT,2015-09-30,2015-09-30,2015-09-30,2021-08-25,-81830000.0,2496811000.0,2572218250.0,1069006000.0,1427805000.0,3.302,5.748,-115801000.0,63767000.0,63767000.0,6586830000.0,-21711000.0,1.41,3.658,840766000.0,1392000.0,839374000.0,840766000.0,0.0,173623000.0,0.0,0.017,0.28,12931000.0,186554000.0,0.022,186554000.0,12931000.0,-53116000.0,-0.23,-0.23,-0.23,536053000.0,572036750.0,536053000.0,2293557799.0,177.0,12.294,311102000.0,3.336,1.0,1907338000.0,0.225,254635000.0,66047000.0,2260979000.0,2340196250.0,252095000.0,0.0,0.0,0.0,1960758000.0,758196000.0,1202562000.0,1559981799.0,33386000.0,0.0,-49554000.0,-199518000.0,-26362000.0,-275220000.0,-115801000.0,0.0,426903000.0,-2496000.0,-21711000.0,-21711000.0,-21711000.0,516000.0,0.0,-0.003,1851409000.0,55929000.0,738609000.0,-1.217,2.91,-71.852,-71.826,1137991000.0,0.0,16.52,0.184,0.181,656271000.0,-68003000.0,8494168000.0,8494168000.0,0.0,-0.008,-0.038,0.006,0.002,17225000.0,1702740000.0,1.0,94429891.0,93254547,93816178.0,91.086,2242176000.0,94452000.0,-31405000.0,97640000.0,24.044,310810000.0
18,DFODQ,MRT,2015-06-30,2015-06-30,2015-06-30,2021-08-25,-82457000.0,2508919000.0,2645488000.0,1064808000.0,1444111000.0,3.339,6.083,-120962000.0,105690000.0,105690000.0,7001605000.0,-57916000.0,1.48,3.37,839266000.0,1200000.0,838066000.0,839266000.0,0.0,169568000.0,0.0,0.017,0.28,-40044000.0,129524000.0,0.015,129524000.0,-40044000.0,-104321000.0,-0.62,-0.62,-0.62,574169000.0,601823250.0,574169000.0,2349124032.0,-59.0,18.137,278487000.0,2.951,1.0,1832150000.0,0.207,264318000.0,64277000.0,2258469000.0,2416823500.0,244585000.0,0.0,0.0,0.0,1934750000.0,719708000.0,1215042000.0,1525754032.0,45926000.0,0.0,3847000.0,-208189000.0,-26355000.0,-230422000.0,-120962000.0,0.0,399449000.0,-2139000.0,-57916000.0,-57916000.0,-57916000.0,1352000.0,0.0,-0.007,1827883000.0,4267000.0,700531000.0,-0.452,2.657,-26.344,-26.081,1140784000.0,0.0,16.17,0.173,0.173,614075000.0,-88236000.0,8833755000.0,8833755000.0,0.0,-0.022,-0.096,-0.017,-0.005,13944000.0,1677405000.0,1.0,94357083.0,94386346,94900339.0,93.591,2244601000.0,100464000.0,-46405000.0,94781000.0,23.781,345100000.0
19,DFODQ,MRT,2015-03-31,2015-03-31,2015-03-31,2021-08-25,-83776000.0,2513507000.0,2719088750.0,1040789000.0,1472718000.0,3.388,5.844,-112795000.0,30056000.0,30056000.0,7477321000.0,-85080000.0,1.458,3.565,853426000.0,1188000.0,852238000.0,853426000.0,0.0,163309000.0,0.0,0.017,0.28,-100291000.0,63018000.0,0.007,63018000.0,-100291000.0,-162815000.0,-0.91,-0.91,-0.91,550607000.0,627031500.0,550607000.0,2457204704.0,-25.0,38.992,164931000.0,1.75,1.0,1735597000.0,0.188,276112000.0,62524000.0,2346900000.0,2499610000.0,254657000.0,0.0,0.0,0.0,1962900000.0,713865000.0,1249035000.0,1556387704.0,-27695000.0,0.0,7009000.0,-171844000.0,-26293000.0,-190810000.0,-112795000.0,0.0,277726000.0,-1816000.0,-85080000.0,-85080000.0,-85080000.0,1034000.0,0.0,-0.009,1791553000.0,-55956000.0,693824000.0,-0.308,2.827,-18.293,-18.165,1158550000.0,0.0,16.53,0.169,0.169,655135000.0,-114755000.0,9212918000.0,9212918000.0,0.0,-0.031,-0.136,-0.04,-0.011,13486000.0,1657779000.0,1.0,94155336.0,94222243,94222243.0,97.779,2237395000.0,97986000.0,-77735000.0,99385000.0,23.746,326924000.0
20,DFODQ,MRT,2014-12-31,2014-12-31,2014-12-31,2021-08-25,-84983000.0,2769636000.0,2806572500.0,1180060000.0,1589576000.0,3.386,6.68,-121792000.0,16362000.0,16362000.0,7829733000.0,-20296000.0,1.485,3.415,917179000.0,698000.0,916481000.0,917179000.0,0.0,164297000.0,0.0,0.014,0.28,8627000.0,172924000.0,0.018,172924000.0,8627000.0,-52392000.0,-0.22,-0.22,-0.22,627318000.0,658459250.0,627318000.0,2766117759.0,321.0,15.996,31154000.0,0.332,1.0,1673463000.0,0.176,381565000.0,61019000.0,2494437000.0,2552315500.0,251831000.0,0.0,0.0,0.0,2142318000.0,794451000.0,1347867000.0,1818284759.0,-400000.0,0.0,-17139000.0,13123000.0,-26232000.0,-29888000.0,-121792000.0,0.0,152946000.0,-1666000.0,-20296000.0,-20296000.0,-20296000.0,109000.0,0.0,-0.002,1664910000.0,8553000.0,774900000.0,-1.273,2.899,-89.588,-88.091,1172596000.0,0.0,19.38,0.191,0.192,747630000.0,-41015000.0,9503196000.0,9503196000.0,0.0,-0.007,-0.031,0.003,0.001,12276000.0,1643797000.0,1.0,93822743.0,93916656,93916656.0,101.188,2388071000.0,150220000.0,-32096000.0,137944000.0,25.428,385609000.0
21,DFODQ,MRT,2014-09-30,2014-09-30,2014-09-30,2021-08-25,-54753000.0,2789890000.0,2814674750.0,1213558000.0,1576332000.0,3.341,6.985,-154160000.0,30381000.0,30381000.0,7725806000.0,-63250000.0,1.541,3.258,978214000.0,698000.0,977516000.0,978214000.0,0.0,164827000.0,0.0,0.016,0.21,-27386000.0,137441000.0,0.015,137441000.0,-27386000.0,-93412000.0,-0.7,-0.69,-0.7,655199000.0,680208500.0,655199000.0,2169072046.0,-79.0,15.782,-178276000.0,-1.901,1.0,1677833000.0,0.178,382621000.0,66026000.0,2567488000.0,2554151500.0,279691000.0,0.0,0.0,0.0,2134691000.0,787614000.0,1347077000.0,1242497046.0,-330268000.0,0.0,-13861000.0,-118234000.0,-19654000.0,-151602000.0,-154160000.0,0.0,-24116000.0,-390000.0,-63250000.0,-63250000.0,-63250000.0,-3000.0,0.0,-0.007,1642506000.0,35327000.0,768063000.0,-0.3,1.896,-19.644,-18.929,1180990000.0,0.0,13.25,0.132,0.132,776741000.0,-46292000.0,9403639000.0,9403639000.0,0.0,-0.022,-0.093,-0.011,-0.003,8987000.0,1623902000.0,1.0,93773362.0,93797183,93797183.0,100.255,2407269000.0,101779000.0,-30162000.0,124831000.0,25.665,425944000.0
22,DFODQ,MRT,2014-06-30,2014-06-30,2014-06-30,2021-08-25,-55237000.0,2803322000.0,2879361750.0,1212002000.0,1591320000.0,3.206,7.215,-156568000.0,59764000.0,59764000.0,7528940000.0,367842000.0,1.6,3.153,986339000.0,698000.0,985641000.0,986339000.0,0.0,166136000.0,0.0,0.008,0.14,412337000.0,578473000.0,0.063,578473000.0,412337000.0,331306000.0,3.88,3.83,3.88,675002000.0,692932250.0,675002000.0,2549801722.0,6.0,4.408,-217027000.0,-2.32,1.0,1702318000.0,0.184,382806000.0,81031000.0,2589615000.0,2521587750.0,269803000.0,0.0,0.0,0.0,2128320000.0,757476000.0,1370844000.0,1644197722.0,33801000.0,0.0,-5351000.0,267217000.0,-13089000.0,250843000.0,-156568000.0,0.0,-60459000.0,-15000.0,367842000.0,367842000.0,367842000.0,-441000.0,0.0,0.04,1643128000.0,59190000.0,738173000.0,0.036,2.436,4.47,4.534,1183854000.0,0.0,17.59,0.178,0.178,718921000.0,-30320000.0,9231258000.0,9231258000.0,0.0,0.128,0.531,0.164,0.045,10945000.0,1622558000.0,1.0,93473435.0,93561305,93561305.0,98.665,2420516000.0,148024000.0,-36536000.0,126615000.0,25.871,454526000.0
23,DFODQ,MRT,2014-03-31,2014-03-31,2014-03-31,2021-08-25,-56166000.0,2863442000.0,3008860500.0,1242705000.0,1620737000.0,3.013,7.164,-177482000.0,57751000.0,57751000.0,7289401000.0,314604000.0,1.512,3.234,963355000.0,698000.0,962657000.0,963355000.0,0.0,168771000.0,0.0,0.005,0.07,434889000.0,603660000.0,0.067,603660000.0,434889000.0,278957000.0,3.28,3.23,3.28,676318000.0,689561000.0,676318000.0,2348334951.0,5.0,3.89,-355819000.0,-3.769,1.0,1775530000.0,0.196,389630000.0,155932000.0,2557722000.0,2632341000.0,286091000.0,0.0,0.0,0.0,2187124000.0,821694000.0,1365430000.0,1467834951.0,38682000.0,0.0,103000.0,432021000.0,-6543000.0,412478000.0,-194831000.0,0.0,-178337000.0,-628000.0,311617000.0,311617000.0,311617000.0,21703000.0,2987000.0,0.034,1669233000.0,106297000.0,802391000.0,0.021,2.17,4.71,4.713,1202754000.0,0.0,15.46,0.162,0.161,775268000.0,-29675000.0,9064931000.0,9064931000.0,0.0,0.104,0.452,0.165,0.048,17673000.0,1634915000.0,1.0,94944046.0,94398665,94398665.0,96.028,2473812000.0,116821000.0,-32660000.0,103551000.0,26.206,421011000.0
24,DFODQ,MRT,2013-12-31,2013-12-31,2013-12-31,2021-08-25,-57190000.0,2802045000.0,3546283500.0,1150698000.0,1651347000.0,2.542,7.616,-165223000.0,16762000.0,16762000.0,7161734000.0,819357000.0,1.473,2.923,897262000.0,698000.0,896564000.0,897262000.0,0.0,173829000.0,0.0,0.0,0.0,971411000.0,1145240000.0,0.127,1145240000.0,971411000.0,770853000.0,8.67,8.58,8.67,714315000.0,733580000.0,714315000.0,2293802439.0,2.0,2.003,-481864000.0,-5.138,1.0,1854587000.0,0.206,399677000.0,200558000.0,2501781000.0,2901092000.0,262858000.0,0.0,0.0,0.0,2087730000.0,781087000.0,1306643000.0,1622808439.0,-7895000.0,0.0,23481000.0,-903377000.0,0.0,-929526000.0,1238271000.0,0.0,-316641000.0,1000.0,813178000.0,813178000.0,813178000.0,-493998000.0,6179000.0,0.09,1723791000.0,130796000.0,761288000.0,0.0,2.272,1.996,1.983,1216047000.0,0.0,17.19,0.18,0.179,752234000.0,-20719000.0,9016321000.0,9016321000.0,0.0,0.229,1.109,0.335,0.108,19289000.0,1648198000.0,1.0,94404214.0,93785611,94796236.0,96.138,2402368000.0,111681000.0,-42325000.0,100691000.0,25.616,369611000.0
25,DFODQ,MRT,2013-09-30,2013-09-30,2013-09-30,2021-08-25,-97260000.0,3048638000.0,4270168000.0,1424990000.0,1623648000.0,2.149,7.499,-123895000.0,360649000.0,360649000.0,7251381000.0,887586000.0,1.627,3.318,1031643000.0,0.0,1031643000.0,1031643000.0,0.0,178065000.0,0.0,0.0,0.0,1059265000.0,1237330000.0,0.135,1237330000.0,1059265000.0,845405000.0,9.41,9.33,9.41,706094000.0,644298000.0,706094000.0,3027371006.0,3.0,2.447,-307559000.0,-3.266,1.0,1924620000.0,0.21,406725000.0,213860000.0,2437233000.0,3567253750.0,257788000.0,0.0,0.0,0.0,2342544000.0,875674000.0,1466870000.0,1813234006.0,320496000.0,1695000.0,20934000.0,-1838440000.0,0.0,-730928000.0,1235379000.0,0.0,-183664000.0,-291000.0,878988000.0,878988000.0,878988000.0,-517103000.0,8598000.0,0.096,1790103000.0,134517000.0,749423000.0,0.0,2.568,2.063,2.051,1173649000.0,0.0,19.3,0.198,0.198,712371000.0,16958000.0,9176001000.0,9176001000.0,0.0,0.206,1.364,0.297,0.115,13559000.0,1708210000.0,1.0,93949948.0,94164101,95337764.0,97.447,2641913000.0,100858000.0,-33583000.0,160314000.0,28.056,549316000.0
26,DFODQ,MRT,2013-06-30,2013-06-30,2013-06-30,2021-08-25,285955000.0,3321317000.0,4920498500.0,1690588000.0,1630729000.0,1.872,7.081,-122460000.0,25963000.0,25963000.0,7220326000.0,508907000.0,1.539,4.021,1240100000.0,117000000.0,1123100000.0,1240100000.0,0.0,183496000.0,0.0,0.0,0.0,766940000.0,950436000.0,0.103,950436000.0,766940000.0,546979000.0,5.39,5.37,5.39,661517000.0,480417750.0,661517000.0,3590397336.0,5.0,3.778,-185202000.0,-1.983,1.0,1991745000.0,0.216,404604000.0,219961000.0,3032628000.0,4353527000.0,273035000.0,559000000.0,559000000.0,0.0,2659800000.0,1098222000.0,1561578000.0,1869289336.0,-14465000.0,58034000.0,13808000.0,-2286302000.0,0.0,-1216007000.0,1264021000.0,0.0,-62742000.0,263000.0,500309000.0,500309000.0,500309000.0,-556134000.0,8598000.0,0.054,1772288000.0,219457000.0,727910000.0,0.0,2.826,3.736,3.718,1181094000.0,0.0,20.04,0.203,0.203,733131000.0,-398162000.0,9212071000.0,9212071000.0,0.0,0.102,1.041,0.176,0.083,21188000.0,1752599000.0,1.0,93277911.0,93417417,93417417.0,98.612,2916713000.0,101850000.0,46670000.0,285331000.0,31.222,592366000.0
27,DFODQ,MRT,2013-03-31,2013-03-31,2013-03-31,2021-08-25,-176277000.0,5013134000.0,5478442000.0,1607770000.0,3405364000.0,1.683,9.164,-87103000.0,76410000.0,76410000.0,7160023000.0,618955000.0,1.044,4.743,1797518000.0,15000000.0,1782518000.0,1797518000.0,0.0,167452000.0,0.0,0.0,0.0,857019000.0,1024471000.0,0.111,1024471000.0,857019000.0,689264000.0,6.6,6.58,6.6,852394000.0,314262500.0,852394000.0,6394567543.0,7.0,6.242,285838000.0,3.073,1.0,2059347000.0,0.223,1561733000.0,167755000.0,3632726000.0,5031170750.0,433326000.0,0.0,0.0,0.0,4043298000.0,1539783000.0,2503515000.0,3370749543.0,-15286000.0,58034000.0,7936000.0,-2725445000.0,0.0,-1658991000.0,1273018000.0,0.0,372941000.0,-2254000.0,613344000.0,613344000.0,613344000.0,-614522000.0,5611000.0,0.067,1813169000.0,246178000.0,1062823000.0,0.0,3.954,5.496,5.494,1812908000.0,0.0,36.26,0.366,0.366,966880000.0,-341292000.0,9219370000.0,9219370000.0,0.0,0.112,1.952,0.17,0.093,28990000.0,1796982000.0,1.0,92960550.0,93010596,93010596.0,99.122,3451401000.0,107426000.0,75920000.0,689452000.0,37.108,67987000.0
28,DFODQ,MRT,2012-12-31,2012-12-31,2012-12-31,2021-08-25,-186584000.0,5697583000.0,5664816500.0,3980734000.0,1716849000.0,1.637,3.867,-110930000.0,24657000.0,24657000.0,7179403000.0,161041000.0,1.651,14.664,2322243000.0,10535000.0,2311708000.0,2322243000.0,0.0,186748000.0,0.0,0.0,0.0,397156000.0,583904000.0,0.063,583904000.0,397156000.0,246567000.0,1.72,1.7,1.72,357187000.0,87981000.0,357187000.0,6439541448.0,16.0,11.028,371488000.0,4.022,1.0,2095259000.0,0.226,418354000.0,150589000.0,5166428000.0,5646083500.0,261265000.0,0.0,0.0,0.0,5237955000.0,2410387000.0,2827568000.0,3058198448.0,6510000.0,58034000.0,6434000.0,-1407470000.0,0.0,-302463000.0,-174178000.0,0.0,482418000.0,733000.0,158622000.0,158622000.0,158622000.0,-137226000.0,2419000.0,0.017,1834574000.0,260685000.0,913631000.0,0.0,8.562,19.28,19.198,1248637000.0,0.0,33.02,0.33,0.329,775818000.0,-833897000.0,9274662000.0,9274662000.0,0.0,0.028,1.803,0.07,0.043,29091000.0,1832488000.0,1.0,92616549.0,92375378,93065912.0,100.402,5279229000.0,139211000.0,87945000.0,104835000.0,57.15,1570347000.0
29,DFODQ,MRT,2012-09-30,2012-09-30,2012-09-30,2021-08-25,-189840000.0,5649960000.0,5679212500.0,1684920000.0,3965040000.0,1.285,0.547,-30527000.0,69775000.0,69775000.0,5680345000.0,119990000.0,1.091,110.719,3451118000.0,206695000.0,3244423000.0,3451118000.0,0.0,116580000.0,0.0,0.0,0.0,196116000.0,312696000.0,0.043,312696000.0,196116000.0,90533000.0,1.31,1.29,1.31,50573000.0,-27165250.0,50573000.0,6513793490.0,33.0,20.831,583715000.0,6.311,1.0,1618205000.0,0.222,1904477000.0,105583000.0,5582326000.0,5924269250.0,504764000.0,0.0,0.0,0.0,5599387000.0,1544500000.0,4054887000.0,3022128490.0,22364000.0,-36973000.0,2997000.0,-400801000.0,0.0,-397504000.0,-194935000.0,0.0,614242000.0,561000.0,120615000.0,120615000.0,120615000.0,-219114000.0,-625000.0,0.017,1644266000.0,-26061000.0,1248988000.0,0.0,59.758,25.056,24.962,2037386000.0,0.0,32.7,0.414,0.414,946764000.0,-862030000.0,7298550000.0,7298550000.0,0.0,0.021,-4.44,0.033,0.027,37176000.0,1506254000.0,1.0,92419832.0,92495115,92495115.0,78.907,3745483000.0,116890000.0,-30082000.0,394585000.0,40.494,140420000.0
30,DFODQ,MRT,2012-06-30,2012-06-30,2012-06-30,2021-08-25,-201094000.0,5553091000.0,5744522750.0,1581746000.0,3971345000.0,1.475,-0.034,-90888000.0,60370000.0,60370000.0,6621318000.0,-1468485000.0,1.133,-1790.011,3552035000.0,206817000.0,3345218000.0,3552035000.0,0.0,139441000.0,0.0,0.0,0.0,-1806475000.0,-1667034000.0,-0.197,-1667034000.0,-1806475000.0,-1938592000.0,-15.86,-15.88,-15.86,-3104000.0,-55574000.0,-3104000.0,6829481974.0,-4.0,-4.097,482747000.0,5.231,1.0,1851060000.0,0.218,1905404000.0,132117000.0,5743203000.0,6063606750.0,472549000.0,0.0,0.0,0.0,5556195000.0,1396149000.0,4160046000.0,3142050974.0,14563000.0,-93755000.0,1186000.0,-306075000.0,0.0,-275711000.0,-279330000.0,0.0,573635000.0,-4031000.0,-1456323000.0,-1456323000.0,-1456323000.0,-184097000.0,-12162000.0,-0.172,3857033000.0,-2005973000.0,1169332000.0,0.0,-1012.259,-2.158,-2.148,2043415000.0,0.0,34.06,0.371,0.371,876093000.0,-898471000.0,8472378000.0,8472378000.0,0.0,-0.254,26.205,-0.298,-0.213,33268000.0,1703008000.0,1.0,92250469.0,92278912,92628862.0,91.813,3647687000.0,126416000.0,-482269000.0,342385000.0,39.529,185597000.0
31,DFODQ,MRT,2012-03-31,2012-03-31,2012-03-31,2021-08-25,-179772000.0,5758632000.0,6313764250.0,1722889000.0,4035743000.0,1.51,-0.573,-171393000.0,130309000.0,130309000.0,7465626000.0,-1577670000.0,1.207,-110.206,3817740000.0,253661000.0,3564079000.0,3817740000.0,0.0,182417000.0,0.0,0.0,0.0,-1929074000.0,-1746657000.0,-0.183,-1746657000.0,-1929074000.0,-2086768000.0,-17.02,-17.04,-17.02,-52732000.0,324883750.0,-52732000.0,5882167791.0,-3.0,-3.368,234433000.0,2.547,1.0,2070719000.0,0.217,1926804000.0,157694000.0,6092377000.0,6140566250.0,476252000.0,0.0,0.0,0.0,5811364000.0,1426882000.0,4384482000.0,2231090791.0,15688000.0,178000.0,1948000.0,-213535000.0,0.0,-167259000.0,-222193000.0,0.0,405826000.0,-686000.0,-1563001000.0,-1563001000.0,-1563001000.0,-147535000.0,-14669000.0,-0.164,4163432000.0,-2092713000.0,1173221000.0,0.0,-42.31,-1.427,-1.423,2083432000.0,0.0,24.22,0.234,0.234,932911000.0,-954636000.0,9536345000.0,9536345000.0,0.0,-0.248,-4.811,-0.314,-0.202,24729000.0,1886298000.0,1.0,92117704.0,92052402,92473840.0,103.597,3831828000.0,136335000.0,-523767000.0,329752000.0,41.627,296007000.0
32,DFODQ,MRT,2011-12-31,2011-12-31,2011-12-31,2021-08-25,-199520000.0,5755167000.0,6853406000.0,2238708000.0,3516459000.0,1.418,-1.128,-171766000.0,115650000.0,115650000.0,7618313000.0,-1592171000.0,1.469,-56.614,3743927000.0,202292000.0,3541635000.0,3743927000.0,0.0,190141000.0,0.0,0.0,0.0,-1921727000.0,-1731586000.0,-0.178,-1731586000.0,-1921727000.0,-2099176000.0,-17.18,-17.18,-17.18,-103398000.0,729907000.0,-103398000.0,5800501379.0,-3.0,-3.35,267271000.0,2.915,1.0,2097434000.0,0.216,1580224000.0,177449000.0,6279171000.0,6211610750.0,384991000.0,0.0,0.0,0.0,5853818000.0,1524049000.0,4329769000.0,2057430379.0,16082000.0,91958000.0,3623000.0,-340675000.0,0.0,-293598000.0,-128260000.0,0.0,439037000.0,-1097000.0,-1575621000.0,-1575621000.0,-1575621000.0,-136111000.0,-16550000.0,-0.162,4173859000.0,-2076425000.0,1127717000.0,0.0,-19.898,-1.306,-1.304,1936235000.0,0.0,22.4,0.212,0.211,872958000.0,-992519000.0,9715747000.0,9715747000.0,0.0,-0.23,-2.159,-0.309,-0.198,30422000.0,1929823000.0,1.0,91849570.0,91694110,91694110.0,105.958,4174943000.0,134435000.0,-523555000.0,292539000.0,45.531,714659000.0
33,DFODQ,MRT,2011-09-30,2011-09-30,2011-09-30,2021-08-25,-161428000.0,5911201000.0,7403781000.0,1800305000.0,4110896000.0,1.568,-0.687,-301068000.0,107731000.0,107731000.0,8851203000.0,-1604640000.0,1.223,-94.658,3850802000.0,150240000.0,3700562000.0,3850802000.0,0.0,258009000.0,0.0,0.0,0.0,-1782331000.0,-1524322000.0,-0.131,-1524322000.0,-1782331000.0,-1987430000.0,-17.3,-17.28,-17.3,-63062000.0,1130637750.0,-63062000.0,5342028099.0,-3.0,-3.505,76390000.0,0.832,1.0,2758567000.0,0.238,2041961000.0,205099000.0,6139676000.0,6257858000.0,481157000.0,0.0,0.0,0.0,5969341000.0,1472635000.0,4496706000.0,1628959099.0,-9616000.0,185270000.0,3881000.0,-290256000.0,0.0,-245627000.0,-138748000.0,0.0,377458000.0,-2699000.0,-1586491000.0,-1586491000.0,-1586491000.0,-49605000.0,-18149000.0,-0.137,4609502000.0,-1850935000.0,1262397000.0,0.0,-25.831,-1.027,-1.025,2068935000.0,0.0,17.74,0.14,0.14,1000391000.0,-982645000.0,11609770000.0,11609770000.0,0.0,-0.214,-1.403,-0.285,-0.154,33126000.0,2474342000.0,1.0,91824076.0,91824798,91824798.0,126.434,3869240000.0,135869000.0,-400939000.0,336458000.0,42.137,327670000.0
34,DFODQ,MRT,2011-06-30,2011-06-30,2011-06-30,2021-08-25,-113353000.0,7830057000.0,7904985500.0,1737087000.0,6092970000.0,1.424,16.566,-273940000.0,115807000.0,115807000.0,8486172000.0,-30649000.0,1.18,4.146,3828876000.0,158222000.0,3670654000.0,3828876000.0,0.0,257044000.0,0.0,0.0,0.0,173657000.0,430701000.0,0.038,430701000.0,173657000.0,-32873000.0,-0.26,-0.24,-0.26,1518727000.0,1523186000.0,1518727000.0,6128052091.0,35.0,14.228,180647000.0,1.97,1.0,2766931000.0,0.246,4020528000.0,206530000.0,6051041000.0,6325427000.0,488814000.0,0.0,0.0,0.0,6296225000.0,1471557000.0,4824668000.0,2247731091.0,39313000.0,185713000.0,5677000.0,-379994000.0,0.0,-331752000.0,-89865000.0,0.0,454587000.0,6343000.0,-21698000.0,-21698000.0,-21698000.0,-50769000.0,-8951000.0,-0.002,2653047000.0,113884000.0,1253335000.0,0.0,1.48,-103.592,-94.385,2072442000.0,0.0,24.54,0.2,0.2,925769000.0,557852000.0,11253103000.0,11253103000.0,0.0,-0.003,-0.014,0.027,0.015,34904000.0,2473518000.0,1.0,91594584.0,91679826,91679826.0,122.744,3809529000.0,123082000.0,-11175000.0,718120000.0,41.553,265530000.0
35,DFODQ,MRT,2011-03-31,2011-03-31,2011-03-31,2021-08-25,-105594000.0,7917199000.0,7892220250.0,1818545000.0,6098654000.0,1.382,17.147,-263348000.0,108609000.0,108609000.0,8150155000.0,65223000.0,1.305,4.041,3988930000.0,117486000.0,3871444000.0,3988930000.0,0.0,252747000.0,0.0,0.0,0.0,313497000.0,566244000.0,0.052,566244000.0,313497000.0,115091000.0,0.8,0.82,0.8,1567361000.0,1501320250.0,1567361000.0,5806819380.0,19.0,10.255,221539000.0,2.424,1.0,2758793000.0,0.253,4026951000.0,198406000.0,6376555000.0,6429710500.0,466320000.0,0.0,0.0,0.0,6334263000.0,1394014000.0,4940249000.0,1831301380.0,47289000.0,91780000.0,4258000.0,-279650000.0,0.0,-267930000.0,-173256000.0,0.0,484887000.0,3588000.0,73602000.0,73602000.0,73602000.0,-50160000.0,-8379000.0,0.007,2503487000.0,255306000.0,1273420000.0,0.0,1.168,24.881,25.0,2071703000.0,0.0,20.0,0.168,0.168,935938000.0,608365000.0,10908948000.0,10908948000.0,0.0,0.009,0.049,0.049,0.029,35553000.0,2444907000.0,1.0,91565069.0,91408533,91646438.0,119.343,3890248000.0,147488000.0,41489000.0,724219000.0,42.559,424531000.0
36,DFODQ,MRT,2010-12-31,2010-12-31,2010-12-31,2021-08-25,-146653000.0,7956667000.0,7853042500.0,1816216000.0,6140451000.0,1.378,16.496,-267683000.0,92007000.0,92007000.0,8063932000.0,82756000.0,1.26,4.296,4067525000.0,174250000.0,3893275000.0,4067525000.0,0.0,247239000.0,0.0,0.0,0.0,328849000.0,576088000.0,0.053,576088000.0,328849000.0,137644000.0,1.0,1.0,1.0,1499525000.0,1455025500.0,1499525000.0,5594008140.0,17.0,9.71,251535000.0,2.767,1.0,2756305000.0,0.255,4027060000.0,191205000.0,6464160000.0,6451513250.0,425576000.0,0.0,0.0,0.0,6442599000.0,1440965000.0,5001634000.0,1610494140.0,31570000.0,0.0,3415000.0,-229109000.0,0.0,-217692000.0,-269454000.0,0.0,519218000.0,-502000.0,91491000.0,91491000.0,91491000.0,-51264000.0,-8735000.0,0.008,2487238000.0,269067000.0,1232876000.0,0.0,1.074,17.603,17.68,2113391000.0,0.0,17.68,0.149,0.149,891019000.0,583102000.0,10820237000.0,10820237000.0,0.0,0.012,0.063,0.051,0.03,36872000.0,2418135000.0,1.0,91091298.0,90899653,91430901.0,119.035,3929607000.0,212990000.0,46153000.0,756714000.0,43.23,375251000.0
37,DFODQ,MRT,2010-09-30,2010-09-30,2010-09-30,2021-08-25,-152980000.0,7916019000.0,7824861000.0,1730748000.0,6185271000.0,1.528,16.551,-270531000.0,102100000.0,102100000.0,8908316000.0,148953000.0,1.247,4.242,4085614000.0,167599000.0,3918015000.0,4085614000.0,0.0,268467000.0,0.0,0.0,0.0,490877000.0,759344000.0,0.063,759344000.0,490877000.0,254387000.0,1.8,1.78,1.8,1507131000.0,1418130750.0,1507131000.0,5951504310.0,12.0,7.838,275509000.0,3.026,1.0,3051357000.0,0.255,4101572000.0,236490000.0,6409952000.0,6448278750.0,472607000.0,0.0,0.0,0.0,6393197000.0,1388009000.0,5005188000.0,1859300310.0,67625000.0,-89511000.0,7239000.0,-130208000.0,0.0,-145197000.0,-335363000.0,0.0,546040000.0,2145000.0,162503000.0,162503000.0,162503000.0,-4424000.0,-13550000.0,0.014,2578393000.0,472964000.0,1220410000.0,0.0,1.234,11.442,11.344,2083699000.0,0.0,20.42,0.155,0.155,883741000.0,603846000.0,11959673000.0,11959673000.0,0.0,0.021,0.115,0.076,0.041,39515000.0,2546160000.0,1.0,91052904.0,91059253,91161298.0,131.339,3814447000.0,192155000.0,91884000.0,706099000.0,41.89,342739000.0
38,DFODQ,MRT,2010-06-30,2010-06-30,2010-06-30,2021-08-25,-195385000.0,7778996000.0,7753349750.0,1634736000.0,6144260000.0,1.505,15.76,-270611000.0,61247000.0,61247000.0,8580991000.0,174100000.0,1.242,4.424,4153451000.0,143322000.0,4010129000.0,4153451000.0,0.0,266566000.0,0.0,0.0,0.0,532153000.0,798719000.0,0.068,798719000.0,532153000.0,300459000.0,2.1,2.06,2.1,1431264000.0,1356653250.0,1431264000.0,5980788518.0,11.0,7.488,284676000.0,3.135,1.0,3087261000.0,0.265,4087281000.0,231694000.0,6468175000.0,6381505750.0,453028000.0,0.0,0.0,0.0,6331997000.0,1315744000.0,5016253000.0,1827861518.0,12426000.0,-546248000.0,9152000.0,290487000.0,0.0,277195000.0,-817268000.0,0.0,555287000.0,-2788000.0,187860000.0,187860000.0,187860000.0,-622000.0,-13760000.0,0.016,2569296000.0,517965000.0,1150243000.0,0.0,1.277,9.73,9.59,2056979000.0,0.0,20.14,0.157,0.157,851611000.0,579550000.0,11668252000.0,11668252000.0,0.0,0.024,0.138,0.083,0.046,40593000.0,2539343000.0,1.0,90757772.0,90817889,91195424.0,128.48,3691715000.0,143452000.0,112599000.0,639582000.0,40.65,318992000.0
39,DFODQ,MRT,2010-03-31,2010-03-31,2010-03-31,2021-08-25,-184777000.0,7760488000.0,7539409500.0,1604152000.0,6156336000.0,1.51,15.253,-263376000.0,47911000.0,47911000.0,8285964000.0,193564000.0,1.169,4.603,4200838000.0,245055000.0,3955783000.0,4200838000.0,0.0,260141000.0,0.0,0.0,0.0,568376000.0,828517000.0,0.073,828517000.0,568376000.0,332087000.0,2.36,2.32,2.36,1382182000.0,1296801250.0,1382182000.0,7025953649.0,12.0,8.48,284098000.0,3.135,1.0,3097488000.0,0.272,4076998000.0,236289000.0,6463766000.0,6196106750.0,437891000.0,0.0,0.0,0.0,6361997000.0,1372651000.0,4989346000.0,2844606649.0,-12599000.0,-579827000.0,452263000.0,-181226000.0,0.0,284073000.0,-843811000.0,0.0,547474000.0,-335000.0,207216000.0,207216000.0,207216000.0,-131000.0,-13652000.0,0.018,2547467000.0,550021000.0,1127596000.0,0.0,2.058,13.728,13.297,2079338000.0,0.0,31.38,0.25,0.25,863789000.0,534765000.0,11383452000.0,11383452000.0,0.0,0.027,0.16,0.092,0.05,40585000.0,2513410000.0,1.0,90650308.0,90617378,91671799.0,125.621,3683490000.0,160880000.0,124871000.0,635461000.0,40.649,231501000.0
40,DFODQ,MRT,2009-12-31,2009-12-31,2009-12-31,2021-08-25,-166976000.0,7843941000.0,7328309000.0,1647594000.0,6196347000.0,1.517,15.813,-258857000.0,45190000.0,45190000.0,8008561000.0,227847000.0,1.111,4.791,4228979000.0,248352000.0,3980627000.0,4228979000.0,0.0,253930000.0,0.0,0.0,0.0,638663000.0,892593000.0,0.08,892593000.0,638663000.0,392153000.0,2.82,2.76,2.82,1351946000.0,1113176500.0,1351946000.0,7419667904.0,12.0,8.312,401697000.0,4.699,1.0,3105221000.0,0.279,4094094000.0,246510000.0,6451222000.0,6022775750.0,436061000.0,0.0,0.0,0.0,6476709000.0,1482414000.0,4994295000.0,3256111904.0,13534000.0,-581211000.0,454326000.0,-275163000.0,0.0,192765000.0,-840593000.0,0.0,660554000.0,808000.0,240308000.0,240308000.0,240308000.0,773000.0,-12461000.0,0.022,2482467000.0,622754000.0,1225017000.0,0.0,2.408,13.55,12.794,2102253000.0,0.0,36.08,0.293,0.278,871833000.0,491611000.0,11113782000.0,11113782000.0,0.0,0.033,0.216,0.106,0.057,39371000.0,2442668000.0,1.0,90247004.0,85493443,86929152.0,129.996,3749847000.0,174361000.0,151845000.0,620093000.0,43.861,165180000.0
41,DFODQ,MRT,2009-09-30,2009-09-30,2009-09-30,2021-08-25,-193953000.0,7629974000.0,7127371750.0,1517382000.0,6112592000.0,1.561,13.986,-245999000.0,38563000.0,38563000.0,8053649000.0,250981000.0,0.967,5.035,4202119000.0,411374000.0,3790745000.0,4202119000.0,0.0,247682000.0,0.0,0.0,0.0,678646000.0,926328000.0,0.083,926328000.0,678646000.0,417723000.0,3.16,3.12,3.16,1261221000.0,914748500.0,1261221000.0,7002488710.0,10.0,7.559,515066000.0,5.712,1.0,3068974000.0,0.276,4081898000.0,260923000.0,6142860000.0,5992242750.0,452356000.0,0.0,0.0,0.0,6350348000.0,1568772000.0,4781576000.0,3207263710.0,12752000.0,-512351000.0,451302000.0,-449044000.0,0.0,11262000.0,-759585000.0,0.0,761065000.0,10000.0,256403000.0,256403000.0,256403000.0,-1670000.0,-5422000.0,0.023,2401173000.0,667801000.0,1157398000.0,0.0,2.543,12.509,11.259,2030694000.0,0.0,35.58,0.288,0.288,802890000.0,441345000.0,11122623000.0,11122623000.0,0.0,0.036,0.28,0.113,0.061,38025000.0,2357639000.0,1.0,90142319.0,90176204,91533008.0,123.343,3548076000.0,130651000.0,161320000.0,565081000.0,39.346,-51390000.0
42,DFODQ,MRT,2009-06-30,2009-06-30,2009-06-30,2021-08-25,-199953000.0,6923235000.0,6988845000.0,1363798000.0,5559437000.0,1.653,14.161,-240700000.0,53144000.0,53144000.0,8539422000.0,241629000.0,1.083,4.794,3848369000.0,254772000.0,3593597000.0,3848369000.0,0.0,238389000.0,0.0,0.0,0.0,670122000.0,908511000.0,0.079,908511000.0,670122000.0,393998000.0,3.1,3.06,3.1,1191856000.0,754141750.0,1191856000.0,7270079972.0,11.0,8.002,510170000.0,6.061,1.0,3015161000.0,0.261,3732702000.0,276124000.0,5726579000.0,6103266750.0,402048000.0,0.0,0.0,0.0,5713320000.0,1259179000.0,4454141000.0,2965166972.0,12970000.0,-69925000.0,452531000.0,-891700000.0,0.0,-426200000.0,-311700000.0,0.0,750870000.0,0.0,244502000.0,244502000.0,244502000.0,-641000.0,-2873000.0,0.021,2353064000.0,662097000.0,996511000.0,0.0,2.488,12.127,12.381,1826735000.0,0.0,38.38,0.257,0.28,706063000.0,391692000.0,11554583000.0,11554583000.0,0.0,0.035,0.324,0.11,0.058,36787000.0,2307586000.0,1.0,77258128.0,84165780,85495562.0,137.284,3190533000.0,115505000.0,149496000.0,494648000.0,37.908,104619000.0
43,DFODQ,MRT,2009-03-31,2009-03-31,2009-03-31,2021-08-25,-222547000.0,6916086000.0,7010599000.0,1381673000.0,5534413000.0,1.71,8.395,-241021000.0,62995000.0,62995000.0,8994458000.0,228198000.0,0.799,9.651,4367908000.0,713865000.0,3654043000.0,4367908000.0,0.0,238046000.0,0.0,0.0,0.0,664328000.0,902374000.0,0.075,902374000.0,664328000.0,371683000.0,2.98,2.92,2.98,647683000.0,597356000.0,647683000.0,7243762379.0,11.0,8.027,501940000.0,6.506,1.0,2992831000.0,0.25,3721973000.0,292645000.0,5770442000.0,6356235500.0,381058000.0,0.0,0.0,0.0,6250931000.0,1728584000.0,4522347000.0,2790490379.0,20693000.0,-45435000.0,14839000.0,-461425000.0,0.0,-434986000.0,-287282000.0,0.0,742961000.0,0.0,229244000.0,229244000.0,229244000.0,-1741000.0,-1046000.0,0.019,2330591000.0,662240000.0,975579000.0,0.0,4.308,12.173,12.134,1812440000.0,0.0,36.16,0.233,0.233,733978000.0,327549000.0,11987289000.0,11987289000.0,0.0,0.033,0.384,0.105,0.055,35899000.0,2291627000.0,1.0,77170641.0,77150193,78627747.0,155.376,3194113000.0,123425000.0,142439000.0,510150000.0,41.401,-346911000.0
44,DFODQ,MRT,2008-12-31,2008-12-31,2008-12-31,2021-08-25,-227029000.0,7040192000.0,7035097750.0,1481193000.0,5558999000.0,1.757,7.48,-244810000.0,35979000.0,35979000.0,9438593000.0,183770000.0,1.038,11.612,4489251000.0,315526000.0,4173725000.0,4489251000.0,0.0,236820000.0,0.0,0.0,0.0,606278000.0,843098000.0,0.068,843098000.0,606278000.0,298100000.0,2.46,2.4,2.46,558234000.0,544559250.0,558234000.0,7377173082.0,12.0,8.75,471818000.0,6.322,1.0,2922718000.0,0.236,3737107000.0,308178000.0,6329090000.0,6684394750.0,393111000.0,0.0,0.0,0.0,6481958000.0,1427267000.0,5054691000.0,2766466082.0,2098000.0,-95851000.0,419663000.0,-800287000.0,0.0,-373043000.0,-341487000.0,0.0,716628000.0,0.0,183770000.0,183770000.0,183770000.0,-1883000.0,0.0,0.015,2317200000.0,605518000.0,1084037000.0,0.0,4.956,15.054,14.61,1821892000.0,0.0,35.94,0.224,0.217,854992000.0,251303000.0,12361311000.0,12361311000.0,0.0,0.026,0.337,0.091,0.049,35180000.0,2284606000.0,1.0,76974571.0,74633260,76697873.0,165.627,3303085000.0,127211000.0,114330000.0,496348000.0,44.258,53926000.0
45,DFODQ,MRT,2008-09-30,2008-09-30,2008-09-30,2021-08-25,-90434000.0,7075867000.0,7033388750.0,1525532000.0,5550335000.0,1.792,8.082,-231782000.0,24720000.0,24720000.0,9743349000.0,150044000.0,1.113,10.435,4635427000.0,336282000.0,4299145000.0,4635427000.0,0.0,235439000.0,0.0,0.0,0.0,566633000.0,802072000.0,0.064,802072000.0,566633000.0,242789000.0,2.08,2.0,2.08,618794000.0,417817500.0,618794000.0,8244530986.0,15.0,10.279,356039000.0,4.65,1.0,2862552000.0,0.227,3728535000.0,323844000.0,6586956000.0,7011532750.0,427203000.0,0.0,0.0,0.0,6457073000.0,1371083000.0,5085990000.0,3558918986.0,-20286000.0,-86348000.0,439108000.0,-750995000.0,0.0,-300682000.0,-307425000.0,0.0,587821000.0,0.0,150044000.0,150044000.0,150044000.0,-19000.0,0.0,0.012,2294955000.0,567597000.0,1034801000.0,0.0,5.751,23.719,22.462,1821800000.0,0.0,46.72,0.282,0.284,894302000.0,184942000.0,12605901000.0,12605901000.0,0.0,0.021,0.359,0.081,0.045,34268000.0,2266297000.0,1.0,76175492.0,76568606,78643082.0,164.635,3347332000.0,118521000.0,92745000.0,516748000.0,43.717,154449000.0
46,DFODQ,MRT,2008-06-30,2008-06-30,2008-06-30,2021-08-25,-86740000.0,7010251000.0,7049665500.0,1468153000.0,5542098000.0,1.777,7.431,-221560000.0,38848000.0,38848000.0,9737873000.0,118774000.0,1.197,11.414,4724460000.0,283758000.0,4440702000.0,4724460000.0,0.0,235714000.0,0.0,0.0,0.0,537287000.0,773001000.0,0.062,773001000.0,537287000.0,198495000.0,1.68,1.62,1.68,564713000.0,265823750.0,564713000.0,7752534333.0,14.0,10.029,273511000.0,3.599,1.0,2790155000.0,0.223,3731372000.0,338792000.0,6738454000.0,7305707000.0,404233000.0,0.0,0.0,0.0,6445538000.0,1226037000.0,5219501000.0,2981131333.0,1422000.0,-74472000.0,435505000.0,-653155000.0,0.0,-208322000.0,-285327000.0,0.0,495071000.0,0.0,118774000.0,118774000.0,118774000.0,-35000.0,0.0,0.009,2251066000.0,539089000.0,942279000.0,0.0,5.279,25.099,23.357,1810726000.0,0.0,39.24,0.238,0.238,835228000.0,147190000.0,12528028000.0,12528028000.0,0.0,0.017,0.447,0.074,0.043,33519000.0,2211032000.0,1.0,75971746.0,75992144,78175940.0,164.86,3278879000.0,125705000.0,79721000.0,510427000.0,43.148,242116000.0
47,DFODQ,MRT,2008-03-31,2008-03-31,2008-03-31,2021-08-25,-147300000.0,7014081000.0,7065096000.0,1481779000.0,5532302000.0,1.737,6.331,-213234000.0,40976000.0,40976000.0,9530229000.0,98305000.0,1.515,15.069,4812379000.0,21067000.0,4791312000.0,4812379000.0,0.0,233934000.0,0.0,0.747,30.0,529577000.0,763511000.0,0.062,763511000.0,529577000.0,164784000.0,1.48,1.42,1.48,436496000.0,133329750.0,436496000.0,7904797703.0,15.0,10.353,157269000.0,2.281,1.0,2738885000.0,0.223,3724434000.0,364793000.0,7083079000.0,7493150750.0,389786000.0,0.0,0.0,0.0,6577585000.0,977971000.0,5599614000.0,2665001703.0,3022000.0,-67335000.0,435552000.0,1397019000.0,-1942738000.0,-97617000.0,-269864000.0,0.0,370503000.0,0.0,98305000.0,98305000.0,98305000.0,-274000.0,0.0,0.008,2203337000.0,535548000.0,956904000.0,20.27,6.105,27.11,27.149,1807868000.0,0.0,40.18,0.217,0.226,848061000.0,98305000.0,12269114000.0,12269114000.0,0.0,0.014,0.737,0.071,0.043,35005000.0,2164795000.0,1.0,66326573.0,68941658,71644518.0,177.964,3289647000.0,141425000.0,66479000.0,463011000.0,47.716,503808000.0
48,DFODQ,MRT,2007-12-31,2007-12-31,2007-12-31,2021-08-25,-87802000.0,7033356000.0,7035679500.0,1531984000.0,5501372000.0,1.68,0.787,-221256000.0,32555000.0,32555000.0,9084318000.0,131353000.0,1.643,136.191,5272351000.0,25246000.0,5247105000.0,5272351000.0,0.0,231898000.0,0.0,0.58,30.0,548562000.0,780460000.0,0.066,780460000.0,548562000.0,215360000.0,2.02,1.92,2.02,51267000.0,497832750.0,51267000.0,8724429738.0,16.0,11.179,128994000.0,1.98,1.0,2737585000.0,0.232,3702994000.0,333202000.0,7637642000.0,7021288750.0,379773000.0,0.0,0.0,0.0,6982089000.0,932516000.0,6049573000.0,3403329738.0,1415000.0,-130668000.0,48114000.0,1868639000.0,-1942738000.0,-7616000.0,-341219000.0,0.0,350250000.0,0.0,131353000.0,131353000.0,131353000.0,-891000.0,0.0,0.011,2183988000.0,553597000.0,907270000.0,14.851,66.384,25.91,25.604,1798378000.0,0.0,51.72,0.288,0.285,913074000.0,67533000.0,11821903000.0,11821903000.0,0.0,0.019,0.264,0.078,0.046,34817000.0,2141135000.0,1.0,65802972.0,65155406,68645999.0,181.442,3330362000.0,146726000.0,84007000.0,482212000.0,51.114,599468000.0
49,DFODQ,MRT,2007-09-30,2007-09-30,2007-09-30,2021-08-25,-63784000.0,7140974000.0,6969883750.0,1643627000.0,5497347000.0,1.605,0.166,-215119000.0,45006000.0,45006000.0,8438700000.0,171679000.0,1.661,659.04,5366106000.0,26666000.0,5339440000.0,5366106000.0,0.0,232838000.0,0.0,0.586,30.0,575226000.0,808064000.0,0.072,808064000.0,575226000.0,280630000.0,2.64,2.5,2.64,10819000.0,937365750.0,10819000.0,8661961813.0,15.0,10.719,140736000.0,2.154,1.0,2745328000.0,0.245,3709157000.0,294596000.0,7763653000.0,6405461250.0,418734000.0,0.0,0.0,0.0,7130155000.0,989264000.0,6140891000.0,3341997813.0,1936000.0,-216225000.0,-232369000.0,2144338000.0,-1942738000.0,-18102000.0,-335817000.0,0.0,355855000.0,0.0,171679000.0,171679000.0,171679000.0,2494000.0,0.0,0.015,2161669000.0,583659000.0,962598000.0,11.364,308.901,19.467,19.379,1788190000.0,0.0,51.16,0.299,0.299,942672000.0,34898000.0,11184028000.0,11184028000.0,0.0,0.025,0.183,0.09,0.051,35505000.0,2112248000.0,1.0,65324430.0,65335704,68834627.0,171.178,3431817000.0,176508000.0,108951000.0,501319000.0,52.526,654363000.0
50,DFODQ,MRT,2007-06-30,2007-06-30,2007-06-30,2021-08-25,-19590000.0,7071973000.0,6875442250.0,1541558000.0,5530415000.0,1.54,0.534,-220751000.0,37426000.0,37426000.0,7805013000.0,235990000.0,1.338,202.586,5357390000.0,280023000.0,5077367000.0,5357390000.0,0.0,231320000.0,0.0,0.471,30.0,637668000.0,868988000.0,0.082,868988000.0,637668000.0,384698000.0,3.6,3.42,3.6,34737000.0,1433655250.0,34737000.0,7468496712.0,12.0,8.594,248071000.0,3.816,1.0,2780011000.0,0.263,3751572000.0,252970000.0,7488229000.0,5704106750.0,405993000.0,0.0,0.0,0.0,7037236000.0,1152136000.0,5885100000.0,4143009712.0,7048000.0,-123369000.0,-215623000.0,1931075000.0,-1942738000.0,-207990000.0,-253784000.0,0.0,468822000.0,0.0,235990000.0,235990000.0,235990000.0,6164000.0,0.0,0.022,2130912000.0,649099000.0,872113000.0,8.333,119.268,17.556,17.706,1778843000.0,0.0,63.74,0.391,0.391,859339000.0,28416000.0,10585024000.0,10585024000.0,0.0,0.034,0.165,0.112,0.06,35697000.0,2096583000.0,1.0,64998584.0,65008450,69192448.0,162.825,3320401000.0,157288000.0,148708000.0,520131000.0,51.076,389422000.0
51,DFODQ,MRT,2007-03-31,2007-03-31,2007-03-31,2021-08-25,-50614000.0,6896415000.0,6840490750.0,1414305000.0,5482110000.0,1.494,29.397,-228130000.0,37954000.0,37954000.0,7443455000.0,236442000.0,1.064,2.64,3363441000.0,478275000.0,2885166000.0,3363441000.0,0.0,229507000.0,0.0,0.0,0.0,613786000.0,843293000.0,0.083,843293000.0,613786000.0,414534000.0,3.58,3.42,3.58,1894508000.0,1907150250.0,1894508000.0,9351786138.0,15.0,11.09,449002000.0,6.967,1.0,2775808000.0,0.272,3696454000.0,199252000.0,5195631000.0,5259052500.0,380137000.0,0.0,0.0,0.0,5001907000.0,1329817000.0,3672090000.0,6027075138.0,11069000.0,-122617000.0,-339808000.0,-77508000.0,0.0,-401656000.0,-264407000.0,0.0,677132000.0,0.0,236442000.0,236442000.0,236442000.0,52330000.0,0.0,0.023,2109057000.0,666751000.0,841904000.0,0.0,3.181,25.491,26.112,1785656000.0,0.0,93.48,0.59,0.59,803952000.0,1287520000.0,10219263000.0,10219263000.0,0.0,0.035,0.124,0.117,0.06,35785000.0,2075684000.0,1.0,64474488.0,64444753,67260734.0,158.574,3199961000.0,133770000.0,178092000.0,512513000.0,49.654,84488000.0
52,DFODQ,MRT,2006-12-31,2006-12-31,2006-12-31,2021-08-25,-45787000.0,6770173000.0,6870176500.0,1379290000.0,5390883000.0,1.47,27.018,-231052000.0,31140000.0,31140000.0,7358676000.0,225414000.0,1.032,2.742,3355851000.0,483658000.0,2872193000.0,3355851000.0,0.0,227682000.0,0.0,0.0,0.0,595411000.0,823093000.0,0.082,823093000.0,595411000.0,400864000.0,3.36,3.22,3.36,1809399000.0,1930921000.0,1809399000.0,8788570565.0,15.0,10.677,330166000.0,4.93,1.0,2739879000.0,0.271,3583996000.0,194547000.0,5174332000.0,5392027250.0,360754000.0,0.0,0.0,0.0,4960774000.0,1336556000.0,3624218000.0,5655267565.0,6684000.0,-17244000.0,-367751000.0,-60427000.0,0.0,-387069000.0,-167465000.0,0.0,561218000.0,0.0,225414000.0,225414000.0,225414000.0,54849000.0,0.0,0.022,2089184000.0,650695000.0,822122000.0,0.0,3.125,25.088,25.167,1786907000.0,0.0,84.56,0.56,0.561,799038000.0,1229427000.0,10098555000.0,10098555000.0,0.0,0.033,0.117,0.11,0.059,36871000.0,2058085000.0,1.0,66878756.0,66969388,69881052.0,150.794,3186177000.0,117991000.0,175450000.0,535328000.0,47.577,42734000.0
53,DFODQ,MRT,2006-09-30,2006-09-30,2006-09-30,2021-08-25,-36757000.0,6763208000.0,6940354250.0,1364976000.0,5398232000.0,1.458,29.849,-249052000.0,43070000.0,43070000.0,7417467000.0,218628000.0,1.011,2.388,3176373000.0,484968000.0,2691405000.0,3176373000.0,0.0,223730000.0,0.0,0.0,0.0,582191000.0,805921000.0,0.08,805921000.0,582191000.0,393307000.0,3.22,3.1,3.22,1995977000.0,1954124500.0,1995977000.0,8954560006.0,15.0,11.111,257000000.0,3.843,1.0,2702862000.0,0.267,3588500000.0,188884000.0,4958235000.0,5552489000.0,375413000.0,0.0,0.0,0.0,4767231000.0,1349776000.0,3417455000.0,5608749006.0,13388000.0,-111418000.0,-450754000.0,105299000.0,0.0,-302564000.0,-190100000.0,0.0,506052000.0,0.0,218628000.0,218628000.0,218628000.0,53558000.0,0.0,0.022,2065835000.0,637027000.0,835753000.0,0.0,2.81,25.654,26.099,1792145000.0,0.0,84.04,0.554,0.555,757272000.0,1156466000.0,10120329000.0,10120329000.0,0.0,0.032,0.112,0.105,0.058,36341000.0,2038402000.0,1.0,66739041.0,66869558,69579829.0,151.344,3174708000.0,116657000.0,174679000.0,520016000.0,47.476,15200000.0
54,DFODQ,MRT,2006-06-30,2006-06-30,2006-06-30,2021-08-25,232000.0,6932167000.0,7008058750.0,1284566000.0,5647601000.0,1.451,28.566,-263622000.0,30378000.0,30378000.0,7512037000.0,247219000.0,1.325,2.594,3376189000.0,182150000.0,3194039000.0,3376189000.0,0.0,220786000.0,0.0,0.0,0.0,592440000.0,813226000.0,0.08,813226000.0,592440000.0,413750000.0,3.5,3.36,3.5,1928717000.0,1986992250.0,1928717000.0,8504646239.0,14.0,10.458,193621000.0,2.868,1.0,2659905000.0,0.261,3600724000.0,178690000.0,5708012000.0,5632732500.0,358243000.0,0.0,0.0,0.0,5003450000.0,969242000.0,4034208000.0,5058258239.0,1354000.0,-11042000.0,-806660000.0,410630000.0,0.0,-355859000.0,-100030000.0,0.0,457243000.0,0.0,247219000.0,247219000.0,247219000.0,12650000.0,0.0,0.024,2053650000.0,606255000.0,777722000.0,0.0,2.623,20.461,21.251,1780350000.0,0.0,74.38,0.497,0.494,699612000.0,1085673000.0,10171942000.0,10171942000.0,0.0,0.035,0.124,0.105,0.058,39115000.0,2013791000.0,1.0,68005623.0,67518616,70216880.0,150.654,3331443000.0,111611000.0,166531000.0,495707000.0,49.341,315324000.0
55,DFODQ,MRT,2006-03-31,2006-03-31,2006-03-31,2021-08-25,-13499000.0,7015158000.0,7046318000.0,1416172000.0,5598986000.0,1.449,29.438,-271406000.0,28341000.0,28341000.0,7585895000.0,299977000.0,1.394,2.526,3474729000.0,169814000.0,3304915000.0,3474729000.0,0.0,215922000.0,0.0,0.0,0.0,634530000.0,850452000.0,0.083,850452000.0,634530000.0,465983000.0,4.16,3.98,4.16,1989591000.0,2096486000.0,1989591000.0,8680601539.0,14.0,10.207,108186000.0,1.601,1.0,2623293000.0,0.257,3717868000.0,168547000.0,5727530000.0,5514437250.0,369430000.0,0.0,0.0,0.0,5025567000.0,1016148000.0,4009419000.0,5268886539.0,-86000.0,-9436000.0,-666837000.0,332150000.0,0.0,-258482000.0,-121196000.0,0.0,379592000.0,0.0,299977000.0,299977000.0,299977000.0,-40877000.0,0.0,0.029,2028594000.0,594699000.0,846334000.0,0.0,2.648,17.564,18.668,1881118000.0,0.0,77.66,0.516,0.514,827808000.0,1056805000.0,10209188000.0,10209188000.0,0.0,0.043,0.143,0.115,0.062,40965000.0,1989274000.0,1.0,67845564.0,67585056,71204994.0,151.057,3297290000.0,116536000.0,166006000.0,478901000.0,48.787,400024000.0
56,DFODQ,MRT,2005-12-31,2005-12-31,2005-12-31,2021-08-25,-25933000.0,7050884000.0,7226281000.0,1401193000.0,5649691000.0,1.408,25.938,-278772000.0,24456000.0,24456000.0,7591548000.0,308654000.0,1.366,2.707,3386848000.0,65326000.0,3321522000.0,3386848000.0,0.0,214630000.0,0.0,0.0,0.0,632782000.0,847412000.0,0.083,847412000.0,632782000.0,472552000.0,4.2,4.02,4.2,1902213000.0,2285013750.0,1902213000.0,8129431430.0,13.0,9.593,277004000.0,3.777,1.0,2583170000.0,0.254,3571163000.0,160230000.0,5816179000.0,5446298750.0,355004000.0,0.0,0.0,0.0,5148671000.0,1025934000.0,4122737000.0,5069019430.0,-901000.0,-1378000.0,-642160000.0,153067000.0,0.0,-438957000.0,-117720000.0,0.0,555776000.0,0.0,308654000.0,308654000.0,308654000.0,-53556000.0,0.0,0.03,2003075000.0,580095000.0,926067000.0,0.0,2.665,16.423,17.933,1776801000.0,0.0,75.32,0.498,0.543,818431000.0,1004013000.0,10174718000.0,10174718000.0,0.0,0.043,0.135,0.116,0.062,40067000.0,1961518000.0,1.0,67299780.0,73336661,76719318.0,138.74,3479721000.0,137776000.0,163898000.0,484248000.0,47.449,375259000.0
57,DFODQ,MRT,2005-09-30,2005-09-30,2005-09-30,2021-08-25,-21470000.0,7034026000.0,7402652000.0,1431820000.0,5602206000.0,1.341,28.73,-251338000.0,32381000.0,32381000.0,7383760000.0,309695000.0,1.351,2.306,3092793000.0,66849000.0,3025944000.0,3092793000.0,0.0,208620000.0,0.0,0.0,0.0,619440000.0,828060000.0,0.083,828060000.0,619440000.0,468223000.0,4.14,3.96,4.14,2127448000.0,2475360250.0,2127448000.0,8763573275.0,14.0,10.583,485245000.0,6.553,1.0,2540999000.0,0.256,3755442000.0,151217000.0,5279209000.0,5531558000.0,383753000.0,0.0,0.0,0.0,4906578000.0,1059787000.0,3846791000.0,5809289275.0,33337000.0,178327000.0,-339113000.0,-298985000.0,0.0,-546893000.0,-156353000.0,0.0,736583000.0,0.0,309695000.0,309695000.0,309695000.0,-70125000.0,0.0,0.031,1991650000.0,549349000.0,918245000.0,0.0,2.731,18.758,18.773,1846764000.0,0.0,77.72,0.585,0.58,816093000.0,1123992000.0,9924759000.0,9924759000.0,0.0,0.042,0.125,0.112,0.062,62925000.0,1959277000.0,1.0,74746388.0,74049181,77768247.0,134.029,3278584000.0,138328000.0,158528000.0,607083000.0,44.276,372033000.0
58,DFODQ,MRT,2005-06-30,2005-06-30,2005-06-30,2021-08-25,-24184000.0,7085204000.0,7551447500.0,1384262000.0,5700942000.0,1.316,31.381,-268119000.0,32305000.0,32305000.0,7443338000.0,250503000.0,1.451,1.994,2986589000.0,55702000.0,2930887000.0,2986589000.0,0.0,204242000.0,0.0,0.0,0.0,585353000.0,789595000.0,0.079,789595000.0,585353000.0,397580000.0,3.32,3.18,3.32,2366692000.0,2589605750.0,2366692000.0,8378842012.0,14.0,10.612,496762000.0,6.587,1.0,2495594000.0,0.251,3850750000.0,187773000.0,5234831000.0,5644019000.0,376585000.0,0.0,0.0,0.0,4718512000.0,953907000.0,3764605000.0,5303436012.0,14786000.0,-29284000.0,-243487000.0,-202366000.0,0.0,-363021000.0,-387074000.0,0.0,764881000.0,0.0,250503000.0,250503000.0,250503000.0,-35288000.0,0.0,0.025,1944907000.0,550687000.0,861297000.0,0.0,2.241,21.171,21.229,1850192000.0,0.0,70.48,0.534,0.535,770803000.0,1021125000.0,9938932000.0,9938932000.0,0.0,0.033,0.097,0.104,0.059,54109000.0,1918719000.0,1.0,75247390.0,75416998,78609899.0,131.786,3234454000.0,143359000.0,147077000.0,561795000.0,42.888,430355000.0
59,DFODQ,MRT,2005-03-31,2005-03-31,2005-03-31,2021-08-25,-14111000.0,7735010000.0,7688302250.0,1572749000.0,6162261000.0,1.307,36.626,-283592000.0,29108000.0,29108000.0,7602697000.0,245950000.0,1.373,1.819,3104514000.0,145670000.0,2958844000.0,3104514000.0,0.0,201713000.0,0.0,0.0,0.0,578942000.0,780655000.0,0.078,780655000.0,578942000.0,385731000.0,3.22,3.08,3.22,2743702000.0,2692688000.0,2743702000.0,8380030597.0,14.0,10.735,352885000.0,4.711,1.0,2445019000.0,0.243,4209755000.0,193211000.0,5454976000.0,5648125500.0,492091000.0,0.0,0.0,0.0,4991308000.0,1145685000.0,3845623000.0,5150343597.0,15682000.0,-74420000.0,-253008000.0,27626000.0,0.0,-182809000.0,-437986000.0,0.0,636477000.0,0.0,245950000.0,245950000.0,245950000.0,-41425000.0,0.0,0.024,1906860000.0,538159000.0,963002000.0,0.0,1.877,20.941,21.304,1952506000.0,0.0,68.6,0.513,0.511,841373000.0,1425829000.0,10047716000.0,10047716000.0,0.0,0.032,0.091,0.103,0.058,44921000.0,1883413000.0,1.0,75077895.0,74910791,77831490.0,134.129,3525255000.0,150951000.0,139781000.0,588015000.0,47.059,427064000.0
60,DFODQ,MRT,2004-12-31,2004-12-31,2004-12-31,2021-08-25,-5697000.0,7756368000.0,7613249000.0,1437082000.0,6319286000.0,1.277,34.45,-291158000.0,27407000.0,27407000.0,7338138000.0,253721000.0,1.368,1.912,3251728000.0,141012000.0,3110716000.0,3251728000.0,0.0,202289000.0,0.0,0.0,0.0,583981000.0,786270000.0,0.081,786270000.0,583981000.0,392193000.0,3.28,3.16,3.28,2663599000.0,2675408250.0,2663599000.0,8225230287.0,14.0,10.461,237568000.0,3.073,1.0,2387410000.0,0.245,3773298000.0,191788000.0,6157216000.0,5562850250.0,365403000.0,0.0,0.0,0.0,5092769000.0,1050175000.0,4042594000.0,4910568287.0,-5951000.0,-378164000.0,-235049000.0,409569000.0,0.0,211894000.0,-746571000.0,0.0,528726000.0,0.0,253721000.0,253721000.0,253721000.0,-47514000.0,0.0,0.026,1851665000.0,535745000.0,869163000.0,0.0,1.844,19.354,20.091,1813284000.0,0.0,65.9,0.505,0.524,828754000.0,1359632000.0,9725548000.0,9725548000.0,0.0,0.033,0.095,0.105,0.06,48193000.0,1827884000.0,1.0,74515452.0,77317990,80352288.0,125.786,3983070000.0,143079000.0,138472000.0,523540000.0,51.515,386907000.0
61,DFODQ,MRT,2004-09-30,2004-09-30,2004-09-30,2021-08-25,-19119000.0,7629208000.0,7422291000.0,1595888000.0,6033320000.0,1.263,33.151,-309030000.0,11696000.0,11696000.0,7151248000.0,273048000.0,1.482,1.952,3326358000.0,134658000.0,3191700000.0,3326358000.0,0.0,188129000.0,0.0,0.0,0.0,588524000.0,776653000.0,0.083,776653000.0,588524000.0,390640000.0,3.48,3.38,3.48,2584430000.0,2645211750.0,2584430000.0,7827247539.0,13.0,10.078,145533000.0,1.867,1.0,2225082000.0,0.237,4137770000.0,197884000.0,5729053000.0,5210649750.0,543008000.0,0.0,0.0,0.0,5044778000.0,1077047000.0,3967731000.0,4737905539.0,-5332000.0,-539895000.0,-228730000.0,670584000.0,0.0,437930000.0,-897825000.0,0.0,454563000.0,0.0,273048000.0,273048000.0,273048000.0,-96267000.0,0.0,0.029,1734059000.0,491023000.0,942389000.0,0.0,1.833,17.352,17.253,1895550000.0,0.0,60.04,0.505,0.499,819466000.0,1260763000.0,9376330000.0,9376330000.0,0.0,0.037,0.103,0.113,0.063,21247000.0,1705512000.0,1.0,78912484.0,77960294,81050463.0,120.271,3491438000.0,158729000.0,117592000.0,507853000.0,44.785,518841000.0
62,DFODQ,MRT,2004-06-30,2004-06-30,2004-06-30,2021-08-25,-24369000.0,7632623000.0,7201855000.0,1605482000.0,6027141000.0,1.264,35.327,-282713000.0,29617000.0,29617000.0,6886625000.0,355018000.0,1.217,1.747,3118959000.0,300020000.0,2818939000.0,3118959000.0,0.0,186314000.0,0.0,0.0,0.0,689987000.0,876301000.0,0.096,876301000.0,689987000.0,520690000.0,4.54,4.4,4.54,2779021000.0,2618392500.0,2779021000.0,8874076530.0,13.0,10.127,150345000.0,1.911,1.0,2212975000.0,0.243,4151712000.0,169297000.0,5251257000.0,4883695750.0,517484000.0,0.0,0.0,0.0,4853602000.0,1318996000.0,3534606000.0,5861883530.0,4538000.0,-442175000.0,21348000.0,320567000.0,0.0,338012000.0,-766532000.0,0.0,433058000.0,0.0,355018000.0,355018000.0,355018000.0,-93901000.0,0.0,0.039,1620383000.0,592592000.0,991027000.0,0.0,2.109,16.512,16.436,1875429000.0,0.0,74.62,0.644,0.645,860890000.0,1220571000.0,9099600000.0,9099600000.0,0.0,0.049,0.136,0.141,0.076,25907000.0,1667752000.0,1.0,78556466.0,78665594,81817166.0,115.674,3480911000.0,138381000.0,165672000.0,463442000.0,44.249,286486000.0
63,DFODQ,MRT,2004-03-31,2004-03-31,2004-03-31,2021-08-25,-33607000.0,7434797000.0,6957037750.0,1481231000.0,5953566000.0,1.25,34.266,-278637000.0,27124000.0,27124000.0,6480790000.0,361734000.0,1.237,1.78,3039317000.0,180630000.0,2858687000.0,3039317000.0,0.0,184804000.0,0.0,0.0,0.0,707844000.0,892648000.0,0.103,892648000.0,707844000.0,538269000.0,4.76,4.54,4.76,2674583000.0,2505051000.0,2674583000.0,7988125977.0,11.0,8.949,272205000.0,3.487,1.0,2217468000.0,0.255,4135580000.0,169575000.0,5113875000.0,4711336000.0,494009000.0,0.0,0.0,0.0,4760214000.0,1197535000.0,3562679000.0,5243754977.0,2812000.0,-449017000.0,25859000.0,188851000.0,0.0,211981000.0,-760011000.0,0.0,550842000.0,0.0,361734000.0,361734000.0,361734000.0,-80164000.0,0.0,0.042,1587615000.0,629853000.0,976960000.0,0.0,1.961,14.496,14.034,1817986000.0,0.0,66.8,0.603,0.599,763055000.0,1143498000.0,8698258000.0,8698258000.0,0.0,0.052,0.144,0.15,0.081,26803000.0,1632139000.0,1.0,78499326.0,78052736,81365143.0,111.441,3299217000.0,140816000.0,176535000.0,451649000.0,42.269,283696000.0
64,DFODQ,MRT,2003-12-31,2003-12-31,2003-12-31,2021-08-25,-31020000.0,6992536000.0,6741091750.0,1400881000.0,5591655000.0,1.245,35.025,-259769000.0,47143000.0,47143000.0,6214729000.0,355703000.0,1.197,1.75,2791514000.0,180158000.0,2611356000.0,2791514000.0,0.0,176668000.0,0.0,0.0,0.0,703207000.0,879875000.0,0.105,879875000.0,703207000.0,529262000.0,4.9,4.54,4.9,2542813000.0,2246350750.0,2542813000.0,7740395552.0,11.0,8.797,265001000.0,3.65,1.0,2176256000.0,0.259,3818100000.0,173945000.0,4748414000.0,4563329000.0,426478000.0,0.0,0.0,0.0,4449723000.0,1170393000.0,3279330000.0,5128586552.0,3715000.0,-144047000.0,-104251000.0,22098000.0,0.0,-84882000.0,-436173000.0,0.0,524770000.0,0.0,355703000.0,355703000.0,355703000.0,-80164000.0,0.0,0.042,1541823000.0,634433000.0,924707000.0,0.0,2.017,14.418,13.416,1773555000.0,0.0,65.74,0.611,0.569,742934000.0,1074258000.0,8390985000.0,8390985000.0,0.0,0.053,0.158,0.154,0.084,26380000.0,1595150000.0,1.0,78013182.0,72600706,80347835.0,115.577,3174436000.0,137055000.0,173559000.0,453679000.0,43.725,230488000.0
65,DFODQ,MRT,2003-09-30,2003-09-30,2003-09-30,2021-08-25,-40183000.0,6747464000.0,6638524250.0,1364827000.0,5382637000.0,1.343,31.945,-279982000.0,19980000.0,19980000.0,6538668000.0,332274000.0,1.093,1.724,2631789000.0,188274000.0,2443515000.0,2631789000.0,0.0,184781000.0,0.0,0.0,0.0,714989000.0,899770000.0,0.101,899770000.0,714989000.0,530035000.0,4.7,4.22,4.7,2477153000.0,2021470750.0,2477153000.0,7554028074.0,11.0,8.396,279927000.0,3.61,1.0,2375905000.0,0.267,3689056000.0,184954000.0,4421237000.0,4483388000.0,468314000.0,0.0,0.0,0.0,4270311000.0,1248980000.0,3021331000.0,4803526074.0,-19546000.0,166047000.0,-151004000.0,-307786000.0,0.0,-464097000.0,-115358000.0,0.0,559909000.0,0.0,332274000.0,332274000.0,332274000.0,7937000.0,0.0,0.037,1621407000.0,754498000.0,988685000.0,0.0,1.939,14.457,13.204,1693581000.0,0.0,62.06,0.539,0.54,678220000.0,987715000.0,8914573000.0,8914573000.0,0.0,0.05,0.164,0.159,0.08,36604000.0,1671086000.0,1.0,77401322.0,77545116,80544446.0,114.96,3058408000.0,140109000.0,197761000.0,444114000.0,39.44,115847000.0
66,DFODQ,MRT,2003-06-30,2003-06-30,2003-06-30,2021-08-25,-54827000.0,6653354000.0,6664854250.0,1280433000.0,5372921000.0,1.326,33.348,-273366000.0,28003000.0,28003000.0,6461663000.0,278811000.0,1.105,1.861,2778505000.0,175475000.0,2603030000.0,2778505000.0,0.0,180426000.0,0.0,0.0,0.0,630691000.0,811117000.0,0.092,811117000.0,630691000.0,443217000.0,4.14,3.72,4.14,2325655000.0,1836534750.0,2325655000.0,7027479590.0,11.0,8.664,311972000.0,4.473,1.0,2375788000.0,0.269,3683745000.0,187474000.0,4561818000.0,4538039250.0,423801000.0,0.0,0.0,0.0,4327699000.0,1158293000.0,3169406000.0,4250918590.0,-29789000.0,86455000.0,-141720000.0,-278364000.0,0.0,-425391000.0,-189736000.0,0.0,585338000.0,0.0,278811000.0,278811000.0,278811000.0,7245000.0,0.0,0.032,1695918000.0,679870000.0,925179000.0,0.0,1.828,15.247,15.217,1689176000.0,0.0,63.0,0.481,0.497,621122000.0,865552000.0,8837451000.0,8837451000.0,0.0,0.042,0.152,0.139,0.071,29694000.0,1675706000.0,1.0,67474898.0,69738538,80379137.0,126.723,2969609000.0,148395000.0,164406000.0,394567000.0,42.582,122140000.0
67,DFODQ,MRT,2003-03-31,2003-03-31,2003-03-31,2021-08-25,-50679000.0,6571013000.0,6712246500.0,1280607000.0,5290406000.0,1.327,25.172,-255154000.0,26780000.0,26780000.0,6535030000.0,268248000.0,1.085,3.007,2803341000.0,185228000.0,2618113000.0,2803341000.0,0.0,174738000.0,0.0,0.0,0.0,621535000.0,796273000.0,0.089,796273000.0,621535000.0,427499000.0,4.02,3.6,4.02,1639782000.0,1667625000.0,1639782000.0,6672995358.0,11.0,8.38,382005000.0,5.864,1.0,2375092000.0,0.267,3645137000.0,194036000.0,4521847000.0,4590601000.0,418403000.0,0.0,0.0,0.0,4931231000.0,1180590000.0,3750641000.0,3990967358.0,7393000.0,-60972000.0,-150423000.0,-155920000.0,0.0,-309230000.0,-320536000.0,0.0,637159000.0,0.0,268248000.0,268248000.0,268248000.0,8049000.0,0.0,0.03,1701314000.0,673778000.0,952644000.0,0.0,2.434,14.878,14.232,1645269000.0,0.0,57.213,0.448,0.418,629425000.0,781764000.0,8910122000.0,8910122000.0,0.0,0.04,0.161,0.135,0.07,25263000.0,1677989000.0,1.0,69755896.0,65144089,79650471.0,136.776,2925876000.0,151347000.0,159251000.0,355923000.0,44.914,100017000.0
68,DFODQ,MRT,2002-12-31,2002-12-31,2002-12-31,2021-08-25,-55705000.0,6582266000.0,6718912500.0,1311146000.0,5271120000.0,1.338,24.339,-235217000.0,45896000.0,45896000.0,6642773000.0,175416000.0,1.099,3.006,2727924000.0,173442000.0,2554482000.0,2727924000.0,0.0,173994000.0,0.0,0.0,0.0,526089000.0,700083000.0,0.078,700083000.0,526089000.0,328404000.0,2.6,2.42,2.6,1643293000.0,1648324750.0,1643293000.0,6239844747.0,12.0,8.913,420547000.0,6.229,1.0,2348691000.0,0.261,3642696000.0,197685000.0,4428650000.0,4674216000.0,400347000.0,0.0,0.0,0.0,4938973000.0,1192948000.0,3746025000.0,3385989747.0,-28834000.0,-73836000.0,-12223000.0,-355297000.0,0.0,-370407000.0,-314191000.0,0.0,655764000.0,0.0,175416000.0,175416000.0,175416000.0,7352000.0,0.0,0.02,1686084000.0,662607000.0,981018000.0,0.0,2.06,19.303,19.026,1628424000.0,0.0,49.467,0.377,0.371,656938000.0,718555000.0,8991464000.0,8991464000.0,0.0,0.026,0.106,0.113,0.059,13923000.0,1659259000.0,1.0,68449928.0,67515637,81581952.0,133.176,2939570000.0,158337000.0,152988000.0,332744000.0,43.539,118198000.0
69,DFODQ,MRT,2002-09-30,2002-09-30,2002-09-30,2021-08-25,-29746000.0,6852784000.0,6746320250.0,1365122000.0,5487662000.0,1.215,25.577,-183967000.0,49153000.0,49153000.0,6109529000.0,136035000.0,1.126,2.944,2903008000.0,161955000.0,2741053000.0,2903008000.0,0.0,163781000.0,0.0,0.003,0.15,447827000.0,611608000.0,0.075,611608000.0,447827000.0,270752000.0,2.18,2.173,2.18,1737409000.0,1606471500.0,1737409000.0,6556462682.0,15.0,10.72,378398000.0,5.571,1.0,2085818000.0,0.255,3853961000.0,177075000.0,4639842000.0,4828667500.0,435700000.0,0.0,0.0,0.0,5115375000.0,1212836000.0,3902539000.0,3597478682.0,15015000.0,-1312040000.0,88664000.0,921261000.0,0.0,960183000.0,-1507533000.0,0.0,562365000.0,0.0,136035000.0,136035000.0,136035000.0,-4176000.0,0.0,0.017,1495215000.0,590603000.0,1022703000.0,0.069,2.071,26.445,24.33,1633701000.0,0.0,53.04,0.439,0.44,689238000.0,693108000.0,8195347000.0,8195347000.0,0.0,0.02,0.085,0.093,0.055,9319000.0,1474558000.0,1.0,67825767.0,67927784,81788168.0,120.648,2998823000.0,107668000.0,134717000.0,360786000.0,44.147,152286000.0
70,DFODQ,MRT,2002-06-30,2002-06-30,2002-06-30,2021-08-25,-26962000.0,6842923000.0,5991318750.0,1381291000.0,5461632000.0,1.254,24.431,-161701000.0,67350000.0,67350000.0,5668658000.0,96758000.0,1.162,3.147,3026334000.0,139422000.0,2886912000.0,3026334000.0,0.0,157626000.0,0.0,0.006,0.3,362882000.0,520508000.0,0.069,520508000.0,362882000.0,210875000.0,1.867,1.78,1.867,1650016000.0,1216869250.0,1650016000.0,6263169384.0,17.0,12.033,300399000.0,4.448,1.0,1844748000.0,0.246,3841513000.0,152007000.0,4772065000.0,4280041250.0,415979000.0,0.0,0.0,0.0,5192907000.0,1188329000.0,4004578000.0,3357259384.0,36104000.0,-1342369000.0,85301000.0,1054591000.0,0.0,1086283000.0,-1512279000.0,0.0,462100000.0,0.0,96758000.0,96758000.0,96758000.0,-3484000.0,0.0,0.013,1322231000.0,522517000.0,988198000.0,0.161,2.035,34.697,26.638,1620119000.0,0.0,49.733,0.447,0.447,725103000.0,624409000.0,7513406000.0,7513406000.0,0.0,0.016,0.08,0.085,0.048,9319000.0,1295684000.0,1.0,67505216.0,67537368,81741530.0,111.248,3001410000.0,105028000.0,114117000.0,345304000.0,44.441,192962000.0
71,DFODQ,MRT,2002-03-31,2002-03-31,2002-03-31,2021-08-25,-29208000.0,6597677000.0,5220830000.0,1419887000.0,5177790000.0,1.29,23.442,-138075000.0,22736000.0,22736000.0,5137819000.0,58135000.0,1.27,3.222,2928646000.0,120229000.0,2808417000.0,2928646000.0,0.0,153991000.0,0.0,0.009,0.45,279573000.0,433564000.0,0.064,433564000.0,279573000.0,152535000.0,1.627,1.553,1.627,1562581000.0,837344250.0,1562581000.0,3386324782.0,12.0,7.81,188424000.0,2.827,1.0,1597885000.0,0.237,3529278000.0,127038000.0,4856307000.0,3683238750.0,432352000.0,0.0,0.0,0.0,5035096000.0,1118002000.0,3917094000.0,2128079782.0,-452000.0,-1159417000.0,82541000.0,951592000.0,0.0,978029000.0,-1304980000.0,0.0,326499000.0,0.0,58135000.0,58135000.0,58135000.0,-4288000.0,0.0,0.009,1150840000.0,447045000.0,993133000.0,0.277,1.362,36.606,31.026,1648512000.0,0.0,50.48,0.316,0.5,777026000.0,551182000.0,6735704000.0,6735704000.0,0.0,0.011,0.069,0.076,0.042,9319000.0,1117973000.0,1.0,42156890.0,66657158,80927218.0,101.05,3068399000.0,129782000.0,94400000.0,295022000.0,46.033,301885000.0
72,DFODQ,MRT,2001-12-31,2001-12-31,2001-12-31,2021-08-25,-29843000.0,6691897000.0,4507342500.0,1438467000.0,5253430000.0,1.326,34.951,-128527000.0,74730000.0,74730000.0,4574258000.0,109830000.0,1.235,3.534,3068497000.0,96972000.0,2971525000.0,3068497000.0,0.0,145898000.0,0.0,0.013,0.6,293810000.0,439708000.0,0.074,439708000.0,293810000.0,189990000.0,2.6,2.38,2.6,1475880000.0,471533500.0,1475880000.0,3174978243.0,11.0,7.221,179400000.0,4.248,1.0,1400297000.0,0.234,3474275000.0,103820000.0,5046456000.0,3061870000.0,425913000.0,0.0,0.0,0.0,5216017000.0,1164933000.0,4051084000.0,1916733243.0,44870000.0,-1146077000.0,44541000.0,1030390000.0,0.0,1017443000.0,-1280500000.0,0.0,307927000.0,0.0,109830000.0,109830000.0,109830000.0,-3592000.0,0.0,0.018,1015184000.0,385113000.0,1035326000.0,0.231,1.299,17.452,17.487,1611358000.0,0.0,45.467,0.321,0.321,752503000.0,543139000.0,5974555000.0,5974555000.0,0.0,0.024,0.233,0.096,0.049,9319000.0,971579000.0,1.0,42156890.0,42227097,55338111.0,141.486,3217622000.0,127215000.0,80160000.0,313864000.0,76.198,273534000.0
73,DFODQ,MRT,2001-09-30,2001-09-30,2001-09-30,2021-08-25,-24807000.0,3832778000.0,3779487750.0,894454000.0,2938324000.0,1.524,4.283,-124358000.0,25761000.0,25761000.0,4413644000.0,114531000.0,1.244,17.532,1284006000.0,164919000.0,1119087000.0,1284006000.0,0.0,135420000.0,0.0,0.014,0.6,302240000.0,437660000.0,0.076,437660000.0,302240000.0,201793000.0,2.773,2.493,2.773,179000000.0,123560250.0,179000000.0,3004595200.0,10.0,6.865,164546000.0,3.937,1.0,1348024000.0,0.234,1926679000.0,100447000.0,2445337000.0,2411243750.0,209616000.0,0.0,0.0,0.0,3138306000.0,719007000.0,2419299000.0,1755959200.0,-13938000.0,-94879000.0,24520000.0,-73127000.0,0.0,-70868000.0,-231974000.0,0.0,288904000.0,0.0,114531000.0,114531000.0,114531000.0,-3636000.0,0.0,0.02,978980000.0,369044000.0,543076000.0,0.216,9.81,15.332,15.18,1011645000.0,0.0,42.093,0.305,0.305,540791000.0,519405000.0,5761668000.0,5761668000.0,0.0,0.03,0.927,0.125,0.052,0.0,920741000.0,1.0,41715850.0,41791098,54905950.0,137.868,1906099000.0,62112000.0,87262000.0,150598000.0,45.61,175447000.0
74,DFODQ,MRT,2001-06-30,2001-06-30,2001-06-30,2021-08-25,-16224000.0,3760968000.0,3742232000.0,818918000.0,2942050000.0,1.511,3.191,-119959000.0,22938000.0,22938000.0,4303836000.0,116298000.0,1.188,23.536,1271574000.0,136011000.0,1135563000.0,1271574000.0,0.0,135771000.0,0.0,0.017,0.6,312954000.0,448725000.0,0.079,448725000.0,312954000.0,206778000.0,2.82,2.54,2.82,131916000.0,92838250.0,131916000.0,2738365244.0,9.0,6.103,191285000.0,4.627,1.0,1349994000.0,0.239,1935678000.0,106176000.0,2384855000.0,2414446000.0,194465000.0,0.0,0.0,0.0,3104781000.0,689071000.0,2415710000.0,1460176244.0,-43068000.0,-81872000.0,-58029000.0,-53602000.0,0.0,-139258000.0,-215054000.0,0.0,311244000.0,0.0,116298000.0,116298000.0,116298000.0,-3636000.0,0.0,0.021,984122000.0,365872000.0,544278000.0,0.213,11.069,12.555,12.553,1006372000.0,0.0,35.4,0.258,0.259,500815000.0,489983000.0,5653830000.0,5653830000.0,0.0,0.031,1.253,0.13,0.055,0.0,925081000.0,1.0,41247916.0,41340452,54170638.0,136.763,1825290000.0,57753000.0,90480000.0,138580000.0,44.153,129847000.0
75,DFODQ,MRT,2001-03-31,2001-03-31,2001-03-31,2021-08-25,-15707000.0,3743727000.0,3721048500.0,790944000.0,2952783000.0,1.497,2.421,-117058000.0,21089000.0,21089000.0,4214025000.0,115228000.0,1.129,31.527,1299278000.0,135940000.0,1163338000.0,1299278000.0,0.0,136353000.0,0.0,0.014,0.45,314582000.0,450935000.0,0.081,450935000.0,314582000.0,207426000.0,2.753,2.5,2.753,99338000.0,86261250.0,99338000.0,2637090848.0,8.0,5.848,191492000.0,4.667,1.0,1356618000.0,0.244,1950352000.0,107156000.0,2370832000.0,2419410750.0,188180000.0,0.0,0.0,0.0,3131812000.0,700732000.0,2431080000.0,1306072848.0,-8120000.0,-108509000.0,-100637000.0,51158000.0,0.0,-79370000.0,-237300000.0,0.0,308550000.0,0.0,115228000.0,115228000.0,115228000.0,-3636000.0,0.0,0.021,990332000.0,366286000.0,561486000.0,0.163,13.148,11.335,11.645,1002431000.0,0.0,32.06,0.234,0.236,503723000.0,455380000.0,5570643000.0,5570643000.0,0.0,0.031,1.336,0.13,0.056,0.0,930587000.0,1.0,40738392.0,41032830,53677275.0,135.761,1793375000.0,52657000.0,92198000.0,128916000.0,43.706,90212000.0
76,DFODQ,MRT,2000-12-31,2000-12-31,2000-12-31,2021-08-25,-1111000.0,3780478000.0,3692191500.0,817931000.0,2962547000.0,1.49,1.986,-121250000.0,31110000.0,31110000.0,4150170000.0,118719000.0,1.169,37.883,1353269000.0,128224000.0,1225045000.0,1353269000.0,0.0,135872000.0,0.0,0.009,0.3,315505000.0,451377000.0,0.082,451377000.0,315505000.0,208430000.0,2.8,2.54,2.8,83987000.0,88687000.0,83987000.0,2634646544.0,8.0,5.837,179726000.0,4.25,1.0,1349542000.0,0.245,1958778000.0,107075000.0,2443951000.0,2412700500.0,186713000.0,0.0,0.0,0.0,3181646000.0,699908000.0,2481738000.0,1303628544.0,9253000.0,-246919000.0,-120012000.0,337049000.0,0.0,88530000.0,-380253000.0,0.0,300976000.0,0.0,118719000.0,118719000.0,118719000.0,-3636000.0,0.0,0.022,990821000.0,358721000.0,567342000.0,0.107,15.522,10.981,11.429,1003769000.0,0.0,32.0,0.237,0.246,519318000.0,433309000.0,5499712000.0,5499712000.0,0.0,0.032,1.339,0.131,0.057,0.0,930798000.0,1.0,40738392.0,42292564,55006896.0,130.04,1821700000.0,58559000.0,89711000.0,127956000.0,43.074,118023000.0
77,DFODQ,MRT,2000-09-30,2000-09-30,2000-09-30,2021-08-25,-4398000.0,3683755000.0,3411802500.0,780255000.0,2903500000.0,1.582,1.354,-130694000.0,42997000.0,42997000.0,4089889000.0,116547000.0,1.241,55.592,1374015000.0,91494000.0,1282521000.0,1374015000.0,0.0,141193000.0,0.0,0.004,0.15,296191000.0,437384000.0,0.081,437384000.0,296191000.0,203448000.0,2.687,2.453,2.687,56112000.0,178245750.0,56112000.0,2696945768.0,9.0,6.166,106071000.0,2.56,1.0,1306462000.0,0.242,1927873000.0,92743000.0,2458146000.0,2203134750.0,181484000.0,0.0,0.0,0.0,3119360000.0,628754000.0,2490606000.0,1421879768.0,-3772000.0,-197190000.0,-236039000.0,430745000.0,0.0,80714000.0,-321251000.0,0.0,236765000.0,0.0,116547000.0,116547000.0,116547000.0,0.0,0.0,0.022,965531000.0,340931000.0,525647000.0,0.056,25.34,12.2,12.668,975627000.0,0.0,34.04,0.263,0.261,479688000.0,404874000.0,5396351000.0,5396351000.0,0.0,0.034,0.654,0.134,0.055,0.0,908811000.0,1.0,41770851.0,41435892,54296568.0,130.234,1755882000.0,53080000.0,86901000.0,99336000.0,42.376,151501000.0
78,DFODQ,MRT,2000-06-30,2000-06-30,2000-06-30,2021-08-25,-1093000.0,3676234000.0,3182424500.0,767638000.0,2908596000.0,1.583,2.436,-138262000.0,69304000.0,69304000.0,3838672000.0,115807000.0,1.232,29.096,1344370000.0,64510000.0,1279860000.0,1344370000.0,0.0,129504000.0,0.0,0.0,0.0,271236000.0,400740000.0,0.08,400740000.0,271236000.0,199046000.0,2.533,2.333,2.533,105608000.0,294615750.0,105608000.0,2647858921.0,10.0,6.607,143350000.0,3.307,1.0,1199792000.0,0.238,1923283000.0,72190000.0,2404714000.0,1947679750.0,173656000.0,0.0,0.0,0.0,3072802000.0,623303000.0,2449499000.0,1419343921.0,29172000.0,106616000.0,-232761000.0,120071000.0,0.0,-226367000.0,-26073000.0,0.0,281612000.0,0.0,115807000.0,115807000.0,115807000.0,0.0,0.0,0.023,887126000.0,312666000.0,557584000.0,0.0,13.44,12.256,12.862,985313000.0,0.0,32.58,0.282,0.28,476353000.0,373685000.0,5038464000.0,5038464000.0,0.0,0.036,0.393,0.139,0.054,0.0,832073000.0,1.0,43564884.0,43344860,55983678.0,116.241,1752951000.0,30541000.0,83239000.0,64321000.0,40.442,144335000.0
79,DFODQ,MRT,2000-03-31,2000-03-31,2000-03-31,2021-08-25,-816000.0,3628299000.0,3056758250.0,754768000.0,2873531000.0,1.545,2.501,-154417000.0,32507000.0,32507000.0,3620431000.0,114421000.0,1.24,27.765,1261022000.0,24277000.0,1236745000.0,1261022000.0,0.0,123310000.0,0.0,0.0,0.0,252563000.0,375873000.0,0.08,375873000.0,252563000.0,192052000.0,2.393,2.22,2.393,109041000.0,409232500.0,109041000.0,1979353903.0,8.0,5.266,122869000.0,2.818,1.0,1102523000.0,0.233,1903924000.0,60511000.0,2343991000.0,1881077750.0,190419000.0,0.0,0.0,0.0,3027508000.0,608899000.0,2418609000.0,1292440903.0,-25480000.0,56917000.0,-199419000.0,92778000.0,0.0,-206576000.0,-96190000.0,0.0,277286000.0,0.0,114421000.0,114421000.0,114421000.0,0.0,0.0,0.024,811014000.0,291509000.0,571717000.0,0.0,11.853,11.295,11.213,969607000.0,0.0,26.833,0.274,0.248,484674000.0,340152000.0,4722954000.0,4722954000.0,0.0,0.037,0.28,0.134,0.053,0.0,755396000.0,1.0,48165500.0,43607200,56417208.0,108.307,1724375000.0,29491000.0,77631000.0,63870000.0,39.543,145869000.0
80,DFODQ,MRT,1999-12-31,1999-12-31,1999-12-31,2021-08-25,-6438000.0,2658922000.0,2919983500.0,639407000.0,2019515000.0,1.535,8.972,-187642000.0,25155000.0,25155000.0,3487075000.0,109731000.0,1.335,4.692,712068000.0,22671000.0,689397000.0,712068000.0,0.0,116645000.0,0.0,0.0,0.0,234427000.0,351072000.0,0.078,351072000.0,234427000.0,185194000.0,2.227,2.087,2.227,442222000.0,518450000.0,442222000.0,1796685385.0,8.0,5.118,95863000.0,1.945,1.0,994924000.0,0.222,1261030000.0,49233000.0,1605688000.0,1804469750.0,182321000.0,0.0,0.0,0.0,2074950000.0,479117000.0,1595833000.0,1236166385.0,-29767000.0,147275000.0,-182079000.0,-92070000.0,0.0,-275288000.0,-37984000.0,0.0,283505000.0,0.0,109731000.0,109731000.0,109731000.0,0.0,0.0,0.024,718050000.0,276874000.0,441792000.0,0.0,2.795,11.265,11.86,758485000.0,0.0,26.413,0.276,0.29,379070000.0,314590000.0,4481999000.0,4481999000.0,0.0,0.038,0.212,0.13,0.052,0.0,666971000.0,1.0,46800848.0,49291827,64287738.0,90.928,1397892000.0,30519000.0,75463000.0,60977000.0,28.36,160290000.0
81,DFODQ,MRT,1999-09-30,1999-09-30,1999-09-30,2021-08-25,1198000.0,2766243000.0,3008698750.0,734940000.0,2031303000.0,1.444,10.329,-206423000.0,62184000.0,62184000.0,3383170000.0,110542000.0,1.218,4.009,622703000.0,49573000.0,573130000.0,622703000.0,0.0,116941000.0,0.0,0.0,0.0,238593000.0,355534000.0,0.082,355534000.0,238593000.0,182850000.0,2.18,2.027,2.18,521592000.0,539393500.0,521592000.0,2245252762.0,9.0,6.315,120478000.0,2.386,1.0,962515000.0,0.221,1286865000.0,55743000.0,1436326000.0,1898005500.0,208765000.0,0.0,0.0,0.0,2091045000.0,603571000.0,1487474000.0,1265404762.0,14696000.0,102744000.0,-84022000.0,-128005000.0,0.0,-208225000.0,-103980000.0,0.0,326901000.0,0.0,110542000.0,110542000.0,110542000.0,0.0,0.0,0.025,684726000.0,277789000.0,520049000.0,0.0,2.426,11.447,11.468,743282000.0,0.0,25.0,0.291,0.291,413493000.0,288327000.0,4345685000.0,4345685000.0,0.0,0.037,0.205,0.126,0.055,0.0,638475000.0,1.0,50616190.0,50498667,65462684.0,86.055,1479378000.0,26124000.0,72308000.0,71091000.0,29.295,131369000.0
82,DFODQ,MRT,1999-06-30,1999-06-30,1999-06-30,2021-08-25,-1713000.0,3173569000.0,3008679750.0,788287000.0,2385282000.0,1.407,11.149,-216914000.0,57338000.0,57338000.0,3296069000.0,108406000.0,1.394,4.372,1037186000.0,61557000.0,975629000.0,1037186000.0,0.0,118174000.0,0.0,0.0,0.0,238759000.0,356933000.0,0.084,356933000.0,238759000.0,177346000.0,2.127,1.98,2.127,564075000.0,564251750.0,564075000.0,2325465557.0,10.0,6.515,21140000.0,0.418,1.0,935660000.0,0.221,1449690000.0,61413000.0,2138306000.0,1995492250.0,231789000.0,8612000.0,8612000.0,0.0,2466139000.0,565421000.0,1900718000.0,1414344557.0,-4971000.0,-305652000.0,-40303000.0,312983000.0,0.0,281512000.0,-524537000.0,0.0,238054000.0,0.0,108331000.0,108331000.0,108331000.0,0.0,75000.0,0.026,655814000.0,279846000.0,484193000.0,0.0,2.507,13.056,13.126,934349000.0,0.0,27.92,0.334,0.334,428557000.0,257879000.0,4231729000.0,4231729000.0,0.0,0.036,0.192,0.12,0.056,0.0,612672000.0,1.0,50657040.0,50595522,65708630.0,83.638,1723879000.0,32600000.0,69015000.0,60163000.0,34.072,222866000.0
83,DFODQ,MRT,1999-03-31,1999-03-31,1999-03-31,2021-08-25,1065000.0,3081200000.0,2856654500.0,799376000.0,2281824000.0,1.359,10.818,-214015000.0,67901000.0,67901000.0,3022387000.0,137587000.0,1.404,4.403,979022000.0,55292000.0,923730000.0,979022000.0,0.0,106352000.0,0.0,0.0,0.0,256308000.0,362660000.0,0.093,362660000.0,256308000.0,201685000.0,2.747,2.427,2.747,545911000.0,573354500.0,545911000.0,2013781303.0,8.0,5.553,27084000.0,0.537,1.0,858618000.0,0.221,1385545000.0,54623000.0,2037559000.0,1845818750.0,229062000.0,8111000.0,8111000.0,0.0,2403660000.0,569217000.0,1834443000.0,1135734303.0,-26038000.0,-227366000.0,-24194000.0,203815000.0,0.0,178214000.0,-445351000.0,0.0,241099000.0,0.0,137437000.0,137437000.0,137437000.0,0.0,150000.0,0.035,596075000.0,262543000.0,504296000.0,0.0,2.08,8.264,8.176,893845000.0,0.0,22.46,0.293,0.292,447749000.0,225732000.0,3881005000.0,3881005000.0,0.0,0.048,0.24,0.139,0.066,0.0,560410000.0,1.0,50566977.0,50463222,54309978.0,76.908,1695655000.0,32668000.0,64248000.0,44332000.0,33.602,230159000.0
84,DFODQ,MRT,1998-12-31,1998-12-31,1998-12-31,2021-08-25,4346000.0,3013783000.0,2573041500.0,813899000.0,2199884000.0,1.291,10.641,-176870000.0,54922000.0,54922000.0,2557908000.0,131606000.0,1.456,4.483,932969000.0,39892000.0,893077000.0,932969000.0,0.0,91779000.0,0.0,0.0,0.0,243274000.0,335053000.0,0.101,335053000.0,243274000.0,191192000.0,2.653,2.387,2.653,525996000.0,537532250.0,525996000.0,2630009941.0,11.0,7.85,29543000.0,0.598,1.0,763032000.0,0.23,1352928000.0,52082000.0,1979831000.0,1637057500.0,223338000.0,9216000.0,9216000.0,0.0,2358012000.0,559071000.0,1798941000.0,1783706941.0,30534000.0,-438669000.0,-11934000.0,-117900000.0,0.0,452313000.0,-628192000.0,0.0,206413000.0,0.0,131369000.0,131369000.0,131369000.0,3161000.0,237000.0,0.04,520576000.0,242456000.0,500303000.0,0.0,3.391,13.578,12.801,846956000.0,0.0,33.96,0.537,0.505,452185000.0,204859000.0,3320940000.0,3320940000.0,0.0,0.051,0.244,0.149,0.073,0.0,489097000.0,1.0,52523762.0,49429935,62948346.0,67.185,1660855000.0,48314000.0,59823000.0,47578000.0,33.6,254828000.0
85,DFODQ,MRT,1998-09-30,1998-09-30,1998-09-30,2021-08-25,9935000.0,2766167000.0,2170461250.0,735092000.0,2031075000.0,1.326,11.953,-138111000.0,32073000.0,32073000.0,2206613000.0,78540000.0,1.458,3.414,878376000.0,47413000.0,830963000.0,878376000.0,0.0,78173000.0,0.0,0.0,0.0,185866000.0,264039000.0,0.092,264039000.0,185866000.0,136602000.0,1.513,1.273,1.513,621025000.0,495860750.0,621025000.0,1747966375.0,9.0,6.62,11287000.0,0.217,1.0,671397000.0,0.233,1282110000.0,49264000.0,1826273000.0,1476001500.0,221619000.0,27395000.0,27395000.0,0.0,2120349000.0,504087000.0,1616262000.0,1085511375.0,9192000.0,-398859000.0,9361000.0,-95108000.0,0.0,436899000.0,-577105000.0,0.0,149398000.0,0.0,78228000.0,78228000.0,78228000.0,4866000.0,312000.0,0.027,489100000.0,182297000.0,446589000.0,0.0,1.748,13.876,13.77,746438000.0,0.0,20.833,0.377,0.376,411240000.0,177786000.0,2878010000.0,2878010000.0,0.0,0.036,0.158,0.126,0.065,0.0,425129000.0,1.0,52104546.0,51957638,67775268.0,55.391,1484057000.0,28227000.0,58374000.0,25326000.0,28.563,231005000.0
86,DFODQ,MRT,1998-06-30,1998-06-30,1998-06-30,2021-08-25,0.0,2565468000.0,,660263000.0,1905205000.0,,12.311,-106327000.0,45103000.0,45103000.0,1844478000.0,69938000.0,1.425,3.23,707558000.0,52678000.0,654880000.0,707558000.0,0.0,61784000.0,0.0,0.0,0.0,167888000.0,229672000.0,0.095,229672000.0,167888000.0,120000000.0,1.4,1.173,1.4,600486000.0,,600486000.0,2357142631.0,14.0,10.263,67709000.0,1.388,1.0,565264000.0,0.235,1225087000.0,47888000.0,1539612000.0,,217838000.0,17009000.0,17009000.0,0.0,1939492000.0,463224000.0,1476268000.0,1890060631.0,29131000.0,-696029000.0,32845000.0,148253000.0,0.0,707632000.0,-852537000.0,0.0,174036000.0,0.0,69626000.0,69626000.0,69626000.0,2092000.0,312000.0,0.029,414003000.0,151261000.0,405721000.0,0.0,3.148,27.146,28.424,676939000.0,0.0,39.793,0.784,0.805,333711000.0,148277000.0,2409742000.0,2409742000.0,0.0,,,,0.07,0.0,354456000.0,1.0,47496916.0,48775269,65373554.0,49.405,1340381000.0,31133000.0,50374000.0,40090000.0,27.481,197039000.0
87,DFODQ,MRT,1998-03-31,1998-03-31,1998-03-31,2021-08-25,0.0,1946748000.0,,570729000.0,1376019000.0,,8.735,-75203000.0,84025000.0,84025000.0,1553874000.0,26186000.0,1.894,3.835,551107000.0,57134000.0,493973000.0,551107000.0,0.0,51530000.0,0.0,0.0,0.0,111346000.0,162876000.0,0.08,162876000.0,111346000.0,66968000.0,0.54,0.52,0.54,402622000.0,,402622000.0,2725642265.0,24.0,16.734,77453000.0,1.68,1.0,469437000.0,0.232,910032000.0,44378000.0,1202514000.0,,105444000.0,0.0,0.0,0.0,1544126000.0,301284000.0,1242842000.0,1921371265.0,64307000.0,-682253000.0,19238000.0,179601000.0,0.0,726629000.0,-814978000.0,0.0,152656000.0,0.0,25874000.0,25874000.0,25874000.0,779000.0,312000.0,0.013,354369000.0,115068000.0,241160000.0,0.0,4.772,74.259,75.778,462156000.0,0.0,40.92,0.95,0.932,222004000.0,88295000.0,2023311000.0,2023311000.0,0.0,,,,0.055,0.0,299436000.0,1.0,46954332.0,46091937,50732836.0,43.897,1036716000.0,40551000.0,41094000.0,28608000.0,22.492,269445000.0
88,DFODQ,MRT,1997-12-31,1997-12-31,1997-12-31,2021-08-25,0.0,1403462000.0,1118543000.0,396076000.0,1007386000.0,1.606,8.118,-62120000.0,24388000.0,24388000.0,1381084000.0,28764000.0,1.701,2.906,828659000.0,50846000.0,777813000.0,828659000.0,0.0,44607000.0,0.0,0.0,0.0,108503000.0,153110000.0,0.085,153110000.0,108503000.0,71839000.0,0.64,0.607,0.64,359310000.0,286582000.0,359310000.0,,,,74501000.0,1.683,1.0,414784000.0,0.231,639253000.0,36664000.0,1335607000.0,1050970500.0,76087000.0,0.0,0.0,0.0,1044152000.0,232873000.0,811279000.0,1864400009.0,565000.0,-429898000.0,95076000.0,373624000.0,0.0,413990000.0,-550046000.0,0.0,136621000.0,0.0,28464000.0,28464000.0,28464000.0,-717000.0,300000.0,0.016,319898000.0,94886000.0,178021000.0,0.0,5.189,65.5,62.042,363649000.0,0.0,39.707,1.038,0.979,164284000.0,73490000.0,1795868000.0,1795868000.0,0.0,0.025,0.099,0.103,0.06,0.0,267979000.0,1.0,46954332.0,44263186,47022886.0,40.572,764209000.0,27038000.0,43375000.0,24242000.0,17.265,163203000.0
89,DFODQ,MRT,1997-09-30,1997-09-30,1997-09-30,2021-08-25,,,,,,,,,,,,,,,,,,,,,,0.0,0.0,,,,,,,,,,,,,,,,,,1.0,,,,,,,,,,,,,,,,,,,,,,,,,,,,,,,,,,,,,,,,34.333,,,,,,,,,,,,,,1.0,,45146481,,,,,,,,
90,DFODQ,MRT,1997-06-30,1997-06-30,1997-06-30,2021-08-25,,,,,,,,,,,,,,,,,,,,,,0.0,0.0,,,,,,,,,,,,,,,,,,1.0,,,,,,,,,,,,,,,,,,,,,,,,,,,,,,,,,,,,,,,,27.333,,,,,,,,,,,,,,1.0,,44318806,,,,,,,,
91,DFODQ,MRT,1997-03-31,1997-03-31,1997-03-31,2021-08-25,,,,,,,,,,,,,,,,,,,,,,0.0,0.0,,,,,,,,,,,,,,,,,,1.0,,,,,,,,,,,,,,,,,,,,,,,,,,,,,,,,,,,,,,,,17.833,,,,,,,,,,,,,,1.0,,42051038,,,,,,,,
92,DFODQ,MRT,1996-12-31,1996-12-31,1996-12-31,2021-08-25,0.0,833624000.0,,273795000.0,559829000.0,,6.086,-30079000.0,23823000.0,23823000.0,970796000.0,46963000.0,1.659,2.898,455880000.0,23508000.0,432372000.0,455880000.0,0.0,28003000.0,0.0,0.0,0.0,65307000.0,93310000.0,0.077,93310000.0,65307000.0,49600000.0,1.327,1.273,1.327,213854000.0,,213854000.0,,,,34104000.0,0.971,1.0,236769000.0,0.196,334315000.0,15707000.0,766334000.0,,57193000.0,0.0,0.0,0.0,619770000.0,165032000.0,454738000.0,,3184000.0,-251961000.0,55284000.0,178386000.0,0.0,229848000.0,-290847000.0,0.0,64183000.0,0.0,46661000.0,46661000.0,46661000.0,-2315000.0,302000.0,0.039,175759000.0,61010000.0,133409000.0,0.0,,,10.173,214316000.0,0.0,13.5,,0.393,129602000.0,45473000.0,1207565000.0,1207565000.0,0.0,,,,0.054,0.0,167513000.0,1.0,,35136483,36737848.0,34.368,499309000.0,25092000.0,2939000.0,17087000.0,14.211,108763000.0
93,DFODQ,MRT,1995-12-31,1995-12-31,1995-12-31,2021-08-25,,,,,,,,-24045000.0,,,813091000.0,5555000.0,,,,,,,,25347000.0,,,0.0,34196000.0,59543000.0,0.059,59543000.0,34196000.0,15254000.0,0.167,0.167,0.167,,,,,,,42651000.0,1.373,1.0,201835000.0,0.199,,18942000.0,,,,,,,,,,,850000.0,0.0,-26407000.0,3994000.0,0.0,-39217000.0,-26629000.0,0.0,66696000.0,0.0,5251000.0,5251000.0,5251000.0,-1329000.0,304000.0,0.005,162443000.0,39392000.0,,0.0,,,,,0.0,,,,,,1014926000.0,1014926000.0,0.0,,,,0.034,0.0,147534000.0,1.0,,31062700,31402742.0,32.673,,,10003000.0,,,
