None,ticker,dimension,calendardate,datekey,reportperiod,lastupdated,accoci,assets,assetsavg,assetsc,assetsnc,assetturnover,bvps,capex,cashneq,cashnequsd,cor,consolinc,currentratio,de,debt,debtc,debtnc,debtusd,deferredrev,depamor,deposits,divyield,dps,ebit,ebitda,ebitdamargin,ebitdausd,ebitusd,ebt,eps,epsdil,epsusd,equity,equityavg,equityusd,ev,evebit,evebitda,fcf,fcfps,fxusd,gp,grossmargin,intangibles,intexp,invcap,invcapavg,inventory,investments,investmentsc,investmentsnc,liabilities,liabilitiesc,liabilitiesnc,marketcap,ncf,ncfbus,ncfcommon,ncfdebt,ncfdiv,ncff,ncfi,ncfinv,ncfo,ncfx,netinc,netinccmn,netinccmnusd,netincdis,netincnci,netmargin,opex,opinc,payables,payoutratio,pb,pe,pe1,ppnenet,prefdivis,price,ps,ps1,receivables,retearn,revenue,revenueusd,rnd,roa,roe,roic,ros,sbcomp,sgna,sharefactor,sharesbas,shareswa,shareswadil,sps,tangibles,taxassets,taxexp,taxliabilities,tbvps,workingcapital
0,R,MRY,2020-12-31,2020-12-31,2020-12-31,2021-09-09,-817205000.0,12931954000.0,13786741250.0,1595529000.0,11336425000.0,0.611,41.856,-594293000.0,151294000.0,151294000.0,7144603000.0,-122250000.0,0.777,4.733,6610236000.0,516581000.0,6093655000.0,6610236000.0,0.0,2119640000.0,0.0,0.036,2.24,120728000.0,2240368000.0,0.266,2240368000.0,120728000.0,-140614000.0,-2.34,-2.34,-2.34,2255557000.0,2201985750.0,2255557000.0,10080516236.0,83.0,4.499,1587010000.0,29.45,1.0,1275488000.0,0.151,518461000.0,261342000.0,16819287000.0,17961408250.0,61191000.0,1113891000.0,0.0,1113891000.0,10676397000.0,2053148000.0,8623249000.0,3328192236.0,77710000.0,0.0,-29219000.0,-1348310000.0,-119036000.0,-1507178000.0,-600997000.0,0.0,2181303000.0,5132000.0,-122250000.0,-122250000.0,-122250000.0,10254000.0,0.0,-0.015,1133339000.0,142149000.0,547389000.0,-0.957,1.476,-27.224,-26.393,9704073000.0,0.0,61.76,0.395,0.395,1182350000.0,1912942000.0,8420091000.0,8420091000.0,0.0,-0.009,-0.056,0.007,0.014,41160000.0,921573000.0,1.0,53889123.0,53889123.0,,156.248,12413493000.0,0.0,-18364000.0,1125733000.0,230.352,-457619000.0
1,R,MRY,2019-12-31,2019-12-31,2019-12-31,2021-09-09,-836491000.0,14475334000.0,14357304250.0,1562051000.0,12913283000.0,0.622,46.467,-3217193000.0,73584000.0,73584000.0,7555224000.0,-24410000.0,0.595,4.846,7924788000.0,1154564000.0,6770224000.0,7924788000.0,0.0,1972968000.0,0.0,0.041,2.2,197972000.0,2170940000.0,0.243,2170940000.0,197972000.0,-43409000.0,-0.47,-0.47,-0.47,2476310000.0,2531951750.0,2476310000.0,10565000964.0,53.0,4.867,-1076654000.0,-20.203,1.0,1370577000.0,0.154,525930000.0,241381000.0,19175255000.0,18735554750.0,80822000.0,1041890000.0,0.0,1041890000.0,11999024000.0,2625353000.0,9373671000.0,2894290964.0,5473000.0,0.0,-27686000.0,1225171000.0,-116469000.0,1084139000.0,-3217193000.0,0.0,2140539000.0,-4272000.0,-24410000.0,-24410000.0,-24410000.0,1138000.0,0.0,-0.003,1111061000.0,259516000.0,594712000.0,-4.681,1.169,-118.57,-115.553,11345463000.0,0.0,54.31,0.324,0.324,1228490000.0,2177513000.0,8925801000.0,8925801000.0,0.0,-0.002,-0.01,0.011,0.022,86234000.0,907449000.0,1.0,53292045.0,53292045.0,,167.488,13949404000.0,0.0,-18999000.0,1161444000.0,261.754,-1063302000.0
2,R,MRY,2018-12-31,2018-12-31,2018-12-31,2021-09-09,-911634000.0,13347808000.0,12499284000.0,1567710000.0,11780098000.0,0.673,47.78,-2654087000.0,68111000.0,68111000.0,6824319000.0,284613000.0,0.623,4.262,6649277000.0,937131000.0,5712146000.0,6649277000.0,0.0,1476311000.0,0.0,0.044,2.12,567648000.0,2043959000.0,0.243,2043959000.0,567648000.0,387160000.0,5.41,5.38,5.41,2536568000.0,2788796000.0,2536568000.0,8778614641.0,15.0,4.295,-936094000.0,-17.633,1.0,1589627000.0,0.189,534281000.0,180488000.0,16877947000.0,15927746250.0,79228000.0,967802000.0,0.0,967802000.0,10811240000.0,2516746000.0,8294494000.0,2556192641.0,-14911000.0,-167372000.0,-30810000.0,1216769000.0,-111864000.0,1085515000.0,-2821459000.0,0.0,1717993000.0,4694000.0,284613000.0,284613000.0,284613000.0,2309000.0,0.0,0.034,1012129000.0,577498000.0,731876000.0,0.392,1.008,8.981,8.9,10278015000.0,0.0,48.15,0.304,0.304,1242058000.0,2337252000.0,8413946000.0,8413946000.0,0.0,0.023,0.102,0.036,0.067,32493000.0,849410000.0,1.0,53088113.0,53088113.0,,158.49,12813527000.0,0.0,102547000.0,1179723000.0,241.363,-949036000.0
3,R,MRY,2017-12-31,2017-12-31,2017-12-31,2021-09-09,-707501000.0,11463999000.0,11205391000.0,1322893000.0,10141106000.0,0.65,53.669,-1431436000.0,78348000.0,78348000.0,5838075000.0,719644000.0,0.657,3.034,5409651000.0,826069000.0,4583582000.0,5409651000.0,0.0,1325464000.0,0.0,0.021,1.8,437855000.0,1763319000.0,0.242,1763319000.0,437855000.0,295979000.0,13.63,13.53,13.63,2841671000.0,2300657500.0,2841671000.0,9740579172.0,22.0,5.524,196662000.0,3.714,1.0,1441999000.0,0.198,438434000.0,141876000.0,14341893000.0,14367147750.0,73543000.0,570706000.0,0.0,570706000.0,8622328000.0,2014975000.0,6607353000.0,4456609172.0,20383000.0,-7240000.0,-57808000.0,-6696000.0,-95813000.0,-162055000.0,-1438676000.0,0.0,1628098000.0,-5539000.0,719644000.0,719644000.0,719644000.0,457000.0,0.0,0.099,975946000.0,466053000.0,599303000.0,0.132,1.568,6.193,6.175,9131966000.0,0.0,84.17,0.612,0.612,1010908000.0,2471677000.0,7280074000.0,7280074000.0,0.0,0.064,0.313,0.03,0.06,46708000.0,870918000.0,1.0,52947715.0,52947715.0,,137.496,11025565000.0,0.0,-423665000.0,1211129000.0,208.235,-692082000.0
4,R,MRY,2016-12-31,2016-12-31,2016-12-31,2021-09-09,-834032000.0,10902454000.0,11050471000.0,1101557000.0,9800897000.0,0.612,38.383,-1483857000.0,58801000.0,58801000.0,5256722000.0,263069000.0,0.632,4.312,5391274000.0,791410000.0,4599864000.0,5391274000.0,0.0,1187050000.0,0.0,0.023,1.7,552936000.0,1739986000.0,0.257,1739986000.0,552936000.0,405093000.0,4.95,4.91,4.95,2052275000.0,2060433000.0,2052275000.0,9424835664.0,17.0,5.417,117165000.0,2.191,1.0,1501416000.0,0.222,435021000.0,147843000.0,14055837000.0,14237139250.0,69529000.0,472284000.0,0.0,472284000.0,8850179000.0,1744069000.0,7106110000.0,3980188664.0,-3658000.0,0.0,-19187000.0,-71917000.0,-91043000.0,-185922000.0,-1407347000.0,76510000.0,1601022000.0,-9482000.0,263069000.0,263069000.0,263069000.0,2163000.0,0.0,0.039,908724000.0,592692000.0,445470000.0,0.343,1.939,15.13,15.038,8893592000.0,0.0,74.44,0.589,0.589,831947000.0,1827026000.0,6758138000.0,6758138000.0,0.0,0.024,0.128,0.039,0.082,56257000.0,804229000.0,1.0,53468413.0,53468413.0,,126.395,10467433000.0,0.0,142024000.0,1688681000.0,195.769,-642512000.0
5,R,MRY,2015-12-31,2015-12-31,2015-12-31,2021-09-09,-712735000.0,10952580000.0,10579455250.0,1098302000.0,9854278000.0,0.621,37.194,-2240482000.0,60945000.0,60945000.0,5086449000.0,304768000.0,0.654,4.512,5502627000.0,634530000.0,4868097000.0,5502627000.0,0.0,1121966000.0,0.0,0.027,1.56,618428000.0,1740394000.0,0.265,1740394000.0,618428000.0,467994000.0,5.75,5.71,5.75,1987111000.0,1916040000.0,1987111000.0,8411458263.0,14.0,4.833,-798694000.0,-14.95,1.0,1485444000.0,0.226,444327000.0,150434000.0,14269680000.0,13851624000.0,63725000.0,510246000.0,0.0,510246000.0,8965469000.0,1680255000.0,7285214000.0,3036148263.0,10853000.0,0.0,17494000.0,808271000.0,-83201000.0,731485000.0,-2161355000.0,70980000.0,1441788000.0,37000.0,304768000.0,304768000.0,304768000.0,1221000.0,0.0,0.046,847998000.0,637446000.0,502373000.0,0.271,1.528,9.962,9.883,8899705000.0,0.0,56.83,0.462,0.462,835489000.0,1667080000.0,6571893000.0,6571893000.0,0.0,0.029,0.159,0.045,0.094,38978000.0,822857000.0,1.0,53425097.0,53425097.0,,123.011,10508253000.0,0.0,163226000.0,1587522000.0,196.691,-581953000.0
6,R,MRY,2014-12-31,2014-12-31,2014-12-31,2021-09-09,-620270000.0,9850871000.0,9627595750.0,1043644000.0,8807227000.0,0.69,34.297,-1762201000.0,50092000.0,50092000.0,5253040000.0,218341000.0,0.94,4.415,4730619000.0,36284000.0,4694335000.0,4730619000.0,0.0,1047049000.0,0.0,0.015,1.42,481122000.0,1528171000.0,0.23,1528171000.0,481122000.0,336383000.0,4.14,4.11,4.14,1819087000.0,1916271750.0,1819087000.0,9357281396.0,19.0,6.123,-379383000.0,-7.153,1.0,1385734000.0,0.209,459648000.0,144739000.0,12960935000.0,12330755500.0,66007000.0,446099000.0,0.0,446099000.0,8031784000.0,1110815000.0,6920969000.0,4924726396.0,-11470000.0,-9972000.0,-59718000.0,450963000.0,-74871000.0,311650000.0,-1704510000.0,64267000.0,1382818000.0,297000.0,218341000.0,218341000.0,218341000.0,1884000.0,0.0,0.033,902728000.0,483006000.0,560852000.0,0.343,2.707,22.555,22.428,7901480000.0,0.0,92.85,0.742,0.742,794864000.0,1450509000.0,6638774000.0,6638774000.0,0.0,0.023,0.114,0.039,0.072,20905000.0,816975000.0,1.0,53039595.0,53039595.0,,125.166,9391223000.0,0.0,118042000.0,1443292000.0,177.061,-67171000.0
7,R,MRY,2013-12-31,2013-12-31,2013-12-31,2021-09-09,-438248000.0,9103782000.0,8716008250.0,1062493000.0,8041289000.0,0.736,36.064,-1670257000.0,61562000.0,61562000.0,5099484000.0,237871000.0,0.863,3.8,4189425000.0,259438000.0,3929987000.0,4189425000.0,0.0,983610000.0,0.0,0.018,1.3,504074000.0,1487684000.0,0.232,1487684000.0,504074000.0,363611000.0,4.57,4.53,4.57,1896714000.0,1647668500.0,1896714000.0,7842387165.0,16.0,5.272,-418446000.0,-7.956,1.0,1319801000.0,0.206,456125000.0,140463000.0,11544381000.0,10962143750.0,64298000.0,460501000.0,0.0,460501000.0,7207068000.0,1231139000.0,5975929000.0,3880331165.0,-4830000.0,-1858000.0,90646000.0,318993000.0,-67720000.0,347070000.0,-1603818000.0,70677000.0,1251811000.0,5558000.0,237871000.0,237871000.0,237871000.0,5404000.0,0.0,0.037,810323000.0,509478000.0,475364000.0,0.284,2.046,16.313,16.144,7124663000.0,0.0,73.78,0.604,0.604,777370000.0,1390756000.0,6419285000.0,6419285000.0,0.0,0.027,0.144,0.046,0.079,19310000.0,790681000.0,1.0,52593266.0,52593266.0,,122.055,8647657000.0,0.0,125740000.0,1429637000.0,164.425,-168646000.0
8,R,MRY,2012-12-31,2012-12-31,2012-12-31,2021-09-09,-587619000.0,8318979000.0,8211049750.0,1040237000.0,7278742000.0,0.762,28.711,-1590261000.0,66392000.0,66392000.0,5008380000.0,209979000.0,0.817,4.669,3820796000.0,367975000.0,3452821000.0,3820796000.0,0.0,939677000.0,0.0,0.024,1.2,452754000.0,1392431000.0,0.223,1392431000.0,452754000.0,312197000.0,4.11,4.09,4.11,1467487000.0,1425293500.0,1467487000.0,6344449027.0,14.0,4.556,-456137000.0,-8.924,1.0,1248587000.0,0.2,464691000.0,140557000.0,10336027000.0,9990761500.0,64146000.0,434590000.0,0.0,434590000.0,6851492000.0,1272665000.0,5578827000.0,2552046027.0,-38180000.0,-5113000.0,1508000.0,392222000.0,-61266000.0,333805000.0,-1504273000.0,71897000.0,1134124000.0,1344000.0,209979000.0,209979000.0,209979000.0,-9080000.0,0.0,0.034,804913000.0,443674000.0,398983000.0,0.292,1.739,12.154,12.148,6379461000.0,0.0,49.93,0.408,0.408,775765000.0,1221190000.0,6256967000.0,6256967000.0,0.0,0.026,0.147,0.045,0.072,18864000.0,763660000.0,1.0,51112478.0,51112478.0,,122.416,7854288000.0,0.0,102218000.0,1177074000.0,153.667,-232428000.0
9,R,MRY,2011-12-31,2011-12-31,2011-12-31,2021-09-09,-567165000.0,7617835000.0,7372520500.0,1088173000.0,6529662000.0,0.821,25.783,-1360953000.0,104572000.0,104572000.0,4805876000.0,169777000.0,0.927,4.779,3382145000.0,274366000.0,3107779000.0,3382145000.0,0.0,872262000.0,0.0,0.021,1.12,410960000.0,1283222000.0,0.212,1283222000.0,410960000.0,277796000.0,3.31,3.28,3.31,1318153000.0,1417284000.0,1318153000.0,5799611756.0,14.0,4.52,-319497000.0,-6.249,1.0,1244658000.0,0.206,462126000.0,133164000.0,9259459000.0,8714412750.0,65912000.0,393685000.0,0.0,393685000.0,6299682000.0,1173823000.0,5125859000.0,2716803756.0,-108481000.0,-361921000.0,-26330000.0,586326000.0,-57504000.0,504062000.0,-1657172000.0,62224000.0,1041456000.0,3173000.0,169777000.0,169777000.0,169777000.0,1591000.0,0.0,0.028,832107000.0,412551000.0,391827000.0,0.338,2.061,16.002,16.054,5673851000.0,0.0,53.14,0.449,0.449,754644000.0,1090363000.0,6050534000.0,6050534000.0,0.0,0.023,0.12,0.047,0.068,17423000.0,771244000.0,1.0,51125400.0,51125400.0,,118.347,7155709000.0,0.0,108019000.0,1121493000.0,139.964,-85650000.0
10,R,MRY,2010-12-31,2010-12-31,2010-12-31,2021-09-09,-376599000.0,6652374000.0,6415715000.0,1023301000.0,5629073000.0,0.801,27.143,-835405000.0,213053000.0,213053000.0,4066378000.0,118170000.0,0.904,3.737,2747002000.0,420124000.0,2326878000.0,2747002000.0,0.0,833841000.0,0.0,0.02,1.04,309861000.0,1143702000.0,0.223,1143702000.0,309861000.0,179867000.0,2.25,2.25,2.25,1404313000.0,1398880500.0,1404313000.0,5118558528.0,17.0,4.475,183353000.0,3.544,1.0,1070057000.0,0.208,428111000.0,129994000.0,7626693000.0,7415621250.0,58701000.0,392901000.0,0.0,392901000.0,5248061000.0,1131519000.0,4116542000.0,2723469528.0,114528000.0,-211897000.0,-106272000.0,238158000.0,-54474000.0,75211000.0,-980787000.0,61767000.0,1018758000.0,1346000.0,118170000.0,118170000.0,118170000.0,6438000.0,0.0,0.023,753758000.0,316299000.0,294380000.0,0.462,1.939,23.047,23.396,4808061000.0,0.0,52.64,0.53,0.53,615003000.0,1019785000.0,5136435000.0,5136435000.0,0.0,0.018,0.084,0.042,0.06,16543000.0,655375000.0,1.0,51737643.0,51737643.0,,99.278,6224263000.0,0.0,61697000.0,1108856000.0,120.304,-108218000.0
11,R,MRY,2009-12-31,2009-12-31,2009-12-31,2021-09-09,-378919000.0,6259830000.0,6453462500.0,880373000.0,5379457000.0,0.757,25.459,-436317000.0,98525000.0,98525000.0,3819628000.0,61945000.0,1.035,3.387,2497691000.0,232617000.0,2265074000.0,2497691000.0,0.0,881216000.0,0.0,0.023,0.96,259939000.0,1141155000.0,0.233,1141155000.0,259939000.0,115597000.0,1.11,1.11,1.11,1426995000.0,1405859500.0,1426995000.0,4722935814.0,18.0,4.139,522902000.0,9.329,1.0,1067626000.0,0.218,255564000.0,144342000.0,7553158000.0,7887444750.0,50146000.0,401324000.0,0.0,401324000.0,4832835000.0,850274000.0,3982561000.0,2307600814.0,-21780000.0,-88873000.0,-108839000.0,-380618000.0,-53334000.0,-551443000.0,-431941000.0,65242000.0,959219000.0,2385000.0,61945000.0,61945000.0,61945000.0,28172000.0,0.0,0.013,779515000.0,288111000.0,262712000.0,0.865,1.617,37.252,37.09,4722569000.0,0.0,41.17,0.472,0.472,598661000.0,1036178000.0,4887254000.0,4887254000.0,0.0,0.01,0.044,0.033,0.053,16404000.0,625524000.0,1.0,56050542.0,56050542.0,,87.194,6004266000.0,0.0,53652000.0,1035874000.0,107.122,30099000.0
12,R,MRY,2008-12-31,2008-12-31,2008-12-31,2021-09-09,-544227000.0,6689508000.0,6903699750.0,957581000.0,5731927000.0,0.869,24.187,-968995000.0,120305000.0,120305000.0,5452281000.0,199881000.0,0.862,3.973,2862799000.0,384262000.0,2478537000.0,2862799000.0,0.0,836149000.0,0.0,0.024,0.92,504038000.0,1340187000.0,0.223,1340187000.0,504038000.0,351590000.0,3.52,3.5,3.52,1345161000.0,1710684500.0,1345161000.0,4967956320.0,10.0,3.707,286536000.0,5.152,1.0,546760000.0,0.091,234958000.0,152448000.0,8085879000.0,8364642500.0,48324000.0,384929000.0,0.0,384929000.0,5344347000.0,1111165000.0,4233182000.0,2156778320.0,3846000.0,-246993000.0,-201419000.0,99034000.0,-52238000.0,-150630000.0,-1102790000.0,61096000.0,1255531000.0,1735000.0,199881000.0,199881000.0,199881000.0,57698000.0,0.0,0.033,-14976000.0,561736000.0,295083000.0,0.261,1.603,10.79,11.017,5112040000.0,0.0,38.78,0.36,0.36,635376000.0,1105369000.0,5999041000.0,5999041000.0,0.0,0.029,0.117,0.06,0.084,17076000.0,0.0,1.0,55615738.0,55615738.0,,107.866,6454550000.0,0.0,151709000.0,917365000.0,116.056,-153584000.0
13,R,MRY,2007-12-31,2007-12-31,2007-12-31,2021-09-09,-30877000.0,6854649000.0,6917276250.0,1222062000.0,5632587000.0,0.92,32.529,-780224000.0,116459000.0,116459000.0,5853560000.0,253861000.0,1.199,2.631,2776129000.0,222698000.0,2553431000.0,2776129000.0,0.0,810544000.0,0.0,0.018,0.84,560256000.0,1370800000.0,0.215,1370800000.0,560256000.0,404286000.0,4.25,4.22,4.25,1887589000.0,1811664750.0,1887589000.0,5437742886.0,10.0,3.967,322715000.0,5.561,1.0,509570000.0,0.08,185801000.0,155970000.0,8309157000.0,8324597000.0,58810000.0,426661000.0,0.0,426661000.0,4967060000.0,1019361000.0,3947699000.0,2727878886.0,-12180000.0,-75226000.0,-166678000.0,-91147000.0,-50152000.0,-299203000.0,-823219000.0,62346000.0,1102939000.0,7303000.0,253861000.0,253861000.0,253861000.0,-2082000.0,0.0,0.04,-48604000.0,558174000.0,383808000.0,0.198,1.445,10.746,11.061,5020125000.0,0.0,47.01,0.429,0.429,843662000.0,1160132000.0,6363130000.0,6363130000.0,0.0,0.037,0.14,0.067,0.088,18212000.0,0.0,1.0,58027630.0,58027630.0,,109.657,6668848000.0,0.0,150425000.0,984361000.0,114.925,202701000.0
14,R,MRY,2006-12-31,2006-12-31,2006-12-31,2021-09-09,-146494000.0,6828923000.0,6526003250.0,1261816000.0,5567107000.0,0.966,28.336,-1362410000.0,128639000.0,128639000.0,5832043000.0,248959000.0,0.995,2.969,2816943000.0,332745000.0,2484198000.0,2816943000.0,0.0,743288000.0,0.0,0.014,0.72,533534000.0,1276822000.0,0.202,1276822000.0,533534000.0,392973000.0,4.09,4.04,4.09,1720779000.0,1634493250.0,1720779000.0,5604878693.0,11.0,4.39,-508823000.0,-8.379,1.0,474600000.0,0.075,173631000.0,140561000.0,8075974000.0,7515941250.0,59318000.0,385176000.0,0.0,385176000.0,5108144000.0,1267622000.0,3840522000.0,3100774693.0,-88000.0,-4113000.0,-97457000.0,620690000.0,-43957000.0,488202000.0,-1339550000.0,66274000.0,853587000.0,-2327000.0,248959000.0,248959000.0,248959000.0,0.0,0.0,0.039,-58934000.0,533534000.0,515121000.0,0.176,1.802,12.455,12.484,5008300000.0,0.0,51.06,0.492,0.492,883478000.0,1123789000.0,6306643000.0,6306643000.0,0.0,0.038,0.152,0.071,0.085,19048000.0,0.0,1.0,60728059.0,60728059.0,,103.851,6655292000.0,0.0,144014000.0,894547000.0,109.592,-5806000.0
15,R,MRY,2005-12-31,2005-12-31,2005-12-31,2021-09-09,-202919000.0,6033264000.0,5929579750.0,1163755000.0,4869509000.0,0.968,23.802,-1065664000.0,128727000.0,128727000.0,5315951000.0,226929000.0,0.928,2.95,2185366000.0,269438000.0,1915928000.0,2185366000.0,0.0,740415000.0,0.0,0.016,0.64,476863000.0,1217278000.0,0.212,1217278000.0,476863000.0,356389000.0,3.56,3.52,3.56,1527456000.0,1556876500.0,1527456000.0,4710186286.0,10.0,3.869,-286602000.0,-4.466,1.0,424896000.0,0.074,178247000.0,120474000.0,6658161000.0,6613860250.0,59579000.0,410050000.0,0.0,410050000.0,4505808000.0,1253495000.0,3252313000.0,2632411286.0,27756000.0,-15110000.0,-124028000.0,406462000.0,-40929000.0,241505000.0,-988855000.0,70408000.0,779062000.0,-3956000.0,226929000.0,226929000.0,226929000.0,-1741000.0,0.0,0.04,-52666000.0,477562000.0,414336000.0,0.18,1.723,11.6,11.522,4281212000.0,0.0,41.02,0.459,0.459,820825000.0,1038364000.0,5740847000.0,5740847000.0,0.0,0.038,0.146,0.072,0.083,8794000.0,0.0,1.0,64173849.0,64173849.0,,89.458,5855017000.0,0.0,129460000.0,849117000.0,91.237,-89740000.0
16,R,MRY,2004-12-31,2004-12-31,2004-12-31,2021-09-09,-149421000.0,5683164000.0,5514691500.0,1097207000.0,4585957000.0,0.934,23.489,-642112000.0,100971000.0,100971000.0,4777847000.0,215609000.0,0.754,2.763,1783216000.0,389550000.0,1393666000.0,1783216000.0,0.0,706028000.0,0.0,0.013,0.6,431236000.0,1137264000.0,0.221,1137264000.0,431236000.0,331122000.0,3.35,3.28,3.35,1510188000.0,1432764500.0,1510188000.0,4712885855.0,11.0,4.144,224737000.0,3.495,1.0,372431000.0,0.072,182424000.0,100114000.0,5728129000.0,5857503750.0,59284000.0,416531000.0,0.0,416531000.0,4172976000.0,1454856000.0,2718120000.0,3071308855.0,-39656000.0,-148791000.0,-61283000.0,-95746000.0,-38731000.0,-195760000.0,-720113000.0,63795000.0,866849000.0,9368000.0,215609000.0,215609000.0,215609000.0,0.0,0.0,0.042,-58805000.0,431236000.0,358402000.0,0.179,2.034,14.245,14.26,3987002000.0,0.0,47.77,0.596,0.596,732835000.0,963482000.0,5150278000.0,5150278000.0,0.0,0.039,0.15,0.074,0.084,22973000.0,0.0,1.0,64293675.0,64293675.0,,80.106,5500740000.0,0.0,115513000.0,915900000.0,85.556,-357649000.0
17,R,MRY,2003-12-31,2003-12-31,2003-12-31,2021-09-09,-176656000.0,5287664000.0,5029965250.0,1116161000.0,4171503000.0,0.955,20.962,-511738000.0,140627000.0,140627000.0,4521818000.0,131436000.0,1.014,2.933,1815900000.0,366411000.0,1449489000.0,1815900000.0,0.0,624580000.0,0.0,0.018,0.6,304521000.0,929101000.0,0.193,929101000.0,304521000.0,208352000.0,2.09,2.06,2.09,1344385000.0,1223371500.0,1344385000.0,3868825797.0,13.0,4.164,291875000.0,4.551,1.0,280476000.0,0.058,177594000.0,96169000.0,5684266000.0,5365819000.0,54806000.0,440971000.0,0.0,440971000.0,3943279000.0,1101077000.0,2842202000.0,2190217797.0,36390000.0,-96518000.0,43006000.0,-237818000.0,-37984000.0,-232796000.0,-543165000.0,61368000.0,803613000.0,8738000.0,131436000.0,131436000.0,131436000.0,0.0,0.0,0.027,-28168000.0,308644000.0,299725000.0,0.287,1.629,16.664,16.34,3552938000.0,0.0,34.15,0.456,0.456,640769000.0,897841000.0,4802294000.0,4802294000.0,0.0,0.026,0.107,0.057,0.063,4852000.0,0.0,1.0,64135221.0,64135221.0,,74.878,5110070000.0,0.0,76916000.0,827765000.0,79.677,15084000.0
18,R,MRY,2002-12-31,2002-12-31,2002-12-31,2021-09-09,-270626000.0,4766982000.0,4830402750.0,1024171000.0,3742811000.0,0.989,17.765,-429532000.0,104237000.0,104237000.0,4114110000.0,93666000.0,1.188,3.301,1551468000.0,162369000.0,1389099000.0,1551468000.0,0.0,552491000.0,0.0,0.027,0.6,248702000.0,801193000.0,0.168,801193000.0,248702000.0,156984000.0,1.52,1.5,1.52,1108215000.0,1235497250.0,1108215000.0,2858189021.0,11.0,3.567,185171000.0,2.968,1.0,662155000.0,0.139,173312000.0,91718000.0,5178825000.0,5180466500.0,59104000.0,541008000.0,0.0,541008000.0,3658767000.0,862076000.0,2796691000.0,1399830021.0,-13629000.0,0.0,35172000.0,-267543000.0,-37137000.0,-269508000.0,-358824000.0,66489000.0,614703000.0,0.0,93666000.0,93666000.0,93666000.0,0.0,0.0,0.02,394554000.0,267601000.0,277001000.0,0.395,1.263,14.945,14.763,3028491000.0,0.0,22.44,0.293,0.293,640309000.0,806761000.0,4776265000.0,4776265000.0,0.0,0.019,0.076,0.048,0.052,0.0,0.0,1.0,62381017.0,62381017.0,,76.566,4593670000.0,0.0,63318000.0,820007000.0,73.639,162095000.0
19,R,MRY,2001-12-31,2001-12-31,2001-12-31,2021-09-09,-51815000.0,4927161000.0,5088018750.0,983915000.0,3943246000.0,0.984,20.286,-70724000.0,117866000.0,117866000.0,4317193000.0,18678000.0,0.966,3.004,1708684000.0,317087000.0,1391597000.0,1708684000.0,0.0,545485000.0,0.0,0.027,0.6,149255000.0,694740000.0,0.139,694740000.0,149255000.0,30706000.0,0.31,0.31,0.31,1230669000.0,1239787750.0,1230669000.0,2993845806.0,20.0,4.309,237978000.0,3.923,1.0,688930000.0,0.138,191291000.0,118549000.0,5308285000.0,5483532500.0,65366000.0,705958000.0,0.0,705958000.0,3696492000.0,1018403000.0,2678089000.0,1343780806.0,-4104000.0,14113000.0,9845000.0,-293296000.0,-36248000.0,-319699000.0,6893000.0,66204000.0,308702000.0,0.0,18678000.0,18678000.0,18678000.0,0.0,0.0,0.004,539675000.0,149255000.0,255924000.0,1.935,1.092,71.945,71.452,3045997000.0,0.0,22.15,0.268,0.268,557731000.0,750232000.0,5006123000.0,5006123000.0,0.0,0.004,0.015,0.027,0.03,0.0,0.0,1.0,60667305.0,60667305.0,,82.518,4735870000.0,0.0,12028000.0,1003145000.0,78.063,-34488000.0
20,R,MRY,2000-12-31,2000-12-31,2000-12-31,2021-09-09,-35708000.0,5474923000.0,5654180000.0,928276000.0,4546647000.0,0.944,20.947,-685923000.0,121970000.0,121970000.0,4504504000.0,89032000.0,0.713,3.37,2016980000.0,412738000.0,1604242000.0,2016980000.0,0.0,580356000.0,0.0,0.036,0.6,295330000.0,875686000.0,0.164,875686000.0,295330000.0,141321000.0,1.49,1.49,1.49,1252708000.0,1231885500.0,1252708000.0,3116218851.0,11.0,3.559,329610000.0,5.511,1.0,832288000.0,0.156,228118000.0,154009000.0,5839511000.0,6096395750.0,77810000.0,693097000.0,0.0,693097000.0,4222215000.0,1302304000.0,2919911000.0,993958851.0,8977000.0,-28127000.0,7255000.0,-335080000.0,-35774000.0,-363599000.0,-642957000.0,67462000.0,1015533000.0,0.0,89032000.0,89032000.0,89032000.0,0.0,0.0,0.017,536958000.0,295330000.0,379155000.0,0.403,0.793,11.164,11.154,3625432000.0,0.0,16.62,0.186,0.186,399623000.0,767802000.0,5336792000.0,5336792000.0,0.0,0.016,0.072,0.048,0.055,0.0,0.0,1.0,59804985.0,59804985.0,,89.237,5246805000.0,0.0,52289000.0,1017304000.0,87.732,-374028000.0
21,R,MRY,1999-12-31,1999-12-31,1999-12-31,2021-09-09,-22722000.0,5770450000.0,6039860750.0,1209391000.0,4561059000.0,0.82,18.761,-738637000.0,112993000.0,112993000.0,4139929000.0,419678000.0,0.834,3.789,2393389000.0,574253000.0,1819136000.0,2393389000.0,0.0,622726000.0,0.0,0.025,0.6,639600000.0,1262326000.0,0.255,1262326000.0,639600000.0,452424000.0,6.12,6.11,6.12,1204905000.0,1195411500.0,1204905000.0,3752774110.0,6.0,2.973,-468818000.0,-7.3,1.0,812275000.0,0.164,232233000.0,187176000.0,6369101000.0,6646999750.0,69845000.0,652270000.0,0.0,652270000.0,4565545000.0,1449512000.0,3116033000.0,1569605110.0,-25360000.0,927301000.0,-266945000.0,-220025000.0,-40878000.0,-527848000.0,228067000.0,78408000.0,269819000.0,0.0,419678000.0,419678000.0,419678000.0,0.0,0.0,0.085,431462000.0,380813000.0,334103000.0,0.098,1.303,3.74,3.993,3676556000.0,0.0,24.44,0.317,0.317,725815000.0,714544000.0,4952204000.0,4952204000.0,0.0,0.069,0.351,0.096,0.129,0.0,0.0,1.0,64222795.0,64222795.0,,77.11,5538217000.0,0.0,32746000.0,1011095000.0,86.234,-240121000.0
22,R,MRY,1998-12-31,1998-12-31,1998-12-31,2021-09-09,-19034000.0,5708601000.0,5716190000.0,1042847000.0,4665754000.0,0.806,15.286,-698949000.0,138353000.0,138353000.0,3912223000.0,159071000.0,0.765,4.21,2583031000.0,483334000.0,2099697000.0,2583031000.0,0.0,626293000.0,0.0,0.023,0.6,423609000.0,1049902000.0,0.228,1049902000.0,423609000.0,235823000.0,2.18,2.16,2.18,1095614000.0,1099222250.0,1095614000.0,4594747604.0,11.0,4.376,191261000.0,2.668,1.0,694753000.0,0.151,312592000.0,187786000.0,6478023000.0,6831681000.0,67605000.0,543242000.0,0.0,543242000.0,4612987000.0,1362664000.0,3250323000.0,1863556604.0,59983000.0,-52792000.0,-77147000.0,-3561000.0,-43841000.0,-124549000.0,-727126000.0,62681000.0,890210000.0,0.0,159071000.0,159071000.0,159071000.0,-31259000.0,0.0,0.035,268025000.0,426728000.0,399495000.0,0.275,1.701,11.715,11.927,3809920000.0,0.0,26.0,0.405,0.405,559141000.0,504105000.0,4606976000.0,4606976000.0,0.0,0.028,0.145,0.062,0.092,0.0,0.0,1.0,71675254.0,71675254.0,,64.276,5396009000.0,0.0,76752000.0,807623000.0,75.284,-319817000.0
23,R,MRY,1997-12-31,1997-12-31,1997-12-31,2021-09-09,-11122000.0,5509060000.0,5532851250.0,1091985000.0,4417075000.0,0.789,13.864,-650137000.0,78370000.0,78370000.0,3739626000.0,175685000.0,1.002,4.194,2568915000.0,301361000.0,2267554000.0,2568915000.0,0.0,559173000.0,0.0,0.018,0.6,437098000.0,996271000.0,0.228,996271000.0,437098000.0,257347000.0,2.28,2.25,2.28,1060708000.0,1120366750.0,1060708000.0,4730238234.0,11.0,4.748,-80732000.0,-1.055,1.0,628522000.0,0.144,274977000.0,179751000.0,6635119000.0,6439876000.0,66006000.0,414932000.0,0.0,414932000.0,4448352000.0,1089509000.0,3358843000.0,2505676234.0,-113014000.0,68554000.0,-179362000.0,120905000.0,-45859000.0,-104316000.0,-542944000.0,0.0,569405000.0,0.0,175685000.0,175685000.0,175685000.0,-44597000.0,0.0,0.04,235729000.0,392793000.0,305337000.0,0.263,2.362,14.262,14.364,3727166000.0,0.0,32.75,0.574,0.574,625955000.0,466257000.0,4368148000.0,4368148000.0,0.0,0.032,0.157,0.068,0.1,0.0,0.0,1.0,76509198.0,76509198.0,,57.093,5234083000.0,0.0,81662000.0,726025000.0,68.411,2476000.0
24,R,MRY,1996-12-31,1996-12-31,1996-12-31,2021-09-09,-4173000.0,5645389000.0,5769602000.0,1147766000.0,4497623000.0,0.856,14.196,-734007000.0,191384000.0,191384000.0,4679542000.0,-41318000.0,0.994,4.104,2436968000.0,199958000.0,2237010000.0,2436968000.0,0.0,676273000.0,0.0,0.021,0.6,178711000.0,854984000.0,0.173,854984000.0,178711000.0,-27925000.0,-0.51,-0.51,-0.51,1106006000.0,1173015500.0,1106006000.0,,,,-201324000.0,-2.584,1.0,256581000.0,0.052,281850000.0,206636000.0,6454168000.0,6727683500.0,61345000.0,314574000.0,0.0,314574000.0,4539383000.0,1154955000.0,3384428000.0,2190879225.0,98527000.0,574167000.0,-59160000.0,-210253000.0,-48315000.0,-317728000.0,-128215000.0,0.0,532683000.0,0.0,-41318000.0,-41318000.0,-41318000.0,11864000.0,0.0,-0.008,55975000.0,200606000.0,321468000.0,-1.176,1.981,-53.025,-55.137,3901199000.0,0.0,28.12,0.444,0.444,561927000.0,613887000.0,4936123000.0,4936123000.0,0.0,-0.007,-0.035,0.027,0.036,0.0,0.0,1.0,77911779.0,77911779.0,,63.355,5363539000.0,82571000.0,13393000.0,686143000.0,68.841,-7189000.0
25,R,MRY,1995-12-31,1995-12-31,1995-12-31,2021-09-09,-13692000.0,5893815000.0,,884061000.0,5009754000.0,,,-1431059000.0,92857000.0,92857000.0,4158444000.0,147666000.0,0.789,3.753,2623101000.0,212077000.0,2411024000.0,2623101000.0,0.0,627534000.0,0.0,0.024,0.6,431187000.0,1058721000.0,0.232,1058721000.0,431187000.0,237628000.0,1.87,1.86,1.87,1240025000.0,,1240025000.0,,,,-672437000.0,,1.0,414531000.0,0.091,302685000.0,193559000.0,7001199000.0,,59699000.0,269819000.0,0.0,269819000.0,4653790000.0,1120175000.0,3533615000.0,,16979000.0,0.0,11251000.0,701882000.0,-47372000.0,665761000.0,-1389752000.0,0.0,758622000.0,0.0,147666000.0,147666000.0,147666000.0,-27402000.0,0.0,0.032,2987000.0,411544000.0,380264000.0,0.321,,,13.235,4437250000.0,0.0,24.75,,,374689000.0,703520000.0,4572975000.0,4572975000.0,0.0,,,,0.094,0.0,0.0,1.0,,,,,5591130000.0,39527000.0,89962000.0,648373000.0,,-236114000.0
26,R,MRY,1994-12-31,1994-12-31,1994-12-31,2021-09-09,,,,,,,,-1103871000.0,,,4277722000.0,153529000.0,,,,,,,,591669000.0,,0.027,0.6,405254000.0,996923000.0,0.213,996923000.0,405254000.0,260519000.0,1.95,,1.95,,,,,,,-272908000.0,,1.0,407881000.0,0.087,,144735000.0,,,,,,,,,,,19187000.0,-144574000.0,27601000.0,414538000.0,-46926000.0,395213000.0,-1206989000.0,0.0,830963000.0,0.0,153529000.0,153529000.0,153529000.0,0.0,0.0,0.033,2627000.0,405254000.0,,0.308,,,11.282,,0.0,22.0,,,,,4685603000.0,4685603000.0,0.0,,,,0.086,0.0,0.0,1.0,,,,,,,106990000.0,,,
0,R,MRQ,2021-06-30,2021-06-30,2021-06-30,2021-09-09,-787682000.0,12903036000.0,,1788864000.0,11114172000.0,,44.889,-305163000.0,267992000.0,267992000.0,1909912000.0,149105000.0,0.585,4.336,6235671000.0,1362669000.0,4873002000.0,6235671000.0,0.0,467607000.0,0.0,0.03,0.56,257265000.0,724872000.0,0.304,724872000.0,257265000.0,203110000.0,2.83,2.77,2.83,2418214000.0,,2418214000.0,10284607866.0,18.0,4.03,360359000.0,6.689,1.0,472325000.0,0.198,515367000.0,54155000.0,15299294000.0,,62707000.0,1135157000.0,0.0,1135157000.0,10484822000.0,3056054000.0,7428768000.0,4004185866.0,176254000.0,0.0,-8982000.0,-143179000.0,-29569000.0,-180874000.0,-307446000.0,0.0,665522000.0,-1167000.0,149105000.0,149105000.0,149105000.0,463000.0,0.0,0.063,214970000.0,257355000.0,672553000.0,0.198,1.656,15.319,14.956,9463648000.0,0.0,74.33,0.447,0.447,1298905000.0,2015743000.0,2382237000.0,2382237000.0,0.0,,,,,12244000.0,269268000.0,1.0,53870387.0,53870387.0,,44.222,12387669000.0,0.0,54005000.0,1184713000.0,229.953,-1267190000.0
1,R,MRQ,2021-03-31,2021-03-31,2021-03-31,2021-09-09,-802767000.0,12674613000.0,,1531647000.0,11142966000.0,,42.454,-224550000.0,91738000.0,91738000.0,1844642000.0,50825000.0,0.67,4.56,6372160000.0,789928000.0,5582232000.0,6372160000.0,0.0,484412000.0,0.0,0.03,0.56,124214000.0,608626000.0,0.274,608626000.0,124214000.0,69508000.0,0.97,0.95,0.97,2279687000.0,,2279687000.0,10521192750.0,35.0,4.468,241161000.0,4.491,1.0,376980000.0,0.17,516873000.0,54706000.0,16152911000.0,,60649000.0,1128205000.0,0.0,1128205000.0,10394926000.0,2285251000.0,8109675000.0,4062250750.0,-59556000.0,0.0,-19444000.0,-245080000.0,-31257000.0,-298097000.0,-225962000.0,0.0,465711000.0,-1202000.0,50825000.0,50825000.0,50825000.0,759000.0,0.0,0.023,252016000.0,124964000.0,547532000.0,0.577,1.782,106.375,105.069,9497888000.0,0.0,75.65,0.479,0.479,1194557000.0,1919875000.0,2221622000.0,2221622000.0,0.0,,,,,10668000.0,241742000.0,1.0,53697961.0,53697961.0,,41.373,12157740000.0,0.0,18683000.0,1143287000.0,226.41,-753604000.0
2,R,MRQ,2020-12-31,2020-12-31,2020-12-31,2021-09-09,-817205000.0,12931954000.0,,1595529000.0,11336425000.0,,41.856,-115578000.0,151294000.0,151294000.0,1820959000.0,25628000.0,0.777,4.733,6610236000.0,516581000.0,6093655000.0,6610236000.0,0.0,499373000.0,0.0,0.036,0.56,92044000.0,591417000.0,0.267,591417000.0,92044000.0,23161000.0,0.49,0.49,0.49,2255557000.0,,2255557000.0,10080516236.0,83.0,4.499,369136000.0,6.85,1.0,391969000.0,0.177,518461000.0,68883000.0,16819287000.0,,61191000.0,1113891000.0,0.0,1113891000.0,10676397000.0,2053148000.0,8623249000.0,3328192236.0,-532954000.0,0.0,-25597000.0,-851577000.0,-29364000.0,-903463000.0,-116578000.0,0.0,484714000.0,2266000.0,25628000.0,25628000.0,25628000.0,125000.0,0.0,0.012,297990000.0,93979000.0,547389000.0,1.143,1.476,-27.224,-26.393,9704073000.0,0.0,61.76,0.395,0.395,1182350000.0,1912942000.0,2212928000.0,2212928000.0,0.0,,,,,12784000.0,277707000.0,1.0,53889123.0,53889123.0,,41.064,12413493000.0,0.0,-2467000.0,1125733000.0,230.352,-457619000.0
3,R,MRQ,2020-09-30,2020-09-30,2020-09-30,2021-09-09,-929718000.0,13642036000.0,,2032854000.0,11609182000.0,,39.959,7795000.0,684248000.0,684248000.0,1783791000.0,35834000.0,0.807,5.343,7436572000.0,1133396000.0,6303176000.0,7436572000.0,0.0,519041000.0,0.0,0.053,0.56,108122000.0,627163000.0,0.292,627163000.0,108122000.0,45514000.0,0.68,0.68,0.68,2150558000.0,,2150558000.0,9589538844.0,-308.0,4.463,605599000.0,11.253,1.0,366784000.0,0.171,519693000.0,62608000.0,17356032000.0,,60587000.0,1093522000.0,0.0,1093522000.0,11491478000.0,2518635000.0,8972843000.0,2273307844.0,-147221000.0,0.0,2760000.0,-731581000.0,-29517000.0,-758447000.0,7847000.0,0.0,597804000.0,5888000.0,35834000.0,35834000.0,35834000.0,9251000.0,0.0,0.017,242211000.0,124573000.0,461653000.0,0.824,1.057,-11.29,-10.943,9995967000.0,0.0,42.24,0.268,0.268,1156236000.0,1928373000.0,2150575000.0,2150575000.0,0.0,,,,,15589000.0,211183000.0,1.0,53818841.0,53818841.0,,39.96,13122343000.0,0.0,9680000.0,1099706000.0,243.824,-485781000.0
4,R,MRQ,2020-06-30,2020-06-30,2020-06-30,2021-09-09,-904640000.0,14208751000.0,,2132709000.0,12076042000.0,,40.18,-158532000.0,831469000.0,831469000.0,1646683000.0,-74099000.0,0.774,5.581,8147700000.0,1460604000.0,6687096000.0,8147700000.0,0.0,555543000.0,0.0,0.06,0.56,-27886000.0,527657000.0,0.278,527657000.0,-27886000.0,-95171000.0,-1.42,-1.42,-1.42,2159092000.0,,2159092000.0,9792771010.0,-58.0,4.683,501667000.0,9.336,1.0,248599000.0,0.131,521174000.0,67285000.0,18248203000.0,,62282000.0,1071949000.0,0.0,1071949000.0,12049659000.0,2755605000.0,9294054000.0,2015636010.0,434234000.0,0.0,1240000.0,-26982000.0,-29561000.0,-62888000.0,-159288000.0,0.0,660199000.0,-3747000.0,-74099000.0,-74099000.0,-74099000.0,394000.0,0.0,-0.039,275155000.0,-26556000.0,425686000.0,-0.394,0.934,-6.133,-5.963,10482919000.0,0.0,37.51,0.236,0.236,1087639000.0,1922940000.0,1895282000.0,1895282000.0,0.0,,,,,8475000.0,208564000.0,1.0,53735964.0,53735964.0,,35.27,13687577000.0,0.0,-21072000.0,1110487000.0,254.719,-622896000.0
5,R,MRQ,2020-03-31,2020-03-31,2020-03-31,2021-09-09,-914945000.0,14364224000.0,,1856566000.0,12507658000.0,,42.1,-327978000.0,397235000.0,397235000.0,1893170000.0,-109613000.0,0.845,5.405,8174370000.0,853527000.0,7320843000.0,8174370000.0,0.0,545683000.0,0.0,0.084,0.56,-51552000.0,494131000.0,0.229,494131000.0,-51552000.0,-114118000.0,-2.1,-2.1,-2.1,2242736000.0,,2242736000.0,9259709308.0,394.0,4.324,110608000.0,2.076,1.0,268136000.0,0.124,522852000.0,62566000.0,19422111000.0,,65422000.0,1044478000.0,0.0,1044478000.0,12121488000.0,2196396000.0,9925092000.0,1408505308.0,323651000.0,0.0,-11924000.0,261830000.0,-30594000.0,217620000.0,-332978000.0,0.0,438586000.0,725000.0,-109613000.0,-109613000.0,-109613000.0,484000.0,0.0,-0.051,317983000.0,-49847000.0,522612000.0,-0.267,0.628,-7.854,-7.686,10940328000.0,0.0,26.44,0.158,0.158,1202819000.0,2026886000.0,2161306000.0,2161306000.0,0.0,,,,,4312000.0,224119000.0,1.0,53271759.0,53271759.0,,40.571,13841372000.0,0.0,-4505000.0,1131965000.0,259.826,-339830000.0
6,R,MRQ,2019-12-31,2019-12-31,2019-12-31,2021-09-09,-836491000.0,14475334000.0,,1562051000.0,12913283000.0,,46.467,-663430000.0,73584000.0,73584000.0,1997561000.0,-53486000.0,0.595,4.846,7924788000.0,1154564000.0,6770224000.0,7924788000.0,0.0,559644000.0,0.0,0.041,0.56,-59830000.0,499814000.0,0.22,499814000.0,-59830000.0,-122641000.0,-1.02,-1.02,-1.02,2476310000.0,,2476310000.0,10565000964.0,53.0,4.867,-112077000.0,-2.103,1.0,278988000.0,0.123,525930000.0,62811000.0,19175255000.0,,80822000.0,1041890000.0,0.0,1041890000.0,11999024000.0,2625353000.0,9373671000.0,2894290964.0,-2283000.0,0.0,-12343000.0,137885000.0,-29430000.0,107579000.0,-663430000.0,0.0,551353000.0,-1018000.0,-53486000.0,-53486000.0,-53486000.0,410000.0,0.0,-0.023,298062000.0,-19074000.0,594712000.0,-0.549,1.169,-118.57,-115.553,11345463000.0,0.0,54.31,0.324,0.324,1228490000.0,2177513000.0,2276549000.0,2276549000.0,0.0,,,,,44497000.0,233671000.0,1.0,53292045.0,53292045.0,,42.718,13949404000.0,0.0,-69155000.0,1161444000.0,261.754,-1063302000.0
7,R,MRQ,2019-09-30,2019-09-30,2019-09-30,2021-09-09,-915154000.0,14482844000.0,,1572138000.0,12910706000.0,,46.442,-599272000.0,75867000.0,75867000.0,1966101000.0,-91455000.0,0.621,4.847,7746577000.0,940691000.0,6805886000.0,7746577000.0,0.0,598438000.0,0.0,0.042,0.56,-28702000.0,569736000.0,0.256,569736000.0,-28702000.0,-91177000.0,-1.75,-1.75,-1.75,2476987000.0,,2476987000.0,10340904686.0,24.0,4.509,-55145000.0,-1.034,1.0,257831000.0,0.116,527556000.0,62475000.0,19093146000.0,,83226000.0,1063010000.0,0.0,1063010000.0,12005857000.0,2532852000.0,9473005000.0,2761127686.0,-16635000.0,0.0,-367000.0,71171000.0,-29388000.0,39521000.0,-599272000.0,0.0,544127000.0,-643000.0,-91455000.0,-91455000.0,-91455000.0,-83000.0,0.0,-0.041,279731000.0,-21900000.0,742868000.0,-0.32,1.115,19.575,19.39,11320140000.0,0.0,51.77,0.31,0.31,1274492000.0,2262356000.0,2223932000.0,2223932000.0,0.0,,,,,13640000.0,216037000.0,1.0,53334512.0,53334512.0,,41.698,13955288000.0,0.0,278000.0,1215704000.0,261.656,-960714000.0
8,R,MRQ,2019-06-30,2019-06-30,2019-06-30,2021-09-09,-899388000.0,14522054000.0,,1571448000.0,12950606000.0,,48.925,-1031247000.0,92502000.0,92502000.0,1812308000.0,75215000.0,0.595,4.569,7672279000.0,1053219000.0,6619060000.0,7672279000.0,0.0,414311000.0,0.0,0.037,0.54,163591000.0,577902000.0,0.257,577902000.0,163591000.0,102832000.0,1.43,1.43,1.43,2607706000.0,,2607706000.0,10187782952.0,16.0,4.556,-471518000.0,-8.846,1.0,432685000.0,0.193,529841000.0,60759000.0,18930841000.0,,80954000.0,992846000.0,0.0,992846000.0,11914348000.0,2641149000.0,9273199000.0,3107401952.0,29715000.0,0.0,-3928000.0,536968000.0,-28350000.0,502751000.0,-1031247000.0,0.0,559729000.0,-1060000.0,75215000.0,75215000.0,75215000.0,237000.0,0.0,0.034,262144000.0,170541000.0,768054000.0,0.378,1.192,9.61,9.48,11427919000.0,0.0,58.3,0.351,0.351,1248967000.0,2385620000.0,2244993000.0,2244993000.0,0.0,,,,,14236000.0,226416000.0,1.0,53300205.0,53300205.0,,42.12,13992213000.0,0.0,27617000.0,1222849000.0,262.517,-1069701000.0
9,R,MRQ,2019-03-31,2019-03-31,2019-03-31,2021-09-09,-890418000.0,13948985000.0,,1557785000.0,12391200000.0,,48.324,-923244000.0,62787000.0,62787000.0,1779254000.0,45316000.0,0.566,4.434,7143168000.0,1117489000.0,6025679000.0,7143168000.0,0.0,400575000.0,0.0,0.035,0.54,122913000.0,523488000.0,0.24,523488000.0,122913000.0,67577000.0,0.86,0.86,0.86,2566804000.0,,2566804000.0,9848196626.0,16.0,4.593,-437914000.0,-8.244,1.0,401073000.0,0.184,531810000.0,55336000.0,17742977000.0,,80082000.0,978705000.0,0.0,978705000.0,11382181000.0,2754579000.0,8627602000.0,3292709626.0,-5324000.0,0.0,-11048000.0,479147000.0,-29301000.0,434288000.0,-923244000.0,0.0,485330000.0,-1551000.0,45316000.0,45316000.0,45316000.0,574000.0,0.0,0.021,271124000.0,129949000.0,839792000.0,0.628,1.283,11.236,11.129,10880685000.0,0.0,61.99,0.379,0.379,1221769000.0,2343857000.0,2180327000.0,2180327000.0,0.0,,,,,13861000.0,231325000.0,1.0,53116787.0,53116787.0,,41.048,13417175000.0,0.0,22261000.0,1202650000.0,252.598,-1196794000.0
10,R,MRQ,2018-12-31,2018-12-31,2018-12-31,2021-09-09,-911634000.0,13347808000.0,,1567710000.0,11780098000.0,,47.78,-745701000.0,68111000.0,68111000.0,1828612000.0,111977000.0,0.623,4.262,6649277000.0,937131000.0,5712146000.0,6649277000.0,0.0,454327000.0,0.0,0.044,0.54,167883000.0,622210000.0,0.275,622210000.0,167883000.0,116152000.0,2.13,2.12,2.13,2536568000.0,,2536568000.0,8778614641.0,15.0,4.295,-303268000.0,-5.713,1.0,431543000.0,0.191,534281000.0,51731000.0,16877947000.0,,79228000.0,967802000.0,0.0,967802000.0,10811240000.0,2516746000.0,8294494000.0,2556192641.0,4859000.0,0.0,-16153000.0,334607000.0,-28358000.0,306279000.0,-745701000.0,0.0,442433000.0,3230000.0,111977000.0,111977000.0,111977000.0,-139000.0,0.0,0.05,259499000.0,172044000.0,731876000.0,0.254,1.008,8.981,8.9,10278015000.0,0.0,48.15,0.304,0.304,1242058000.0,2337252000.0,2260155000.0,2260155000.0,0.0,,,,,10421000.0,213371000.0,1.0,53088113.0,53088113.0,,42.574,12813527000.0,0.0,4175000.0,1179723000.0,241.363,-949036000.0
11,R,MRQ,2018-09-30,2018-09-30,2018-09-30,2021-09-09,-816147000.0,12684305000.0,,1464656000.0,11219649000.0,,54.966,-689219000.0,60688000.0,60688000.0,1748019000.0,90842000.0,0.671,3.346,6283110000.0,859530000.0,5423580000.0,6283110000.0,0.0,346479000.0,0.0,0.028,0.54,165949000.0,512428000.0,0.237,512428000.0,165949000.0,118103000.0,1.73,1.72,1.73,2918398000.0,,2918398000.0,9783975360.0,20.0,5.115,-278484000.0,-5.245,1.0,411663000.0,0.191,554390000.0,47846000.0,16169519000.0,,78119000.0,652249000.0,0.0,652249000.0,9765907000.0,2182818000.0,7583089000.0,3879632360.0,-13053000.0,1756000.0,-2099000.0,298575000.0,-28411000.0,265186000.0,-687463000.0,0.0,410735000.0,-1870000.0,90842000.0,90842000.0,90842000.0,760000.0,0.0,0.042,243793000.0,167870000.0,704613000.0,0.312,1.329,5.213,5.179,10013010000.0,0.0,73.07,0.481,0.481,1156674000.0,2632589000.0,2159682000.0,2159682000.0,0.0,,,,,8340000.0,215599000.0,1.0,53094736.0,53094736.0,,40.676,12129915000.0,0.0,27261000.0,1331360000.0,228.458,-718162000.0
12,R,MRQ,2018-06-30,2018-06-30,2018-06-30,2021-09-09,-827967000.0,12228866000.0,,1367756000.0,10861110000.0,,53.516,-646379000.0,73582000.0,73582000.0,1696409000.0,44908000.0,0.678,3.304,5977925000.0,740548000.0,5237377000.0,5977925000.0,0.0,342737000.0,0.0,0.027,0.52,143384000.0,486121000.0,0.233,486121000.0,143384000.0,100633000.0,0.85,0.85,0.85,2841403000.0,,2841403000.0,9419228370.0,20.0,5.116,-118404000.0,-2.23,1.0,393495000.0,0.188,559964000.0,42751000.0,15554681000.0,,74079000.0,630457000.0,0.0,630457000.0,9387463000.0,2018564000.0,7368899000.0,3815399370.0,-3553000.0,-169128000.0,-1054000.0,313426000.0,-27300000.0,284447000.0,-815507000.0,0.0,527975000.0,-185000.0,44908000.0,44908000.0,44908000.0,1261000.0,0.0,0.021,247992000.0,145503000.0,706239000.0,0.612,1.343,5.357,5.323,9670689000.0,0.0,71.86,0.492,0.492,1054469000.0,2580262000.0,2089904000.0,2089904000.0,0.0,,,,,7169000.0,212612000.0,1.0,53094898.0,53094898.0,,39.362,11668902000.0,0.0,55725000.0,1309445000.0,219.774,-650808000.0
13,R,MRQ,2018-03-31,2018-03-31,2018-03-31,2021-09-09,-690003000.0,11736157000.0,,1311521000.0,10424636000.0,,53.963,-572788000.0,73857000.0,73857000.0,1551279000.0,36886000.0,0.725,3.105,5677686000.0,677916000.0,4999770000.0,5677686000.0,0.0,332768000.0,0.0,0.026,0.52,90432000.0,423200000.0,0.222,423200000.0,90432000.0,52272000.0,0.7,0.7,0.7,2858815000.0,,2858815000.0,9187538719.0,21.0,5.162,-235938000.0,-4.454,1.0,352926000.0,0.185,421868000.0,38160000.0,15108838000.0,,73704000.0,616709000.0,0.0,616709000.0,8877342000.0,1809280000.0,7068062000.0,3856235719.0,-3164000.0,0.0,-11504000.0,270161000.0,-27795000.0,229603000.0,-572788000.0,0.0,336850000.0,3519000.0,36886000.0,36886000.0,36886000.0,427000.0,0.0,0.019,260845000.0,92081000.0,618588000.0,0.743,1.349,5.37,5.348,9386059000.0,0.0,72.79,0.518,0.518,986102000.0,2468005000.0,1904205000.0,1904205000.0,0.0,,,,,6563000.0,207828000.0,1.0,52977548.0,52977548.0,,35.944,11314289000.0,0.0,15386000.0,1244035000.0,213.568,-497759000.0
14,R,MRQ,2017-12-31,2017-12-31,2017-12-31,2021-09-09,-707501000.0,11463999000.0,,1322893000.0,10141106000.0,,53.669,-420564000.0,78348000.0,78348000.0,1533966000.0,571620000.0,0.657,3.034,5409651000.0,826069000.0,4583582000.0,5409651000.0,0.0,392692000.0,0.0,0.021,0.46,98243000.0,490935000.0,0.256,490935000.0,98243000.0,60958000.0,10.83,10.75,10.83,2841671000.0,,2841671000.0,9740579172.0,22.0,5.524,41343000.0,0.781,1.0,380200000.0,0.199,438434000.0,37285000.0,14341893000.0,,73543000.0,570706000.0,0.0,570706000.0,8622328000.0,2014975000.0,6607353000.0,4456609172.0,15622000.0,0.0,-2339000.0,56009000.0,-24249000.0,29200000.0,-474791000.0,-54227000.0,461907000.0,-313000.0,571620000.0,571620000.0,571620000.0,-490000.0,0.0,0.299,275581000.0,104619000.0,599303000.0,0.042,1.568,6.193,6.175,9131966000.0,0.0,84.17,0.612,0.612,1010908000.0,2471677000.0,1914166000.0,1914166000.0,0.0,,,,,11199000.0,256109000.0,1.0,52947715.0,52947715.0,,36.152,11025565000.0,0.0,-510662000.0,1211129000.0,208.235,-692082000.0
15,R,MRQ,2017-09-30,2017-09-30,2017-09-30,2021-09-09,-746814000.0,11258974000.0,,1252580000.0,10006394000.0,,41.052,-361613000.0,65256000.0,65256000.0,1467026000.0,58750000.0,1.018,4.176,5349226000.0,143942000.0,5205284000.0,5349226000.0,0.0,311752000.0,0.0,0.021,0.46,129056000.0,440808000.0,0.239,440808000.0,129056000.0,94202000.0,1.12,1.11,1.12,2175064000.0,,2175064000.0,9809225187.0,22.0,5.82,72883000.0,1.376,1.0,373871000.0,0.203,439501000.0,34854000.0,14873114000.0,,71328000.0,538697000.0,0.0,538697000.0,9083910000.0,1230329000.0,7853581000.0,4479744187.0,8458000.0,-7240000.0,-3248000.0,-41502000.0,-24314000.0,-69296000.0,-347455000.0,21398000.0,434496000.0,-8578000.0,58750000.0,58750000.0,58750000.0,290000.0,0.0,0.032,237567000.0,136304000.0,557216000.0,0.411,2.06,22.763,22.728,9028196000.0,0.0,84.55,0.634,0.634,981702000.0,1855806000.0,1840897000.0,1840897000.0,0.0,,,,,11530000.0,212249000.0,1.0,52983373.0,52983373.0,,34.745,10819473000.0,0.0,35452000.0,1776226000.0,204.205,22251000.0
16,R,MRQ,2017-06-30,2017-06-30,2017-06-30,2021-09-09,-780220000.0,11124784000.0,,1176688000.0,9948096000.0,,39.322,-384429000.0,55363000.0,55363000.0,1429571000.0,50868000.0,0.728,4.282,5384844000.0,588852000.0,4795992000.0,5384844000.0,0.0,309813000.0,0.0,0.024,0.44,115179000.0,424992000.0,0.238,424992000.0,115179000.0,80327000.0,0.96,0.96,0.96,2106099000.0,,2106099000.0,9143537124.0,19.0,5.345,15917000.0,0.297,1.0,358457000.0,0.2,433598000.0,34852000.0,14403303000.0,,67239000.0,545253000.0,0.0,545253000.0,9018685000.0,1617364000.0,7401321000.0,3855263124.0,18588000.0,0.0,-39367000.0,47405000.0,-23343000.0,-15744000.0,-367865000.0,16564000.0,400346000.0,1851000.0,50868000.0,50868000.0,50868000.0,527000.0,0.0,0.028,236164000.0,122293000.0,536443000.0,0.458,1.831,17.304,17.138,8969245000.0,0.0,71.98,0.555,0.555,916631000.0,1827139000.0,1788028000.0,1788028000.0,0.0,,,,,11694000.0,201464000.0,1.0,53560199.0,53560199.0,,33.384,10691186000.0,0.0,29459000.0,1739326000.0,199.611,-440676000.0
17,R,MRQ,2017-03-31,2017-03-31,2017-03-31,2021-09-09,-813226000.0,10973807000.0,,1113340000.0,9860467000.0,,38.9,-264830000.0,37951000.0,37951000.0,1407512000.0,38406000.0,0.563,4.276,5326225000.0,973115000.0,4353110000.0,5326225000.0,0.0,311207000.0,0.0,0.023,0.44,95378000.0,406585000.0,0.234,406585000.0,95378000.0,60492000.0,0.72,0.72,0.72,2079796000.0,,2079796000.0,9365871695.0,18.0,5.404,66519000.0,1.244,1.0,329471000.0,0.19,434001000.0,34886000.0,13850281000.0,,67732000.0,500983000.0,0.0,500983000.0,8894011000.0,1977799000.0,6916212000.0,4033398695.0,-22285000.0,0.0,-12854000.0,-68608000.0,-23907000.0,-106215000.0,-248565000.0,16265000.0,331349000.0,1501000.0,38406000.0,38406000.0,38406000.0,130000.0,0.0,0.022,226633000.0,102838000.0,536225000.0,0.611,1.939,16.417,16.294,8925483000.0,0.0,75.44,0.587,0.587,862862000.0,1829114000.0,1736983000.0,1736983000.0,0.0,,,,,12285000.0,201095000.0,1.0,53464988.0,53464988.0,,32.488,10539806000.0,0.0,22086000.0,1710267000.0,197.135,-864459000.0
18,R,MRQ,2016-12-31,2016-12-31,2016-12-31,2021-09-09,-834032000.0,10902454000.0,,1101557000.0,9800897000.0,,38.383,-310841000.0,58801000.0,58801000.0,1323110000.0,48773000.0,0.632,4.312,5391274000.0,791410000.0,4599864000.0,5391274000.0,0.0,308877000.0,0.0,0.023,0.44,104223000.0,413100000.0,0.243,413100000.0,104223000.0,68977000.0,0.92,0.91,0.92,2052275000.0,,2052275000.0,9424835664.0,17.0,5.417,105119000.0,1.966,1.0,377194000.0,0.222,435021000.0,35246000.0,14055837000.0,,69529000.0,472284000.0,0.0,472284000.0,8850179000.0,1744069000.0,7106110000.0,3980188664.0,-17707000.0,0.0,-3155000.0,-100046000.0,-23392000.0,-130368000.0,-298763000.0,16281000.0,415960000.0,-3915000.0,48773000.0,48773000.0,48773000.0,1094000.0,0.0,0.029,263982000.0,113212000.0,445470000.0,0.478,1.939,15.13,15.038,8893592000.0,0.0,74.44,0.589,0.589,831947000.0,1827026000.0,1700304000.0,1700304000.0,0.0,,,,,12689000.0,201461000.0,1.0,53468413.0,53468413.0,,31.8,10467433000.0,0.0,20204000.0,1688681000.0,195.769,-642512000.0
19,R,MRQ,2016-09-30,2016-09-30,2016-09-30,2021-09-09,-747445000.0,11108773000.0,,1137559000.0,9971214000.0,,39.213,-304837000.0,74994000.0,74994000.0,1333598000.0,84752000.0,0.56,4.297,5519641000.0,1055146000.0,4464495000.0,5519641000.0,0.0,297130000.0,0.0,0.025,0.44,168752000.0,465882000.0,0.27,465882000.0,168752000.0,131312000.0,1.6,1.59,1.6,2097041000.0,,2097041000.0,9094953909.0,15.0,5.144,117201000.0,2.192,1.0,390820000.0,0.227,437724000.0,37440000.0,14085845000.0,,67335000.0,518283000.0,0.0,518283000.0,9011732000.0,2029851000.0,6981881000.0,3526903909.0,9030000.0,0.0,-392000.0,-100819000.0,-23390000.0,-124601000.0,-285248000.0,16272000.0,422038000.0,-2152000.0,84752000.0,84752000.0,84752000.0,386000.0,0.0,0.049,214214000.0,176606000.0,457843000.0,0.275,1.682,12.141,12.057,9015207000.0,0.0,65.95,0.524,0.524,856763000.0,1795445000.0,1724418000.0,1724418000.0,0.0,,,,,11337000.0,191337000.0,1.0,53478452.0,53478452.0,,32.245,10671049000.0,0.0,46560000.0,1700154000.0,199.539,-892292000.0
20,R,MRQ,2016-06-30,2016-06-30,2016-06-30,2021-09-09,-732653000.0,11136127000.0,,1126248000.0,10009879000.0,,38.119,-413746000.0,65964000.0,65964000.0,1316909000.0,73750000.0,0.558,4.44,5634014000.0,1047208000.0,4586806000.0,5634014000.0,0.0,293873000.0,0.0,0.027,0.41,153755000.0,447628000.0,0.263,447628000.0,153755000.0,116487000.0,1.39,1.38,1.39,2047098000.0,,2047098000.0,8826060304.0,15.0,4.992,-18724000.0,-0.349,1.0,386835000.0,0.227,439896000.0,37268000.0,14246221000.0,,66553000.0,528853000.0,0.0,528853000.0,9089029000.0,2018060000.0,7070969000.0,3283426304.0,9158000.0,0.0,-17132000.0,44514000.0,-21779000.0,8535000.0,-394292000.0,18347000.0,395022000.0,93000.0,73750000.0,73750000.0,73750000.0,292000.0,0.0,0.043,217368000.0,169467000.0,462335000.0,0.295,1.604,11.079,10.957,9041130000.0,0.0,61.14,0.492,0.492,850504000.0,1736839000.0,1703744000.0,1703744000.0,0.0,,,,,27343000.0,207028000.0,1.0,53703407.0,53703407.0,,31.725,10696231000.0,0.0,42737000.0,1655982000.0,199.172,-891812000.0
21,R,MRQ,2016-03-31,2016-03-31,2016-03-31,2021-09-09,-694336000.0,11054530000.0,,1094546000.0,9959984000.0,,38.235,-454433000.0,56806000.0,56806000.0,1283105000.0,55794000.0,0.687,4.405,5599440000.0,612223000.0,4987217000.0,5599440000.0,0.0,287170000.0,0.0,0.025,0.41,126206000.0,413376000.0,0.254,413376000.0,126206000.0,88317000.0,1.05,1.04,1.05,2045318000.0,,2045318000.0,8922235995.0,14.0,5.049,-86431000.0,-1.616,1.0,346567000.0,0.213,442970000.0,37889000.0,14560654000.0,,65542000.0,524477000.0,0.0,524477000.0,9009212000.0,1593540000.0,7415672000.0,3465324995.0,-4139000.0,0.0,1492000.0,84434000.0,-22482000.0,60512000.0,-429044000.0,25610000.0,368002000.0,-3508000.0,55794000.0,55794000.0,55794000.0,391000.0,0.0,0.034,219970000.0,126597000.0,475017000.0,0.39,1.694,11.259,11.169,8992537000.0,0.0,64.78,0.522,0.522,822556000.0,1700816000.0,1629672000.0,1629672000.0,0.0,,,,,4888000.0,204403000.0,1.0,53493748.0,53493748.0,,30.465,10611560000.0,0.0,32523000.0,1621894000.0,198.37,-498994000.0
22,R,MRQ,2015-12-31,2015-12-31,2015-12-31,2021-09-09,-712735000.0,10952580000.0,,1098302000.0,9854278000.0,,37.194,-474157000.0,60945000.0,60945000.0,1285969000.0,76201000.0,0.654,4.512,5502627000.0,634530000.0,4868097000.0,5502627000.0,0.0,293818000.0,0.0,0.027,0.41,147528000.0,441346000.0,0.264,441346000.0,147528000.0,111957000.0,1.43,1.43,1.43,1987111000.0,,1987111000.0,8411458263.0,14.0,4.833,-103705000.0,-1.941,1.0,386774000.0,0.231,444327000.0,35571000.0,14269680000.0,,63725000.0,510246000.0,0.0,510246000.0,8965469000.0,1680255000.0,7285214000.0,3036148263.0,-14442000.0,0.0,3238000.0,97031000.0,-21765000.0,66702000.0,-453977000.0,19814000.0,370452000.0,2043000.0,76201000.0,76201000.0,76201000.0,-266000.0,0.0,0.046,221715000.0,165059000.0,502373000.0,0.287,1.528,9.962,9.883,8899705000.0,0.0,56.83,0.462,0.462,835489000.0,1667080000.0,1672743000.0,1672743000.0,0.0,,,,,22866000.0,198291000.0,1.0,53425097.0,53425097.0,,31.31,10508253000.0,0.0,35756000.0,1587522000.0,196.691,-581953000.0
23,R,MRQ,2015-09-30,2015-09-30,2015-09-30,2021-09-09,-685145000.0,10820186000.0,,1117527000.0,9702659000.0,,36.573,-648901000.0,75387000.0,75387000.0,1286467000.0,90619000.0,0.817,4.543,5450697000.0,305759000.0,5144938000.0,5450697000.0,0.0,287072000.0,0.0,0.021,0.41,178694000.0,465766000.0,0.279,465766000.0,178694000.0,139708000.0,1.71,1.69,1.71,1952064000.0,,1952064000.0,9095484811.0,17.0,5.633,-236263000.0,-4.427,1.0,382599000.0,0.229,451404000.0,38986000.0,14376830000.0,,64087000.0,502376000.0,0.0,502376000.0,8868122000.0,1367262000.0,7500860000.0,3951812811.0,2034000.0,0.0,3268000.0,237728000.0,-21746000.0,219263000.0,-628715000.0,17254000.0,412638000.0,-808000.0,90619000.0,90619000.0,90619000.0,192000.0,0.0,0.054,203713000.0,178886000.0,550305000.0,0.24,2.024,16.49,16.344,8748879000.0,0.0,74.04,0.603,0.603,814160000.0,1612744000.0,1669066000.0,1669066000.0,0.0,,,,,4943000.0,203093000.0,1.0,53374025.0,53374025.0,,31.271,10368782000.0,0.0,49089000.0,1575507000.0,194.266,-249735000.0
24,R,MRQ,2015-06-30,2015-06-30,2015-06-30,2021-09-09,-646858000.0,10638264000.0,,1135916000.0,9502348000.0,,35.893,-661276000.0,73353000.0,73353000.0,1276972000.0,85159000.0,0.745,4.56,5217025000.0,347817000.0,4869208000.0,5217025000.0,0.0,274798000.0,0.0,0.017,0.37,171764000.0,446562000.0,0.269,446562000.0,171764000.0,132689000.0,1.61,1.59,1.61,1913439000.0,,1913439000.0,9289347639.0,18.0,5.864,-286423000.0,-5.373,1.0,385959000.0,0.232,455134000.0,39075000.0,13803070000.0,,64684000.0,485291000.0,0.0,485291000.0,8724825000.0,1523732000.0,7201093000.0,4657626639.0,1154000.0,0.0,5283000.0,280883000.0,-19606000.0,266650000.0,-637846000.0,17669000.0,374853000.0,-1954000.0,85159000.0,85159000.0,85159000.0,758000.0,0.0,0.051,213437000.0,172522000.0,652193000.0,0.23,2.434,20.02,19.812,8561923000.0,0.0,87.37,0.709,0.709,831441000.0,1544047000.0,1662931000.0,1662931000.0,0.0,,,,,5504000.0,214868000.0,1.0,53309221.0,53309221.0,,31.194,10183130000.0,0.0,47530000.0,1532470000.0,191.02,-387816000.0
25,R,MRQ,2015-03-31,2015-03-31,2015-03-31,2021-09-09,-673032000.0,9906791000.0,,1078019000.0,8828772000.0,,34.188,-456148000.0,72199000.0,72199000.0,1237041000.0,52789000.0,0.957,4.469,4703920000.0,11417000.0,4692503000.0,4703920000.0,0.0,266278000.0,0.0,0.015,0.37,120442000.0,386720000.0,0.247,386720000.0,120442000.0,83640000.0,1.0,0.99,1.0,1811546000.0,,1811546000.0,9490428437.0,19.0,6.098,-172303000.0,-3.252,1.0,330112000.0,0.211,455059000.0,36802000.0,12956916000.0,,63021000.0,465250000.0,0.0,465250000.0,8095245000.0,1126537000.0,6968708000.0,5028038437.0,22107000.0,0.0,5705000.0,192629000.0,-20084000.0,178870000.0,-440817000.0,16243000.0,283845000.0,756000.0,52789000.0,52789000.0,52789000.0,537000.0,0.0,0.034,209133000.0,120979000.0,625473000.0,0.37,2.776,22.56,22.433,7908463000.0,0.0,94.89,0.762,0.762,778280000.0,1479175000.0,1567153000.0,1567153000.0,0.0,,,,,5665000.0,206605000.0,1.0,52988075.0,52988075.0,,29.576,9451732000.0,0.0,30851000.0,1488111000.0,178.375,-48518000.0
26,R,MRQ,2014-12-31,2014-12-31,2014-12-31,2021-09-09,-620270000.0,9850871000.0,,1043644000.0,8807227000.0,,34.297,-416691000.0,50092000.0,50092000.0,1285867000.0,11079000.0,0.94,4.415,4730619000.0,36284000.0,4694335000.0,4730619000.0,0.0,265682000.0,0.0,0.015,0.37,49911000.0,315593000.0,0.191,315593000.0,49911000.0,13120000.0,0.21,0.22,0.21,1819087000.0,,1819087000.0,9357281396.0,19.0,6.123,-14917000.0,-0.281,1.0,370449000.0,0.224,459648000.0,36791000.0,12960935000.0,,66007000.0,446099000.0,0.0,446099000.0,8031784000.0,1110815000.0,6920969000.0,4924726396.0,-24910000.0,-187000.0,-6365000.0,10215000.0,-19463000.0,-20851000.0,-407229000.0,15347000.0,401774000.0,1507000.0,11079000.0,11079000.0,11079000.0,404000.0,0.0,0.007,320134000.0,50315000.0,560852000.0,1.762,2.707,22.555,22.428,7901480000.0,0.0,92.85,0.742,0.742,794864000.0,1450509000.0,1656316000.0,1656316000.0,0.0,,,,,5459000.0,222842000.0,1.0,53039595.0,53039595.0,,31.228,9391223000.0,0.0,2041000.0,1443292000.0,177.061,-67171000.0
27,R,MRQ,2014-09-30,2014-09-30,2014-09-30,2021-09-09,-466423000.0,9604362000.0,,1122362000.0,8482000000.0,,37.358,-367462000.0,75002000.0,75002000.0,1324658000.0,83617000.0,0.761,3.845,4507557000.0,462312000.0,4045245000.0,4507557000.0,0.0,269258000.0,0.0,0.015,0.37,166011000.0,435269000.0,0.258,435269000.0,166011000.0,129330000.0,1.59,1.57,1.59,1982499000.0,,1982499000.0,9404767948.0,17.0,5.797,70694000.0,1.332,1.0,362492000.0,0.215,462467000.0,36681000.0,12098877000.0,,64805000.0,474652000.0,0.0,474652000.0,7621863000.0,1475573000.0,6146290000.0,4774502948.0,-11886000.0,-8136000.0,-7994000.0,-63680000.0,-19493000.0,-91064000.0,-357463000.0,16565000.0,438156000.0,-1258000.0,83617000.0,83617000.0,83617000.0,278000.0,0.0,0.05,196203000.0,166289000.0,513769000.0,0.233,2.408,17.558,17.436,7544881000.0,0.0,89.97,0.723,0.723,821446000.0,1470499000.0,1687150000.0,1687150000.0,0.0,,,,,5457000.0,202001000.0,1.0,53067722.0,53067722.0,,31.792,9141895000.0,0.0,45713000.0,1526002000.0,172.268,-353211000.0
28,R,MRQ,2014-06-30,2014-06-30,2014-06-30,2021-09-09,-422495000.0,9687667000.0,,1137470000.0,8550197000.0,,36.946,-527003000.0,86888000.0,86888000.0,1336509000.0,75385000.0,0.75,3.93,4717153000.0,557681000.0,4159472000.0,4717153000.0,0.0,263294000.0,0.0,0.015,0.34,155482000.0,418776000.0,0.249,418776000.0,155482000.0,119753000.0,1.43,1.41,1.43,1964960000.0,,1964960000.0,9058833253.0,17.0,5.764,-221775000.0,-4.17,1.0,348062000.0,0.207,453103000.0,35729000.0,12348149000.0,,65490000.0,478915000.0,0.0,478915000.0,7722707000.0,1516680000.0,6206027000.0,4685022253.0,14102000.0,0.0,-23448000.0,249636000.0,-17910000.0,208396000.0,-497971000.0,16171000.0,305228000.0,-1321000.0,75385000.0,75385000.0,75385000.0,336000.0,0.0,0.045,192244000.0,155818000.0,479952000.0,0.238,2.384,18.063,17.868,7618179000.0,0.0,88.09,0.716,0.716,827274000.0,1416858000.0,1684571000.0,1684571000.0,0.0,,,,,5131000.0,200430000.0,1.0,53184496.0,53184496.0,,31.674,9234564000.0,0.0,44368000.0,1480313000.0,173.633,-379210000.0
29,R,MRQ,2014-03-31,2014-03-31,2014-03-31,2021-09-09,-449713000.0,9367483000.0,,1117116000.0,8250367000.0,,35.553,-451045000.0,72786000.0,72786000.0,1306477000.0,48232000.0,0.814,3.934,4446597000.0,400846000.0,4045751000.0,4446597000.0,0.0,248815000.0,0.0,0.017,0.34,109247000.0,358062000.0,0.222,358062000.0,109247000.0,74138000.0,0.91,0.9,0.91,1898541000.0,,1898541000.0,8395580051.0,16.0,5.53,-213385000.0,-3.996,1.0,304260000.0,0.189,453611000.0,35109000.0,11915061000.0,,64758000.0,472148000.0,0.0,472148000.0,7468942000.0,1372622000.0,6096320000.0,4267717051.0,11224000.0,-1649000.0,-21911000.0,254792000.0,-18005000.0,215169000.0,-441847000.0,16184000.0,237660000.0,1369000.0,48232000.0,48232000.0,48232000.0,866000.0,0.0,0.03,194147000.0,110113000.0,505779000.0,0.374,2.248,17.336,17.004,7324608000.0,0.0,79.92,0.66,0.66,822010000.0,1390310000.0,1610737000.0,1610737000.0,0.0,,,,,4858000.0,191702000.0,1.0,53399863.0,53399863.0,,30.164,8913872000.0,0.0,25906000.0,1433288000.0,166.927,-255506000.0
30,R,MRQ,2013-12-31,2013-12-31,2013-12-31,2021-09-09,-438248000.0,9103782000.0,,1062493000.0,8041289000.0,,36.064,-511046000.0,61562000.0,61562000.0,1272067000.0,64686000.0,0.863,3.8,4189425000.0,259438000.0,3929987000.0,4189425000.0,0.0,275827000.0,0.0,0.018,0.34,134551000.0,410378000.0,0.254,410378000.0,134551000.0,96410000.0,1.23,1.22,1.23,1896714000.0,,1896714000.0,7842387165.0,16.0,5.272,-149270000.0,-2.838,1.0,345662000.0,0.214,456125000.0,38141000.0,11544381000.0,,64298000.0,460501000.0,0.0,460501000.0,7207068000.0,1231139000.0,5975929000.0,3880331165.0,-13374000.0,0.0,36029000.0,102279000.0,-17865000.0,120679000.0,-491007000.0,15836000.0,361776000.0,-3629000.0,64686000.0,64686000.0,64686000.0,1337000.0,0.0,0.04,209774000.0,135888000.0,475364000.0,0.276,2.046,16.313,16.144,7124663000.0,0.0,73.78,0.604,0.604,777370000.0,1390756000.0,1617729000.0,1617729000.0,0.0,,,,,5046000.0,209808000.0,1.0,52593266.0,52593266.0,,30.759,8647657000.0,0.0,31724000.0,1429637000.0,164.425,-168646000.0
31,R,MRQ,2013-09-30,2013-09-30,2013-09-30,2021-09-09,-593556000.0,8807802000.0,,1099491000.0,7708311000.0,,31.637,-440142000.0,74936000.0,74936000.0,1288859000.0,71067000.0,0.863,4.32,4036992000.0,350954000.0,3686038000.0,4036992000.0,0.0,241804000.0,0.0,0.021,0.34,142557000.0,384361000.0,0.235,384361000.0,142557000.0,108590000.0,1.36,1.35,1.36,1655456000.0,,1655456000.0,6964883184.0,14.0,4.855,-112853000.0,-2.157,1.0,345681000.0,0.211,458345000.0,33967000.0,11037246000.0,,64035000.0,450959000.0,0.0,450959000.0,7152346000.0,1274267000.0,5878079000.0,3123905184.0,1507000.0,-438000.0,13189000.0,104436000.0,-17800000.0,101451000.0,-425207000.0,14987000.0,327289000.0,2232000.0,71067000.0,71067000.0,71067000.0,2808000.0,0.0,0.043,200316000.0,145365000.0,442076000.0,0.25,1.887,13.76,13.63,6799007000.0,0.0,59.7,0.489,0.489,798066000.0,1344175000.0,1634540000.0,1634540000.0,0.0,,,,,4662000.0,196767000.0,1.0,52326720.0,52326720.0,,31.237,8349457000.0,0.0,37523000.0,1260497000.0,159.564,-174776000.0
32,R,MRQ,2013-06-30,2013-06-30,2013-06-30,2021-09-09,-630459000.0,8560347000.0,,1062335000.0,7498012000.0,,29.801,-412356000.0,73429000.0,73429000.0,1271599000.0,62194000.0,0.888,4.532,3914407000.0,258697000.0,3655710000.0,3914407000.0,0.0,234438000.0,0.0,0.02,0.31,130882000.0,365320000.0,0.228,365320000.0,130882000.0,96981000.0,1.2,1.19,1.2,1547359000.0,,1547359000.0,6925486179.0,14.0,4.829,-97812000.0,-1.884,1.0,332400000.0,0.207,458891000.0,33901000.0,10745808000.0,,61672000.0,424386000.0,0.0,424386000.0,7012988000.0,1196626000.0,5816362000.0,3156352179.0,-3060000.0,0.0,19003000.0,68728000.0,-16075000.0,73370000.0,-391670000.0,12443000.0,314544000.0,696000.0,62194000.0,62194000.0,62194000.0,381000.0,0.0,0.039,201137000.0,131263000.0,458627000.0,0.258,2.04,13.661,13.539,6614735000.0,0.0,60.79,0.499,0.499,772262000.0,1291005000.0,1603999000.0,1603999000.0,0.0,,,,,4993000.0,195033000.0,1.0,51922227.0,51922227.0,,30.892,8101456000.0,0.0,34787000.0,1220970000.0,156.031,-134291000.0
33,R,MRQ,2013-03-31,2013-03-31,2013-03-31,2021-09-09,-615904000.0,8392102000.0,,1070855000.0,7321247000.0,,28.967,-306713000.0,76489000.0,76489000.0,1266959000.0,39924000.0,0.908,4.628,3845623000.0,259733000.0,3585890000.0,3845623000.0,0.0,231541000.0,0.0,0.02,0.31,96084000.0,327625000.0,0.21,327625000.0,96084000.0,61630000.0,0.77,0.77,0.77,1491145000.0,,1491145000.0,6830184147.0,15.0,4.839,-58511000.0,-1.137,1.0,296058000.0,0.189,461226000.0,34454000.0,10521140000.0,,63028000.0,425311000.0,0.0,425311000.0,6900957000.0,1178870000.0,5722087000.0,3075780147.0,10097000.0,-1420000.0,22425000.0,43550000.0,-15980000.0,51570000.0,-295934000.0,27411000.0,248202000.0,6259000.0,39924000.0,39924000.0,39924000.0,878000.0,0.0,0.026,199096000.0,96962000.0,462192000.0,0.403,2.063,14.267,14.192,6434710000.0,0.0,59.75,0.489,0.489,774441000.0,1244956000.0,1563017000.0,1563017000.0,0.0,,,,,4609000.0,189073000.0,1.0,51477492.0,51477492.0,,30.363,7930876000.0,0.0,21706000.0,1187684000.0,154.065,-108015000.0
34,R,MRQ,2012-12-31,2012-12-31,2012-12-31,2021-09-09,-587619000.0,8318979000.0,,1040237000.0,7278742000.0,,28.711,-335568000.0,66392000.0,66392000.0,1263552000.0,53844000.0,0.817,4.669,3820796000.0,367975000.0,3452821000.0,3820796000.0,0.0,241161000.0,0.0,0.024,0.31,116030000.0,357191000.0,0.226,357191000.0,116030000.0,80739000.0,1.05,1.05,1.05,1467487000.0,,1467487000.0,6344449027.0,14.0,4.556,33723000.0,0.66,1.0,319984000.0,0.202,464691000.0,35291000.0,10336027000.0,,64146000.0,434590000.0,0.0,434590000.0,6851492000.0,1272665000.0,5578827000.0,2552046027.0,-29295000.0,-1333000.0,9925000.0,-73493000.0,-15808000.0,-79021000.0,-316197000.0,20806000.0,369291000.0,-188000.0,53844000.0,53844000.0,53844000.0,1101000.0,0.0,0.034,202853000.0,117131000.0,398983000.0,0.295,1.739,12.154,12.148,6379461000.0,0.0,49.93,0.408,0.408,775765000.0,1221190000.0,1583536000.0,1583536000.0,0.0,,,,,4678000.0,195633000.0,1.0,51112478.0,51112478.0,,30.981,7854288000.0,0.0,26895000.0,1177074000.0,153.667,-232428000.0
35,R,MRQ,2012-09-30,2012-09-30,2012-09-30,2021-09-09,-524588000.0,8259620000.0,,1079006000.0,7180614000.0,,28.909,-380180000.0,95687000.0,95687000.0,1246424000.0,75091000.0,0.809,4.589,3888090000.0,443629000.0,3444461000.0,3888090000.0,0.0,238435000.0,0.0,0.03,0.31,145469000.0,383904000.0,0.244,383904000.0,145469000.0,110590000.0,1.47,1.47,1.47,1477899000.0,,1477899000.0,5669961270.0,13.0,4.142,-85094000.0,-1.664,1.0,326871000.0,0.208,466909000.0,34879000.0,10251281000.0,,67113000.0,423339000.0,0.0,423339000.0,6781721000.0,1333833000.0,5447888000.0,1996872270.0,23128000.0,-1354000.0,-898000.0,107462000.0,-15802000.0,90780000.0,-363029000.0,18505000.0,295086000.0,291000.0,75091000.0,75091000.0,75091000.0,-10780000.0,0.0,0.048,192182000.0,134689000.0,422791000.0,0.211,1.351,9.778,9.765,6290366000.0,0.0,39.06,0.321,0.321,784121000.0,1183066000.0,1573295000.0,1573295000.0,0.0,,,,,5101000.0,183713000.0,1.0,51123202.0,51123202.0,,30.775,7792711000.0,0.0,35499000.0,1181425000.0,152.43,-254827000.0
36,R,MRQ,2012-06-30,2012-06-30,2012-06-30,2021-09-09,-554556000.0,8116958000.0,,1059286000.0,7057672000.0,,27.0,-497783000.0,72559000.0,72559000.0,1248218000.0,46723000.0,0.778,4.863,3745648000.0,381561000.0,3364087000.0,3745648000.0,0.0,233473000.0,0.0,0.032,0.29,109347000.0,342820000.0,0.219,342820000.0,109347000.0,73725000.0,0.92,0.91,0.92,1384408000.0,,1384408000.0,5325914220.0,13.0,4.006,-213379000.0,-4.162,1.0,315642000.0,0.202,458245000.0,35622000.0,9970246000.0,,63826000.0,416322000.0,0.0,416322000.0,6732550000.0,1361556000.0,5370994000.0,1846361220.0,-41062000.0,-350000.0,-8755000.0,157626000.0,-14803000.0,134247000.0,-459278000.0,17111000.0,284404000.0,-435000.0,46723000.0,46723000.0,46723000.0,44000.0,0.0,0.03,206251000.0,109391000.0,494420000.0,0.315,1.334,9.945,9.92,6183105000.0,0.0,36.01,0.297,0.297,793599000.0,1125868000.0,1563860000.0,1563860000.0,0.0,,,,,4648000.0,189332000.0,1.0,51273569.0,51273569.0,,30.5,7658713000.0,0.0,27002000.0,1144068000.0,149.37,-302270000.0
37,R,MRQ,2012-03-31,2012-03-31,2012-03-31,2021-09-09,-539674000.0,8148642000.0,,1122341000.0,7026301000.0,,26.801,-376730000.0,113621000.0,113621000.0,1250186000.0,34321000.0,0.637,4.942,3593174000.0,586872000.0,3006302000.0,3593174000.0,0.0,226608000.0,0.0,0.022,0.29,81908000.0,308516000.0,0.201,308516000.0,81908000.0,47143000.0,0.67,0.67,0.67,1371380000.0,,1371380000.0,5979325029.0,14.0,4.57,-191387000.0,-3.74,1.0,286090000.0,0.186,460955000.0,34765000.0,9405492000.0,,67283000.0,410049000.0,0.0,410049000.0,6777262000.0,1761748000.0,5015514000.0,2701752029.0,9049000.0,-2076000.0,1236000.0,200627000.0,-14853000.0,187799000.0,-365769000.0,15475000.0,185343000.0,1676000.0,34321000.0,34321000.0,34321000.0,555000.0,0.0,0.022,203627000.0,82463000.0,720599000.0,0.433,1.97,15.096,15.129,6155297000.0,0.0,52.8,0.438,0.438,789256000.0,1101309000.0,1536276000.0,1536276000.0,0.0,,,,,4437000.0,194984000.0,1.0,51169546.0,51169546.0,,30.023,7687687000.0,0.0,12822000.0,1117929000.0,150.239,-639407000.0
38,R,MRQ,2011-12-31,2011-12-31,2011-12-31,2021-09-09,-567165000.0,7617835000.0,,1088173000.0,6529662000.0,,25.783,-419742000.0,104572000.0,104572000.0,1214325000.0,48095000.0,0.927,4.779,3382145000.0,274366000.0,3107779000.0,3382145000.0,0.0,227001000.0,0.0,0.021,0.29,106569000.0,333570000.0,0.216,333570000.0,106569000.0,73543000.0,0.94,0.93,0.94,1318153000.0,,1318153000.0,5799611756.0,14.0,4.52,-159679000.0,-3.123,1.0,326769000.0,0.212,462126000.0,33026000.0,9259459000.0,,65912000.0,393685000.0,0.0,393685000.0,6299682000.0,1173823000.0,5125859000.0,2716803756.0,-11214000.0,263000.0,-1118000.0,147862000.0,-14815000.0,132067000.0,-402734000.0,16088000.0,260063000.0,-610000.0,48095000.0,48095000.0,48095000.0,-431000.0,0.0,0.031,220631000.0,106138000.0,391827000.0,0.309,2.061,16.002,16.054,5673851000.0,0.0,53.14,0.449,0.449,754644000.0,1090363000.0,1541094000.0,1541094000.0,0.0,,,,,4786000.0,202871000.0,1.0,51125400.0,51125400.0,,30.143,7155709000.0,0.0,25448000.0,1121493000.0,139.964,-85650000.0
39,R,MRQ,2011-09-30,2011-09-30,2011-09-30,2021-09-09,-396897000.0,7445775000.0,,1098406000.0,6347369000.0,,28.386,-266592000.0,115786000.0,115786000.0,1239948000.0,56524000.0,0.945,4.13,3198594000.0,255359000.0,2943235000.0,3198594000.0,0.0,224466000.0,0.0,0.029,0.29,119991000.0,344457000.0,0.219,344457000.0,119991000.0,87246000.0,1.1,1.1,1.1,1451428000.0,,1451428000.0,5029587333.0,13.0,4.074,43611000.0,0.853,1.0,330772000.0,0.211,465260000.0,32745000.0,8900424000.0,,64462000.0,426849000.0,0.0,426849000.0,5994347000.0,1162899000.0,4831448000.0,1917962333.0,-14370000.0,-13600000.0,-3422000.0,-43242000.0,-14864000.0,-61521000.0,-263943000.0,16090000.0,310203000.0,891000.0,56524000.0,56524000.0,56524000.0,409000.0,0.0,0.036,210372000.0,120400000.0,408460000.0,0.264,1.321,12.078,12.179,5455260000.0,0.0,37.51,0.329,0.329,758693000.0,1062460000.0,1570720000.0,1570720000.0,0.0,,,,,4297000.0,200096000.0,1.0,51132027.0,51132027.0,,30.719,6980515000.0,0.0,30722000.0,1190812000.0,136.519,-64493000.0
40,R,MRQ,2011-06-30,2011-06-30,2011-06-30,2021-09-09,-346479000.0,7444289000.0,,1105461000.0,6338828000.0,,28.422,-432581000.0,130156000.0,130156000.0,1196271000.0,40033000.0,0.933,4.101,3241781000.0,293882000.0,2947899000.0,3241781000.0,0.0,214858000.0,0.0,0.019,0.27,107103000.0,321961000.0,0.213,321961000.0,107103000.0,74129000.0,0.78,0.77,0.78,1459279000.0,,1459279000.0,5572352213.0,16.0,4.67,-177907000.0,-3.465,1.0,317073000.0,0.21,467474000.0,32974000.0,8903260000.0,,64884000.0,420878000.0,0.0,420878000.0,5985010000.0,1185180000.0,4799830000.0,2918876213.0,-25484000.0,-264808000.0,-14976000.0,424523000.0,-13880000.0,396533000.0,-679228000.0,15218000.0,254674000.0,2537000.0,40033000.0,40033000.0,40033000.0,881000.0,0.0,0.026,209089000.0,107984000.0,395490000.0,0.346,2.0,20.685,20.901,5450476000.0,0.0,56.85,0.524,0.524,752863000.0,1027281000.0,1513344000.0,1513344000.0,0.0,,,,,4235000.0,195168000.0,1.0,51343469.0,51343469.0,,29.475,6976815000.0,0.0,34096000.0,1159365000.0,135.885,-79719000.0
41,R,MRQ,2011-03-31,2011-03-31,2011-03-31,2021-09-09,-349300000.0,6982183000.0,,1045112000.0,5937071000.0,,28.115,-242038000.0,155640000.0,155640000.0,1155332000.0,25125000.0,0.757,3.848,2809116000.0,467974000.0,2341142000.0,2809116000.0,0.0,205937000.0,0.0,0.021,0.27,77297000.0,283234000.0,0.199,283234000.0,77297000.0,42878000.0,0.49,0.48,0.49,1440276000.0,,1440276000.0,5126067989.0,15.0,4.417,-25522000.0,-0.498,1.0,270044000.0,0.189,460752000.0,34419000.0,7794508000.0,,62914000.0,402843000.0,0.0,402843000.0,5541907000.0,1380399000.0,4161508000.0,2592118989.0,-57413000.0,-83776000.0,-6814000.0,57183000.0,-13945000.0,36983000.0,-311267000.0,14828000.0,216516000.0,355000.0,25125000.0,25125000.0,25125000.0,732000.0,0.0,0.018,192015000.0,78029000.0,466955000.0,0.551,1.8,19.799,20.159,5073476000.0,0.0,50.6,0.485,0.485,679336000.0,1022569000.0,1425376000.0,1425376000.0,0.0,,,,,4105000.0,173109000.0,1.0,51227648.0,51227648.0,,27.824,6521431000.0,0.0,17753000.0,1135461000.0,127.303,-335287000.0
42,R,MRQ,2010-12-31,2010-12-31,2010-12-31,2021-09-09,-376599000.0,6652374000.0,,1023301000.0,5629073000.0,,27.143,-136336000.0,213053000.0,213053000.0,453917000.0,37121000.0,0.904,3.737,2747002000.0,420124000.0,2326878000.0,2747002000.0,0.0,206146000.0,0.0,0.02,0.27,78876000.0,285022000.0,0.217,285022000.0,78876000.0,45267000.0,0.71,0.72,0.71,1404313000.0,,1404313000.0,5118558528.0,17.0,4.475,84270000.0,1.629,1.0,859509000.0,0.654,428111000.0,33609000.0,7626693000.0,,58701000.0,392901000.0,0.0,392901000.0,5248061000.0,1131519000.0,4116542000.0,2723469528.0,78357000.0,-205108000.0,-25470000.0,213402000.0,-13871000.0,174160000.0,-318014000.0,15826000.0,220606000.0,1605000.0,37121000.0,37121000.0,37121000.0,4341000.0,0.0,0.028,776292000.0,83217000.0,294380000.0,0.38,1.939,23.047,23.396,4808061000.0,0.0,52.64,0.53,0.53,615003000.0,1019785000.0,1313426000.0,1313426000.0,0.0,,,,,4340000.0,655375000.0,1.0,51737643.0,51737643.0,,25.386,6224263000.0,0.0,8146000.0,1108856000.0,120.304,-108218000.0
43,R,MRQ,2010-09-30,2010-09-30,2010-09-30,2021-09-09,-370321000.0,6409755000.0,,949832000.0,5459923000.0,,26.867,-258121000.0,134696000.0,134696000.0,1232642000.0,38835000.0,0.806,3.551,2529785000.0,463466000.0,2066319000.0,2529785000.0,0.0,209929000.0,0.0,0.024,0.27,93056000.0,302985000.0,0.23,302985000.0,93056000.0,61159000.0,0.74,0.74,0.74,1408299000.0,,1408299000.0,4605546328.0,16.0,4.095,14512000.0,0.277,1.0,84306000.0,0.064,254560000.0,31897000.0,7372116000.0,,53378000.0,393339000.0,0.0,393339000.0,5001456000.0,1178168000.0,3823288000.0,2241884328.0,26282000.0,-4380000.0,-30078000.0,50035000.0,-14049000.0,6015000.0,-255759000.0,15027000.0,272633000.0,3393000.0,38835000.0,38835000.0,38835000.0,839000.0,0.0,0.029,-9589000.0,93895000.0,305097000.0,0.365,1.592,25.106,25.308,4812024000.0,0.0,42.77,0.442,0.442,623951000.0,1017536000.0,1316948000.0,1316948000.0,0.0,,,,,4186000.0,0.0,1.0,52417216.0,52417216.0,,25.124,6155195000.0,0.0,22324000.0,1063951000.0,117.427,-228336000.0
44,R,MRQ,2010-06-30,2010-06-30,2010-06-30,2021-09-09,-404851000.0,6338053000.0,,907546000.0,5430507000.0,,25.942,-289806000.0,108414000.0,108414000.0,1209696000.0,29841000.0,0.775,3.611,2472076000.0,380909000.0,2091167000.0,2472076000.0,0.0,206761000.0,0.0,0.025,0.25,82600000.0,289361000.0,0.225,289361000.0,82600000.0,51448000.0,0.57,0.56,0.57,1374679000.0,,1374679000.0,4440470430.0,17.0,3.974,-30583000.0,-0.577,1.0,76427000.0,0.059,253702000.0,31152000.0,7277634000.0,,51214000.0,387939000.0,0.0,387939000.0,4963374000.0,1170379000.0,3792995000.0,2131782430.0,-6713000.0,0.0,-27641000.0,53450000.0,-13170000.0,8897000.0,-272962000.0,15338000.0,259223000.0,-1871000.0,29841000.0,29841000.0,29841000.0,759000.0,0.0,0.023,-6932000.0,83359000.0,363500000.0,0.439,1.551,28.64,29.152,4788866000.0,0.0,40.23,0.426,0.426,622773000.0,1014994000.0,1286123000.0,1286123000.0,0.0,,,,,4076000.0,0.0,1.0,52989869.0,52989869.0,,24.271,6084351000.0,0.0,21607000.0,1012159000.0,114.821,-262833000.0
45,R,MRQ,2010-03-31,2010-03-31,2010-03-31,2021-09-09,-377898000.0,6262678000.0,,887103000.0,5375575000.0,,26.364,-151142000.0,115127000.0,115127000.0,1170123000.0,12373000.0,0.954,3.447,2423815000.0,206911000.0,2216904000.0,2423815000.0,0.0,211005000.0,0.0,0.025,0.25,55329000.0,266334000.0,0.218,266334000.0,55329000.0,21993000.0,0.23,0.23,0.23,1408231000.0,,1408231000.0,4469514811.0,17.0,3.957,115154000.0,2.156,1.0,49815000.0,0.041,255708000.0,33336000.0,7386042000.0,,50700000.0,393719000.0,0.0,393719000.0,4854447000.0,929616000.0,3924831000.0,2070348811.0,16602000.0,-2409000.0,-23083000.0,-78729000.0,-13384000.0,-113861000.0,-134052000.0,15576000.0,266296000.0,-1781000.0,12373000.0,12373000.0,12373000.0,499000.0,0.0,0.01,-6013000.0,55828000.0,338017000.0,1.087,1.47,30.681,31.77,4726148000.0,0.0,38.76,0.42,0.42,594764000.0,1020482000.0,1219938000.0,1219938000.0,0.0,,,,,3941000.0,0.0,1.0,53414572.0,53414572.0,,22.839,6006970000.0,0.0,9620000.0,1026925000.0,112.459,-42513000.0
46,R,MRQ,2009-12-31,2009-12-31,2009-12-31,2021-09-09,-378919000.0,6259830000.0,,880373000.0,5379457000.0,,25.459,-78501000.0,98525000.0,98525000.0,395870000.0,8248000.0,1.035,3.387,2497691000.0,232617000.0,2265074000.0,2497691000.0,0.0,215824000.0,0.0,0.023,0.25,50272000.0,266096000.0,0.213,266096000.0,50272000.0,16377000.0,0.15,0.15,0.15,1426995000.0,,1426995000.0,4722935814.0,18.0,4.139,132709000.0,2.368,1.0,851098000.0,0.683,255564000.0,33895000.0,7553158000.0,,50146000.0,401324000.0,0.0,401324000.0,4832835000.0,850274000.0,3982561000.0,2307600814.0,-12489000.0,-3175000.0,-114314000.0,-27563000.0,-13582000.0,-157060000.0,-67773000.0,14112000.0,211210000.0,1134000.0,8248000.0,8248000.0,8248000.0,15422000.0,0.0,0.007,785404000.0,65694000.0,262712000.0,1.667,1.617,37.252,37.09,4722569000.0,0.0,41.17,0.472,0.472,598661000.0,1036178000.0,1246968000.0,1246968000.0,0.0,,,,,3873000.0,625524000.0,1.0,56050542.0,56050542.0,,22.247,6004266000.0,0.0,8129000.0,1035874000.0,107.122,30099000.0
47,R,MRQ,2009-09-30,2009-09-30,2009-09-30,2021-09-09,-469984000.0,6453573000.0,,923685000.0,5529888000.0,,25.944,-65950000.0,111014000.0,111014000.0,1175897000.0,23971000.0,1.035,3.446,2526349000.0,256554000.0,2269795000.0,2526349000.0,0.0,220258000.0,0.0,0.024,0.25,75469000.0,295727000.0,0.236,295727000.0,75469000.0,39739000.0,0.43,0.43,0.43,1451648000.0,,1451648000.0,4793304289.0,17.0,4.132,189628000.0,3.389,1.0,77957000.0,0.062,255490000.0,35730000.0,7721398000.0,,48088000.0,405534000.0,0.0,405534000.0,5001925000.0,892020000.0,4109905000.0,2185531289.0,6489000.0,-199000.0,2459000.0,-192931000.0,-14019000.0,-208498000.0,-40257000.0,14211000.0,255578000.0,-334000.0,23971000.0,23971000.0,23971000.0,4468000.0,0.0,0.019,-1980000.0,79937000.0,233636000.0,0.581,1.506,33.967,33.672,4868864000.0,0.0,39.06,0.442,0.442,633587000.0,1119314000.0,1253854000.0,1253854000.0,0.0,,,,,4463000.0,0.0,1.0,55953182.0,55953182.0,,22.409,6198083000.0,0.0,15768000.0,953193000.0,110.773,31665000.0
48,R,MRQ,2009-06-30,2009-06-30,2009-06-30,2021-09-09,-488101000.0,6530027000.0,,869228000.0,5660799000.0,,25.347,-85810000.0,104525000.0,104525000.0,1134007000.0,22888000.0,0.93,3.61,2712298000.0,337247000.0,2375051000.0,2712298000.0,0.0,223549000.0,0.0,0.033,0.23,77732000.0,301281000.0,0.249,301281000.0,77732000.0,41152000.0,0.41,0.41,0.41,1416618000.0,,1416618000.0,4316258137.0,12.0,3.518,152826000.0,2.734,1.0,78029000.0,0.064,256266000.0,36580000.0,7946379000.0,,47839000.0,405190000.0,0.0,405190000.0,5113409000.0,935155000.0,4178254000.0,1560444137.0,12951000.0,-45000.0,1807000.0,-150912000.0,-12875000.0,-162930000.0,-66292000.0,15451000.0,238636000.0,3537000.0,22888000.0,22888000.0,22888000.0,4180000.0,0.0,0.019,-3883000.0,81912000.0,222671000.0,0.561,1.102,14.111,14.101,4999343000.0,0.0,27.92,0.296,0.296,591203000.0,1109362000.0,1212036000.0,1212036000.0,0.0,,,,,3297000.0,0.0,1.0,55889833.0,55889833.0,,21.686,6273761000.0,0.0,18264000.0,935798000.0,112.252,-65927000.0
49,R,MRQ,2009-03-31,2009-03-31,2009-03-31,2021-09-09,-561362000.0,6570420000.0,,833550000.0,5736870000.0,,23.872,-206056000.0,91574000.0,91574000.0,1113854000.0,6838000.0,1.126,3.947,2847388000.0,107076000.0,2740312000.0,2847388000.0,0.0,221585000.0,0.0,0.032,0.23,56466000.0,278051000.0,0.237,278051000.0,56466000.0,18329000.0,0.12,0.12,0.12,1328177000.0,,1328177000.0,4317610140.0,10.0,3.36,47739000.0,0.858,1.0,60542000.0,0.052,256809000.0,38137000.0,8328844000.0,,47925000.0,380836000.0,0.0,380836000.0,5242243000.0,740581000.0,4501662000.0,1575116140.0,-28731000.0,-85454000.0,1209000.0,-9212000.0,-12858000.0,-22955000.0,-257619000.0,21468000.0,253795000.0,-1952000.0,6838000.0,6838000.0,6838000.0,4102000.0,0.0,0.006,-26000.0,60568000.0,256632000.0,1.917,1.186,10.456,10.603,5099225000.0,0.0,28.31,0.276,0.276,567014000.0,1099349000.0,1174396000.0,1174396000.0,0.0,,,,,4771000.0,0.0,1.0,55638154.0,55638154.0,,21.108,6313611000.0,0.0,11491000.0,910668000.0,113.476,92969000.0
50,R,MRQ,2008-12-31,2008-12-31,2008-12-31,2021-09-09,-544227000.0,6689508000.0,,957581000.0,5731927000.0,,24.187,-292887000.0,120305000.0,120305000.0,1173998000.0,10646000.0,0.862,3.973,2862799000.0,384262000.0,2478537000.0,2862799000.0,0.0,210383000.0,0.0,0.024,0.23,74709000.0,285092000.0,0.219,285092000.0,74709000.0,34618000.0,0.2,0.21,0.2,1345161000.0,,1345161000.0,4967956320.0,10.0,3.707,80599000.0,1.449,1.0,127877000.0,0.098,234958000.0,40091000.0,8085879000.0,,48324000.0,384929000.0,0.0,384929000.0,5344347000.0,1111165000.0,4233182000.0,2156778320.0,9901000.0,-14826000.0,919000.0,-48659000.0,-12799000.0,-72082000.0,-296961000.0,14272000.0,373486000.0,5458000.0,10646000.0,10646000.0,10646000.0,37457000.0,0.0,0.008,15711000.0,112166000.0,295083000.0,1.15,1.603,10.79,11.017,5112040000.0,0.0,38.78,0.36,0.36,635376000.0,1105369000.0,1301875000.0,1301875000.0,0.0,,,,,3082000.0,0.0,1.0,55615738.0,55615738.0,,23.408,6454550000.0,0.0,23972000.0,917365000.0,116.056,-153584000.0
51,R,MRQ,2008-09-30,2008-09-30,2008-09-30,2021-09-09,-113458000.0,6956318000.0,,1090022000.0,5866296000.0,,31.403,-209947000.0,110404000.0,110404000.0,1432203000.0,70208000.0,1.02,2.924,2921582000.0,285854000.0,2635728000.0,2921582000.0,0.0,210556000.0,0.0,0.015,0.23,151754000.0,362310000.0,0.23,362310000.0,151754000.0,112548000.0,1.25,1.24,1.25,1772821000.0,,1772821000.0,6382942210.0,11.0,4.534,149628000.0,2.65,1.0,144633000.0,0.092,250848000.0,39206000.0,8447780000.0,,57658000.0,412456000.0,0.0,412456000.0,5183497000.0,1068868000.0,4114629000.0,3500176210.0,2975000.0,-25080000.0,-58981000.0,-69504000.0,-12901000.0,-129220000.0,-219861000.0,14925000.0,359575000.0,-7519000.0,70208000.0,70208000.0,70208000.0,2569000.0,0.0,0.045,-9690000.0,154323000.0,352083000.0,0.184,1.974,13.401,13.687,5202992000.0,0.0,62.0,0.561,0.561,770854000.0,1107522000.0,1576836000.0,1576836000.0,0.0,,,,,4699000.0,0.0,1.0,56454455.0,56454455.0,,27.931,6705470000.0,0.0,42340000.0,1070640000.0,118.777,21154000.0
52,R,MRQ,2008-06-30,2008-06-30,2008-06-30,2021-09-09,-31217000.0,7068407000.0,,1145314000.0,5923093000.0,,32.191,-267331000.0,107429000.0,107429000.0,1520394000.0,62946000.0,1.119,2.819,2990195000.0,269053000.0,2721142000.0,2990195000.0,0.0,209250000.0,0.0,0.013,0.23,150263000.0,359513000.0,0.217,359513000.0,150263000.0,112675000.0,1.1,1.09,1.1,1850891000.0,,1850891000.0,6642304716.0,12.0,4.751,-45113000.0,-0.785,1.0,139848000.0,0.084,248176000.0,37588000.0,8679514000.0,,62305000.0,441580000.0,0.0,441580000.0,5217516000.0,1023483000.0,4194033000.0,3960439716.0,-7192000.0,-114257000.0,-84847000.0,203650000.0,-13124000.0,106717000.0,-336265000.0,14271000.0,222218000.0,138000.0,62946000.0,62946000.0,62946000.0,0.0,0.0,0.038,-10415000.0,150263000.0,346977000.0,0.209,2.14,15.44,15.655,5233337000.0,0.0,68.88,0.627,0.627,815721000.0,1100436000.0,1660242000.0,1660242000.0,0.0,,,,,5068000.0,0.0,1.0,57497673.0,57497673.0,,28.875,6820231000.0,0.0,49729000.0,1054733000.0,118.618,121831000.0
53,R,MRQ,2008-03-31,2008-03-31,2008-03-31,2021-09-09,-35318000.0,6900566000.0,,1127926000.0,5772640000.0,,32.279,-198830000.0,114621000.0,114621000.0,1424954000.0,56082000.0,1.012,2.683,2796486000.0,302380000.0,2494106000.0,2796486000.0,0.0,205960000.0,0.0,0.014,0.23,129515000.0,335475000.0,0.217,335475000.0,129515000.0,92087000.0,0.97,0.96,0.97,1873865000.0,,1873865000.0,6195638638.0,11.0,4.471,101422000.0,1.747,1.0,118628000.0,0.077,222977000.0,37428000.0,8245397000.0,,59268000.0,431598000.0,0.0,431598000.0,5026701000.0,1114057000.0,3912644000.0,3535968638.0,-1838000.0,-92830000.0,-58510000.0,13547000.0,-13414000.0,-56045000.0,-249703000.0,17628000.0,300252000.0,3658000.0,56082000.0,56082000.0,56082000.0,0.0,0.0,0.036,-10887000.0,129515000.0,400027000.0,0.237,1.887,13.669,13.906,5118065000.0,0.0,60.91,0.56,0.56,764634000.0,1130092000.0,1543582000.0,1543582000.0,0.0,,,,,4227000.0,0.0,1.0,58052350.0,58052350.0,,26.589,6677589000.0,0.0,36005000.0,1014450000.0,115.027,13869000.0
54,R,MRQ,2007-12-31,2007-12-31,2007-12-31,2021-09-09,-30877000.0,6854649000.0,,1222062000.0,5632587000.0,,32.529,-133596000.0,116459000.0,116459000.0,1330978000.0,71946000.0,1.199,2.631,2776129000.0,222698000.0,2553431000.0,2776129000.0,0.0,204276000.0,0.0,0.018,0.21,146179000.0,350455000.0,0.239,350455000.0,146179000.0,110619000.0,1.21,1.21,1.21,1887589000.0,,1887589000.0,5437742886.0,10.0,3.967,132017000.0,2.275,1.0,132357000.0,0.09,185801000.0,35560000.0,8309157000.0,,58810000.0,426661000.0,0.0,426661000.0,4967060000.0,1019361000.0,3947699000.0,2727878886.0,10228000.0,-75226000.0,1542000.0,-44820000.0,-12185000.0,-49979000.0,-206856000.0,15354000.0,265613000.0,1450000.0,71946000.0,71946000.0,71946000.0,-2082000.0,0.0,0.049,-11740000.0,144097000.0,383808000.0,0.174,1.445,10.746,11.061,5020125000.0,0.0,47.01,0.429,0.429,843662000.0,1160132000.0,1463335000.0,1463335000.0,0.0,,,,,3343000.0,0.0,1.0,58027630.0,58027630.0,,25.218,6668848000.0,0.0,38673000.0,984361000.0,114.925,202701000.0
55,R,MRQ,2007-09-30,2007-09-30,2007-09-30,2021-09-09,-67468000.0,6885627000.0,,1272025000.0,5613602000.0,,29.858,-106804000.0,106231000.0,106231000.0,1509647000.0,65533000.0,0.98,2.855,2816095000.0,385889000.0,2430206000.0,2816095000.0,0.0,207814000.0,0.0,0.017,0.21,144692000.0,352506000.0,0.214,352506000.0,144692000.0,104493000.0,1.12,1.11,1.12,1786265000.0,,1786265000.0,5721464000.0,10.0,4.227,225307000.0,3.766,1.0,138077000.0,0.084,174357000.0,40199000.0,8123010000.0,,58077000.0,390834000.0,0.0,390834000.0,5099362000.0,1298124000.0,3801238000.0,2931474000.0,-3738000.0,0.0,-102618000.0,-97964000.0,-12347000.0,-211895000.0,-127051000.0,15181000.0,332111000.0,3097000.0,65533000.0,65533000.0,65533000.0,0.0,0.0,0.04,-6615000.0,144692000.0,438483000.0,0.188,1.641,11.833,11.836,5048411000.0,0.0,49.0,0.451,0.451,905651000.0,1100371000.0,1647724000.0,1647724000.0,0.0,,,,,4144000.0,0.0,1.0,59826000.0,59826000.0,,27.542,6711270000.0,0.0,38960000.0,968779000.0,112.18,-26099000.0
56,R,MRQ,2007-06-30,2007-06-30,2007-06-30,2021-09-09,-98934000.0,6929988000.0,,1249949000.0,5680039000.0,,29.421,-146766000.0,109969000.0,109969000.0,1527628000.0,65123000.0,1.243,2.852,2899959000.0,151613000.0,2748346000.0,2899959000.0,0.0,202271000.0,0.0,0.014,0.21,145177000.0,347448000.0,0.21,347448000.0,145177000.0,104336000.0,1.08,1.07,1.08,1799053000.0,,1799053000.0,6074389684.0,11.0,4.558,105256000.0,1.721,1.0,130341000.0,0.079,173984000.0,40841000.0,8540226000.0,,56842000.0,389081000.0,0.0,389081000.0,5130935000.0,1005768000.0,4125167000.0,3289816684.0,16366000.0,0.0,-76122000.0,485000.0,-12837000.0,-87410000.0,-150832000.0,16095000.0,252022000.0,2586000.0,65123000.0,65123000.0,65123000.0,0.0,0.0,0.039,-14836000.0,145177000.0,443529000.0,0.194,1.829,13.293,13.154,5116974000.0,0.0,53.8,0.509,0.509,917427000.0,1137357000.0,1657969000.0,1657969000.0,0.0,,,,,6316000.0,0.0,1.0,61149009.0,61149009.0,,27.114,6756004000.0,0.0,39213000.0,951701000.0,110.484,244181000.0
57,R,MRQ,2007-03-31,2007-03-31,2007-03-31,2021-09-09,-140691000.0,6998841000.0,,1233009000.0,5765832000.0,,29.212,-393058000.0,93603000.0,93603000.0,1485306000.0,51259000.0,0.96,2.946,2878176000.0,313092000.0,2565084000.0,2878176000.0,0.0,196183000.0,0.0,0.015,0.21,124208000.0,320391000.0,0.201,320391000.0,124208000.0,84838000.0,0.85,0.84,0.85,1773752000.0,,1773752000.0,5684191844.0,10.0,4.344,-139865000.0,-2.303,1.0,108796000.0,0.068,173579000.0,39370000.0,8325995000.0,,57725000.0,390093000.0,0.0,390093000.0,5225089000.0,1283840000.0,3941249000.0,2995887844.0,-35036000.0,0.0,10520000.0,51152000.0,-12783000.0,50081000.0,-338480000.0,15716000.0,253193000.0,170000.0,51259000.0,51259000.0,51259000.0,0.0,0.0,0.032,-15412000.0,124208000.0,549429000.0,0.247,1.689,11.859,11.861,5202160000.0,0.0,49.34,0.468,0.468,915931000.0,1147860000.0,1594102000.0,1594102000.0,0.0,,,,,4409000.0,0.0,1.0,60719251.0,60719251.0,,26.254,6825262000.0,0.0,33579000.0,911589000.0,112.407,-50831000.0
58,R,MRQ,2006-12-31,2006-12-31,2006-12-31,2021-09-09,-146494000.0,6828923000.0,,1261816000.0,5567107000.0,,28.336,-447718000.0,128639000.0,128639000.0,1468383000.0,65821000.0,0.995,2.969,2816943000.0,332745000.0,2484198000.0,2816943000.0,0.0,193666000.0,0.0,0.014,0.18,139510000.0,333176000.0,0.209,333176000.0,139510000.0,101802000.0,1.09,1.07,1.09,1720779000.0,,1720779000.0,5604878693.0,11.0,4.39,-205735000.0,-3.388,1.0,125694000.0,0.079,173631000.0,37708000.0,8075974000.0,,59318000.0,385176000.0,0.0,385176000.0,5108144000.0,1267622000.0,3840522000.0,3100774693.0,548000.0,0.0,-9903000.0,185743000.0,-10877000.0,166091000.0,-402407000.0,14987000.0,241983000.0,-5119000.0,65821000.0,65821000.0,65821000.0,0.0,0.0,0.041,-13816000.0,139510000.0,515121000.0,0.165,1.802,12.455,12.484,5008300000.0,0.0,51.06,0.492,0.492,883478000.0,1123789000.0,1594077000.0,1594077000.0,0.0,,,,,4309000.0,0.0,1.0,60728059.0,60728059.0,,26.249,6655292000.0,0.0,35981000.0,894547000.0,109.592,-5806000.0
59,R,MRQ,2006-09-30,2006-09-30,2006-09-30,2021-09-09,-171409000.0,6728245000.0,,1377881000.0,5350364000.0,,26.547,-318219000.0,128091000.0,128091000.0,1488108000.0,65277000.0,0.961,3.089,2632195000.0,389317000.0,2242878000.0,2632195000.0,0.0,187992000.0,0.0,0.014,0.18,143808000.0,331800000.0,0.205,331800000.0,143808000.0,107413000.0,1.07,1.06,1.07,1645385000.0,,1645385000.0,5609653140.0,11.0,4.48,-4959000.0,-0.08,1.0,132441000.0,0.082,173357000.0,36395000.0,7625063000.0,,62169000.0,375600000.0,0.0,375600000.0,5082860000.0,1433929000.0,3648931000.0,3203189140.0,45446000.0,0.0,-68811000.0,141252000.0,-10992000.0,62378000.0,-330815000.0,17519000.0,313260000.0,623000.0,65277000.0,65277000.0,65277000.0,0.0,0.0,0.04,-11367000.0,143808000.0,590615000.0,0.168,1.947,13.24,13.15,4801407000.0,0.0,51.68,0.512,0.512,919198000.0,1082411000.0,1620549000.0,1620549000.0,0.0,,,,,4257000.0,0.0,1.0,61981214.0,61981214.0,,26.146,6554888000.0,0.0,42136000.0,901773000.0,105.756,-56048000.0
60,R,MRQ,2006-06-30,2006-06-30,2006-06-30,2021-09-09,-177971000.0,6421578000.0,,1230418000.0,5191160000.0,,27.02,-375467000.0,82645000.0,82645000.0,1471529000.0,70279000.0,0.991,2.896,2489109000.0,358196000.0,2130913000.0,2489109000.0,0.0,183454000.0,0.0,0.012,0.18,139591000.0,323045000.0,0.202,323045000.0,139591000.0,104554000.0,1.15,1.13,1.15,1648162000.0,,1648162000.0,5787313402.0,11.0,4.647,-194362000.0,-3.186,1.0,124197000.0,0.078,179820000.0,35037000.0,7406927000.0,,63631000.0,399784000.0,0.0,399784000.0,4773416000.0,1241295000.0,3532121000.0,3564135402.0,7024000.0,0.0,31336000.0,181394000.0,-11115000.0,205808000.0,-381265000.0,17425000.0,181105000.0,1376000.0,70279000.0,70279000.0,70279000.0,0.0,0.0,0.044,-15394000.0,139591000.0,486362000.0,0.157,2.162,14.85,15.177,4611556000.0,0.0,58.43,0.582,0.582,867601000.0,1085927000.0,1595726000.0,1595726000.0,0.0,,,,,6001000.0,0.0,1.0,60998381.0,60998381.0,,26.16,6241758000.0,0.0,34275000.0,876819000.0,102.327,-10877000.0
61,R,MRQ,2006-03-31,2006-03-31,2006-03-31,2021-09-09,-201793000.0,6125267000.0,,1156452000.0,4968815000.0,,25.048,-221006000.0,75621000.0,75621000.0,1404022000.0,47582000.0,0.952,3.02,2298799000.0,263028000.0,2035771000.0,2298799000.0,0.0,178176000.0,0.0,0.015,0.18,110626000.0,288802000.0,0.193,288802000.0,110626000.0,79204000.0,0.78,0.77,0.78,1523647000.0,,1523647000.0,4780586965.0,10.0,3.885,-103767000.0,-1.706,1.0,92269000.0,0.062,178287000.0,31422000.0,6955801000.0,,61247000.0,394334000.0,0.0,394334000.0,4601620000.0,1214357000.0,3387263000.0,2723947965.0,-53106000.0,-4113000.0,-50079000.0,112301000.0,-10973000.0,53925000.0,-225063000.0,16343000.0,117239000.0,793000.0,47582000.0,47582000.0,47582000.0,0.0,0.0,0.032,-18357000.0,110626000.0,488929000.0,0.231,1.788,11.69,12.136,4396194000.0,0.0,44.78,0.46,0.46,800382000.0,1026763000.0,1496291000.0,1496291000.0,0.0,,,,,4481000.0,0.0,1.0,60829566.0,60829566.0,,24.598,5946980000.0,0.0,31622000.0,854724000.0,97.765,-57905000.0
62,R,MRQ,2005-12-31,2005-12-31,2005-12-31,2021-09-09,-202919000.0,6033264000.0,,1163755000.0,4869509000.0,,23.802,-212414000.0,128727000.0,128727000.0,1426144000.0,58801000.0,0.928,2.95,2185366000.0,269438000.0,1915928000.0,2185366000.0,0.0,184124000.0,0.0,0.016,0.16,124465000.0,308589000.0,0.2,308589000.0,124465000.0,93137000.0,0.93,0.92,0.93,1527456000.0,,1527456000.0,4710186286.0,10.0,3.869,95805000.0,1.493,1.0,118649000.0,0.077,178247000.0,31328000.0,6658161000.0,,59579000.0,410050000.0,0.0,410050000.0,4505808000.0,1253495000.0,3252313000.0,2632411286.0,-11810000.0,0.0,-104064000.0,-32284000.0,-10115000.0,-146463000.0,-174771000.0,20719000.0,308219000.0,1205000.0,58801000.0,58801000.0,58801000.0,-1741000.0,0.0,0.038,-6515000.0,125164000.0,414336000.0,0.172,1.723,11.6,11.522,4281212000.0,0.0,41.02,0.459,0.459,820825000.0,1038364000.0,1544793000.0,1544793000.0,0.0,,,,,3051000.0,0.0,1.0,64173849.0,64173849.0,,24.072,5855017000.0,0.0,34336000.0,849117000.0,91.237,-89740000.0
63,R,MRQ,2005-09-30,2005-09-30,2005-09-30,2021-09-09,-165818000.0,6044035000.0,,1342182000.0,4701853000.0,,25.179,-244435000.0,140537000.0,140537000.0,1368609000.0,63341000.0,1.05,2.738,2218312000.0,329687000.0,1888625000.0,2218312000.0,0.0,188050000.0,0.0,0.018,0.16,136841000.0,324891000.0,0.218,324891000.0,136841000.0,105500000.0,0.99,0.98,0.99,1616884000.0,,1616884000.0,4333585958.0,9.0,3.622,61567000.0,0.959,1.0,122014000.0,0.082,180529000.0,31341000.0,6662949000.0,,60502000.0,402524000.0,0.0,402524000.0,4427151000.0,1278332000.0,3148819000.0,2197418958.0,53227000.0,-393000.0,-3675000.0,-6861000.0,-10263000.0,-20799000.0,-228507000.0,16292000.0,306002000.0,-3469000.0,63341000.0,63341000.0,63341000.0,0.0,0.0,0.042,-14827000.0,136841000.0,461153000.0,0.162,1.359,9.522,9.506,4118800000.0,0.0,34.22,0.395,0.395,808516000.0,1071049000.0,1490623000.0,1490623000.0,0.0,,,,,1489000.0,0.0,1.0,64214464.0,64214464.0,,23.213,5863506000.0,0.0,42159000.0,855657000.0,91.311,63850000.0
64,R,MRQ,2005-06-30,2005-06-30,2005-06-30,2021-09-09,-174804000.0,5843919000.0,,1200313000.0,4643606000.0,,24.202,-244797000.0,87310000.0,87310000.0,1282666000.0,63298000.0,1.096,2.753,2223477000.0,326928000.0,1896549000.0,2223477000.0,0.0,186851000.0,0.0,0.017,0.16,121383000.0,308234000.0,0.222,308234000.0,121383000.0,90529000.0,0.99,0.98,0.99,1557006000.0,,1557006000.0,4435650872.0,10.0,3.818,-57353000.0,-0.891,1.0,107150000.0,0.077,180705000.0,30854000.0,6704025000.0,,60879000.0,408520000.0,0.0,408520000.0,4286913000.0,1095356000.0,3191557000.0,2354615872.0,3083000.0,-212000.0,-7014000.0,60054000.0,-10265000.0,42775000.0,-226358000.0,16817000.0,187444000.0,-778000.0,63298000.0,63298000.0,63298000.0,0.0,0.0,0.046,-14233000.0,121383000.0,409992000.0,0.162,1.512,10.62,10.578,4054381000.0,0.0,36.6,0.438,0.438,723418000.0,1023529000.0,1389816000.0,1389816000.0,0.0,,,,,1316000.0,0.0,1.0,64333767.0,64333767.0,,21.603,5663214000.0,0.0,27231000.0,833178000.0,88.029,104957000.0
65,R,MRQ,2005-03-31,2005-03-31,2005-03-31,2021-09-09,-158315000.0,5797101000.0,,1162920000.0,4634181000.0,,23.812,-364018000.0,84227000.0,84227000.0,1238532000.0,41489000.0,0.919,2.798,2165262000.0,422271000.0,1742991000.0,2165262000.0,0.0,181390000.0,0.0,0.015,0.16,94173000.0,275563000.0,0.209,275563000.0,94173000.0,67222000.0,0.65,0.64,0.65,1526160000.0,,1526160000.0,4354875687.0,10.0,3.763,-386621000.0,-6.032,1.0,77083000.0,0.059,181948000.0,26951000.0,6430306000.0,,62692000.0,415292000.0,0.0,415292000.0,4270941000.0,1265882000.0,3005059000.0,2672630687.0,-16744000.0,-14505000.0,-9275000.0,385553000.0,-10286000.0,365992000.0,-359219000.0,16580000.0,-22603000.0,-914000.0,41489000.0,41489000.0,41489000.0,0.0,0.0,0.032,-17090000.0,94173000.0,418179000.0,0.246,1.751,12.036,12.052,4036941000.0,0.0,41.7,0.509,0.509,697894000.0,978428000.0,1315615000.0,1315615000.0,0.0,,,,,2938000.0,0.0,1.0,64091863.0,64091863.0,,20.527,5615153000.0,0.0,25733000.0,839938000.0,87.611,-102962000.0
66,R,MRQ,2004-12-31,2004-12-31,2004-12-31,2021-09-09,-149421000.0,5683164000.0,,1097207000.0,4585957000.0,,23.489,-249714000.0,100971000.0,100971000.0,1260942000.0,62641000.0,0.754,2.763,1783216000.0,389550000.0,1393666000.0,1783216000.0,0.0,177223000.0,0.0,0.013,0.15,110489000.0,287712000.0,0.211,287712000.0,110489000.0,85824000.0,0.97,0.95,0.97,1510188000.0,,1510188000.0,4712885855.0,11.0,4.144,-39395000.0,-0.613,1.0,102248000.0,0.075,182424000.0,24665000.0,5728129000.0,,59284000.0,416531000.0,0.0,416531000.0,4172976000.0,1454856000.0,2718120000.0,3071308855.0,22577000.0,-89000.0,-12033000.0,49983000.0,-9645000.0,28305000.0,-225415000.0,17156000.0,210319000.0,9368000.0,62641000.0,62641000.0,62641000.0,0.0,0.0,0.046,-8241000.0,110489000.0,358402000.0,0.155,2.034,14.245,14.26,3987002000.0,0.0,47.77,0.596,0.596,732835000.0,963482000.0,1363190000.0,1363190000.0,0.0,,,,,8668000.0,0.0,1.0,64293675.0,64293675.0,,21.203,5500740000.0,0.0,23183000.0,915900000.0,85.556,-357649000.0
67,R,MRQ,2004-09-30,2004-09-30,2004-09-30,2021-09-09,-170127000.0,5453543000.0,,1135212000.0,4318331000.0,,22.381,-76463000.0,78394000.0,78394000.0,1203834000.0,54282000.0,1.001,2.784,1719971000.0,318277000.0,1401694000.0,1719971000.0,0.0,178063000.0,0.0,0.013,0.15,112192000.0,290255000.0,0.222,290255000.0,112192000.0,87400000.0,0.85,0.83,0.85,1441151000.0,,1441151000.0,4827908380.0,12.0,4.359,184818000.0,2.87,1.0,102080000.0,0.078,183113000.0,24792000.0,5777840000.0,,56416000.0,414189000.0,0.0,414189000.0,4012392000.0,1134167000.0,2878225000.0,3028954380.0,-3329000.0,-197000.0,-14112000.0,-179618000.0,-9673000.0,-203403000.0,-61207000.0,15733000.0,261281000.0,0.0,54282000.0,54282000.0,54282000.0,0.0,0.0,0.042,-10112000.0,112192000.0,381603000.0,0.176,2.102,15.743,15.68,3721029000.0,0.0,47.04,0.605,0.605,713667000.0,930368000.0,1305914000.0,1305914000.0,0.0,,,,,14305000.0,0.0,1.0,64391037.0,64391037.0,,20.281,5270430000.0,0.0,33118000.0,973523000.0,81.85,1045000.0
68,R,MRQ,2004-06-30,2004-06-30,2004-06-30,2021-09-09,-181789000.0,5433564000.0,,1068127000.0,4365437000.0,,21.318,-248368000.0,81723000.0,81723000.0,1070383000.0,63645000.0,0.986,2.896,1880677000.0,354284000.0,1526393000.0,1880677000.0,0.0,175757000.0,0.0,0.015,0.15,128059000.0,303816000.0,0.239,303816000.0,128059000.0,101832000.0,0.99,0.97,0.99,1394525000.0,,1394525000.0,4350526059.0,11.0,4.054,-49185000.0,-0.752,1.0,198532000.0,0.156,183350000.0,26227000.0,5966395000.0,,54500000.0,421518000.0,0.0,421518000.0,4039039000.0,1082773000.0,2956266000.0,2621161059.0,-34712000.0,-1334000.0,-39904000.0,49653000.0,-9619000.0,130000.0,-234025000.0,16025000.0,199183000.0,0.0,63645000.0,63645000.0,63645000.0,0.0,0.0,0.05,70473000.0,128059000.0,337990000.0,0.152,1.88,14.921,14.624,3760569000.0,0.0,40.07,0.536,0.536,646074000.0,914236000.0,1268915000.0,1268915000.0,0.0,,,,,0.0,0.0,1.0,65414551.0,65414551.0,,19.398,5250214000.0,0.0,38187000.0,932267000.0,80.261,-14646000.0
69,R,MRQ,2004-03-31,2004-03-31,2004-03-31,2021-09-09,-173798000.0,5488495000.0,,1122730000.0,4365765000.0,,21.35,-67567000.0,116435000.0,116435000.0,1050324000.0,35041000.0,1.043,2.962,1845800000.0,265289000.0,1580511000.0,1845800000.0,0.0,174985000.0,0.0,0.015,0.15,80496000.0,255481000.0,0.211,255481000.0,80496000.0,56066000.0,0.54,0.53,0.54,1385194000.0,,1385194000.0,4188131442.0,13.0,4.228,128499000.0,1.981,1.0,161934000.0,0.134,183376000.0,24430000.0,5957651000.0,,55314000.0,430725000.0,0.0,430725000.0,4103301000.0,1076833000.0,3026468000.0,2512858442.0,-24192000.0,-147171000.0,4766000.0,-15764000.0,-9794000.0,-20792000.0,-199466000.0,14881000.0,196066000.0,0.0,35041000.0,35041000.0,35041000.0,0.0,0.0,0.029,81438000.0,80496000.0,426894000.0,0.278,1.814,17.129,16.839,3751664000.0,0.0,38.73,0.521,0.521,660967000.0,895569000.0,1212258000.0,1212258000.0,0.0,,,,,0.0,0.0,1.0,64881447.0,64881447.0,,18.684,5305119000.0,0.0,21025000.0,904346000.0,81.766,45897000.0
70,R,MRQ,2003-12-31,2003-12-31,2003-12-31,2021-09-09,-176656000.0,5287664000.0,,1116161000.0,4171503000.0,,20.962,-99703000.0,140627000.0,140627000.0,1442399000.0,39430000.0,1.014,2.933,1815900000.0,366411000.0,1449489000.0,1815900000.0,0.0,170602000.0,0.0,0.018,0.15,87530000.0,258132000.0,0.212,258132000.0,87530000.0,61826000.0,0.62,0.61,0.62,1344385000.0,,1344385000.0,3868825797.0,13.0,4.164,82226000.0,1.282,1.0,-225484000.0,-0.185,177594000.0,25704000.0,5684266000.0,,54806000.0,440971000.0,0.0,440971000.0,3943279000.0,1101077000.0,2842202000.0,2190217797.0,43242000.0,-96518000.0,12221000.0,30265000.0,-9633000.0,32853000.0,-180278000.0,15098000.0,181929000.0,8738000.0,39430000.0,39430000.0,39430000.0,0.0,0.0,0.032,-313014000.0,87530000.0,299725000.0,0.242,1.629,16.664,16.34,3552938000.0,0.0,34.15,0.456,0.456,640769000.0,897841000.0,1216915000.0,1216915000.0,0.0,,,,,4852000.0,0.0,1.0,64135221.0,64135221.0,,18.974,5110070000.0,0.0,22396000.0,827765000.0,79.677,15084000.0
71,R,MRQ,2003-09-30,2003-09-30,2003-09-30,2021-09-09,-242801000.0,5206374000.0,,1077398000.0,4128976000.0,,19.434,-110703000.0,97385000.0,97385000.0,1015680000.0,37553000.0,1.02,3.223,1775993000.0,330447000.0,1445546000.0,1775993000.0,0.0,169249000.0,0.0,0.02,0.15,86347000.0,255596000.0,0.214,255596000.0,86347000.0,60513000.0,0.59,0.58,0.59,1232937000.0,,1232937000.0,3238893995.0,11.0,3.67,119800000.0,1.888,1.0,177923000.0,0.149,182515000.0,25834000.0,5646395000.0,,52697000.0,447170000.0,0.0,447170000.0,3973437000.0,1056072000.0,2917365000.0,1860082995.0,-19861000.0,0.0,15965000.0,-159901000.0,-9536000.0,-153472000.0,-96892000.0,14733000.0,230503000.0,0.0,37553000.0,37553000.0,37553000.0,0.0,0.0,0.031,88622000.0,89301000.0,297323000.0,0.254,1.509,14.95,14.808,3499291000.0,0.0,29.32,0.388,0.388,658768000.0,870416000.0,1193603000.0,1193603000.0,0.0,,,,,0.0,0.0,1.0,63440757.0,63440757.0,,18.814,5023859000.0,0.0,22960000.0,969230000.0,79.19,21326000.0
72,R,MRQ,2003-06-30,2003-06-30,2003-06-30,2021-09-09,-242586000.0,4856874000.0,,1044114000.0,3812760000.0,,18.938,-204893000.0,117246000.0,117246000.0,1021909000.0,34682000.0,1.099,3.087,1496057000.0,243436000.0,1252621000.0,1496057000.0,0.0,144386000.0,0.0,0.023,0.15,77074000.0,221460000.0,0.185,221460000.0,77074000.0,54463000.0,0.55,0.55,0.55,1188361000.0,,1188361000.0,3003359160.0,11.0,3.566,41340000.0,0.659,1.0,175491000.0,0.147,182694000.0,22611000.0,5103000000.0,,53329000.0,495693000.0,0.0,495693000.0,3668513000.0,949991000.0,2718522000.0,1607647160.0,5693000.0,0.0,11853000.0,-57012000.0,-9430000.0,-54589000.0,-185951000.0,15655000.0,246233000.0,0.0,34682000.0,34682000.0,34682000.0,0.0,0.0,0.029,98417000.0,77074000.0,307792000.0,0.273,1.353,13.325,13.206,3134373000.0,0.0,25.62,0.334,0.334,644536000.0,842399000.0,1197400000.0,1197400000.0,0.0,,,,,0.0,0.0,1.0,62749694.0,62749694.0,,19.082,4674180000.0,0.0,19781000.0,960507000.0,74.489,94123000.0
73,R,MRQ,2003-03-31,2003-03-31,2003-03-31,2021-09-09,-264934000.0,4768949000.0,,1055157000.0,3713792000.0,,18.041,-96439000.0,111553000.0,111553000.0,1041832000.0,19771000.0,1.107,3.229,1507265000.0,245658000.0,1261607000.0,1507265000.0,0.0,140343000.0,0.0,0.029,0.15,53569000.0,193912000.0,0.162,193912000.0,53569000.0,31549000.0,0.32,0.31,0.32,1127803000.0,,1127803000.0,2729367564.0,10.0,3.286,48509000.0,0.776,1.0,152543000.0,0.128,181570000.0,22020000.0,5029615000.0,,57708000.0,519417000.0,0.0,519417000.0,3641146000.0,953476000.0,2687670000.0,1282136564.0,7316000.0,0.0,2967000.0,-51170000.0,-9385000.0,-57588000.0,-80044000.0,15882000.0,144948000.0,0.0,19771000.0,19771000.0,19771000.0,0.0,0.0,0.017,97805000.0,54738000.0,292554000.0,0.469,1.137,11.102,10.968,3012805000.0,0.0,20.51,0.266,0.266,641437000.0,817146000.0,1194375000.0,1194375000.0,0.0,,,,,0.0,0.0,1.0,62512753.0,62512753.0,,19.106,4587379000.0,0.0,11778000.0,945960000.0,73.383,101681000.0
74,R,MRQ,2002-12-31,2002-12-31,2002-12-31,2021-09-09,-270626000.0,4766982000.0,,1024171000.0,3742811000.0,,17.765,-93836000.0,104237000.0,104237000.0,1025902000.0,32415000.0,1.188,3.301,1551468000.0,162369000.0,1389099000.0,1551468000.0,0.0,140054000.0,0.0,0.027,0.15,71563000.0,211617000.0,0.176,211617000.0,71563000.0,50277000.0,0.52,0.52,0.52,1108215000.0,,1108215000.0,2858189021.0,11.0,3.567,44501000.0,0.713,1.0,178765000.0,0.148,173312000.0,21286000.0,5178825000.0,,59104000.0,541008000.0,0.0,541008000.0,3658767000.0,862076000.0,2796691000.0,1399830021.0,7981000.0,0.0,640000.0,-52324000.0,-9356000.0,-61040000.0,-69316000.0,18532000.0,138337000.0,0.0,32415000.0,32415000.0,32415000.0,0.0,0.0,0.027,107202000.0,71563000.0,277001000.0,0.288,1.263,14.945,14.763,3028491000.0,0.0,22.44,0.293,0.293,640309000.0,806761000.0,1204667000.0,1204667000.0,0.0,,,,,0.0,0.0,1.0,62381017.0,62381017.0,,19.311,4593670000.0,0.0,17862000.0,820007000.0,73.639,162095000.0
75,R,MRQ,2002-09-30,2002-09-30,2002-09-30,2021-09-09,-52035000.0,4921471000.0,,1074435000.0,3847036000.0,,20.939,-132820000.0,96256000.0,96256000.0,1039871000.0,33784000.0,1.113,2.778,1554615000.0,218627000.0,1335988000.0,1554615000.0,0.0,140052000.0,0.0,0.024,0.15,75119000.0,215171000.0,0.177,215171000.0,75119000.0,52795000.0,0.55,0.54,0.55,1302603000.0,,1302603000.0,3013246441.0,14.0,3.934,14531000.0,0.234,1.0,172492000.0,0.142,170743000.0,22324000.0,5243800000.0,,63431000.0,679231000.0,0.0,679231000.0,3618868000.0,965287000.0,2653581000.0,1550916441.0,4981000.0,0.0,3523000.0,-21360000.0,-9327000.0,-27164000.0,-115206000.0,15676000.0,147351000.0,0.0,33784000.0,33784000.0,33784000.0,0.0,0.0,0.028,97373000.0,75119000.0,291453000.0,0.273,1.191,25.234,24.93,2997062000.0,0.0,24.93,0.326,0.326,663728000.0,783702000.0,1212363000.0,1212363000.0,0.0,,,,,0.0,0.0,1.0,62210848.0,62210848.0,,19.488,4750728000.0,0.0,19011000.0,1040646000.0,76.365,109148000.0
76,R,MRQ,2002-06-30,2002-06-30,2002-06-30,2021-09-09,-47087000.0,4872231000.0,,1017632000.0,3854599000.0,,20.654,-115037000.0,91275000.0,91275000.0,1035539000.0,29512000.0,1.136,2.81,1553605000.0,183236000.0,1370369000.0,1553605000.0,0.0,139433000.0,0.0,0.022,0.15,70386000.0,209819000.0,0.174,209819000.0,70386000.0,46477000.0,0.48,0.47,0.48,1278871000.0,,1278871000.0,3096200844.0,19.0,4.373,-11213000.0,-0.181,1.0,173779000.0,0.144,171569000.0,23909000.0,5267471000.0,,64604000.0,674466000.0,0.0,674466000.0,3593360000.0,895521000.0,2697839000.0,1677396844.0,9397000.0,0.0,9899000.0,4823000.0,-9305000.0,5417000.0,-99844000.0,16700000.0,103824000.0,0.0,29512000.0,29512000.0,29512000.0,0.0,0.0,0.024,103393000.0,70386000.0,291620000.0,0.312,1.312,75.657,75.25,3008564000.0,0.0,27.09,0.35,0.35,627212000.0,759244000.0,1209318000.0,1209318000.0,0.0,,,,,0.0,0.0,1.0,61919411.0,61919411.0,,19.531,4700662000.0,0.0,16965000.0,1035618000.0,75.916,122111000.0
77,R,MRQ,2002-03-31,2002-03-31,2002-03-31,2021-09-09,-61273000.0,4760927000.0,,881135000.0,3879792000.0,,20.579,-87839000.0,81878000.0,81878000.0,1012800000.0,-2046000.0,0.919,2.802,1500682000.0,258656000.0,1242026000.0,1500682000.0,0.0,132952000.0,0.0,0.02,0.15,31633000.0,164585000.0,0.143,164585000.0,31633000.0,7434000.0,-0.03,-0.03,-0.03,1252300000.0,,1252300000.0,3388422916.0,24.0,4.976,137352000.0,2.257,1.0,137117000.0,0.119,189551000.0,24199000.0,5031770000.0,,66881000.0,698418000.0,0.0,698418000.0,3508627000.0,958410000.0,2550217000.0,1797604916.0,-35988000.0,0.0,21110000.0,-198682000.0,-9149000.0,-186721000.0,-74458000.0,15581000.0,225191000.0,0.0,-2046000.0,-2046000.0,-2046000.0,0.0,0.0,-0.002,86585000.0,50532000.0,269710000.0,-5.0,1.435,143.659,140.667,2991823000.0,0.0,29.54,0.369,0.369,490441000.0,757936000.0,1149917000.0,1149917000.0,0.0,,,,,0.0,0.0,1.0,60853247.0,60853247.0,,18.897,4571376000.0,0.0,9480000.0,1019122000.0,75.121,-77275000.0
78,R,MRQ,2001-12-31,2001-12-31,2001-12-31,2021-09-09,-51815000.0,4927161000.0,,983915000.0,3943246000.0,,20.286,-80044000.0,117866000.0,117866000.0,1033052000.0,211000.0,0.966,3.004,1708684000.0,317087000.0,1391597000.0,1708684000.0,0.0,140152000.0,0.0,0.027,0.15,36251000.0,176403000.0,0.149,176403000.0,36251000.0,10359000.0,0.0,0.01,0.0,1230669000.0,,1230669000.0,2993845806.0,20.0,4.309,42458000.0,0.7,1.0,154687000.0,0.13,191291000.0,25892000.0,5308285000.0,,65366000.0,705958000.0,0.0,705958000.0,3696492000.0,1018403000.0,2678089000.0,1343780806.0,-13880000.0,0.0,2658000.0,-69766000.0,-9101000.0,-76209000.0,-60173000.0,19000000.0,122502000.0,0.0,211000.0,211000.0,211000.0,0.0,0.0,0.0,118436000.0,36251000.0,255924000.0,,1.092,71.945,71.452,3045997000.0,0.0,22.15,0.268,0.268,557731000.0,750232000.0,1187739000.0,1187739000.0,0.0,,,,,0.0,0.0,1.0,60667305.0,60667305.0,,19.578,4735870000.0,0.0,10148000.0,1003145000.0,78.063,-34488000.0
79,R,MRQ,2001-09-30,2001-09-30,2001-09-30,2021-09-09,-47895000.0,5107419000.0,,1066415000.0,4041004000.0,,20.507,-72934000.0,131746000.0,131746000.0,1062944000.0,-5506000.0,0.97,3.118,1781811000.0,293179000.0,1488632000.0,1781811000.0,0.0,135023000.0,0.0,0.03,0.15,22166000.0,157189000.0,0.126,157189000.0,22166000.0,-6911000.0,-0.09,-0.09,-0.09,1240405000.0,,1240405000.0,3058200198.0,16.0,4.106,193081000.0,3.192,1.0,179862000.0,0.145,206504000.0,29077000.0,5452111000.0,,70757000.0,714008000.0,0.0,714008000.0,3867014000.0,1098869000.0,2768145000.0,1209159198.0,44911000.0,0.0,2751000.0,-155969000.0,-9081000.0,-162299000.0,-58805000.0,15118000.0,266015000.0,0.0,-5506000.0,-5506000.0,-5506000.0,0.0,0.0,-0.004,157696000.0,22166000.0,286067000.0,-1.667,0.975,26.349,26.303,3120492000.0,0.0,19.99,0.234,0.234,584661000.0,759122000.0,1242806000.0,1242806000.0,0.0,,,,,0.0,0.0,1.0,60488204.0,60488204.0,,20.546,4900915000.0,0.0,-1405000.0,1002380000.0,81.023,-32454000.0
80,R,MRQ,2001-06-30,2001-06-30,2001-06-30,2021-09-09,-47450000.0,5242663000.0,,1093789000.0,4148874000.0,,20.754,-122827000.0,86835000.0,86835000.0,1108479000.0,19854000.0,0.931,3.187,1935876000.0,422041000.0,1513835000.0,1935876000.0,0.0,132760000.0,0.0,0.031,0.15,49979000.0,182739000.0,0.141,182739000.0,49979000.0,20720000.0,0.33,0.33,0.33,1252267000.0,,1252267000.0,2858585375.0,13.0,3.636,-177691000.0,-2.945,1.0,185590000.0,0.143,219238000.0,29259000.0,5697669000.0,,72624000.0,725552000.0,0.0,725552000.0,3990396000.0,1174797000.0,2815599000.0,1182608375.0,-587000.0,0.0,2656000.0,167416000.0,-9058000.0,161014000.0,-106737000.0,16346000.0,-54864000.0,0.0,19854000.0,19854000.0,19854000.0,0.0,0.0,0.015,135611000.0,49979000.0,297267000.0,0.455,0.944,18.612,18.667,3204084000.0,0.0,19.6,0.224,0.224,644807000.0,773710000.0,1294069000.0,1294069000.0,0.0,,,,,0.0,0.0,1.0,60337162.0,60337162.0,,21.447,5023425000.0,0.0,866000.0,1000088000.0,83.256,-81008000.0
81,R,MRQ,2001-03-31,2001-03-31,2001-03-31,2021-09-09,-49954000.0,5074832000.0,,913141000.0,4161691000.0,,20.58,205081000.0,87422000.0,87422000.0,1112718000.0,4119000.0,0.868,3.106,1763399000.0,284597000.0,1478802000.0,1763399000.0,0.0,137550000.0,0.0,0.033,0.15,40859000.0,178409000.0,0.139,178409000.0,40859000.0,6538000.0,0.07,0.07,0.07,1235810000.0,,1235810000.0,2975300163.0,11.0,3.591,180130000.0,3.0,1.0,168791000.0,0.132,223337000.0,34321000.0,5476065000.0,,75495000.0,718680000.0,0.0,718680000.0,3839022000.0,1051407000.0,2787615000.0,1080290163.0,-34548000.0,14113000.0,1780000.0,-234977000.0,-9008000.0,-242205000.0,232608000.0,15740000.0,-24951000.0,0.0,4119000.0,4119000.0,4119000.0,0.0,0.0,0.003,127932000.0,40859000.0,325660000.0,2.143,0.874,14.733,14.746,3219674000.0,0.0,17.99,0.203,0.203,445939000.0,762913000.0,1281509000.0,1281509000.0,0.0,,,,,0.0,0.0,1.0,60049481.0,60049481.0,,21.341,4851495000.0,0.0,2419000.0,1008160000.0,80.792,-138266000.0
82,R,MRQ,2000-12-31,2000-12-31,2000-12-31,2021-09-09,-35708000.0,5474923000.0,,928276000.0,4546647000.0,,20.947,-199125000.0,121970000.0,121970000.0,1073958000.0,27424000.0,0.713,3.37,2016980000.0,412738000.0,1604242000.0,2016980000.0,0.0,146110000.0,0.0,0.036,0.15,80277000.0,226387000.0,0.167,226387000.0,80277000.0,43531000.0,0.45,0.46,0.45,1252708000.0,,1252708000.0,3116218851.0,11.0,3.559,161635000.0,2.703,1.0,283219000.0,0.209,228118000.0,36746000.0,5839511000.0,,77810000.0,693097000.0,0.0,693097000.0,4222215000.0,1302304000.0,2919911000.0,993958851.0,10292000.0,-24422000.0,1994000.0,-105215000.0,-8991000.0,-112212000.0,-238256000.0,15621000.0,360760000.0,0.0,27424000.0,27424000.0,27424000.0,0.0,0.0,0.02,202942000.0,80277000.0,379155000.0,0.333,0.793,11.164,11.154,3625432000.0,0.0,16.62,0.186,0.186,399623000.0,767802000.0,1357177000.0,1357177000.0,0.0,,,,,0.0,0.0,1.0,59804985.0,59804985.0,,22.693,5246805000.0,0.0,16107000.0,1017304000.0,87.732,-374028000.0
83,R,MRQ,2000-09-30,2000-09-30,2000-09-30,2021-09-09,-39490000.0,5619522000.0,,1130740000.0,4488782000.0,,20.635,1423000.0,111678000.0,111678000.0,1148141000.0,12144000.0,0.78,3.569,2233938000.0,553675000.0,1680263000.0,2233938000.0,0.0,142767000.0,0.0,0.033,0.15,55889000.0,198656000.0,0.148,198656000.0,55889000.0,19276000.0,0.2,0.2,0.2,1230033000.0,,1230033000.0,3339560925.0,13.0,3.775,80481000.0,1.35,1.0,190676000.0,0.142,213249000.0,36613000.0,6078222000.0,,74588000.0,709342000.0,0.0,709342000.0,4389489000.0,1450311000.0,2939178000.0,1099206925.0,45522000.0,0.0,1309000.0,-64440000.0,-8948000.0,-72079000.0,38543000.0,16921000.0,79058000.0,0.0,12144000.0,12144000.0,12144000.0,0.0,0.0,0.009,134787000.0,55889000.0,341652000.0,0.75,0.894,16.278,14.635,3566191000.0,0.0,18.44,0.207,0.207,550982000.0,749369000.0,1338817000.0,1338817000.0,0.0,,,,,0.0,0.0,1.0,59609920.0,59609920.0,,22.46,5406273000.0,0.0,7132000.0,932790000.0,90.694,-319571000.0
84,R,MRQ,2000-06-30,2000-06-30,2000-06-30,2021-09-09,-33728000.0,5630118000.0,,979255000.0,4650863000.0,,20.675,-292046000.0,66156000.0,66156000.0,1134525000.0,29640000.0,0.662,3.579,2306510000.0,639219000.0,1667291000.0,2306510000.0,0.0,139258000.0,0.0,0.032,0.15,85745000.0,225003000.0,0.169,225003000.0,85745000.0,47047000.0,0.5,0.5,0.5,1229628000.0,,1229628000.0,3261058151.0,5.0,2.577,-151782000.0,-2.552,1.0,197665000.0,0.148,221421000.0,38698000.0,6169229000.0,,71794000.0,696047000.0,0.0,696047000.0,4400490000.0,1479822000.0,2920668000.0,1126449151.0,-247231000.0,-154000.0,2343000.0,-128031000.0,-8925000.0,-134613000.0,-252882000.0,18757000.0,140264000.0,0.0,29640000.0,29640000.0,29640000.0,0.0,0.0,0.022,111920000.0,85745000.0,381112000.0,0.3,0.916,2.702,3.016,3733395000.0,0.0,18.94,0.216,0.216,418839000.0,746173000.0,1332190000.0,1332190000.0,0.0,,,,,0.0,0.0,1.0,59474612.0,59474612.0,,22.399,5408697000.0,0.0,17407000.0,929665000.0,90.941,-500567000.0
85,R,MRQ,2000-03-31,2000-03-31,2000-03-31,2021-09-09,-25059000.0,5892157000.0,,1266245000.0,4625912000.0,,20.458,-196175000.0,313387000.0,313387000.0,1147880000.0,19824000.0,0.843,3.849,2447996000.0,579795000.0,1868201000.0,2447996000.0,0.0,152221000.0,0.0,0.026,0.15,73419000.0,225640000.0,0.172,225640000.0,73419000.0,31467000.0,0.33,0.33,0.33,1215173000.0,,1215173000.0,3628162055.0,6.0,2.851,239276000.0,4.028,1.0,160728000.0,0.123,226813000.0,41952000.0,6298621000.0,,71881000.0,691178000.0,0.0,691178000.0,4676984000.0,1501332000.0,3175652000.0,1347766055.0,200394000.0,-3551000.0,1609000.0,-37394000.0,-8910000.0,-44695000.0,-190362000.0,16163000.0,435451000.0,0.0,19824000.0,19824000.0,19824000.0,0.0,0.0,0.015,87309000.0,73419000.0,415743000.0,0.455,1.109,3.229,3.654,3707921000.0,0.0,22.69,0.264,0.264,455201000.0,725459000.0,1308608000.0,1308608000.0,0.0,,,,,0.0,0.0,1.0,59399121.0,59399121.0,,22.031,5665344000.0,0.0,11643000.0,1023419000.0,95.378,-235087000.0
86,R,MRQ,1999-12-31,1999-12-31,1999-12-31,2021-09-09,-22722000.0,5770450000.0,,1209391000.0,4561059000.0,,18.761,197401000.0,112993000.0,112993000.0,1099844000.0,5921000.0,0.834,3.789,2393389000.0,574253000.0,1819136000.0,2393389000.0,0.0,194360000.0,0.0,0.025,0.15,41002000.0,235362000.0,0.178,235362000.0,41002000.0,-2034000.0,0.23,0.24,0.23,1204905000.0,,1204905000.0,3752774110.0,6.0,2.973,99960000.0,1.556,1.0,221940000.0,0.168,232233000.0,43036000.0,6369101000.0,,69845000.0,652270000.0,0.0,652270000.0,4565545000.0,1449512000.0,3116033000.0,1569605110.0,-202043000.0,0.0,-192396000.0,-109109000.0,-9326000.0,-310831000.0,206229000.0,78408000.0,-97441000.0,0.0,5921000.0,5921000.0,5921000.0,347181000.0,0.0,0.004,120486000.0,101454000.0,334103000.0,0.652,1.303,3.74,3.993,3676556000.0,0.0,24.44,0.317,0.317,725815000.0,714544000.0,1321784000.0,1321784000.0,0.0,,,,,0.0,0.0,1.0,64222795.0,64222795.0,,20.581,5538217000.0,0.0,-7955000.0,1011095000.0,86.234,-240121000.0
87,R,MRQ,1999-09-30,1999-09-30,1999-09-30,2021-09-09,-21185000.0,6254697000.0,,1353806000.0,4900891000.0,,20.093,-110876000.0,315036000.0,315036000.0,1048731000.0,361467000.0,0.749,3.461,2498205000.0,623383000.0,1874822000.0,2498205000.0,0.0,146401000.0,0.0,0.029,0.15,432825000.0,579226000.0,0.459,579226000.0,432825000.0,382758000.0,5.22,5.21,5.22,1402227000.0,,1402227000.0,4324062739.0,6.0,3.247,-119326000.0,-1.71,1.0,212835000.0,0.169,237988000.0,50067000.0,6393154000.0,,64866000.0,623824000.0,0.0,623824000.0,4852470000.0,1806724000.0,3045746000.0,1422269739.0,249441000.0,927301000.0,-36580000.0,-510035000.0,-10317000.0,-556932000.0,841991000.0,0.0,-8450000.0,0.0,361467000.0,361467000.0,361467000.0,-326358000.0,0.0,0.287,101055000.0,111780000.0,465190000.0,0.029,1.014,3.138,3.131,4039079000.0,0.0,20.38,0.294,0.294,671457000.0,833764000.0,1261566000.0,1261566000.0,0.0,,,,,0.0,0.0,1.0,69787524.0,69787524.0,,18.077,6016709000.0,0.0,21291000.0,1079493000.0,86.215,-452918000.0
88,R,MRQ,1999-06-30,1999-06-30,1999-06-30,2021-09-09,-26519000.0,6183450000.0,,1013908000.0,5169542000.0,,15.274,-435191000.0,65595000.0,65595000.0,1017527000.0,30150000.0,0.612,4.718,2967388000.0,697783000.0,2269605000.0,2967388000.0,0.0,141123000.0,0.0,0.023,0.15,91228000.0,232351000.0,0.191,232351000.0,91228000.0,42801000.0,0.43,0.43,0.43,1081486000.0,,1081486000.0,4486713031.0,12.0,4.535,-223716000.0,-3.16,1.0,197305000.0,0.162,309216000.0,48427000.0,7118200000.0,,73899000.0,595233000.0,0.0,595233000.0,5101964000.0,1657827000.0,3444137000.0,1823289031.0,10351000.0,0.0,-30360000.0,252462000.0,-10571000.0,211531000.0,-433225000.0,0.0,211475000.0,0.0,30150000.0,30150000.0,30150000.0,-9571000.0,0.0,0.025,107713000.0,89592000.0,530115000.0,0.349,1.686,14.154,14.306,4265093000.0,0.0,25.75,0.384,0.384,544746000.0,506259000.0,1214832000.0,1214832000.0,0.0,,,,,0.0,0.0,1.0,70807341.0,70807341.0,,17.157,5874234000.0,0.0,12651000.0,841577000.0,82.961,-643919000.0
89,R,MRQ,1999-03-31,1999-03-31,1999-03-31,2021-09-09,-25501000.0,5950846000.0,,1064662000.0,4886184000.0,,15.333,-389971000.0,55244000.0,55244000.0,832986000.0,22141000.0,0.667,4.444,2718668000.0,607529000.0,2111139000.0,2718668000.0,0.0,140842000.0,0.0,0.022,0.15,74545000.0,215387000.0,0.187,215387000.0,74545000.0,28899000.0,0.31,0.31,0.31,1093028000.0,,1093028000.0,4413652422.0,11.0,4.283,-225736000.0,-3.167,1.0,321036000.0,0.278,311332000.0,45646000.0,6707544000.0,,69959000.0,566475000.0,0.0,566475000.0,4857818000.0,1595394000.0,3262424000.0,1968974422.0,-83109000.0,0.0,-7609000.0,146657000.0,-10664000.0,128384000.0,-386928000.0,0.0,164235000.0,0.0,22141000.0,22141000.0,22141000.0,-11252000.0,0.0,0.019,243049000.0,77987000.0,529552000.0,0.484,1.801,13.679,13.949,4008377000.0,0.0,27.62,0.409,0.409,605756000.0,509047000.0,1154022000.0,1154022000.0,0.0,,,,,0.0,0.0,1.0,71287995.0,71287995.0,,16.188,5639514000.0,0.0,6758000.0,820379000.0,79.109,-530732000.0
90,R,MRQ,1998-12-31,1998-12-31,1998-12-31,2021-09-09,-19034000.0,5708601000.0,,1042847000.0,4665754000.0,,15.286,12473000.0,138353000.0,138353000.0,1492008000.0,39482000.0,0.765,4.21,2583031000.0,483334000.0,2099697000.0,2583031000.0,0.0,202614000.0,0.0,0.023,0.15,102041000.0,304655000.0,0.252,304655000.0,102041000.0,54875000.0,0.55,0.55,0.55,1095614000.0,,1095614000.0,4594747604.0,11.0,4.376,302717000.0,4.223,1.0,-284883000.0,-0.236,312592000.0,47166000.0,6478023000.0,,67605000.0,543242000.0,0.0,543242000.0,4612987000.0,1362664000.0,3250323000.0,1863556604.0,83788000.0,0.0,-25939000.0,-197604000.0,-10706000.0,-234249000.0,15495000.0,62681000.0,290244000.0,0.0,39482000.0,39482000.0,39482000.0,-10537000.0,0.0,0.033,-410765000.0,125882000.0,399495000.0,0.273,1.701,11.715,11.927,3809920000.0,0.0,26.0,0.405,0.405,559141000.0,504105000.0,1207125000.0,1207125000.0,0.0,,,,,0.0,0.0,1.0,71675254.0,71675254.0,,16.842,5396009000.0,0.0,15393000.0,807623000.0,75.284,-319817000.0
91,R,MRQ,1998-09-30,1998-09-30,1998-09-30,2021-09-09,-16411000.0,5918693000.0,,1162100000.0,4756593000.0,,14.956,-254451000.0,54565000.0,54565000.0,828815000.0,37048000.0,0.973,4.404,2785756000.0,319543000.0,2466213000.0,2785756000.0,0.0,127940000.0,0.0,0.024,0.15,109038000.0,236978000.0,0.201,236978000.0,109038000.0,60357000.0,0.51,0.51,0.51,1095191000.0,,1095191000.0,4369415110.0,10.0,4.456,-78405000.0,-1.071,1.0,347517000.0,0.295,308058000.0,48681000.0,7147159000.0,,67224000.0,460021000.0,0.0,460021000.0,4823502000.0,1194667000.0,3628835000.0,1821841110.0,-19166000.0,-41309000.0,-28199000.0,120911000.0,-10943000.0,81769000.0,-286131000.0,0.0,176046000.0,0.0,37048000.0,37048000.0,37048000.0,3369000.0,0.0,0.031,235110000.0,112407000.0,375470000.0,0.294,1.663,10.795,10.96,3988514000.0,0.0,24.88,0.41,0.41,661274000.0,830167000.0,1176332000.0,1176332000.0,0.0,,,,,0.0,0.0,1.0,73225125.0,73225125.0,,16.065,5610635000.0,0.0,23309000.0,814540000.0,76.622,-32567000.0
92,R,MRQ,1998-06-30,1998-06-30,1998-06-30,2021-09-09,-12326000.0,5673517000.0,,1089267000.0,4584250000.0,,14.814,-274384000.0,73731000.0,73731000.0,921549000.0,45267000.0,1.07,4.153,2621305000.0,171697000.0,2449608000.0,2621305000.0,0.0,148981000.0,0.0,0.019,0.15,124406000.0,273387000.0,0.213,273387000.0,124406000.0,75303000.0,0.61,0.61,0.61,1100925000.0,,1100925000.0,4863864959.0,11.0,4.85,-7901000.0,-0.106,1.0,360028000.0,0.281,288453000.0,49103000.0,6914379000.0,,67591000.0,442841000.0,0.0,442841000.0,4572592000.0,1018259000.0,3554333000.0,2345466959.0,17309000.0,-6550000.0,-37573000.0,68766000.0,-11062000.0,20131000.0,-269305000.0,0.0,266483000.0,0.0,45267000.0,45267000.0,45267000.0,0.0,0.0,0.035,235622000.0,124406000.0,424151000.0,0.246,2.13,13.439,13.662,3852956000.0,0.0,31.56,0.524,0.524,587164000.0,804062000.0,1281577000.0,1281577000.0,0.0,,,,,0.0,0.0,1.0,74317711.0,74317711.0,,17.245,5385064000.0,0.0,30036000.0,747503000.0,72.46,71008000.0
93,R,MRQ,1998-03-31,1998-03-31,1998-03-31,2021-09-09,-9940000.0,5563949000.0,,1100273000.0,4463676000.0,,14.988,-182587000.0,56422000.0,56422000.0,1056701000.0,37274000.0,1.076,4.035,2574820000.0,209720000.0,2365100000.0,2574820000.0,0.0,146758000.0,0.0,0.016,0.15,110330000.0,257088000.0,0.206,257088000.0,110330000.0,61922000.0,0.5,0.5,0.5,1105159000.0,,1105159000.0,5292510226.0,12.0,5.268,-25150000.0,-0.341,1.0,188916000.0,0.152,272671000.0,48408000.0,6787163000.0,,63088000.0,442667000.0,0.0,442667000.0,4458790000.0,1022513000.0,3436277000.0,2801965226.0,-21948000.0,-4933000.0,14564000.0,4366000.0,-11130000.0,7800000.0,-187185000.0,0.0,157437000.0,0.0,37274000.0,37274000.0,37274000.0,0.0,0.0,0.03,78586000.0,110330000.0,346615000.0,0.3,2.535,15.628,16.17,3748338000.0,0.0,38.0,0.633,0.633,612100000.0,769857000.0,1245617000.0,1245617000.0,0.0,,,,,0.0,0.0,1.0,73735927.0,73735927.0,,16.893,5291278000.0,0.0,24648000.0,718634000.0,71.76,77760000.0
94,R,MRQ,1997-12-31,1997-12-31,1997-12-31,2021-09-09,-11122000.0,5509060000.0,,1091985000.0,4417075000.0,,13.864,-167081000.0,78370000.0,78370000.0,1049606000.0,49181000.0,1.002,4.194,2568915000.0,301361000.0,2267554000.0,2568915000.0,0.0,120330000.0,0.0,0.018,0.15,92798000.0,213128000.0,0.287,213128000.0,92798000.0,56241000.0,0.65,0.64,0.65,1060708000.0,,1060708000.0,4730238234.0,11.0,4.748,-64804000.0,-0.847,1.0,-306915000.0,-0.413,274977000.0,36557000.0,6635119000.0,,66006000.0,414932000.0,0.0,414932000.0,4448352000.0,1089509000.0,3358843000.0,2505676234.0,-21529000.0,3594000.0,-169721000.0,246011000.0,-11081000.0,65209000.0,-148622000.0,0.0,102277000.0,0.0,49181000.0,49181000.0,49181000.0,-29150000.0,0.0,0.066,-370855000.0,63940000.0,305337000.0,0.231,2.362,14.262,14.364,3727166000.0,0.0,32.75,0.574,0.574,625955000.0,466257000.0,742691000.0,742691000.0,0.0,,,,,0.0,0.0,1.0,76509198.0,76509198.0,,9.707,5234083000.0,0.0,7060000.0,726025000.0,68.411,2476000.0
95,R,MRQ,1997-09-30,1997-09-30,1997-09-30,2021-09-09,-10586000.0,5373235000.0,,1027165000.0,4346070000.0,,14.973,-176958000.0,99899000.0,99899000.0,887390000.0,42803000.0,0.892,3.529,2324461000.0,348507000.0,1975954000.0,2324461000.0,0.0,147695000.0,0.0,0.017,0.15,111492000.0,259187000.0,0.215,259187000.0,111492000.0,64962000.0,0.55,0.54,0.55,1186535000.0,,1186535000.0,5174980617.0,21.0,6.166,48904000.0,0.617,1.0,316949000.0,0.263,254151000.0,46530000.0,6191966000.0,,64399000.0,387317000.0,0.0,387317000.0,4186700000.0,1151680000.0,3035020000.0,2794154617.0,-17899000.0,111306000.0,17711000.0,-184777000.0,-11696000.0,-178762000.0,-58815000.0,0.0,225862000.0,0.0,42803000.0,42803000.0,42803000.0,-7525000.0,0.0,0.036,212982000.0,103967000.0,334614000.0,0.273,2.355,163.058,128.357,3704602000.0,0.0,35.94,0.578,0.589,597121000.0,705613000.0,1204339000.0,1204339000.0,0.0,,,,,0.0,0.0,1.0,77744981.0,79246000.0,79246000.0,15.197,5119084000.0,7370000.0,22159000.0,668245000.0,64.597,-124515000.0
96,R,MRQ,1997-06-30,1997-06-30,1997-06-30,2021-09-09,-9395000.0,5643182000.0,,1103905000.0,4539277000.0,,14.54,-166096000.0,117798000.0,117798000.0,906261000.0,50035000.0,0.901,3.965,2498624000.0,368010000.0,2130614000.0,2498624000.0,0.0,146338000.0,0.0,0.018,0.15,128881000.0,275219000.0,0.223,275219000.0,128881000.0,79535000.0,0.65,0.64,0.65,1136609000.0,,1136609000.0,4868555376.0,21.0,5.798,-15111000.0,-0.193,1.0,327738000.0,0.266,298735000.0,49346000.0,6500105000.0,,62356000.0,373857000.0,0.0,373857000.0,4506573000.0,1225168000.0,3281405000.0,2520806376.0,21313000.0,0.0,-926000.0,32787000.0,-11507000.0,20354000.0,-158376000.0,0.0,150985000.0,0.0,50035000.0,50035000.0,50035000.0,-6707000.0,0.0,0.041,205564000.0,122174000.0,319558000.0,0.231,2.218,4059.27,660.0,3866685000.0,0.0,33.0,0.514,0.526,593033000.0,674506000.0,1233999000.0,1233999000.0,0.0,,,,,0.0,0.0,1.0,76388072.0,78172000.0,78172000.0,15.786,5344447000.0,36994000.0,29500000.0,697413000.0,68.368,-121263000.0
97,R,MRQ,1997-03-31,1997-03-31,1997-03-31,2021-09-09,-8783000.0,5605928000.0,,1095302000.0,4510626000.0,,13.938,-140002000.0,96485000.0,96485000.0,1041179000.0,33666000.0,0.896,4.107,2444234000.0,276331000.0,2167903000.0,2444234000.0,0.0,144810000.0,0.0,0.021,0.15,103927000.0,248737000.0,0.21,248737000.0,103927000.0,56609000.0,0.43,0.43,0.43,1097615000.0,,1097615000.0,4524503536.0,21.0,5.287,-49721000.0,-0.631,1.0,145940000.0,0.123,299040000.0,47318000.0,6432314000.0,,63848000.0,335888000.0,0.0,335888000.0,4508313000.0,1222323000.0,3285990000.0,2278919536.0,-94899000.0,-46346000.0,-26426000.0,26884000.0,-11575000.0,-11117000.0,-177131000.0,0.0,90281000.0,0.0,33666000.0,33666000.0,33666000.0,-1215000.0,0.0,0.028,43228000.0,102712000.0,346248000.0,0.349,2.076,-127.807,-139.286,3875698000.0,0.0,29.25,0.447,0.452,598455000.0,635978000.0,1187119000.0,1187119000.0,0.0,,,,,0.0,0.0,1.0,77911779.0,78748000.0,78748000.0,15.075,5306888000.0,35474000.0,22943000.0,658976000.0,67.391,-127021000.0
98,R,MRQ,1996-12-31,1996-12-31,1996-12-31,2021-09-09,-4173000.0,5645389000.0,,1147766000.0,4497623000.0,,14.196,-136816000.0,191384000.0,191384000.0,1754849000.0,-109368000.0,0.994,4.104,2436968000.0,199958000.0,2237010000.0,2436968000.0,0.0,156429000.0,0.0,0.021,0.15,-100290000.0,56139000.0,0.046,56139000.0,-100290000.0,-146953000.0,-1.35,-1.35,-1.35,1106006000.0,,1106006000.0,,,,-158652000.0,-2.036,1.0,-546925000.0,-0.453,281850000.0,46663000.0,6454168000.0,,61345000.0,314574000.0,0.0,314574000.0,4539383000.0,1154955000.0,3384428000.0,2190879225.0,71332000.0,574167000.0,-111201000.0,-246713000.0,-12137000.0,-370051000.0,450305000.0,0.0,-21836000.0,0.0,-109368000.0,-109368000.0,-109368000.0,11168000.0,0.0,-0.091,-467834000.0,-79091000.0,321468000.0,-0.111,1.981,-53.025,-55.137,3901199000.0,0.0,28.12,0.444,0.444,561927000.0,613887000.0,1207924000.0,1207924000.0,0.0,,,,,0.0,0.0,1.0,77911779.0,77911779.0,,15.504,5363539000.0,82571000.0,-37585000.0,686143000.0,68.841,-7189000.0
99,R,MRQ,1996-09-30,1996-09-30,1996-09-30,2021-09-09,,,,,,,,-164381000.0,,,986659000.0,26288000.0,,,,,,,,157641000.0,,0.02,0.15,102017000.0,259658000.0,0.204,259658000.0,102017000.0,49361000.0,0.32,0.32,0.32,,,,,,,48250000.0,0.589,1.0,285487000.0,0.224,,52656000.0,,,,,,,,,,,-6050000.0,0.0,16738000.0,-47224000.0,-12200000.0,-42686000.0,-174868000.0,0.0,212631000.0,0.0,26288000.0,26288000.0,26288000.0,3122000.0,0.0,0.021,180348000.0,105139000.0,,0.469,,,,,0.0,29.62,,,,,1272146000.0,1272146000.0,0.0,,,,,0.0,0.0,1.0,,81946000.0,81946000.0,15.524,,,23073000.0,,,
100,R,MRQ,1996-06-30,1996-06-30,1996-06-30,2021-09-09,,,,,,,,-149603000.0,,,1135425000.0,31583000.0,,,,,,,,183716000.0,,0.021,0.15,107452000.0,291168000.0,0.204,291168000.0,107452000.0,53649000.0,0.39,0.39,0.39,,,,,,,53573000.0,0.66,1.0,290623000.0,0.204,,53803000.0,,,,,,,,,,,10878000.0,0.0,25808000.0,-75810000.0,-12050000.0,-62052000.0,-130246000.0,0.0,203176000.0,0.0,31583000.0,31583000.0,31583000.0,0.0,0.0,0.022,183171000.0,107452000.0,,0.385,,,,,0.0,28.12,,,,,1426048000.0,1426048000.0,0.0,,,,,0.0,0.0,1.0,,81196000.0,81196000.0,17.563,,,22066000.0,,,
101,R,MRQ,1996-03-31,1996-03-31,1996-03-31,2021-09-09,,,,,,,,-283207000.0,,,1257132000.0,10179000.0,,,,,,,,178487000.0,,0.022,0.15,70543000.0,249030000.0,0.188,249030000.0,70543000.0,17727000.0,0.13,0.13,0.13,,,,,,,-144495000.0,-1.805,1.0,70819000.0,0.053,,52816000.0,,,,,,,,,,,22367000.0,0.0,9495000.0,159494000.0,-11928000.0,157061000.0,-273406000.0,0.0,138712000.0,0.0,10179000.0,10179000.0,10179000.0,0.0,0.0,0.008,276000.0,70543000.0,,1.154,,,,,0.0,27.25,,,,,1327951000.0,1327951000.0,0.0,,,,,0.0,0.0,1.0,,80033000.0,80033000.0,16.593,,,7548000.0,,,
102,R,MRQ,1995-12-31,1995-12-31,1995-12-31,2021-09-09,-13692000.0,5893815000.0,,884061000.0,5009754000.0,,,,92857000.0,92857000.0,,,0.789,3.753,2623101000.0,212077000.0,2411024000.0,2623101000.0,0.0,,0.0,0.024,0.15,,,,,,,,,,1240025000.0,,1240025000.0,,,,,,1.0,,,302685000.0,,7001199000.0,,59699000.0,269819000.0,0.0,269819000.0,4653790000.0,1120175000.0,3533615000.0,,,,,,,,,,,,,,,,,,,,380264000.0,,,,13.235,4437250000.0,,24.75,,,374689000.0,703520000.0,,,,,,,,,,1.0,,,,,5591130000.0,39527000.0,,648373000.0,,-236114000.0
0,R,MRT,2021-06-30,2021-06-30,2021-06-30,2021-09-09,-787682000.0,12903036000.0,13037909750.0,1788864000.0,11114172000.0,0.688,44.889,-637496000.0,267992000.0,267992000.0,7359304000.0,261392000.0,0.585,4.336,6235671000.0,1362669000.0,4873002000.0,6235671000.0,0.0,1970433000.0,0.0,0.03,2.24,581645000.0,2552078000.0,0.285,2552078000.0,581645000.0,341293000.0,4.97,4.89,4.97,2418214000.0,2276004000.0,2418214000.0,10284607866.0,18.0,4.03,1576255000.0,29.26,1.0,1608058000.0,0.179,515367000.0,240352000.0,15299294000.0,16406881000.0,62707000.0,1135157000.0,0.0,1135157000.0,10484822000.0,3056054000.0,7428768000.0,4004185866.0,-563477000.0,0.0,-51263000.0,-1971417000.0,-119707000.0,-2140881000.0,-642139000.0,0.0,2213751000.0,5785000.0,261392000.0,261392000.0,261392000.0,10598000.0,0.0,0.029,1007187000.0,600871000.0,672553000.0,0.451,1.656,15.319,14.956,9463648000.0,0.0,74.33,0.447,0.447,1298905000.0,2015743000.0,8967362000.0,8967362000.0,0.0,0.02,0.115,0.035,0.065,51285000.0,999900000.0,1.0,53870387.0,53870387.0,,166.462,12387669000.0,0.0,79901000.0,1184713000.0,229.953,-1267190000.0
1,R,MRT,2021-03-31,2021-03-31,2021-03-31,2021-09-09,-802767000.0,12674613000.0,13364338500.0,1531647000.0,11142966000.0,0.635,42.454,-490865000.0,91738000.0,91738000.0,7096075000.0,38188000.0,0.67,4.56,6372160000.0,789928000.0,5582232000.0,6372160000.0,0.0,2058369000.0,0.0,0.03,2.24,296494000.0,2354863000.0,0.278,2354863000.0,296494000.0,43012000.0,0.72,0.7,0.72,2279687000.0,2211223500.0,2279687000.0,10521192750.0,35.0,4.468,1717563000.0,31.986,1.0,1384332000.0,0.163,516873000.0,253482000.0,16152911000.0,17144108250.0,60649000.0,1128205000.0,0.0,1128205000.0,10394926000.0,2285251000.0,8109675000.0,4062250750.0,-305497000.0,0.0,-41041000.0,-1855220000.0,-119699000.0,-2022895000.0,-493981000.0,0.0,2208428000.0,3205000.0,38188000.0,38188000.0,38188000.0,10529000.0,0.0,0.005,1067372000.0,316960000.0,547532000.0,3.111,1.782,106.375,105.069,9497888000.0,0.0,75.65,0.479,0.479,1194557000.0,1919875000.0,8480407000.0,8480407000.0,0.0,0.003,0.017,0.017,0.035,47516000.0,939196000.0,1.0,53697961.0,53697961.0,,157.928,12157740000.0,0.0,4824000.0,1143287000.0,226.41,-753604000.0
2,R,MRT,2020-12-31,2020-12-31,2020-12-31,2021-09-09,-817205000.0,12931954000.0,13786741250.0,1595529000.0,11336425000.0,0.611,41.856,-594293000.0,151294000.0,151294000.0,7144603000.0,-122250000.0,0.777,4.733,6610236000.0,516581000.0,6093655000.0,6610236000.0,0.0,2119640000.0,0.0,0.036,2.24,120728000.0,2240368000.0,0.266,2240368000.0,120728000.0,-140614000.0,-2.34,-2.34,-2.34,2255557000.0,2201985750.0,2255557000.0,10080516236.0,83.0,4.499,1587010000.0,29.45,1.0,1275488000.0,0.151,518461000.0,261342000.0,16819287000.0,17961408250.0,61191000.0,1113891000.0,0.0,1113891000.0,10676397000.0,2053148000.0,8623249000.0,3328192236.0,77710000.0,0.0,-29219000.0,-1348310000.0,-119036000.0,-1507178000.0,-600997000.0,0.0,2181303000.0,5132000.0,-122250000.0,-122250000.0,-122250000.0,10254000.0,0.0,-0.015,1133339000.0,142149000.0,547389000.0,-0.957,1.476,-27.224,-26.393,9704073000.0,0.0,61.76,0.395,0.395,1182350000.0,1912942000.0,8420091000.0,8420091000.0,0.0,-0.009,-0.056,0.007,0.014,41160000.0,921573000.0,1.0,53889123.0,53889123.0,,156.248,12413493000.0,0.0,-18364000.0,1125733000.0,230.352,-457619000.0
3,R,MRT,2020-09-30,2020-09-30,2020-09-30,2021-09-09,-929718000.0,13642036000.0,14172586250.0,2032854000.0,11609182000.0,0.599,39.959,-1142145000.0,684248000.0,684248000.0,7321205000.0,-201364000.0,0.807,5.343,7436572000.0,1133396000.0,6303176000.0,7436572000.0,0.0,2179911000.0,0.0,0.053,2.24,-31146000.0,2148765000.0,0.253,2148765000.0,-31146000.0,-286416000.0,-3.86,-3.86,-3.86,2150558000.0,2257174000.0,2150558000.0,9589538844.0,-308.0,4.463,1105797000.0,20.547,1.0,1162507000.0,0.137,519693000.0,255270000.0,17356032000.0,18550400250.0,60587000.0,1093522000.0,0.0,1093522000.0,11491478000.0,2518635000.0,8972843000.0,2273307844.0,608381000.0,0.0,-20267000.0,-358848000.0,-119102000.0,-496136000.0,-1147849000.0,0.0,2247942000.0,1848000.0,-201364000.0,-201364000.0,-201364000.0,10539000.0,0.0,-0.024,1133411000.0,29096000.0,461653000.0,-0.58,1.057,-11.29,-10.943,9995967000.0,0.0,42.24,0.268,0.268,1156236000.0,1928373000.0,8483712000.0,8483712000.0,0.0,-0.014,-0.089,-0.002,-0.004,72873000.0,877537000.0,1.0,53818841.0,53818841.0,,157.635,13122343000.0,0.0,-85052000.0,1099706000.0,243.824,-485781000.0
4,R,MRT,2020-06-30,2020-06-30,2020-06-30,2021-09-09,-904640000.0,14208751000.0,14382788250.0,2132709000.0,12076042000.0,0.595,40.18,-1749212000.0,831469000.0,831469000.0,7503515000.0,-328653000.0,0.774,5.581,8147700000.0,1460604000.0,6687096000.0,8147700000.0,0.0,2259308000.0,0.0,0.06,2.24,-167970000.0,2091338000.0,0.244,2091338000.0,-167970000.0,-423107000.0,-6.29,-6.29,-6.29,2159092000.0,2338781250.0,2159092000.0,9792771010.0,-58.0,4.683,445053000.0,8.282,1.0,1053554000.0,0.123,521174000.0,255137000.0,18248203000.0,18984678750.0,62282000.0,1071949000.0,0.0,1071949000.0,12049659000.0,2755605000.0,9294054000.0,2015636010.0,738967000.0,0.0,-23394000.0,443904000.0,-118973000.0,301832000.0,-1754968000.0,0.0,2194265000.0,-4683000.0,-328653000.0,-328653000.0,-328653000.0,1205000.0,0.0,-0.038,1170931000.0,-117377000.0,425686000.0,-0.356,0.934,-6.133,-5.963,10482919000.0,0.0,37.51,0.236,0.236,1087639000.0,1922940000.0,8557069000.0,8557069000.0,0.0,-0.023,-0.141,-0.009,-0.02,70924000.0,882391000.0,1.0,53735964.0,53735964.0,,159.243,13687577000.0,0.0,-94454000.0,1110487000.0,254.719,-622896000.0
5,R,MRT,2020-03-31,2020-03-31,2020-03-31,2021-09-09,-914945000.0,14364224000.0,14461114000.0,1856566000.0,12507658000.0,0.616,42.1,-2621927000.0,397235000.0,397235000.0,7669140000.0,-179339000.0,0.845,5.405,8174370000.0,853527000.0,7320843000.0,8174370000.0,0.0,2118076000.0,0.0,0.084,2.22,23507000.0,2141583000.0,0.24,2141583000.0,23507000.0,-225104000.0,-3.44,-3.44,-3.44,2242736000.0,2450934750.0,2242736000.0,9259709308.0,394.0,4.324,-528132000.0,-9.914,1.0,1237640000.0,0.139,522852000.0,248611000.0,19422111000.0,19155338250.0,65422000.0,1044478000.0,0.0,1044478000.0,12121488000.0,2196396000.0,9925092000.0,1408505308.0,334448000.0,0.0,-28562000.0,1007854000.0,-117762000.0,867471000.0,-2626927000.0,0.0,2093795000.0,-1996000.0,-179339000.0,-179339000.0,-179339000.0,1048000.0,0.0,-0.02,1157920000.0,79720000.0,522612000.0,-0.645,0.628,-7.854,-7.686,10940328000.0,0.0,26.44,0.158,0.158,1202819000.0,2026886000.0,8906780000.0,8906780000.0,0.0,-0.012,-0.073,0.001,0.003,76685000.0,900243000.0,1.0,53271759.0,53271759.0,,167.195,13841372000.0,0.0,-45765000.0,1131965000.0,259.826,-339830000.0
6,R,MRT,2019-12-31,2019-12-31,2019-12-31,2021-09-09,-836491000.0,14475334000.0,14357304250.0,1562051000.0,12913283000.0,0.622,46.467,-3217193000.0,73584000.0,73584000.0,7555224000.0,-24410000.0,0.595,4.846,7924788000.0,1154564000.0,6770224000.0,7924788000.0,0.0,1972968000.0,0.0,0.041,2.2,197972000.0,2170940000.0,0.243,2170940000.0,197972000.0,-43409000.0,-0.47,-0.47,-0.47,2476310000.0,2531951750.0,2476310000.0,10565000964.0,53.0,4.867,-1076654000.0,-20.203,1.0,1370577000.0,0.154,525930000.0,241381000.0,19175255000.0,18735554750.0,80822000.0,1041890000.0,0.0,1041890000.0,11999024000.0,2625353000.0,9373671000.0,2894290964.0,5473000.0,0.0,-27686000.0,1225171000.0,-116469000.0,1084139000.0,-3217193000.0,0.0,2140539000.0,-4272000.0,-24410000.0,-24410000.0,-24410000.0,1138000.0,0.0,-0.003,1111061000.0,259516000.0,594712000.0,-4.681,1.169,-118.57,-115.553,11345463000.0,0.0,54.31,0.324,0.324,1228490000.0,2177513000.0,8925801000.0,8925801000.0,0.0,-0.002,-0.01,0.011,0.022,86234000.0,907449000.0,1.0,53292045.0,53292045.0,,167.488,13949404000.0,0.0,-18999000.0,1161444000.0,261.754,-1063302000.0
7,R,MRT,2019-09-30,2019-09-30,2019-09-30,2021-09-09,-915154000.0,14482844000.0,14075422750.0,1572138000.0,12910706000.0,0.633,46.442,-3299464000.0,75867000.0,75867000.0,7386275000.0,141053000.0,0.621,4.847,7746577000.0,940691000.0,6805886000.0,7746577000.0,0.0,1867651000.0,0.0,0.042,2.18,425685000.0,2293336000.0,0.257,2293336000.0,425685000.0,195384000.0,2.67,2.66,2.67,2476987000.0,2547016250.0,2476987000.0,10340904686.0,24.0,4.509,-1267845000.0,-23.772,1.0,1523132000.0,0.171,527556000.0,230301000.0,19093146000.0,18161227750.0,83226000.0,1063010000.0,0.0,1063010000.0,12005857000.0,2532852000.0,9473005000.0,2761127686.0,12615000.0,0.0,-31496000.0,1421893000.0,-115397000.0,1282839000.0,-3299464000.0,0.0,2031619000.0,-24000.0,141053000.0,141053000.0,141053000.0,589000.0,0.0,0.016,1072498000.0,450634000.0,742868000.0,0.816,1.115,19.575,19.39,11320140000.0,0.0,51.77,0.31,0.31,1274492000.0,2262356000.0,8909407000.0,8909407000.0,0.0,0.01,0.055,0.023,0.048,52158000.0,887149000.0,1.0,53334512.0,53334512.0,,167.048,13955288000.0,0.0,54331000.0,1215704000.0,261.656,-960714000.0
8,R,MRT,2019-06-30,2019-06-30,2019-06-30,2021-09-09,-899388000.0,14522054000.0,13625788000.0,1571448000.0,12950606000.0,0.649,48.925,-3389411000.0,92502000.0,92502000.0,7168193000.0,323350000.0,0.595,4.569,7672279000.0,1053219000.0,6619060000.0,7672279000.0,0.0,1615692000.0,0.0,0.037,2.16,620336000.0,2236028000.0,0.253,2236028000.0,620336000.0,404664000.0,6.15,6.13,6.15,2607706000.0,2657369000.0,2607706000.0,10187782952.0,16.0,4.556,-1491184000.0,-27.977,1.0,1676964000.0,0.19,529841000.0,215672000.0,18930841000.0,17430321000.0,80954000.0,992846000.0,0.0,992846000.0,11914348000.0,2641149000.0,9273199000.0,3107401952.0,16197000.0,1756000.0,-33228000.0,1649297000.0,-114420000.0,1508504000.0,-3387655000.0,0.0,1898227000.0,-1251000.0,323350000.0,323350000.0,323350000.0,1432000.0,0.0,0.037,1036560000.0,640404000.0,768054000.0,0.351,1.192,9.61,9.48,11427919000.0,0.0,58.3,0.351,0.351,1248967000.0,2385620000.0,8845157000.0,8845157000.0,0.0,0.024,0.122,0.036,0.07,46858000.0,886711000.0,1.0,53300205.0,53300205.0,,165.95,13992213000.0,0.0,81314000.0,1222849000.0,262.517,-1069701000.0
9,R,MRT,2019-03-31,2019-03-31,2019-03-31,2021-09-09,-890418000.0,13948985000.0,13052491000.0,1557785000.0,12391200000.0,0.666,48.324,-3004543000.0,62787000.0,62787000.0,7052294000.0,293043000.0,0.566,4.434,7143168000.0,1117489000.0,6025679000.0,7143168000.0,0.0,1544118000.0,0.0,0.035,2.14,600129000.0,2144247000.0,0.247,2144247000.0,600129000.0,402465000.0,5.57,5.55,5.57,2566804000.0,2715793250.0,2566804000.0,9848196626.0,16.0,4.593,-1138070000.0,-21.426,1.0,1637774000.0,0.188,531810000.0,197664000.0,17742977000.0,16586281000.0,80082000.0,978705000.0,0.0,978705000.0,11382181000.0,2754579000.0,8627602000.0,3292709626.0,-17071000.0,-167372000.0,-30354000.0,1425755000.0,-113370000.0,1290200000.0,-3171915000.0,0.0,1866473000.0,-376000.0,293043000.0,293043000.0,293043000.0,2456000.0,0.0,0.034,1022408000.0,615366000.0,839792000.0,0.384,1.283,11.236,11.129,10880685000.0,0.0,61.99,0.379,0.379,1221769000.0,2343857000.0,8690068000.0,8690068000.0,0.0,0.022,0.108,0.036,0.069,39791000.0,872907000.0,1.0,53116787.0,53116787.0,,163.603,13417175000.0,0.0,109422000.0,1202650000.0,252.598,-1196794000.0
10,R,MRT,2018-12-31,2018-12-31,2018-12-31,2021-09-09,-911634000.0,13347808000.0,12499284000.0,1567710000.0,11780098000.0,0.673,47.78,-2654087000.0,68111000.0,68111000.0,6824319000.0,284613000.0,0.623,4.262,6649277000.0,937131000.0,5712146000.0,6649277000.0,0.0,1476311000.0,0.0,0.044,2.12,567648000.0,2043959000.0,0.243,2043959000.0,567648000.0,387160000.0,5.41,5.38,5.41,2536568000.0,2788796000.0,2536568000.0,8778614641.0,15.0,4.295,-936094000.0,-17.633,1.0,1589627000.0,0.189,534281000.0,180488000.0,16877947000.0,15927746250.0,79228000.0,967802000.0,0.0,967802000.0,10811240000.0,2516746000.0,8294494000.0,2556192641.0,-14911000.0,-167372000.0,-30810000.0,1216769000.0,-111864000.0,1085515000.0,-2821459000.0,0.0,1717993000.0,4694000.0,284613000.0,284613000.0,284613000.0,2309000.0,0.0,0.034,1012129000.0,577498000.0,731876000.0,0.392,1.008,8.981,8.9,10278015000.0,0.0,48.15,0.304,0.304,1242058000.0,2337252000.0,8413946000.0,8413946000.0,0.0,0.023,0.102,0.036,0.067,32493000.0,849410000.0,1.0,53088113.0,53088113.0,,158.49,12813527000.0,0.0,102547000.0,1179723000.0,241.363,-949036000.0
11,R,MRT,2018-09-30,2018-09-30,2018-09-30,2021-09-09,-816147000.0,12684305000.0,12028331750.0,1464656000.0,11219649000.0,0.671,54.966,-2328950000.0,60688000.0,60688000.0,6529673000.0,744256000.0,0.671,3.346,6283110000.0,859530000.0,5423580000.0,6283110000.0,0.0,1414676000.0,0.0,0.028,2.04,498008000.0,1912684000.0,0.237,1912684000.0,498008000.0,331966000.0,14.11,14.02,14.11,2918398000.0,2865071750.0,2918398000.0,9783975360.0,20.0,5.115,-591483000.0,-11.14,1.0,1538284000.0,0.191,554390000.0,166042000.0,16169519000.0,15293732750.0,78119000.0,652249000.0,0.0,652249000.0,9765907000.0,2182818000.0,7583089000.0,3879632360.0,-4148000.0,-167372000.0,-16996000.0,938171000.0,-107755000.0,808436000.0,-2550549000.0,-54227000.0,1737467000.0,1151000.0,744256000.0,744256000.0,744256000.0,1958000.0,0.0,0.092,1028211000.0,510073000.0,704613000.0,0.145,1.329,5.213,5.179,10013010000.0,0.0,73.07,0.481,0.481,1156674000.0,2632589000.0,8067957000.0,8067957000.0,0.0,0.062,0.26,0.033,0.062,33271000.0,892148000.0,1.0,53094736.0,53094736.0,,151.954,12129915000.0,0.0,-412290000.0,1331360000.0,228.458,-718162000.0
12,R,MRT,2018-06-30,2018-06-30,2018-06-30,2021-09-09,-827967000.0,12228866000.0,11671999000.0,1367756000.0,10861110000.0,0.664,53.516,-2001344000.0,73582000.0,73582000.0,6248680000.0,712164000.0,0.678,3.304,5977925000.0,740548000.0,5237377000.0,5977925000.0,0.0,1379949000.0,0.0,0.027,1.96,461115000.0,1841064000.0,0.238,1841064000.0,461115000.0,308065000.0,13.5,13.41,13.5,2841403000.0,2679238250.0,2841403000.0,9419228370.0,20.0,5.116,-240116000.0,-4.522,1.0,1500492000.0,0.194,559964000.0,153050000.0,15554681000.0,14969631500.0,74079000.0,630457000.0,0.0,630457000.0,9387463000.0,2018564000.0,7368899000.0,3815399370.0,17363000.0,-176368000.0,-18145000.0,598094000.0,-103658000.0,473954000.0,-2210541000.0,-32829000.0,1761228000.0,-5557000.0,712164000.0,712164000.0,712164000.0,1488000.0,0.0,0.092,1021985000.0,478507000.0,706239000.0,0.145,1.343,5.357,5.323,9670689000.0,0.0,71.86,0.492,0.492,1054469000.0,2580262000.0,7749172000.0,7749172000.0,0.0,0.061,0.266,0.031,0.06,36461000.0,888798000.0,1.0,53094898.0,53094898.0,,145.949,11668902000.0,0.0,-404099000.0,1309445000.0,219.774,-650808000.0
13,R,MRT,2018-03-31,2018-03-31,2018-03-31,2021-09-09,-690003000.0,11736157000.0,11395978500.0,1311521000.0,10424636000.0,0.654,53.963,-1739394000.0,73857000.0,73857000.0,5981842000.0,718124000.0,0.725,3.105,5677686000.0,677916000.0,4999770000.0,5677686000.0,0.0,1347025000.0,0.0,0.026,1.88,432910000.0,1779935000.0,0.239,1779935000.0,432910000.0,287759000.0,13.61,13.52,13.61,2858815000.0,2495412250.0,2858815000.0,9187538719.0,21.0,5.162,-105795000.0,-1.997,1.0,1465454000.0,0.197,421868000.0,145151000.0,15108838000.0,14681787000.0,73704000.0,616709000.0,0.0,616709000.0,8877342000.0,1809280000.0,7068062000.0,3856235719.0,39504000.0,-7240000.0,-56458000.0,332073000.0,-99701000.0,173763000.0,-1762899000.0,-16265000.0,1633599000.0,-3521000.0,718124000.0,718124000.0,718124000.0,754000.0,0.0,0.096,1010157000.0,455297000.0,618588000.0,0.138,1.349,5.37,5.348,9386059000.0,0.0,72.79,0.518,0.518,986102000.0,2468005000.0,7447296000.0,7447296000.0,0.0,0.063,0.288,0.029,0.058,40986000.0,877650000.0,1.0,52977548.0,52977548.0,,140.575,11314289000.0,0.0,-430365000.0,1244035000.0,213.568,-497759000.0
14,R,MRT,2017-12-31,2017-12-31,2017-12-31,2021-09-09,-707501000.0,11463999000.0,11205391000.0,1322893000.0,10141106000.0,0.65,53.669,-1431436000.0,78348000.0,78348000.0,5838075000.0,719644000.0,0.657,3.034,5409651000.0,826069000.0,4583582000.0,5409651000.0,0.0,1325464000.0,0.0,0.021,1.8,437855000.0,1763319000.0,0.242,1763319000.0,437855000.0,295979000.0,13.63,13.53,13.63,2841671000.0,2300657500.0,2841671000.0,9740579172.0,22.0,5.524,196662000.0,3.714,1.0,1441999000.0,0.198,438434000.0,141876000.0,14341893000.0,14367147750.0,73543000.0,570706000.0,0.0,570706000.0,8622328000.0,2014975000.0,6607353000.0,4456609172.0,20383000.0,-7240000.0,-57808000.0,-6696000.0,-95813000.0,-162055000.0,-1438676000.0,0.0,1628098000.0,-5539000.0,719644000.0,719644000.0,719644000.0,457000.0,0.0,0.099,975946000.0,466053000.0,599303000.0,0.132,1.568,6.193,6.175,9131966000.0,0.0,84.17,0.612,0.612,1010908000.0,2471677000.0,7280074000.0,7280074000.0,0.0,0.064,0.313,0.03,0.06,46708000.0,870918000.0,1.0,52947715.0,52947715.0,,137.496,11025565000.0,0.0,-423665000.0,1211129000.0,208.235,-692082000.0
15,R,MRT,2017-09-30,2017-09-30,2017-09-30,2021-09-09,-746814000.0,11258974000.0,11065004750.0,1252580000.0,10006394000.0,0.639,41.052,-1321713000.0,65256000.0,65256000.0,5627219000.0,196797000.0,1.018,4.176,5349226000.0,143942000.0,5205284000.0,5349226000.0,0.0,1241649000.0,0.0,0.021,1.78,443836000.0,1685485000.0,0.239,1685485000.0,443836000.0,303998000.0,3.72,3.7,3.72,2175064000.0,2103308500.0,2175064000.0,9809225187.0,22.0,5.82,260438000.0,4.915,1.0,1438993000.0,0.204,439501000.0,139838000.0,14873114000.0,14295633750.0,71328000.0,538697000.0,0.0,538697000.0,9083910000.0,1230329000.0,7853581000.0,4479744187.0,-12946000.0,-7240000.0,-58624000.0,-162751000.0,-94956000.0,-321623000.0,-1262648000.0,70508000.0,1582151000.0,-9141000.0,196797000.0,196797000.0,196797000.0,2041000.0,0.0,0.028,964346000.0,474647000.0,557216000.0,0.478,2.06,22.763,22.728,9028196000.0,0.0,84.55,0.634,0.634,981702000.0,1855806000.0,7066212000.0,7066212000.0,0.0,0.018,0.094,0.031,0.063,48198000.0,816269000.0,1.0,52983373.0,52983373.0,,133.367,10819473000.0,0.0,107201000.0,1776226000.0,204.205,22251000.0
16,R,MRT,2017-06-30,2017-06-30,2017-06-30,2021-09-09,-780220000.0,11124784000.0,11027454500.0,1176688000.0,9948096000.0,0.63,39.322,-1264937000.0,55363000.0,55363000.0,5493791000.0,222799000.0,0.728,4.282,5384844000.0,588852000.0,4795992000.0,5384844000.0,0.0,1227027000.0,0.0,0.024,1.76,483532000.0,1710559000.0,0.246,1710559000.0,483532000.0,341108000.0,4.2,4.18,4.2,2106099000.0,2083802750.0,2106099000.0,9143537124.0,19.0,5.345,304756000.0,5.69,1.0,1455942000.0,0.209,433598000.0,142424000.0,14403303000.0,14098816500.0,67239000.0,545253000.0,0.0,545253000.0,9018685000.0,1617364000.0,7401321000.0,3855263124.0,-12374000.0,0.0,-55768000.0,-222068000.0,-94032000.0,-376928000.0,-1200441000.0,65382000.0,1569693000.0,-2715000.0,222799000.0,222799000.0,222799000.0,2137000.0,0.0,0.032,940993000.0,514949000.0,536443000.0,0.419,1.831,17.304,17.138,8969245000.0,0.0,71.98,0.555,0.555,916631000.0,1827139000.0,6949733000.0,6949733000.0,0.0,0.02,0.107,0.034,0.07,48005000.0,795357000.0,1.0,53560199.0,53560199.0,,129.756,10691186000.0,0.0,118309000.0,1739326000.0,199.611,-440676000.0
17,R,MRT,2017-03-31,2017-03-31,2017-03-31,2021-09-09,-813226000.0,10973807000.0,11030290250.0,1113340000.0,9860467000.0,0.622,38.9,-1294254000.0,37951000.0,37951000.0,5381129000.0,245681000.0,0.563,4.276,5326225000.0,973115000.0,4353110000.0,5326225000.0,0.0,1211087000.0,0.0,0.023,1.73,522108000.0,1733195000.0,0.252,1733195000.0,522108000.0,377268000.0,4.63,4.6,4.63,2079796000.0,2069052500.0,2079796000.0,9365871695.0,18.0,5.404,270115000.0,5.052,1.0,1484320000.0,0.216,434001000.0,144840000.0,13850281000.0,14059546000.0,67732000.0,500983000.0,0.0,500983000.0,8894011000.0,1977799000.0,6916212000.0,4033398695.0,-21804000.0,0.0,-33533000.0,-224959000.0,-92468000.0,-352649000.0,-1226868000.0,67165000.0,1564369000.0,-4473000.0,245681000.0,245681000.0,245681000.0,1902000.0,0.0,0.036,922197000.0,562123000.0,536225000.0,0.374,1.939,16.417,16.294,8925483000.0,0.0,75.44,0.587,0.587,862862000.0,1829114000.0,6865449000.0,6865449000.0,0.0,0.022,0.119,0.037,0.076,63654000.0,800921000.0,1.0,53464988.0,53464988.0,,128.41,10539806000.0,0.0,131587000.0,1710267000.0,197.135,-864459000.0
18,R,MRT,2016-12-31,2016-12-31,2016-12-31,2021-09-09,-834032000.0,10902454000.0,11050471000.0,1101557000.0,9800897000.0,0.612,38.383,-1483857000.0,58801000.0,58801000.0,5256722000.0,263069000.0,0.632,4.312,5391274000.0,791410000.0,4599864000.0,5391274000.0,0.0,1187050000.0,0.0,0.023,1.7,552936000.0,1739986000.0,0.257,1739986000.0,552936000.0,405093000.0,4.95,4.91,4.95,2052275000.0,2060433000.0,2052275000.0,9424835664.0,17.0,5.417,117165000.0,2.191,1.0,1501416000.0,0.222,435021000.0,147843000.0,14055837000.0,14237139250.0,69529000.0,472284000.0,0.0,472284000.0,8850179000.0,1744069000.0,7106110000.0,3980188664.0,-3658000.0,0.0,-19187000.0,-71917000.0,-91043000.0,-185922000.0,-1407347000.0,76510000.0,1601022000.0,-9482000.0,263069000.0,263069000.0,263069000.0,2163000.0,0.0,0.039,908724000.0,592692000.0,445470000.0,0.343,1.939,15.13,15.038,8893592000.0,0.0,74.44,0.589,0.589,831947000.0,1827026000.0,6758138000.0,6758138000.0,0.0,0.024,0.128,0.039,0.082,56257000.0,804229000.0,1.0,53468413.0,53468413.0,,126.395,10467433000.0,0.0,142024000.0,1688681000.0,195.769,-642512000.0
19,R,MRT,2016-09-30,2016-09-30,2016-09-30,2021-09-09,-747445000.0,11108773000.0,11063002500.0,1137559000.0,9971214000.0,0.608,39.213,-1647173000.0,74994000.0,74994000.0,5219581000.0,290497000.0,0.56,4.297,5519641000.0,1055146000.0,4464495000.0,5519641000.0,0.0,1171991000.0,0.0,0.025,1.67,596241000.0,1768232000.0,0.263,1768232000.0,596241000.0,448073000.0,5.47,5.44,5.47,2097041000.0,2044142000.0,2097041000.0,9094953909.0,15.0,5.144,-91659000.0,-1.714,1.0,1510996000.0,0.224,437724000.0,148168000.0,14085845000.0,14290600000.0,67335000.0,518283000.0,0.0,518283000.0,9011732000.0,2029851000.0,6981881000.0,3526903909.0,-393000.0,0.0,-12794000.0,125160000.0,-89416000.0,11148000.0,-1562561000.0,80043000.0,1555514000.0,-3524000.0,290497000.0,290497000.0,290497000.0,803000.0,0.0,0.043,873267000.0,637729000.0,457843000.0,0.305,1.682,12.141,12.057,9015207000.0,0.0,65.95,0.524,0.524,856763000.0,1795445000.0,6730577000.0,6730577000.0,0.0,0.026,0.142,0.042,0.089,66434000.0,801059000.0,1.0,53478452.0,53478452.0,,125.856,10671049000.0,0.0,157576000.0,1700154000.0,199.539,-892292000.0
20,R,MRT,2016-06-30,2016-06-30,2016-06-30,2021-09-09,-732653000.0,11136127000.0,10990855750.0,1126248000.0,10009879000.0,0.607,38.119,-1991237000.0,65964000.0,65964000.0,5172450000.0,296364000.0,0.558,4.44,5634014000.0,1047208000.0,4586806000.0,5634014000.0,0.0,1161933000.0,0.0,0.027,1.64,606183000.0,1768116000.0,0.265,1768116000.0,606183000.0,456469000.0,5.58,5.54,5.58,2047098000.0,2007897750.0,2047098000.0,8826060304.0,15.0,4.992,-445123000.0,-8.289,1.0,1502775000.0,0.225,439896000.0,149714000.0,14246221000.0,14363346250.0,66553000.0,528853000.0,0.0,528853000.0,9089029000.0,2018060000.0,7070969000.0,3283426304.0,-7389000.0,0.0,-9134000.0,463707000.0,-87772000.0,355012000.0,-1906028000.0,81025000.0,1546114000.0,-2180000.0,296364000.0,296364000.0,296364000.0,609000.0,0.0,0.044,862766000.0,640009000.0,462335000.0,0.294,1.604,11.079,10.957,9041130000.0,0.0,61.14,0.492,0.492,850504000.0,1736839000.0,6675225000.0,6675225000.0,0.0,0.027,0.148,0.042,0.091,60040000.0,812815000.0,1.0,53703407.0,53703407.0,,124.298,10696231000.0,0.0,160105000.0,1655982000.0,199.172,-891812000.0
21,R,MRT,2016-03-31,2016-03-31,2016-03-31,2021-09-09,-694336000.0,11054530000.0,10866390000.0,1094546000.0,9959984000.0,0.611,38.235,-2238767000.0,56806000.0,56806000.0,5132513000.0,307773000.0,0.687,4.405,5599440000.0,612223000.0,4987217000.0,5599440000.0,0.0,1142858000.0,0.0,0.025,1.6,624192000.0,1767050000.0,0.266,1767050000.0,624192000.0,472671000.0,5.8,5.75,5.8,2045318000.0,1974483000.0,2045318000.0,8922235995.0,14.0,5.049,-712822000.0,-13.325,1.0,1501899000.0,0.226,442970000.0,151521000.0,14560654000.0,14252558500.0,65542000.0,524477000.0,0.0,524477000.0,9009212000.0,1593540000.0,7415672000.0,3465324995.0,-15393000.0,0.0,13281000.0,700076000.0,-85599000.0,613127000.0,-2149582000.0,80347000.0,1525945000.0,-4227000.0,307773000.0,307773000.0,307773000.0,1075000.0,0.0,0.046,858835000.0,643064000.0,475017000.0,0.276,1.694,11.259,11.169,8992537000.0,0.0,64.78,0.522,0.522,822556000.0,1700816000.0,6634412000.0,6634412000.0,0.0,0.028,0.156,0.044,0.094,38201000.0,820655000.0,1.0,53493748.0,53493748.0,,124.022,10611560000.0,0.0,164898000.0,1621894000.0,198.37,-498994000.0
22,R,MRT,2015-12-31,2015-12-31,2015-12-31,2021-09-09,-712735000.0,10952580000.0,10579455250.0,1098302000.0,9854278000.0,0.621,37.194,-2240482000.0,60945000.0,60945000.0,5086449000.0,304768000.0,0.654,4.512,5502627000.0,634530000.0,4868097000.0,5502627000.0,0.0,1121966000.0,0.0,0.027,1.56,618428000.0,1740394000.0,0.265,1740394000.0,618428000.0,467994000.0,5.75,5.71,5.75,1987111000.0,1916040000.0,1987111000.0,8411458263.0,14.0,4.833,-798694000.0,-14.95,1.0,1485444000.0,0.226,444327000.0,150434000.0,14269680000.0,13851624000.0,63725000.0,510246000.0,0.0,510246000.0,8965469000.0,1680255000.0,7285214000.0,3036148263.0,10853000.0,0.0,17494000.0,808271000.0,-83201000.0,731485000.0,-2161355000.0,70980000.0,1441788000.0,37000.0,304768000.0,304768000.0,304768000.0,1221000.0,0.0,0.046,847998000.0,637446000.0,502373000.0,0.271,1.528,9.962,9.883,8899705000.0,0.0,56.83,0.462,0.462,835489000.0,1667080000.0,6571893000.0,6571893000.0,0.0,0.029,0.159,0.045,0.094,38978000.0,822857000.0,1.0,53425097.0,53425097.0,,123.011,10508253000.0,0.0,163226000.0,1587522000.0,196.691,-581953000.0
23,R,MRT,2015-09-30,2015-09-30,2015-09-30,2021-09-09,-685145000.0,10820186000.0,10304028000.0,1117527000.0,9702659000.0,0.636,36.573,-2183016000.0,75387000.0,75387000.0,5086347000.0,239646000.0,0.817,4.543,5450697000.0,305759000.0,5144938000.0,5450697000.0,0.0,1093830000.0,0.0,0.021,1.52,520811000.0,1614641000.0,0.246,1614641000.0,520811000.0,369157000.0,4.53,4.49,4.53,1952064000.0,1874034000.0,1952064000.0,9095484811.0,17.0,5.633,-709906000.0,-13.301,1.0,1469119000.0,0.224,451404000.0,151654000.0,14376830000.0,13524437750.0,64087000.0,502376000.0,0.0,502376000.0,8868122000.0,1367262000.0,7500860000.0,3951812811.0,385000.0,-187000.0,7891000.0,721455000.0,-80899000.0,643932000.0,-2114607000.0,66513000.0,1473110000.0,-499000.0,239646000.0,239646000.0,239646000.0,1891000.0,0.0,0.037,946417000.0,522702000.0,550305000.0,0.336,2.024,16.49,16.344,8748879000.0,0.0,74.04,0.603,0.603,814160000.0,1612744000.0,6555466000.0,6555466000.0,0.0,0.023,0.128,0.039,0.079,21571000.0,847408000.0,1.0,53374025.0,53374025.0,,122.821,10368782000.0,0.0,129511000.0,1575507000.0,194.266,-249735000.0
24,R,MRT,2015-06-30,2015-06-30,2015-06-30,2021-09-09,-646858000.0,10638264000.0,10000072000.0,1135916000.0,9502348000.0,0.657,35.893,-1901577000.0,73353000.0,73353000.0,5124538000.0,232644000.0,0.745,4.56,5217025000.0,347817000.0,4869208000.0,5217025000.0,0.0,1076016000.0,0.0,0.017,1.48,508128000.0,1584144000.0,0.241,1584144000.0,508128000.0,358779000.0,4.41,4.37,4.41,1913439000.0,1881642750.0,1913439000.0,9289347639.0,18.0,5.864,-402949000.0,-7.559,1.0,1449012000.0,0.22,455134000.0,149349000.0,13803070000.0,12954949500.0,64684000.0,485291000.0,0.0,485291000.0,8724825000.0,1523732000.0,7201093000.0,4657626639.0,-13535000.0,-8323000.0,-3371000.0,420047000.0,-78646000.0,333605000.0,-1843355000.0,65824000.0,1498628000.0,-949000.0,232644000.0,232644000.0,232644000.0,1977000.0,0.0,0.035,938907000.0,510105000.0,652193000.0,0.336,2.434,20.02,19.812,8561923000.0,0.0,87.37,0.709,0.709,831441000.0,1544047000.0,6573550000.0,6573550000.0,0.0,0.023,0.124,0.039,0.077,22085000.0,846316000.0,1.0,53309221.0,53309221.0,,123.31,10183130000.0,0.0,126135000.0,1532470000.0,191.02,-387816000.0
25,R,MRT,2015-03-31,2015-03-31,2015-03-31,2021-09-09,-673032000.0,9906791000.0,9762422750.0,1078019000.0,8828772000.0,0.676,34.188,-1767304000.0,72199000.0,72199000.0,5184075000.0,222870000.0,0.957,4.469,4703920000.0,11417000.0,4692503000.0,4703920000.0,0.0,1064512000.0,0.0,0.015,1.45,491846000.0,1556358000.0,0.236,1556358000.0,491846000.0,345843000.0,4.23,4.19,4.23,1811546000.0,1894523000.0,1811546000.0,9490428437.0,19.0,6.098,-338301000.0,-6.384,1.0,1411115000.0,0.214,455059000.0,146003000.0,12956916000.0,12591219250.0,63021000.0,465250000.0,0.0,465250000.0,8095245000.0,1126537000.0,6968708000.0,5028038437.0,-587000.0,-8323000.0,-32102000.0,388800000.0,-76950000.0,275351000.0,-1703480000.0,64326000.0,1429003000.0,-316000.0,222870000.0,222870000.0,222870000.0,1555000.0,0.0,0.034,917714000.0,493401000.0,625473000.0,0.343,2.776,22.56,22.433,7908463000.0,0.0,94.89,0.762,0.762,778280000.0,1479175000.0,6595190000.0,6595190000.0,0.0,0.023,0.118,0.039,0.075,21712000.0,831878000.0,1.0,52988075.0,52988075.0,,124.466,9451732000.0,0.0,122973000.0,1488111000.0,178.375,-48518000.0
26,R,MRT,2014-12-31,2014-12-31,2014-12-31,2021-09-09,-620270000.0,9850871000.0,9627595750.0,1043644000.0,8807227000.0,0.69,34.297,-1762201000.0,50092000.0,50092000.0,5253040000.0,218341000.0,0.94,4.415,4730619000.0,36284000.0,4694335000.0,4730619000.0,0.0,1047049000.0,0.0,0.015,1.42,481122000.0,1528171000.0,0.23,1528171000.0,481122000.0,336383000.0,4.14,4.11,4.14,1819087000.0,1916271750.0,1819087000.0,9357281396.0,19.0,6.123,-379383000.0,-7.153,1.0,1385734000.0,0.209,459648000.0,144739000.0,12960935000.0,12330755500.0,66007000.0,446099000.0,0.0,446099000.0,8031784000.0,1110815000.0,6920969000.0,4924726396.0,-11470000.0,-9972000.0,-59718000.0,450963000.0,-74871000.0,311650000.0,-1704510000.0,64267000.0,1382818000.0,297000.0,218341000.0,218341000.0,218341000.0,1884000.0,0.0,0.033,902728000.0,483006000.0,560852000.0,0.343,2.707,22.555,22.428,7901480000.0,0.0,92.85,0.742,0.742,794864000.0,1450509000.0,6638774000.0,6638774000.0,0.0,0.023,0.114,0.039,0.072,20905000.0,816975000.0,1.0,53039595.0,53039595.0,,125.166,9391223000.0,0.0,118042000.0,1443292000.0,177.061,-67171000.0
27,R,MRT,2014-09-30,2014-09-30,2014-09-30,2021-09-09,-466423000.0,9604362000.0,9440823500.0,1122362000.0,8482000000.0,0.699,37.358,-1856556000.0,75002000.0,75002000.0,5239711000.0,271920000.0,0.761,3.845,4507557000.0,462312000.0,4045245000.0,4507557000.0,0.0,1057194000.0,0.0,0.015,1.39,565291000.0,1622485000.0,0.246,1622485000.0,565291000.0,419631000.0,5.16,5.1,5.16,1982499000.0,1935678500.0,1982499000.0,9404767948.0,17.0,5.797,-513736000.0,-9.681,1.0,1360476000.0,0.206,462467000.0,145660000.0,12098877000.0,11976617000.0,64805000.0,474652000.0,0.0,474652000.0,7621863000.0,1475573000.0,6146290000.0,4774502948.0,66000.0,-9785000.0,-17324000.0,543027000.0,-73273000.0,453180000.0,-1788288000.0,64756000.0,1342820000.0,-4839000.0,271920000.0,271920000.0,271920000.0,2817000.0,0.0,0.041,792368000.0,568108000.0,513769000.0,0.269,2.408,17.558,17.436,7544881000.0,0.0,89.97,0.723,0.723,821446000.0,1470499000.0,6600187000.0,6600187000.0,0.0,0.029,0.14,0.047,0.086,20492000.0,803941000.0,1.0,53067722.0,53067722.0,,124.373,9141895000.0,0.0,147711000.0,1526002000.0,172.268,-353211000.0
28,R,MRT,2014-06-30,2014-06-30,2014-06-30,2021-09-09,-422495000.0,9687667000.0,9241683500.0,1137470000.0,8550197000.0,0.708,36.946,-1929236000.0,86888000.0,86888000.0,5203912000.0,259370000.0,0.75,3.93,4717153000.0,557681000.0,4159472000.0,4717153000.0,0.0,1029740000.0,0.0,0.015,1.36,541837000.0,1571577000.0,0.24,1571577000.0,541837000.0,398891000.0,4.93,4.88,4.93,1964960000.0,1853917750.0,1964960000.0,9058833253.0,17.0,5.764,-697283000.0,-13.111,1.0,1343665000.0,0.205,453103000.0,142946000.0,12348149000.0,11711209250.0,65490000.0,478915000.0,0.0,478915000.0,7722707000.0,1516680000.0,6206027000.0,4685022253.0,13459000.0,-2087000.0,3859000.0,711143000.0,-71580000.0,645695000.0,-1856032000.0,63178000.0,1231953000.0,-1349000.0,259370000.0,259370000.0,259370000.0,5347000.0,0.0,0.04,796481000.0,547184000.0,479952000.0,0.276,2.384,18.063,17.868,7618179000.0,0.0,88.09,0.716,0.716,827274000.0,1416858000.0,6547577000.0,6547577000.0,0.0,0.028,0.14,0.046,0.083,19697000.0,798707000.0,1.0,53184496.0,53184496.0,,123.111,9234564000.0,0.0,139521000.0,1480313000.0,173.633,-379210000.0
29,R,MRT,2014-03-31,2014-03-31,2014-03-31,2021-09-09,-449713000.0,9367483000.0,8959853500.0,1117116000.0,8250367000.0,0.722,35.553,-1814589000.0,72786000.0,72786000.0,5139002000.0,246179000.0,0.814,3.934,4446597000.0,400846000.0,4045751000.0,4446597000.0,0.0,1000884000.0,0.0,0.017,1.33,517237000.0,1518121000.0,0.235,1518121000.0,517237000.0,376119000.0,4.7,4.66,4.7,1898541000.0,1749517500.0,1898541000.0,8395580051.0,16.0,5.53,-573320000.0,-10.736,1.0,1328003000.0,0.205,453611000.0,141118000.0,11915061000.0,11310624000.0,64758000.0,472148000.0,0.0,472148000.0,7468942000.0,1372622000.0,6096320000.0,4267717051.0,-3703000.0,-2087000.0,46310000.0,530235000.0,-69745000.0,510669000.0,-1749731000.0,59450000.0,1241269000.0,668000.0,246179000.0,246179000.0,246179000.0,5392000.0,0.0,0.038,805374000.0,522629000.0,505779000.0,0.283,2.248,17.336,17.004,7324608000.0,0.0,79.92,0.66,0.66,822010000.0,1390310000.0,6467005000.0,6467005000.0,0.0,0.027,0.141,0.046,0.08,19559000.0,793310000.0,1.0,53399863.0,53399863.0,,121.105,8913872000.0,0.0,129940000.0,1433288000.0,166.927,-255506000.0
30,R,MRT,2013-12-31,2013-12-31,2013-12-31,2021-09-09,-438248000.0,9103782000.0,8716008250.0,1062493000.0,8041289000.0,0.736,36.064,-1670257000.0,61562000.0,61562000.0,5099484000.0,237871000.0,0.863,3.8,4189425000.0,259438000.0,3929987000.0,4189425000.0,0.0,983610000.0,0.0,0.018,1.3,504074000.0,1487684000.0,0.232,1487684000.0,504074000.0,363611000.0,4.57,4.53,4.57,1896714000.0,1647668500.0,1896714000.0,7842387165.0,16.0,5.272,-418446000.0,-7.956,1.0,1319801000.0,0.206,456125000.0,140463000.0,11544381000.0,10962143750.0,64298000.0,460501000.0,0.0,460501000.0,7207068000.0,1231139000.0,5975929000.0,3880331165.0,-4830000.0,-1858000.0,90646000.0,318993000.0,-67720000.0,347070000.0,-1603818000.0,70677000.0,1251811000.0,5558000.0,237871000.0,237871000.0,237871000.0,5404000.0,0.0,0.037,810323000.0,509478000.0,475364000.0,0.284,2.046,16.313,16.144,7124663000.0,0.0,73.78,0.604,0.604,777370000.0,1390756000.0,6419285000.0,6419285000.0,0.0,0.027,0.144,0.046,0.079,19310000.0,790681000.0,1.0,52593266.0,52593266.0,,122.055,8647657000.0,0.0,125740000.0,1429637000.0,164.425,-168646000.0
31,R,MRT,2013-09-30,2013-09-30,2013-09-30,2021-09-09,-593556000.0,8807802000.0,8519807500.0,1099491000.0,7708311000.0,0.749,31.637,-1494779000.0,74936000.0,74936000.0,5090969000.0,227029000.0,0.863,4.32,4036992000.0,350954000.0,3686038000.0,4036992000.0,0.0,948944000.0,0.0,0.021,1.27,485553000.0,1434497000.0,0.225,1434497000.0,485553000.0,347940000.0,4.38,4.36,4.38,1655456000.0,1540361750.0,1655456000.0,6964883184.0,14.0,4.855,-235453000.0,-4.5,1.0,1294123000.0,0.203,458345000.0,137613000.0,11037246000.0,10660055250.0,64035000.0,450959000.0,0.0,450959000.0,7152346000.0,1274267000.0,5878079000.0,3123905184.0,-20751000.0,-3191000.0,64542000.0,143221000.0,-65663000.0,147370000.0,-1429008000.0,75647000.0,1259326000.0,8999000.0,227029000.0,227029000.0,227029000.0,5168000.0,0.0,0.036,803402000.0,490721000.0,442076000.0,0.29,1.887,13.76,13.63,6799007000.0,0.0,59.7,0.489,0.489,798066000.0,1344175000.0,6385092000.0,6385092000.0,0.0,0.027,0.147,0.046,0.076,18942000.0,776506000.0,1.0,52326720.0,52326720.0,,122.024,8349457000.0,0.0,120911000.0,1260497000.0,159.564,-174776000.0
32,R,MRT,2013-06-30,2013-06-30,2013-06-30,2021-09-09,-630459000.0,8560347000.0,8382762000.0,1062335000.0,7498012000.0,0.754,29.801,-1434817000.0,73429000.0,73429000.0,5048534000.0,231053000.0,0.888,4.532,3914407000.0,258697000.0,3655710000.0,3914407000.0,0.0,945575000.0,0.0,0.02,1.24,488465000.0,1434040000.0,0.227,1434040000.0,488465000.0,349940000.0,4.49,4.48,4.49,1547359000.0,1495972500.0,1547359000.0,6925486179.0,14.0,4.829,-207694000.0,-4.0,1.0,1275313000.0,0.202,458891000.0,138525000.0,10745808000.0,10463564000.0,61672000.0,424386000.0,0.0,424386000.0,7012988000.0,1196626000.0,5816362000.0,3156352179.0,870000.0,-4107000.0,50455000.0,146247000.0,-63665000.0,136699000.0,-1366830000.0,79165000.0,1227123000.0,7058000.0,231053000.0,231053000.0,231053000.0,-8420000.0,0.0,0.037,795268000.0,480045000.0,458627000.0,0.276,2.04,13.661,13.539,6614735000.0,0.0,60.79,0.499,0.499,772262000.0,1291005000.0,6323847000.0,6323847000.0,0.0,0.028,0.154,0.047,0.077,19381000.0,763452000.0,1.0,51922227.0,51922227.0,,121.795,8101456000.0,0.0,118887000.0,1220970000.0,156.031,-134291000.0
33,R,MRT,2013-03-31,2013-03-31,2013-03-31,2021-09-09,-615904000.0,8392102000.0,8271914750.0,1070855000.0,7321247000.0,0.76,28.967,-1520244000.0,76489000.0,76489000.0,5025153000.0,215582000.0,0.908,4.628,3845623000.0,259733000.0,3585890000.0,3845623000.0,0.0,944610000.0,0.0,0.02,1.22,466930000.0,1411540000.0,0.225,1411540000.0,466930000.0,326684000.0,4.21,4.2,4.21,1491145000.0,1455234750.0,1491145000.0,6830184147.0,15.0,4.839,-323261000.0,-6.28,1.0,1258555000.0,0.2,461226000.0,140246000.0,10521140000.0,10269673500.0,63028000.0,425311000.0,0.0,425311000.0,6900957000.0,1178870000.0,5722087000.0,3075780147.0,-37132000.0,-4457000.0,22697000.0,235145000.0,-62393000.0,197576000.0,-1434438000.0,83833000.0,1196983000.0,5927000.0,215582000.0,215582000.0,215582000.0,-8757000.0,0.0,0.034,800382000.0,458173000.0,462192000.0,0.29,2.063,14.267,14.192,6434710000.0,0.0,59.75,0.489,0.489,774441000.0,1244956000.0,6283708000.0,6283708000.0,0.0,0.026,0.148,0.045,0.074,19036000.0,757751000.0,1.0,51477492.0,51477492.0,,122.067,7930876000.0,0.0,111102000.0,1187684000.0,154.065,-108015000.0
34,R,MRT,2012-12-31,2012-12-31,2012-12-31,2021-09-09,-587619000.0,8318979000.0,8211049750.0,1040237000.0,7278742000.0,0.762,28.711,-1590261000.0,66392000.0,66392000.0,5008380000.0,209979000.0,0.817,4.669,3820796000.0,367975000.0,3452821000.0,3820796000.0,0.0,939677000.0,0.0,0.024,1.2,452754000.0,1392431000.0,0.223,1392431000.0,452754000.0,312197000.0,4.11,4.09,4.11,1467487000.0,1425293500.0,1467487000.0,6344449027.0,14.0,4.556,-456137000.0,-8.924,1.0,1248587000.0,0.2,464691000.0,140557000.0,10336027000.0,9990761500.0,64146000.0,434590000.0,0.0,434590000.0,6851492000.0,1272665000.0,5578827000.0,2552046027.0,-38180000.0,-5113000.0,1508000.0,392222000.0,-61266000.0,333805000.0,-1504273000.0,71897000.0,1134124000.0,1344000.0,209979000.0,209979000.0,209979000.0,-9080000.0,0.0,0.034,804913000.0,443674000.0,398983000.0,0.292,1.739,12.154,12.148,6379461000.0,0.0,49.93,0.408,0.408,775765000.0,1221190000.0,6256967000.0,6256967000.0,0.0,0.026,0.147,0.045,0.072,18864000.0,763660000.0,1.0,51112478.0,51112478.0,,122.416,7854288000.0,0.0,102218000.0,1177074000.0,153.667,-232428000.0
35,R,MRT,2012-09-30,2012-09-30,2012-09-30,2021-09-09,-524588000.0,8259620000.0,8035763750.0,1079006000.0,7180614000.0,0.773,28.909,-1674435000.0,95687000.0,95687000.0,4959153000.0,204230000.0,0.809,4.589,3888090000.0,443629000.0,3444461000.0,3888090000.0,0.0,925517000.0,0.0,0.03,1.18,443293000.0,1368810000.0,0.22,1368810000.0,443293000.0,305001000.0,4.0,3.98,4.0,1477899000.0,1387960000.0,1477899000.0,5669961270.0,13.0,4.142,-649539000.0,-12.705,1.0,1255372000.0,0.202,466909000.0,138292000.0,10251281000.0,9721619500.0,67113000.0,423339000.0,0.0,423339000.0,6781721000.0,1333833000.0,5447888000.0,1996872270.0,-20099000.0,-3517000.0,-9535000.0,613577000.0,-60273000.0,544893000.0,-1590810000.0,67179000.0,1024896000.0,922000.0,204230000.0,204230000.0,204230000.0,-10612000.0,0.0,0.033,822691000.0,432681000.0,422791000.0,0.295,1.351,9.778,9.765,6290366000.0,0.0,39.06,0.321,0.321,784121000.0,1183066000.0,6214525000.0,6214525000.0,0.0,0.025,0.147,0.046,0.071,18972000.0,770900000.0,1.0,51123202.0,51123202.0,,121.56,7792711000.0,0.0,100771000.0,1181425000.0,152.43,-254827000.0
36,R,MRT,2012-06-30,2012-06-30,2012-06-30,2021-09-09,-554556000.0,8116958000.0,7832302500.0,1059286000.0,7057672000.0,0.793,27.0,-1560847000.0,72559000.0,72559000.0,4952677000.0,185663000.0,0.778,4.863,3745648000.0,381561000.0,3364087000.0,3745648000.0,0.0,911548000.0,0.0,0.032,1.16,417815000.0,1329363000.0,0.214,1329363000.0,417815000.0,281657000.0,3.63,3.61,3.63,1384408000.0,1381342250.0,1384408000.0,5325914220.0,13.0,4.006,-520834000.0,-10.158,1.0,1259273000.0,0.203,458245000.0,136158000.0,9970246000.0,9383905250.0,63826000.0,416322000.0,0.0,416322000.0,6732550000.0,1361556000.0,5370994000.0,1846361220.0,-57597000.0,-15763000.0,-12059000.0,462873000.0,-59335000.0,392592000.0,-1491724000.0,64764000.0,1040013000.0,1522000.0,185663000.0,185663000.0,185663000.0,577000.0,0.0,0.03,840881000.0,418392000.0,494420000.0,0.32,1.334,9.945,9.92,6183105000.0,0.0,36.01,0.297,0.297,793599000.0,1125868000.0,6211950000.0,6211950000.0,0.0,0.024,0.134,0.045,0.067,18168000.0,787283000.0,1.0,51273569.0,51273569.0,,121.153,7658713000.0,0.0,95994000.0,1144068000.0,149.37,-302270000.0
37,R,MRT,2012-03-31,2012-03-31,2012-03-31,2021-09-09,-539674000.0,8148642000.0,7664135250.0,1122341000.0,7026301000.0,0.804,26.801,-1495645000.0,113621000.0,113621000.0,4900730000.0,178973000.0,0.637,4.942,3593174000.0,586872000.0,3006302000.0,3593174000.0,0.0,892933000.0,0.0,0.022,1.14,415571000.0,1308504000.0,0.212,1308504000.0,415571000.0,282061000.0,3.49,3.47,3.49,1371380000.0,1400060000.0,1371380000.0,5979325029.0,14.0,4.57,-485362000.0,-9.485,1.0,1260704000.0,0.205,460955000.0,133510000.0,9405492000.0,9117158750.0,67283000.0,410049000.0,0.0,410049000.0,6777262000.0,1761748000.0,5015514000.0,2701752029.0,-42019000.0,-280221000.0,-18280000.0,729770000.0,-58412000.0,654878000.0,-1711674000.0,62871000.0,1010283000.0,4494000.0,178973000.0,178973000.0,178973000.0,1414000.0,0.0,0.029,843719000.0,416985000.0,720599000.0,0.327,1.97,15.096,15.129,6155297000.0,0.0,52.8,0.438,0.438,789256000.0,1101309000.0,6161434000.0,6161434000.0,0.0,0.023,0.128,0.046,0.067,17755000.0,793119000.0,1.0,51169546.0,51169546.0,,120.412,7687687000.0,0.0,103088000.0,1117929000.0,150.239,-639407000.0
38,R,MRT,2011-12-31,2011-12-31,2011-12-31,2021-09-09,-567165000.0,7617835000.0,7372520500.0,1088173000.0,6529662000.0,0.821,25.783,-1360953000.0,104572000.0,104572000.0,4805876000.0,169777000.0,0.927,4.779,3382145000.0,274366000.0,3107779000.0,3382145000.0,0.0,872262000.0,0.0,0.021,1.12,410960000.0,1283222000.0,0.212,1283222000.0,410960000.0,277796000.0,3.31,3.28,3.31,1318153000.0,1417284000.0,1318153000.0,5799611756.0,14.0,4.52,-319497000.0,-6.249,1.0,1244658000.0,0.206,462126000.0,133164000.0,9259459000.0,8714412750.0,65912000.0,393685000.0,0.0,393685000.0,6299682000.0,1173823000.0,5125859000.0,2716803756.0,-108481000.0,-361921000.0,-26330000.0,586326000.0,-57504000.0,504062000.0,-1657172000.0,62224000.0,1041456000.0,3173000.0,169777000.0,169777000.0,169777000.0,1591000.0,0.0,0.028,832107000.0,412551000.0,391827000.0,0.338,2.061,16.002,16.054,5673851000.0,0.0,53.14,0.449,0.449,754644000.0,1090363000.0,6050534000.0,6050534000.0,0.0,0.023,0.12,0.047,0.068,17423000.0,771244000.0,1.0,51125400.0,51125400.0,,118.347,7155709000.0,0.0,108019000.0,1121493000.0,139.964,-85650000.0
39,R,MRT,2011-09-30,2011-09-30,2011-09-30,2021-09-09,-396897000.0,7445775000.0,7131155250.0,1098406000.0,6347369000.0,0.817,28.386,-1077547000.0,115786000.0,115786000.0,4045468000.0,158803000.0,0.945,4.13,3198594000.0,255359000.0,2943235000.0,3198594000.0,0.0,851407000.0,0.0,0.029,1.1,383267000.0,1234674000.0,0.212,1234674000.0,383267000.0,249520000.0,3.08,3.07,3.08,1451428000.0,1438824000.0,1451428000.0,5029587333.0,13.0,4.074,-75548000.0,-1.478,1.0,1777398000.0,0.305,465260000.0,133747000.0,8900424000.0,8306221250.0,64462000.0,426849000.0,0.0,426849000.0,5994347000.0,1162899000.0,4831448000.0,1917962333.0,-18910000.0,-567292000.0,-50682000.0,651866000.0,-56560000.0,546155000.0,-1572452000.0,61962000.0,1001999000.0,5388000.0,158803000.0,158803000.0,158803000.0,6363000.0,0.0,0.027,1387768000.0,389630000.0,408460000.0,0.357,1.321,12.078,12.179,5455260000.0,0.0,37.51,0.329,0.329,758693000.0,1062460000.0,5822866000.0,5822866000.0,0.0,0.022,0.11,0.046,0.066,16977000.0,1223748000.0,1.0,51132027.0,51132027.0,,113.879,6980515000.0,0.0,90717000.0,1190812000.0,136.519,-64493000.0
40,R,MRT,2011-06-30,2011-06-30,2011-06-30,2021-09-09,-346479000.0,7444289000.0,6872150250.0,1105461000.0,6338828000.0,0.81,28.422,-1069076000.0,130156000.0,130156000.0,4038162000.0,141114000.0,0.933,4.101,3241781000.0,293882000.0,2947899000.0,3241781000.0,0.0,836870000.0,0.0,0.019,1.08,356332000.0,1193202000.0,0.214,1193202000.0,356332000.0,223433000.0,2.72,2.71,2.72,1459279000.0,1428041750.0,1459279000.0,5572352213.0,16.0,4.67,-104647000.0,-2.038,1.0,1530932000.0,0.275,467474000.0,132899000.0,8903260000.0,7924144250.0,64884000.0,420878000.0,0.0,420878000.0,5985010000.0,1185180000.0,4799830000.0,2918876213.0,21742000.0,-558072000.0,-77338000.0,745143000.0,-55745000.0,613691000.0,-1564268000.0,60899000.0,964429000.0,7890000.0,141114000.0,141114000.0,141114000.0,6793000.0,0.0,0.025,1167807000.0,363125000.0,395490000.0,0.397,2.0,20.685,20.901,5450476000.0,0.0,56.85,0.524,0.524,752863000.0,1027281000.0,5569094000.0,5569094000.0,0.0,0.021,0.099,0.045,0.064,16866000.0,1023652000.0,1.0,51343469.0,51343469.0,,108.467,6976815000.0,0.0,82319000.0,1159365000.0,135.885,-79719000.0
41,R,MRT,2011-03-31,2011-03-31,2011-03-31,2021-09-09,-349300000.0,6982183000.0,6595591250.0,1045112000.0,5937071000.0,0.81,28.115,-926301000.0,155640000.0,155640000.0,4051587000.0,130922000.0,0.757,3.848,2809116000.0,467974000.0,2341142000.0,2809116000.0,0.0,828773000.0,0.0,0.021,1.06,331829000.0,1160602000.0,0.217,1160602000.0,331829000.0,200752000.0,2.51,2.5,2.51,1440276000.0,1406891750.0,1440276000.0,5126067989.0,15.0,4.417,42677000.0,0.833,1.0,1290286000.0,0.242,460752000.0,131077000.0,7794508000.0,7517737750.0,62914000.0,402843000.0,0.0,402843000.0,5541907000.0,1380399000.0,4161508000.0,2592118989.0,40513000.0,-293264000.0,-90003000.0,374070000.0,-55035000.0,226055000.0,-1158002000.0,61019000.0,968978000.0,3482000.0,130922000.0,130922000.0,130922000.0,6671000.0,0.0,0.025,951786000.0,338500000.0,466955000.0,0.422,1.8,19.799,20.159,5073476000.0,0.0,50.6,0.485,0.485,679336000.0,1022569000.0,5341873000.0,5341873000.0,0.0,0.02,0.093,0.044,0.062,16707000.0,828484000.0,1.0,51227648.0,51227648.0,,104.277,6521431000.0,0.0,69830000.0,1135461000.0,127.303,-335287000.0
42,R,MRT,2010-12-31,2010-12-31,2010-12-31,2021-09-09,-376599000.0,6652374000.0,6415715000.0,1023301000.0,5629073000.0,0.801,27.143,-835405000.0,213053000.0,213053000.0,4066378000.0,118170000.0,0.904,3.737,2747002000.0,420124000.0,2326878000.0,2747002000.0,0.0,833841000.0,0.0,0.02,1.04,309861000.0,1143702000.0,0.223,1143702000.0,309861000.0,179867000.0,2.25,2.25,2.25,1404313000.0,1398880500.0,1404313000.0,5118558528.0,17.0,4.475,183353000.0,3.544,1.0,1070057000.0,0.208,428111000.0,129994000.0,7626693000.0,7415621250.0,58701000.0,392901000.0,0.0,392901000.0,5248061000.0,1131519000.0,4116542000.0,2723469528.0,114528000.0,-211897000.0,-106272000.0,238158000.0,-54474000.0,75211000.0,-980787000.0,61767000.0,1018758000.0,1346000.0,118170000.0,118170000.0,118170000.0,6438000.0,0.0,0.023,753758000.0,316299000.0,294380000.0,0.462,1.939,23.047,23.396,4808061000.0,0.0,52.64,0.53,0.53,615003000.0,1019785000.0,5136435000.0,5136435000.0,0.0,0.018,0.084,0.042,0.06,16543000.0,655375000.0,1.0,51737643.0,51737643.0,,99.278,6224263000.0,0.0,61697000.0,1108856000.0,120.304,-108218000.0
43,R,MRT,2010-09-30,2010-09-30,2010-09-30,2021-09-09,-370321000.0,6409755000.0,6317579000.0,949832000.0,5459923000.0,0.803,26.867,-777570000.0,134696000.0,134696000.0,4008331000.0,89297000.0,0.806,3.551,2529785000.0,463466000.0,2066319000.0,2529785000.0,0.0,843519000.0,0.0,0.024,1.02,281257000.0,1124776000.0,0.222,1124776000.0,281257000.0,150977000.0,1.69,1.68,1.69,1408299000.0,1404551000.0,1408299000.0,4605546328.0,16.0,4.095,231792000.0,4.422,1.0,1061646000.0,0.209,254560000.0,130280000.0,7372116000.0,7397237500.0,53378000.0,393339000.0,0.0,393339000.0,5001456000.0,1178168000.0,3823288000.0,2241884328.0,23682000.0,-9964000.0,-195116000.0,-2807000.0,-54185000.0,-256009000.0,-730546000.0,60053000.0,1009362000.0,875000.0,89297000.0,89297000.0,89297000.0,17519000.0,0.0,0.018,762870000.0,298776000.0,305097000.0,0.604,1.592,25.106,25.308,4812024000.0,0.0,42.77,0.442,0.442,623951000.0,1017536000.0,5069977000.0,5069977000.0,0.0,0.014,0.064,0.038,0.055,16076000.0,625524000.0,1.0,52417216.0,52417216.0,,96.724,6155195000.0,0.0,61680000.0,1063951000.0,117.427,-228336000.0
44,R,MRT,2010-06-30,2010-06-30,2010-06-30,2021-09-09,-404851000.0,6338053000.0,6328533500.0,907546000.0,5430507000.0,0.791,25.942,-585399000.0,108414000.0,108414000.0,3951586000.0,74433000.0,0.775,3.611,2472076000.0,380909000.0,2091167000.0,2472076000.0,0.0,853848000.0,0.0,0.025,1.0,263670000.0,1117518000.0,0.223,1117518000.0,263670000.0,129557000.0,1.38,1.37,1.38,1374679000.0,1415388250.0,1374679000.0,4440470430.0,17.0,3.974,406908000.0,7.679,1.0,1055297000.0,0.211,253702000.0,134113000.0,7277634000.0,7484558000.0,51214000.0,387939000.0,0.0,387939000.0,4963374000.0,1170379000.0,3792995000.0,2131782430.0,3889000.0,-5783000.0,-162579000.0,-245773000.0,-54155000.0,-470522000.0,-515044000.0,59237000.0,992307000.0,-2852000.0,74433000.0,74433000.0,74433000.0,21148000.0,0.0,0.015,770479000.0,284818000.0,363500000.0,0.725,1.551,28.64,29.152,4788866000.0,0.0,40.23,0.426,0.426,622773000.0,1014994000.0,5006883000.0,5006883000.0,0.0,0.012,0.053,0.035,0.053,16353000.0,625524000.0,1.0,52989869.0,52989869.0,,94.488,6084351000.0,0.0,55124000.0,1012159000.0,114.821,-262833000.0
45,R,MRT,2010-03-31,2010-03-31,2010-03-31,2021-09-09,-377898000.0,6262678000.0,6376527000.0,887103000.0,5375575000.0,0.774,26.364,-381403000.0,115127000.0,115127000.0,3875897000.0,67480000.0,0.954,3.447,2423815000.0,206911000.0,2216904000.0,2423815000.0,0.0,870636000.0,0.0,0.025,0.98,258802000.0,1129438000.0,0.229,1129438000.0,258802000.0,119261000.0,1.22,1.22,1.22,1408231000.0,1425873000.0,1408231000.0,4469514811.0,17.0,3.957,590317000.0,11.052,1.0,1056899000.0,0.214,255708000.0,139541000.0,7386042000.0,7651744250.0,50700000.0,393719000.0,0.0,393719000.0,4854447000.0,929616000.0,3924831000.0,2070348811.0,23553000.0,-5828000.0,-133131000.0,-450135000.0,-53860000.0,-642349000.0,-308374000.0,59350000.0,971720000.0,2556000.0,67480000.0,67480000.0,67480000.0,24569000.0,0.0,0.014,773528000.0,283371000.0,338017000.0,0.803,1.47,30.681,31.77,4726148000.0,0.0,38.76,0.42,0.42,594764000.0,1020482000.0,4932796000.0,4932796000.0,0.0,0.011,0.047,0.034,0.052,15574000.0,625524000.0,1.0,53414572.0,53414572.0,,92.349,6006970000.0,0.0,51781000.0,1026925000.0,112.459,-42513000.0
46,R,MRT,2009-12-31,2009-12-31,2009-12-31,2021-09-09,-378919000.0,6259830000.0,6453462500.0,880373000.0,5379457000.0,0.757,25.459,-436317000.0,98525000.0,98525000.0,3819628000.0,61945000.0,1.035,3.387,2497691000.0,232617000.0,2265074000.0,2497691000.0,0.0,881216000.0,0.0,0.023,0.96,259939000.0,1141155000.0,0.233,1141155000.0,259939000.0,115597000.0,1.11,1.11,1.11,1426995000.0,1405859500.0,1426995000.0,4722935814.0,18.0,4.139,522902000.0,9.329,1.0,1067626000.0,0.218,255564000.0,144342000.0,7553158000.0,7887444750.0,50146000.0,401324000.0,0.0,401324000.0,4832835000.0,850274000.0,3982561000.0,2307600814.0,-21780000.0,-88873000.0,-108839000.0,-380618000.0,-53334000.0,-551443000.0,-431941000.0,65242000.0,959219000.0,2385000.0,61945000.0,61945000.0,61945000.0,28172000.0,0.0,0.013,779515000.0,288111000.0,262712000.0,0.865,1.617,37.252,37.09,4722569000.0,0.0,41.17,0.472,0.472,598661000.0,1036178000.0,4887254000.0,4887254000.0,0.0,0.01,0.044,0.033,0.053,16404000.0,625524000.0,1.0,56050542.0,56050542.0,,87.194,6004266000.0,0.0,53652000.0,1035874000.0,107.122,30099000.0
47,R,MRT,2009-09-30,2009-09-30,2009-09-30,2021-09-09,-469984000.0,6453573000.0,6560882000.0,923685000.0,5529888000.0,0.753,25.944,-650703000.0,111014000.0,111014000.0,4597756000.0,64343000.0,1.035,3.446,2526349000.0,256554000.0,2269795000.0,2526349000.0,0.0,875775000.0,0.0,0.024,0.94,284376000.0,1160151000.0,0.235,1160151000.0,284376000.0,133838000.0,1.16,1.17,1.16,1451648000.0,1385401000.0,1451648000.0,4793304289.0,17.0,4.132,470792000.0,8.414,1.0,344405000.0,0.07,255490000.0,150538000.0,7721398000.0,8020625000.0,48088000.0,405534000.0,0.0,405534000.0,5001925000.0,892020000.0,4109905000.0,2185531289.0,610000.0,-100524000.0,6394000.0,-401714000.0,-52551000.0,-466465000.0,-661129000.0,65402000.0,1121495000.0,6709000.0,64343000.0,64343000.0,64343000.0,50207000.0,0.0,0.013,9822000.0,334583000.0,233636000.0,0.81,1.506,33.967,33.672,4868864000.0,0.0,39.06,0.442,0.442,633587000.0,1119314000.0,4942161000.0,4942161000.0,0.0,0.01,0.046,0.035,0.058,15613000.0,0.0,1.0,55953182.0,55953182.0,,88.327,6198083000.0,0.0,69495000.0,953193000.0,110.773,31665000.0
48,R,MRT,2009-06-30,2009-06-30,2009-06-30,2021-09-09,-488101000.0,6530027000.0,6686568250.0,869228000.0,5660799000.0,0.787,25.347,-794700000.0,104525000.0,104525000.0,4854062000.0,110580000.0,0.93,3.61,2712298000.0,337247000.0,2375051000.0,2712298000.0,0.0,866073000.0,0.0,0.033,0.92,360661000.0,1226734000.0,0.233,1226734000.0,360661000.0,206647000.0,1.98,1.98,1.98,1416618000.0,1465694250.0,1416618000.0,4316258137.0,12.0,3.518,430792000.0,7.708,1.0,411081000.0,0.078,256266000.0,154014000.0,7946379000.0,8202220500.0,47839000.0,405190000.0,0.0,405190000.0,5113409000.0,935155000.0,4178254000.0,1560444137.0,-2904000.0,-125405000.0,-55046000.0,-278287000.0,-51433000.0,-387187000.0,-840733000.0,66116000.0,1225492000.0,-476000.0,110580000.0,110580000.0,110580000.0,48308000.0,0.0,0.021,2112000.0,408969000.0,222671000.0,0.465,1.102,14.111,14.101,4999343000.0,0.0,27.92,0.296,0.296,591203000.0,1109362000.0,5265143000.0,5265143000.0,0.0,0.017,0.075,0.044,0.068,15849000.0,0.0,1.0,55889833.0,55889833.0,,94.206,6273761000.0,0.0,96067000.0,935798000.0,112.252,-65927000.0
49,R,MRT,2009-03-31,2009-03-31,2009-03-31,2021-09-09,-561362000.0,6570420000.0,6821163250.0,833550000.0,5736870000.0,0.838,23.872,-976221000.0,91574000.0,91574000.0,5240449000.0,150638000.0,1.126,3.947,2847388000.0,107076000.0,2740312000.0,2847388000.0,0.0,851774000.0,0.0,0.032,0.92,433192000.0,1284966000.0,0.225,1284966000.0,433192000.0,278170000.0,2.67,2.66,2.67,1328177000.0,1574262500.0,1328177000.0,4317610140.0,10.0,3.36,232853000.0,4.185,1.0,472900000.0,0.083,256809000.0,155022000.0,8328844000.0,8385504250.0,47925000.0,380836000.0,0.0,380836000.0,5242243000.0,740581000.0,4501662000.0,1575116140.0,-23047000.0,-239617000.0,-141700000.0,76275000.0,-51682000.0,-117540000.0,-1110706000.0,64936000.0,1209074000.0,-3875000.0,150638000.0,150638000.0,150638000.0,44128000.0,0.0,0.026,-4420000.0,477320000.0,256632000.0,0.345,1.186,10.456,10.603,5099225000.0,0.0,28.31,0.276,0.276,567014000.0,1099349000.0,5713349000.0,5713349000.0,0.0,0.022,0.096,0.052,0.076,17620000.0,0.0,1.0,55638154.0,55638154.0,,102.688,6313611000.0,0.0,127532000.0,910668000.0,113.476,92969000.0
50,R,MRT,2008-12-31,2008-12-31,2008-12-31,2021-09-09,-544227000.0,6689508000.0,6903699750.0,957581000.0,5731927000.0,0.869,24.187,-968995000.0,120305000.0,120305000.0,5452281000.0,199881000.0,0.862,3.973,2862799000.0,384262000.0,2478537000.0,2862799000.0,0.0,836149000.0,0.0,0.024,0.92,504038000.0,1340187000.0,0.223,1340187000.0,504038000.0,351590000.0,3.52,3.5,3.52,1345161000.0,1710684500.0,1345161000.0,4967956320.0,10.0,3.707,286536000.0,5.152,1.0,546760000.0,0.091,234958000.0,152448000.0,8085879000.0,8364642500.0,48324000.0,384929000.0,0.0,384929000.0,5344347000.0,1111165000.0,4233182000.0,2156778320.0,3846000.0,-246993000.0,-201419000.0,99034000.0,-52238000.0,-150630000.0,-1102790000.0,61096000.0,1255531000.0,1735000.0,199881000.0,199881000.0,199881000.0,57698000.0,0.0,0.033,-14976000.0,561736000.0,295083000.0,0.261,1.603,10.79,11.017,5112040000.0,0.0,38.78,0.36,0.36,635376000.0,1105369000.0,5999041000.0,5999041000.0,0.0,0.029,0.117,0.06,0.084,17076000.0,0.0,1.0,55615738.0,55615738.0,,107.866,6454550000.0,0.0,151709000.0,917365000.0,116.056,-153584000.0
51,R,MRT,2008-09-30,2008-09-30,2008-09-30,2021-09-09,-113458000.0,6956318000.0,6944985000.0,1090022000.0,5866296000.0,0.899,31.403,-809704000.0,110404000.0,110404000.0,5708529000.0,261182000.0,1.02,2.924,2921582000.0,285854000.0,2635728000.0,2921582000.0,0.0,830042000.0,0.0,0.015,0.9,577711000.0,1407753000.0,0.225,1407753000.0,577711000.0,427929000.0,4.53,4.5,4.53,1772821000.0,1846291500.0,1772821000.0,6382942210.0,11.0,4.534,337954000.0,5.986,1.0,535466000.0,0.086,250848000.0,149782000.0,8447780000.0,8420462000.0,57658000.0,412456000.0,0.0,412456000.0,5183497000.0,1068868000.0,4114629000.0,3500176210.0,4173000.0,-307393000.0,-200796000.0,102873000.0,-51624000.0,-128527000.0,-1012685000.0,62178000.0,1147658000.0,-2273000.0,261182000.0,261182000.0,261182000.0,487000.0,0.0,0.042,-42732000.0,578198000.0,352083000.0,0.199,1.974,13.401,13.687,5202992000.0,0.0,62.0,0.561,0.561,770854000.0,1107522000.0,6243995000.0,6243995000.0,0.0,0.038,0.141,0.069,0.093,17337000.0,0.0,1.0,56454455.0,56454455.0,,110.602,6705470000.0,0.0,166747000.0,1070640000.0,118.777,21154000.0
52,R,MRT,2008-06-30,2008-06-30,2008-06-30,2021-09-09,-31217000.0,7068407000.0,6927312250.0,1145314000.0,5923093000.0,0.912,32.191,-706561000.0,107429000.0,107429000.0,5785973000.0,256507000.0,1.119,2.819,2990195000.0,269053000.0,2721142000.0,2990195000.0,0.0,827300000.0,0.0,0.013,0.88,570649000.0,1397949000.0,0.221,1397949000.0,570649000.0,419874000.0,4.4,4.37,4.4,1850891000.0,1849652500.0,1850891000.0,6642304716.0,12.0,4.751,413633000.0,7.194,1.0,528910000.0,0.084,248176000.0,150775000.0,8679514000.0,8339269500.0,62305000.0,441580000.0,0.0,441580000.0,5217516000.0,1023483000.0,4194033000.0,3960439716.0,-2540000.0,-282313000.0,-244433000.0,74413000.0,-51070000.0,-211202000.0,-919875000.0,62434000.0,1120194000.0,8343000.0,256507000.0,256507000.0,256507000.0,-2082000.0,0.0,0.041,-39657000.0,568567000.0,346977000.0,0.2,2.14,15.44,15.655,5233337000.0,0.0,68.88,0.627,0.627,815721000.0,1100436000.0,6314883000.0,6314883000.0,0.0,0.037,0.139,0.068,0.09,16782000.0,0.0,1.0,57497673.0,57497673.0,,109.828,6820231000.0,0.0,163367000.0,1054733000.0,118.618,121831000.0
53,R,MRT,2008-03-31,2008-03-31,2008-03-31,2021-09-09,-35318000.0,6900566000.0,6892707500.0,1127926000.0,5772640000.0,0.916,32.279,-585996000.0,114621000.0,114621000.0,5793207000.0,258684000.0,1.012,2.683,2796486000.0,302380000.0,2494106000.0,2796486000.0,0.0,820321000.0,0.0,0.014,0.86,565563000.0,1385884000.0,0.22,1385884000.0,565563000.0,411535000.0,4.38,4.35,4.38,1873865000.0,1836693000.0,1873865000.0,6195638638.0,11.0,4.471,564002000.0,9.715,1.0,519403000.0,0.082,222977000.0,154028000.0,8245397000.0,8304447500.0,59268000.0,431598000.0,0.0,431598000.0,5026701000.0,1114057000.0,3912644000.0,3535968638.0,21018000.0,-168056000.0,-235708000.0,-128752000.0,-50783000.0,-405329000.0,-734442000.0,64258000.0,1149998000.0,10791000.0,258684000.0,258684000.0,258684000.0,-2082000.0,0.0,0.041,-44078000.0,563481000.0,400027000.0,0.196,1.887,13.669,13.906,5118065000.0,0.0,60.91,0.56,0.56,764634000.0,1130092000.0,6312610000.0,6312610000.0,0.0,0.038,0.141,0.068,0.09,18030000.0,0.0,1.0,58052350.0,58052350.0,,108.74,6677589000.0,0.0,152851000.0,1014450000.0,115.027,13869000.0
54,R,MRT,2007-12-31,2007-12-31,2007-12-31,2021-09-09,-30877000.0,6854649000.0,6917276250.0,1222062000.0,5632587000.0,0.92,32.529,-780224000.0,116459000.0,116459000.0,5853560000.0,253861000.0,1.199,2.631,2776129000.0,222698000.0,2553431000.0,2776129000.0,0.0,810544000.0,0.0,0.018,0.84,560256000.0,1370800000.0,0.215,1370800000.0,560256000.0,404286000.0,4.25,4.22,4.25,1887589000.0,1811664750.0,1887589000.0,5437742886.0,10.0,3.967,322715000.0,5.561,1.0,509570000.0,0.08,185801000.0,155970000.0,8309157000.0,8324597000.0,58810000.0,426661000.0,0.0,426661000.0,4967060000.0,1019361000.0,3947699000.0,2727878886.0,-12180000.0,-75226000.0,-166678000.0,-91147000.0,-50152000.0,-299203000.0,-823219000.0,62346000.0,1102939000.0,7303000.0,253861000.0,253861000.0,253861000.0,-2082000.0,0.0,0.04,-48604000.0,558174000.0,383808000.0,0.198,1.445,10.746,11.061,5020125000.0,0.0,47.01,0.429,0.429,843662000.0,1160132000.0,6363130000.0,6363130000.0,0.0,0.037,0.14,0.067,0.088,18212000.0,0.0,1.0,58027630.0,58027630.0,,109.657,6668848000.0,0.0,150425000.0,984361000.0,114.925,202701000.0
55,R,MRT,2007-09-30,2007-09-30,2007-09-30,2021-09-09,-67468000.0,6885627000.0,6910844750.0,1272025000.0,5613602000.0,0.94,29.858,-1094346000.0,106231000.0,106231000.0,5990964000.0,247736000.0,0.98,2.855,2816095000.0,385889000.0,2430206000.0,2816095000.0,0.0,799934000.0,0.0,0.017,0.81,553587000.0,1353521000.0,0.208,1353521000.0,553587000.0,395469000.0,4.14,4.09,4.14,1786265000.0,1769962250.0,1786265000.0,5721464000.0,10.0,4.227,-15037000.0,-0.251,1.0,502908000.0,0.077,174357000.0,158118000.0,8123010000.0,8266301250.0,58077000.0,390834000.0,0.0,390834000.0,5099362000.0,1298124000.0,3801238000.0,2931474000.0,-21860000.0,0.0,-178123000.0,139416000.0,-48844000.0,-83133000.0,-1018770000.0,61979000.0,1079309000.0,734000.0,247736000.0,247736000.0,247736000.0,0.0,0.0,0.038,-50679000.0,553587000.0,438483000.0,0.196,1.641,11.833,11.836,5048411000.0,0.0,49.0,0.451,0.451,905651000.0,1100371000.0,6493872000.0,6493872000.0,0.0,0.036,0.14,0.067,0.085,19178000.0,0.0,1.0,59826000.0,59826000.0,,108.546,6711270000.0,0.0,147733000.0,968779000.0,112.18,-26099000.0
56,R,MRT,2007-06-30,2007-06-30,2007-06-30,2021-09-09,-98934000.0,6929988000.0,6871499250.0,1249949000.0,5680039000.0,0.941,29.421,-1305761000.0,109969000.0,109969000.0,5969425000.0,247480000.0,1.243,2.852,2899959000.0,151613000.0,2748346000.0,2899959000.0,0.0,780112000.0,0.0,0.014,0.78,552703000.0,1332815000.0,0.206,1332815000.0,552703000.0,398389000.0,4.09,4.04,4.09,1799053000.0,1734742250.0,1799053000.0,6074389684.0,11.0,4.558,-245303000.0,-4.012,1.0,497272000.0,0.077,173984000.0,154314000.0,8540226000.0,8141814500.0,56842000.0,389081000.0,0.0,389081000.0,5130935000.0,1005768000.0,4125167000.0,3289816684.0,27324000.0,0.0,-144316000.0,378632000.0,-47489000.0,191140000.0,-1222534000.0,64317000.0,1060458000.0,-1740000.0,247480000.0,247480000.0,247480000.0,0.0,0.0,0.038,-55431000.0,552703000.0,443529000.0,0.191,1.829,13.293,13.154,5116974000.0,0.0,53.8,0.509,0.509,917427000.0,1137357000.0,6466697000.0,6466697000.0,0.0,0.036,0.143,0.068,0.085,19291000.0,0.0,1.0,61149009.0,61149009.0,,105.753,6756004000.0,0.0,150909000.0,951701000.0,110.484,244181000.0
57,R,MRT,2007-03-31,2007-03-31,2007-03-31,2021-09-09,-140691000.0,6998841000.0,6744396750.0,1233009000.0,5765832000.0,0.95,29.212,-1534462000.0,93603000.0,93603000.0,5913326000.0,252636000.0,0.96,2.946,2878176000.0,313092000.0,2565084000.0,2878176000.0,0.0,761295000.0,0.0,0.015,0.75,547117000.0,1308412000.0,0.204,1308412000.0,547117000.0,398607000.0,4.16,4.1,4.16,1773752000.0,1697019500.0,1773752000.0,5684191844.0,10.0,4.344,-544921000.0,-8.974,1.0,491128000.0,0.077,173579000.0,148510000.0,8325995000.0,7858489750.0,57725000.0,390093000.0,0.0,390093000.0,5225089000.0,1283840000.0,3941249000.0,2995887844.0,17982000.0,0.0,-36858000.0,559541000.0,-45767000.0,484358000.0,-1452967000.0,65647000.0,989541000.0,-2950000.0,252636000.0,252636000.0,252636000.0,0.0,0.0,0.039,-55989000.0,547117000.0,549429000.0,0.18,1.689,11.859,11.861,5202160000.0,0.0,49.34,0.468,0.468,915931000.0,1147860000.0,6404454000.0,6404454000.0,0.0,0.037,0.149,0.07,0.085,18976000.0,0.0,1.0,60719251.0,60719251.0,,105.476,6825262000.0,0.0,145971000.0,911589000.0,112.407,-50831000.0
58,R,MRT,2006-12-31,2006-12-31,2006-12-31,2021-09-09,-146494000.0,6828923000.0,6526003250.0,1261816000.0,5567107000.0,0.966,28.336,-1362410000.0,128639000.0,128639000.0,5832043000.0,248959000.0,0.995,2.969,2816943000.0,332745000.0,2484198000.0,2816943000.0,0.0,743288000.0,0.0,0.014,0.72,533534000.0,1276822000.0,0.202,1276822000.0,533534000.0,392973000.0,4.09,4.04,4.09,1720779000.0,1634493250.0,1720779000.0,5604878693.0,11.0,4.39,-508823000.0,-8.379,1.0,474600000.0,0.075,173631000.0,140561000.0,8075974000.0,7515941250.0,59318000.0,385176000.0,0.0,385176000.0,5108144000.0,1267622000.0,3840522000.0,3100774693.0,-88000.0,-4113000.0,-97457000.0,620690000.0,-43957000.0,488202000.0,-1339550000.0,66274000.0,853587000.0,-2327000.0,248959000.0,248959000.0,248959000.0,0.0,0.0,0.039,-58934000.0,533534000.0,515121000.0,0.176,1.802,12.455,12.484,5008300000.0,0.0,51.06,0.492,0.492,883478000.0,1123789000.0,6306643000.0,6306643000.0,0.0,0.038,0.152,0.071,0.085,19048000.0,0.0,1.0,60728059.0,60728059.0,,103.851,6655292000.0,0.0,144014000.0,894547000.0,109.592,-5806000.0
59,R,MRT,2006-09-30,2006-09-30,2006-09-30,2021-09-09,-171409000.0,6728245000.0,6327088500.0,1377881000.0,5350364000.0,0.989,26.547,-1127106000.0,128091000.0,128091000.0,5789803000.0,241939000.0,0.961,3.089,2632195000.0,389317000.0,2242878000.0,2632195000.0,0.0,733746000.0,0.0,0.014,0.7,518490000.0,1252236000.0,0.2,1252236000.0,518490000.0,384308000.0,3.93,3.88,3.93,1645385000.0,1586162500.0,1645385000.0,5609653140.0,11.0,4.48,-207283000.0,-3.344,1.0,467556000.0,0.075,173357000.0,134182000.0,7625063000.0,7161488000.0,62169000.0,375600000.0,0.0,375600000.0,5082860000.0,1433929000.0,3648931000.0,3203189140.0,-12446000.0,-4113000.0,-191618000.0,402663000.0,-43195000.0,175648000.0,-1111914000.0,72006000.0,919823000.0,3997000.0,241939000.0,241939000.0,241939000.0,-1741000.0,0.0,0.039,-51633000.0,519189000.0,590615000.0,0.178,1.947,13.24,13.15,4801407000.0,0.0,51.68,0.512,0.512,919198000.0,1082411000.0,6257359000.0,6257359000.0,0.0,0.038,0.153,0.072,0.083,17790000.0,0.0,1.0,61981214.0,61981214.0,,100.956,6554888000.0,0.0,142369000.0,901773000.0,105.756,-56048000.0
60,R,MRT,2006-06-30,2006-06-30,2006-06-30,2021-09-09,-177971000.0,6421578000.0,6156036000.0,1230418000.0,5191160000.0,0.995,27.02,-1053322000.0,82645000.0,82645000.0,5670304000.0,240003000.0,0.991,2.896,2489109000.0,358196000.0,2130913000.0,2489109000.0,0.0,733804000.0,0.0,0.012,0.68,511523000.0,1245327000.0,0.203,1245327000.0,511523000.0,382395000.0,3.85,3.8,3.85,1648162000.0,1579037250.0,1648162000.0,5787313402.0,11.0,4.647,-140757000.0,-2.308,1.0,457129000.0,0.075,179820000.0,129128000.0,7406927000.0,6920959500.0,63631000.0,399784000.0,0.0,399784000.0,4773416000.0,1241295000.0,3532121000.0,3564135402.0,-4665000.0,-4506000.0,-126482000.0,254550000.0,-42466000.0,92471000.0,-1009606000.0,70779000.0,912565000.0,-95000.0,240003000.0,240003000.0,240003000.0,-1741000.0,0.0,0.039,-55093000.0,512222000.0,486362000.0,0.177,2.162,14.85,15.177,4611556000.0,0.0,58.43,0.582,0.582,867601000.0,1085927000.0,6127433000.0,6127433000.0,0.0,0.039,0.152,0.074,0.083,15022000.0,0.0,1.0,60998381.0,60998381.0,,100.452,6241758000.0,0.0,142392000.0,876819000.0,102.327,-10877000.0
61,R,MRT,2006-03-31,2006-03-31,2006-03-31,2021-09-09,-201793000.0,6125267000.0,6011621250.0,1156452000.0,4968815000.0,0.985,25.048,-922652000.0,75621000.0,75621000.0,5481441000.0,233022000.0,0.952,3.02,2298799000.0,263028000.0,2035771000.0,2298799000.0,0.0,737201000.0,0.0,0.015,0.66,493315000.0,1230516000.0,0.208,1230516000.0,493315000.0,368370000.0,3.69,3.65,3.69,1523647000.0,1556248250.0,1523647000.0,4780586965.0,10.0,3.885,-3748000.0,-0.062,1.0,440082000.0,0.074,178287000.0,124945000.0,6955801000.0,6745234000.0,61247000.0,394334000.0,0.0,394334000.0,4601620000.0,1214357000.0,3387263000.0,2723947965.0,-8606000.0,-4718000.0,-164832000.0,133210000.0,-41616000.0,-70562000.0,-854699000.0,70171000.0,918904000.0,-2249000.0,233022000.0,233022000.0,233022000.0,-1741000.0,0.0,0.039,-53932000.0,494014000.0,488929000.0,0.179,1.788,11.69,12.136,4396194000.0,0.0,44.78,0.46,0.46,800382000.0,1026763000.0,5921523000.0,5921523000.0,0.0,0.039,0.15,0.073,0.083,10337000.0,0.0,1.0,60829566.0,60829566.0,,97.346,5946980000.0,0.0,135348000.0,854724000.0,97.765,-57905000.0
62,R,MRT,2005-12-31,2005-12-31,2005-12-31,2021-09-09,-202919000.0,6033264000.0,5929579750.0,1163755000.0,4869509000.0,0.968,23.802,-1065664000.0,128727000.0,128727000.0,5315951000.0,226929000.0,0.928,2.95,2185366000.0,269438000.0,1915928000.0,2185366000.0,0.0,740415000.0,0.0,0.016,0.64,476863000.0,1217278000.0,0.212,1217278000.0,476863000.0,356389000.0,3.56,3.52,3.56,1527456000.0,1556876500.0,1527456000.0,4710186286.0,10.0,3.869,-286602000.0,-4.466,1.0,424896000.0,0.074,178247000.0,120474000.0,6658161000.0,6613860250.0,59579000.0,410050000.0,0.0,410050000.0,4505808000.0,1253495000.0,3252313000.0,2632411286.0,27756000.0,-15110000.0,-124028000.0,406462000.0,-40929000.0,241505000.0,-988855000.0,70408000.0,779062000.0,-3956000.0,226929000.0,226929000.0,226929000.0,-1741000.0,0.0,0.04,-52666000.0,477562000.0,414336000.0,0.18,1.723,11.6,11.522,4281212000.0,0.0,41.02,0.459,0.459,820825000.0,1038364000.0,5740847000.0,5740847000.0,0.0,0.038,0.146,0.072,0.083,8794000.0,0.0,1.0,64173849.0,64173849.0,,89.458,5855017000.0,0.0,129460000.0,849117000.0,91.237,-89740000.0
63,R,MRT,2005-09-30,2005-09-30,2005-09-30,2021-09-09,-165818000.0,6044035000.0,5842054750.0,1342182000.0,4701853000.0,0.952,25.179,-1102964000.0,140537000.0,140537000.0,5150749000.0,230769000.0,1.05,2.738,2218312000.0,329687000.0,1888625000.0,2218312000.0,0.0,733514000.0,0.0,0.018,0.63,462886000.0,1196400000.0,0.215,1196400000.0,462886000.0,349075000.0,3.6,3.55,3.6,1616884000.0,1552559500.0,1616884000.0,4333585958.0,9.0,3.622,-421802000.0,-6.569,1.0,408495000.0,0.073,180529000.0,113811000.0,6662949000.0,6381352250.0,60502000.0,402524000.0,0.0,402524000.0,4427151000.0,1278332000.0,3148819000.0,2197418958.0,62143000.0,-15199000.0,-31997000.0,488729000.0,-40459000.0,416273000.0,-1039499000.0,66845000.0,681162000.0,4207000.0,230769000.0,230769000.0,230769000.0,0.0,0.0,0.042,-54391000.0,462886000.0,461153000.0,0.175,1.359,9.522,9.506,4118800000.0,0.0,34.22,0.395,0.395,808516000.0,1071049000.0,5559244000.0,5559244000.0,0.0,0.04,0.149,0.073,0.083,14411000.0,0.0,1.0,64214464.0,64214464.0,,86.573,5863506000.0,0.0,118306000.0,855657000.0,91.311,63850000.0
64,R,MRT,2005-06-30,2005-06-30,2005-06-30,2021-09-09,-174804000.0,5843919000.0,5694431750.0,1200313000.0,4643606000.0,0.944,24.202,-934992000.0,87310000.0,87310000.0,4985974000.0,221710000.0,1.096,2.753,2223477000.0,326928000.0,1896549000.0,2223477000.0,0.0,723527000.0,0.0,0.017,0.62,438237000.0,1161764000.0,0.216,1161764000.0,438237000.0,330975000.0,3.46,3.4,3.46,1557006000.0,1508626250.0,1557006000.0,4435650872.0,10.0,3.818,-298551000.0,-4.641,1.0,388561000.0,0.072,180705000.0,107262000.0,6704025000.0,6160075000.0,60879000.0,408520000.0,0.0,408520000.0,4286913000.0,1095356000.0,3191557000.0,2354615872.0,5587000.0,-15003000.0,-42434000.0,315972000.0,-39869000.0,233669000.0,-872199000.0,66286000.0,636441000.0,7676000.0,221710000.0,221710000.0,221710000.0,0.0,0.0,0.041,-49676000.0,438237000.0,409992000.0,0.179,1.512,10.62,10.578,4054381000.0,0.0,36.6,0.438,0.438,723418000.0,1023529000.0,5374535000.0,5374535000.0,0.0,0.039,0.147,0.071,0.082,27227000.0,0.0,1.0,64333767.0,64333767.0,,83.541,5663214000.0,0.0,109265000.0,833178000.0,88.029,104957000.0
65,R,MRT,2005-03-31,2005-03-31,2005-03-31,2021-09-09,-158315000.0,5797101000.0,5591843000.0,1162920000.0,4634181000.0,0.94,23.812,-938563000.0,84227000.0,84227000.0,4773691000.0,222057000.0,0.919,2.798,2165262000.0,422271000.0,1742991000.0,2165262000.0,0.0,712433000.0,0.0,0.015,0.61,444913000.0,1157346000.0,0.22,1157346000.0,444913000.0,342278000.0,3.46,3.39,3.46,1526160000.0,1468006000.0,1526160000.0,4354875687.0,10.0,3.763,-290383000.0,-4.531,1.0,479943000.0,0.091,181948000.0,102635000.0,6430306000.0,5975667500.0,62692000.0,415292000.0,0.0,415292000.0,4270941000.0,1265882000.0,3005059000.0,2672630687.0,-32208000.0,-16125000.0,-75324000.0,305571000.0,-39223000.0,191024000.0,-879866000.0,65494000.0,648180000.0,8454000.0,222057000.0,222057000.0,222057000.0,0.0,0.0,0.042,35030000.0,444913000.0,418179000.0,0.176,1.751,12.036,12.052,4036941000.0,0.0,41.7,0.509,0.509,697894000.0,978428000.0,5253634000.0,5253634000.0,0.0,0.04,0.151,0.074,0.085,25911000.0,0.0,1.0,64091863.0,64091863.0,,81.97,5615153000.0,0.0,120221000.0,839938000.0,87.611,-102962000.0
66,R,MRT,2004-12-31,2004-12-31,2004-12-31,2021-09-09,-149421000.0,5683164000.0,5514691500.0,1097207000.0,4585957000.0,0.934,23.489,-642112000.0,100971000.0,100971000.0,4777847000.0,215609000.0,0.754,2.763,1783216000.0,389550000.0,1393666000.0,1783216000.0,0.0,706028000.0,0.0,0.013,0.6,431236000.0,1137264000.0,0.221,1137264000.0,431236000.0,331122000.0,3.35,3.28,3.35,1510188000.0,1432764500.0,1510188000.0,4712885855.0,11.0,4.144,224737000.0,3.495,1.0,372431000.0,0.072,182424000.0,100114000.0,5728129000.0,5857503750.0,59284000.0,416531000.0,0.0,416531000.0,4172976000.0,1454856000.0,2718120000.0,3071308855.0,-39656000.0,-148791000.0,-61283000.0,-95746000.0,-38731000.0,-195760000.0,-720113000.0,63795000.0,866849000.0,9368000.0,215609000.0,215609000.0,215609000.0,0.0,0.0,0.042,-58805000.0,431236000.0,358402000.0,0.179,2.034,14.245,14.26,3987002000.0,0.0,47.77,0.596,0.596,732835000.0,963482000.0,5150278000.0,5150278000.0,0.0,0.039,0.15,0.074,0.084,22973000.0,0.0,1.0,64293675.0,64293675.0,,80.106,5500740000.0,0.0,115513000.0,915900000.0,85.556,-357649000.0
67,R,MRT,2004-09-30,2004-09-30,2004-09-30,2021-09-09,-170127000.0,5453543000.0,5415816500.0,1135212000.0,4318331000.0,0.924,22.381,-492101000.0,78394000.0,78394000.0,4766940000.0,192398000.0,1.001,2.784,1719971000.0,318277000.0,1401694000.0,1719971000.0,0.0,699407000.0,0.0,0.013,0.6,408277000.0,1107684000.0,0.221,1107684000.0,408277000.0,307124000.0,3.0,2.94,3.0,1441151000.0,1391313750.0,1441151000.0,4827908380.0,12.0,4.359,346358000.0,5.379,1.0,237062000.0,0.047,183113000.0,101153000.0,5777840000.0,5846538000.0,56416000.0,414189000.0,0.0,414189000.0,4012392000.0,1134167000.0,2878225000.0,3028954380.0,-18991000.0,-245220000.0,-37029000.0,-115464000.0,-38719000.0,-191212000.0,-674976000.0,61737000.0,838459000.0,8738000.0,192398000.0,192398000.0,192398000.0,0.0,0.0,0.038,-171215000.0,408277000.0,381603000.0,0.2,2.102,15.743,15.68,3721029000.0,0.0,47.04,0.605,0.605,713667000.0,930368000.0,5004002000.0,5004002000.0,0.0,0.036,0.138,0.07,0.082,19157000.0,0.0,1.0,64391037.0,64391037.0,,77.713,5270430000.0,0.0,114726000.0,973523000.0,81.85,1045000.0
68,R,MRT,2004-06-30,2004-06-30,2004-06-30,2021-09-09,-181789000.0,5433564000.0,5354024250.0,1068127000.0,4365437000.0,0.914,21.318,-526341000.0,81723000.0,81723000.0,4578786000.0,175669000.0,0.986,2.896,1880677000.0,354284000.0,1526393000.0,1880677000.0,0.0,690593000.0,0.0,0.015,0.6,382432000.0,1073025000.0,0.219,1073025000.0,382432000.0,280237000.0,2.74,2.69,2.74,1394525000.0,1339260250.0,1394525000.0,4350526059.0,11.0,4.054,281340000.0,4.301,1.0,312905000.0,0.064,183350000.0,102195000.0,5966395000.0,5813676750.0,54500000.0,421518000.0,0.0,421518000.0,4039039000.0,1082773000.0,2956266000.0,2621161059.0,-35523000.0,-245023000.0,-6952000.0,-95747000.0,-38582000.0,-141281000.0,-710661000.0,60737000.0,807681000.0,8738000.0,175669000.0,175669000.0,175669000.0,0.0,0.0,0.036,-72481000.0,385386000.0,337990000.0,0.219,1.88,14.921,14.624,3760569000.0,0.0,40.07,0.536,0.536,646074000.0,914236000.0,4891691000.0,4891691000.0,0.0,0.033,0.131,0.066,0.078,4852000.0,0.0,1.0,65414551.0,65414551.0,,74.78,5250214000.0,0.0,104568000.0,932267000.0,80.261,-14646000.0
69,R,MRT,2004-03-31,2004-03-31,2004-03-31,2021-09-09,-173798000.0,5488495000.0,5209851750.0,1122730000.0,4365765000.0,0.925,21.35,-482866000.0,116435000.0,116435000.0,4530312000.0,146706000.0,1.043,2.962,1845800000.0,265289000.0,1580511000.0,1845800000.0,0.0,659222000.0,0.0,0.015,0.6,331447000.0,990669000.0,0.206,990669000.0,331447000.0,232868000.0,2.3,2.27,2.3,1385194000.0,1287719250.0,1385194000.0,4188131442.0,13.0,4.228,371865000.0,5.731,1.0,289864000.0,0.06,183376000.0,98579000.0,5957651000.0,5597828000.0,55314000.0,430725000.0,0.0,430725000.0,4103301000.0,1076833000.0,3026468000.0,2512858442.0,4882000.0,-243689000.0,44805000.0,-202412000.0,-38393000.0,-196000000.0,-662587000.0,60367000.0,854731000.0,8738000.0,146706000.0,146706000.0,146706000.0,0.0,0.0,0.03,-44537000.0,334401000.0,426894000.0,0.261,1.814,17.129,16.839,3751664000.0,0.0,38.73,0.521,0.521,660967000.0,895569000.0,4820176000.0,4820176000.0,0.0,0.028,0.114,0.059,0.069,4852000.0,0.0,1.0,64881447.0,64881447.0,,74.292,5305119000.0,0.0,86162000.0,904346000.0,81.766,45897000.0
70,R,MRT,2003-12-31,2003-12-31,2003-12-31,2021-09-09,-176656000.0,5287664000.0,5029965250.0,1116161000.0,4171503000.0,0.955,20.962,-511738000.0,140627000.0,140627000.0,4521818000.0,131436000.0,1.014,2.933,1815900000.0,366411000.0,1449489000.0,1815900000.0,0.0,624580000.0,0.0,0.018,0.6,304521000.0,929101000.0,0.193,929101000.0,304521000.0,208352000.0,2.09,2.06,2.09,1344385000.0,1223371500.0,1344385000.0,3868825797.0,13.0,4.164,291875000.0,4.551,1.0,280476000.0,0.058,177594000.0,96169000.0,5684266000.0,5365819000.0,54806000.0,440971000.0,0.0,440971000.0,3943279000.0,1101077000.0,2842202000.0,2190217797.0,36390000.0,-96518000.0,43006000.0,-237818000.0,-37984000.0,-232796000.0,-543165000.0,61368000.0,803613000.0,8738000.0,131436000.0,131436000.0,131436000.0,0.0,0.0,0.027,-28168000.0,308644000.0,299725000.0,0.287,1.629,16.664,16.34,3552938000.0,0.0,34.15,0.456,0.456,640769000.0,897841000.0,4802294000.0,4802294000.0,0.0,0.026,0.107,0.057,0.063,4852000.0,0.0,1.0,64135221.0,64135221.0,,74.878,5110070000.0,0.0,76916000.0,827765000.0,79.677,15084000.0
71,R,MRT,2003-09-30,2003-09-30,2003-09-30,2021-09-09,-242801000.0,5206374000.0,4899794750.0,1077398000.0,4128976000.0,0.978,19.434,-505871000.0,97385000.0,97385000.0,4105323000.0,124421000.0,1.02,3.223,1775993000.0,330447000.0,1445546000.0,1775993000.0,0.0,594032000.0,0.0,0.02,0.6,288553000.0,882585000.0,0.184,882585000.0,288553000.0,196802000.0,1.98,1.96,1.98,1232937000.0,1164329000.0,1232937000.0,3238893995.0,11.0,3.67,254150000.0,4.006,1.0,684722000.0,0.143,182515000.0,91751000.0,5646395000.0,5239458750.0,52697000.0,447170000.0,0.0,447170000.0,3973437000.0,1056072000.0,2917365000.0,1860082995.0,1129000.0,0.0,31425000.0,-320407000.0,-37707000.0,-326689000.0,-432203000.0,64802000.0,760021000.0,0.0,124421000.0,124421000.0,124421000.0,0.0,0.0,0.026,392046000.0,292676000.0,297323000.0,0.303,1.509,14.95,14.808,3499291000.0,0.0,29.32,0.388,0.388,658768000.0,870416000.0,4790045000.0,4790045000.0,0.0,0.025,0.107,0.055,0.06,0.0,0.0,1.0,63440757.0,63440757.0,,75.504,5023859000.0,0.0,72381000.0,969230000.0,79.19,21326000.0
72,R,MRT,2003-06-30,2003-06-30,2003-06-30,2021-09-09,-242586000.0,4856874000.0,4828569000.0,1044114000.0,3812760000.0,0.996,18.938,-527988000.0,117246000.0,117246000.0,4129514000.0,120652000.0,1.099,3.087,1496057000.0,243436000.0,1252621000.0,1496057000.0,0.0,564835000.0,0.0,0.023,0.6,277325000.0,842160000.0,0.175,842160000.0,277325000.0,189084000.0,1.94,1.92,1.94,1188361000.0,1181745500.0,1188361000.0,3003359160.0,11.0,3.566,148881000.0,2.373,1.0,679291000.0,0.141,182694000.0,88241000.0,5103000000.0,5138810000.0,53329000.0,495693000.0,0.0,495693000.0,3668513000.0,949991000.0,2718522000.0,1607647160.0,25971000.0,0.0,18983000.0,-181866000.0,-37498000.0,-200381000.0,-450517000.0,65745000.0,676869000.0,0.0,120652000.0,120652000.0,120652000.0,0.0,0.0,0.025,400797000.0,278494000.0,307792000.0,0.309,1.353,13.325,13.206,3134373000.0,0.0,25.62,0.334,0.334,644536000.0,842399000.0,4808805000.0,4808805000.0,0.0,0.025,0.102,0.054,0.058,0.0,0.0,1.0,62749694.0,62749694.0,,76.635,4674180000.0,0.0,68432000.0,960507000.0,74.489,94123000.0
73,R,MRT,2003-03-31,2003-03-31,2003-03-31,2021-09-09,-264934000.0,4768949000.0,4832408250.0,1055157000.0,3713792000.0,0.998,18.041,-438132000.0,111553000.0,111553000.0,4143144000.0,115482000.0,1.107,3.229,1507265000.0,245658000.0,1261607000.0,1507265000.0,0.0,559882000.0,0.0,0.029,0.6,270637000.0,830519000.0,0.172,830519000.0,270637000.0,181098000.0,1.87,1.84,1.87,1127803000.0,1204373000.0,1127803000.0,2729367564.0,10.0,3.286,96328000.0,1.541,1.0,677579000.0,0.141,181570000.0,89539000.0,5029615000.0,5179927750.0,57708000.0,519417000.0,0.0,519417000.0,3641146000.0,953476000.0,2687670000.0,1282136564.0,29675000.0,0.0,17029000.0,-120031000.0,-37373000.0,-140375000.0,-364410000.0,66790000.0,534460000.0,0.0,115482000.0,115482000.0,115482000.0,0.0,0.0,0.024,405773000.0,271806000.0,292554000.0,0.321,1.137,11.102,10.968,3012805000.0,0.0,20.51,0.266,0.266,641437000.0,817146000.0,4820723000.0,4820723000.0,0.0,0.024,0.096,0.052,0.056,0.0,0.0,1.0,62512753.0,62512753.0,,77.116,4587379000.0,0.0,65616000.0,945960000.0,73.383,101681000.0
74,R,MRT,2002-12-31,2002-12-31,2002-12-31,2021-09-09,-270626000.0,4766982000.0,4830402750.0,1024171000.0,3742811000.0,0.989,17.765,-429532000.0,104237000.0,104237000.0,4114110000.0,93666000.0,1.188,3.301,1551468000.0,162369000.0,1389099000.0,1551468000.0,0.0,552491000.0,0.0,0.027,0.6,248702000.0,801193000.0,0.168,801193000.0,248702000.0,156984000.0,1.52,1.5,1.52,1108215000.0,1235497250.0,1108215000.0,2858189021.0,11.0,3.567,185171000.0,2.968,1.0,662155000.0,0.139,173312000.0,91718000.0,5178825000.0,5180466500.0,59104000.0,541008000.0,0.0,541008000.0,3658767000.0,862076000.0,2796691000.0,1399830021.0,-13629000.0,0.0,35172000.0,-267543000.0,-37137000.0,-269508000.0,-358824000.0,66489000.0,614703000.0,0.0,93666000.0,93666000.0,93666000.0,0.0,0.0,0.02,394554000.0,267601000.0,277001000.0,0.395,1.263,14.945,14.763,3028491000.0,0.0,22.44,0.293,0.293,640309000.0,806761000.0,4776265000.0,4776265000.0,0.0,0.019,0.076,0.048,0.052,0.0,0.0,1.0,62381017.0,62381017.0,,76.566,4593670000.0,0.0,63318000.0,820007000.0,73.639,162095000.0
75,R,MRT,2002-09-30,2002-09-30,2002-09-30,2021-09-09,-52035000.0,4921471000.0,4870447500.0,1074435000.0,3847036000.0,0.977,20.939,-415740000.0,96256000.0,96256000.0,4121262000.0,61461000.0,1.113,2.778,1554615000.0,218627000.0,1335988000.0,1554615000.0,0.0,552589000.0,0.0,0.024,0.6,213389000.0,765978000.0,0.161,765978000.0,213389000.0,117065000.0,1.0,0.99,1.0,1302603000.0,1266110750.0,1302603000.0,3013246441.0,14.0,3.934,183128000.0,2.944,1.0,638075000.0,0.134,170743000.0,96324000.0,5243800000.0,5212831500.0,63431000.0,679231000.0,0.0,679231000.0,3618868000.0,965287000.0,2653581000.0,1550916441.0,-35490000.0,0.0,37190000.0,-284985000.0,-36882000.0,-284677000.0,-349681000.0,66957000.0,598868000.0,0.0,61461000.0,61461000.0,61461000.0,0.0,0.0,0.013,405787000.0,232288000.0,291453000.0,0.6,1.191,25.234,24.93,2997062000.0,0.0,24.93,0.326,0.326,663728000.0,783702000.0,4759337000.0,4759337000.0,0.0,0.013,0.049,0.041,0.045,0.0,0.0,1.0,62210848.0,62210848.0,,76.503,4750728000.0,0.0,55604000.0,1040646000.0,76.365,109148000.0
76,R,MRT,2002-06-30,2002-06-30,2002-06-30,2021-09-09,-47087000.0,4872231000.0,4916934500.0,1017632000.0,3854599000.0,0.974,20.654,-355854000.0,91275000.0,91275000.0,4144335000.0,22171000.0,1.136,2.81,1553605000.0,183236000.0,1370369000.0,1553605000.0,0.0,547560000.0,0.0,0.022,0.6,160436000.0,707996000.0,0.148,707996000.0,160436000.0,57359000.0,0.36,0.36,0.36,1278871000.0,1250561250.0,1278871000.0,3096200844.0,19.0,4.373,361678000.0,5.841,1.0,645445000.0,0.135,171569000.0,103077000.0,5267471000.0,5264909250.0,64604000.0,674466000.0,0.0,674466000.0,3593360000.0,895521000.0,2697839000.0,1677396844.0,4440000.0,0.0,36418000.0,-419594000.0,-36636000.0,-419812000.0,-293280000.0,66399000.0,717532000.0,0.0,22171000.0,22171000.0,22171000.0,0.0,0.0,0.005,466110000.0,179335000.0,291620000.0,1.667,1.312,75.657,75.25,3008564000.0,0.0,27.09,0.35,0.35,627212000.0,759244000.0,4789780000.0,4789780000.0,0.0,0.005,0.018,0.03,0.033,0.0,0.0,1.0,61919411.0,61919411.0,,77.355,4700662000.0,0.0,35188000.0,1035618000.0,75.916,122111000.0
77,R,MRT,2002-03-31,2002-03-31,2002-03-31,2021-09-09,-61273000.0,4760927000.0,5009542500.0,881135000.0,3879792000.0,0.973,20.579,-363644000.0,81878000.0,81878000.0,4217275000.0,12513000.0,0.919,2.802,1500682000.0,258656000.0,1242026000.0,1500682000.0,0.0,540887000.0,0.0,0.02,0.6,140029000.0,680916000.0,0.14,680916000.0,140029000.0,31602000.0,0.21,0.22,0.21,1252300000.0,1243910250.0,1252300000.0,3388422916.0,24.0,4.976,195200000.0,3.208,1.0,657256000.0,0.135,189551000.0,108427000.0,5031770000.0,5372458750.0,66881000.0,698418000.0,0.0,698418000.0,3508627000.0,958410000.0,2550217000.0,1797604916.0,-5544000.0,0.0,29175000.0,-257001000.0,-36389000.0,-264215000.0,-300173000.0,66045000.0,558844000.0,0.0,12513000.0,12513000.0,12513000.0,0.0,0.0,0.003,498328000.0,158928000.0,269710000.0,2.857,1.435,143.659,140.667,2991823000.0,0.0,29.54,0.369,0.369,490441000.0,757936000.0,4874531000.0,4874531000.0,0.0,0.002,0.01,0.026,0.029,0.0,0.0,1.0,60853247.0,60853247.0,,80.103,4571376000.0,0.0,19089000.0,1019122000.0,75.121,-77275000.0
78,R,MRT,2001-12-31,2001-12-31,2001-12-31,2021-09-09,-51815000.0,4927161000.0,5088018750.0,983915000.0,3943246000.0,0.984,20.286,-70724000.0,117866000.0,117866000.0,4317193000.0,18678000.0,0.966,3.004,1708684000.0,317087000.0,1391597000.0,1708684000.0,0.0,545485000.0,0.0,0.027,0.6,149255000.0,694740000.0,0.139,694740000.0,149255000.0,30706000.0,0.31,0.31,0.31,1230669000.0,1239787750.0,1230669000.0,2993845806.0,20.0,4.309,237978000.0,3.923,1.0,688930000.0,0.138,191291000.0,118549000.0,5308285000.0,5483532500.0,65366000.0,705958000.0,0.0,705958000.0,3696492000.0,1018403000.0,2678089000.0,1343780806.0,-4104000.0,14113000.0,9845000.0,-293296000.0,-36248000.0,-319699000.0,6893000.0,66204000.0,308702000.0,0.0,18678000.0,18678000.0,18678000.0,0.0,0.0,0.004,539675000.0,149255000.0,255924000.0,1.935,1.092,71.945,71.452,3045997000.0,0.0,22.15,0.268,0.268,557731000.0,750232000.0,5006123000.0,5006123000.0,0.0,0.004,0.015,0.027,0.03,0.0,0.0,1.0,60667305.0,60667305.0,,82.518,4735870000.0,0.0,12028000.0,1003145000.0,78.063,-34488000.0
79,R,MRT,2001-09-30,2001-09-30,2001-09-30,2021-09-09,-47895000.0,5107419000.0,5224959250.0,1066415000.0,4041004000.0,0.991,20.507,-189805000.0,131746000.0,131746000.0,4358099000.0,45891000.0,0.97,3.118,1781811000.0,293179000.0,1488632000.0,1781811000.0,0.0,551443000.0,0.0,0.03,0.6,193281000.0,744724000.0,0.144,744724000.0,193281000.0,63878000.0,0.76,0.77,0.76,1240405000.0,1245297500.0,1240405000.0,3058200198.0,16.0,4.106,357155000.0,5.905,1.0,817462000.0,0.158,206504000.0,129403000.0,5452111000.0,5616339000.0,70757000.0,714008000.0,0.0,714008000.0,3867014000.0,1098869000.0,2768145000.0,1209159198.0,20068000.0,-10309000.0,9181000.0,-328745000.0,-36138000.0,-355702000.0,-171190000.0,62825000.0,546960000.0,0.0,45891000.0,45891000.0,45891000.0,0.0,0.0,0.009,624181000.0,193281000.0,286067000.0,0.789,0.975,26.349,26.303,3120492000.0,0.0,19.99,0.234,0.234,584661000.0,759122000.0,5175561000.0,5175561000.0,0.0,0.009,0.037,0.034,0.037,0.0,0.0,1.0,60488204.0,60488204.0,,85.563,4900915000.0,0.0,17987000.0,1002380000.0,81.023,-32454000.0
80,R,MRT,2001-06-30,2001-06-30,2001-06-30,2021-09-09,-47450000.0,5242663000.0,5352985000.0,1093789000.0,4148874000.0,0.985,20.754,-115448000.0,86835000.0,86835000.0,4443296000.0,63541000.0,0.931,3.187,1935876000.0,422041000.0,1513835000.0,1935876000.0,0.0,559187000.0,0.0,0.031,0.6,227004000.0,786191000.0,0.149,786191000.0,227004000.0,90065000.0,1.05,1.06,1.05,1252267000.0,1242704500.0,1252267000.0,2858585375.0,13.0,3.636,244555000.0,4.053,1.0,828276000.0,0.157,219238000.0,136939000.0,5697669000.0,5772866750.0,72624000.0,725552000.0,0.0,725552000.0,3990396000.0,1174797000.0,2815599000.0,1182608375.0,20679000.0,-10309000.0,7739000.0,-237216000.0,-36005000.0,-265482000.0,-73842000.0,64628000.0,360003000.0,0.0,63541000.0,63541000.0,63541000.0,0.0,0.0,0.012,601272000.0,227004000.0,297267000.0,0.571,0.944,18.612,18.667,3204084000.0,0.0,19.6,0.224,0.224,644807000.0,773710000.0,5271572000.0,5271572000.0,0.0,0.012,0.051,0.039,0.043,0.0,0.0,1.0,60337162.0,60337162.0,,87.369,5023425000.0,0.0,26524000.0,1000088000.0,83.256,-81008000.0
81,R,MRT,2001-03-31,2001-03-31,2001-03-31,2021-09-09,-49954000.0,5074832000.0,5449848750.0,913141000.0,4161691000.0,0.974,20.58,-284667000.0,87422000.0,87422000.0,4469342000.0,73327000.0,0.868,3.106,1763399000.0,284597000.0,1478802000.0,1763399000.0,0.0,565685000.0,0.0,0.033,0.6,262770000.0,828455000.0,0.156,828455000.0,262770000.0,116392000.0,1.22,1.23,1.22,1235810000.0,1237044750.0,1235810000.0,2975300163.0,11.0,3.591,270464000.0,4.504,1.0,840351000.0,0.158,223337000.0,146378000.0,5476065000.0,5890756750.0,75495000.0,718680000.0,0.0,718680000.0,3839022000.0,1051407000.0,2787615000.0,1080290163.0,-225965000.0,-10463000.0,7426000.0,-532663000.0,-35872000.0,-561109000.0,-219987000.0,67039000.0,555131000.0,0.0,73327000.0,73327000.0,73327000.0,0.0,0.0,0.014,577581000.0,262770000.0,325660000.0,0.492,0.874,14.733,14.746,3219674000.0,0.0,17.99,0.203,0.203,445939000.0,762913000.0,5309693000.0,5309693000.0,0.0,0.013,0.059,0.045,0.049,0.0,0.0,1.0,60049481.0,60049481.0,,88.422,4851495000.0,0.0,43065000.0,1008160000.0,80.792,-138266000.0
82,R,MRT,2000-12-31,2000-12-31,2000-12-31,2021-09-09,-35708000.0,5474923000.0,5654180000.0,928276000.0,4546647000.0,0.944,20.947,-685923000.0,121970000.0,121970000.0,4504504000.0,89032000.0,0.713,3.37,2016980000.0,412738000.0,1604242000.0,2016980000.0,0.0,580356000.0,0.0,0.036,0.6,295330000.0,875686000.0,0.164,875686000.0,295330000.0,141321000.0,1.49,1.49,1.49,1252708000.0,1231885500.0,1252708000.0,3116218851.0,11.0,3.559,329610000.0,5.511,1.0,832288000.0,0.156,228118000.0,154009000.0,5839511000.0,6096395750.0,77810000.0,693097000.0,0.0,693097000.0,4222215000.0,1302304000.0,2919911000.0,993958851.0,8977000.0,-28127000.0,7255000.0,-335080000.0,-35774000.0,-363599000.0,-642957000.0,67462000.0,1015533000.0,0.0,89032000.0,89032000.0,89032000.0,0.0,0.0,0.017,536958000.0,295330000.0,379155000.0,0.403,0.793,11.164,11.154,3625432000.0,0.0,16.62,0.186,0.186,399623000.0,767802000.0,5336792000.0,5336792000.0,0.0,0.016,0.072,0.048,0.055,0.0,0.0,1.0,59804985.0,59804985.0,,89.237,5246805000.0,0.0,52289000.0,1017304000.0,87.732,-374028000.0
83,R,MRT,2000-09-30,2000-09-30,2000-09-30,2021-09-09,-39490000.0,5619522000.0,5728061750.0,1130740000.0,4488782000.0,0.926,20.635,-289397000.0,111678000.0,111678000.0,4530390000.0,67529000.0,0.78,3.569,2233938000.0,553675000.0,1680263000.0,2233938000.0,0.0,628606000.0,0.0,0.033,0.6,256055000.0,884661000.0,0.167,884661000.0,256055000.0,95756000.0,1.26,1.27,1.26,1230033000.0,1219934750.0,1230033000.0,3339560925.0,13.0,3.775,267935000.0,4.495,1.0,771009000.0,0.145,213249000.0,160299000.0,6078222000.0,6228793250.0,74588000.0,709342000.0,0.0,709342000.0,4389489000.0,1450311000.0,2939178000.0,1099206925.0,-203358000.0,-3705000.0,-187135000.0,-338974000.0,-36109000.0,-562218000.0,-198472000.0,130249000.0,557332000.0,0.0,67529000.0,67529000.0,67529000.0,347181000.0,0.0,0.013,454502000.0,316507000.0,341652000.0,0.476,0.894,16.278,14.635,3566191000.0,0.0,18.44,0.207,0.207,550982000.0,749369000.0,5301399000.0,5301399000.0,0.0,0.012,0.055,0.041,0.048,0.0,0.0,1.0,59609920.0,59609920.0,,88.935,5406273000.0,0.0,28227000.0,932790000.0,90.694,-319571000.0
84,R,MRT,2000-06-30,2000-06-30,2000-06-30,2021-09-09,-33728000.0,5630118000.0,5886855500.0,979255000.0,4650863000.0,0.887,20.675,-401696000.0,66156000.0,66156000.0,4430980000.0,416852000.0,0.662,3.579,2306510000.0,639219000.0,1667291000.0,2306510000.0,0.0,632240000.0,0.0,0.032,0.6,632991000.0,1265231000.0,0.242,1265231000.0,632991000.0,459238000.0,6.28,6.28,6.28,1229628000.0,1262983250.0,1229628000.0,3261058151.0,5.0,2.577,68128000.0,1.145,1.0,793168000.0,0.152,221421000.0,173753000.0,6169229000.0,6307526250.0,71794000.0,696047000.0,0.0,696047000.0,4400490000.0,1479822000.0,2920668000.0,1126449151.0,561000.0,923596000.0,-225024000.0,-784569000.0,-37478000.0,-1047071000.0,604976000.0,113328000.0,469824000.0,0.0,416852000.0,416852000.0,416852000.0,20823000.0,0.0,0.08,420770000.0,372398000.0,381112000.0,0.096,0.916,2.702,3.016,3733395000.0,0.0,18.94,0.216,0.216,418839000.0,746173000.0,5224148000.0,5224148000.0,0.0,0.071,0.33,0.1,0.121,0.0,0.0,1.0,59474612.0,59474612.0,,87.838,5408697000.0,0.0,42386000.0,929665000.0,90.941,-500567000.0
85,R,MRT,2000-03-31,2000-03-31,2000-03-31,2021-09-09,-25059000.0,5892157000.0,6025188500.0,1266245000.0,4625912000.0,0.848,20.458,-544841000.0,313387000.0,313387000.0,4313982000.0,417362000.0,0.843,3.849,2447996000.0,579795000.0,1868201000.0,2447996000.0,0.0,634105000.0,0.0,0.026,0.6,638474000.0,1272579000.0,0.249,1272579000.0,638474000.0,454992000.0,6.21,6.21,6.21,1215173000.0,1225947750.0,1215173000.0,3628162055.0,6.0,2.851,-3806000.0,-0.064,1.0,792808000.0,0.155,226813000.0,183482000.0,6298621000.0,6544769000.0,71881000.0,691178000.0,0.0,691178000.0,4676984000.0,1501332000.0,3175652000.0,1347766055.0,258143000.0,923750000.0,-257727000.0,-404076000.0,-39124000.0,-700927000.0,424633000.0,94571000.0,541035000.0,0.0,417362000.0,417362000.0,417362000.0,11252000.0,0.0,0.082,416563000.0,376245000.0,415743000.0,0.097,1.109,3.229,3.654,3707921000.0,0.0,22.69,0.264,0.264,455201000.0,725459000.0,5106790000.0,5106790000.0,0.0,0.069,0.34,0.098,0.125,0.0,0.0,1.0,59399121.0,59399121.0,,85.974,5665344000.0,0.0,37630000.0,1023419000.0,95.378,-235087000.0
86,R,MRT,1999-12-31,1999-12-31,1999-12-31,2021-09-09,-22722000.0,5770450000.0,6039860750.0,1209391000.0,4561059000.0,0.82,18.761,-738637000.0,112993000.0,112993000.0,4139929000.0,419678000.0,0.834,3.789,2393389000.0,574253000.0,1819136000.0,2393389000.0,0.0,622726000.0,0.0,0.025,0.6,639600000.0,1262326000.0,0.255,1262326000.0,639600000.0,452424000.0,6.12,6.11,6.12,1204905000.0,1195411500.0,1204905000.0,3752774110.0,6.0,2.973,-468818000.0,-7.3,1.0,812275000.0,0.164,232233000.0,187176000.0,6369101000.0,6646999750.0,69845000.0,652270000.0,0.0,652270000.0,4565545000.0,1449512000.0,3116033000.0,1569605110.0,-25360000.0,927301000.0,-266945000.0,-220025000.0,-40878000.0,-527848000.0,228067000.0,78408000.0,269819000.0,0.0,419678000.0,419678000.0,419678000.0,0.0,0.0,0.085,431462000.0,380813000.0,334103000.0,0.098,1.303,3.74,3.993,3676556000.0,0.0,24.44,0.317,0.317,725815000.0,714544000.0,4952204000.0,4952204000.0,0.0,0.069,0.351,0.096,0.129,0.0,0.0,1.0,64222795.0,64222795.0,,77.11,5538217000.0,0.0,32746000.0,1011095000.0,86.234,-240121000.0
87,R,MRT,1999-09-30,1999-09-30,1999-09-30,2021-09-09,-21185000.0,6254697000.0,6024398500.0,1353806000.0,4900891000.0,0.803,20.093,-923565000.0,315036000.0,315036000.0,4391252000.0,453240000.0,0.749,3.461,2498205000.0,623383000.0,1874822000.0,2498205000.0,0.0,630980000.0,0.0,0.029,0.6,700639000.0,1331619000.0,0.275,1331619000.0,700639000.0,509333000.0,6.51,6.5,6.51,1402227000.0,1168088750.0,1402227000.0,4324062739.0,6.0,3.247,-266061000.0,-3.812,1.0,446293000.0,0.092,237988000.0,191306000.0,6393154000.0,6674230250.0,64866000.0,623824000.0,0.0,623824000.0,4852470000.0,1806724000.0,3045746000.0,1422269739.0,260471000.0,927301000.0,-100488000.0,-308520000.0,-42258000.0,-451266000.0,37333000.0,62681000.0,657504000.0,0.0,453240000.0,453240000.0,453240000.0,-357718000.0,0.0,0.094,41052000.0,405241000.0,465190000.0,0.092,1.014,3.138,3.131,4039079000.0,0.0,20.38,0.294,0.294,671457000.0,833764000.0,4837545000.0,4837545000.0,0.0,0.075,0.388,0.105,0.145,0.0,0.0,1.0,69787524.0,69787524.0,,69.318,6016709000.0,0.0,56093000.0,1079493000.0,86.215,-452918000.0
88,R,MRT,1999-06-30,1999-06-30,1999-06-30,2021-09-09,-26519000.0,6183450000.0,5940397500.0,1013908000.0,5169542000.0,0.8,15.274,-1067140000.0,65595000.0,65595000.0,4171336000.0,128821000.0,0.612,4.718,2967388000.0,697783000.0,2269605000.0,2967388000.0,0.0,612519000.0,0.0,0.023,0.6,376852000.0,989371000.0,0.208,989371000.0,376852000.0,186932000.0,1.8,1.8,1.8,1081486000.0,1091329750.0,1081486000.0,4486713031.0,12.0,4.535,-225140000.0,-3.18,1.0,580975000.0,0.122,309216000.0,189920000.0,7118200000.0,6862731500.0,73899000.0,595233000.0,0.0,595233000.0,5101964000.0,1657827000.0,3444137000.0,1823289031.0,-8136000.0,-41309000.0,-92107000.0,322426000.0,-42884000.0,187435000.0,-1090789000.0,62681000.0,842000000.0,0.0,128821000.0,128821000.0,128821000.0,-27991000.0,0.0,0.027,175107000.0,405868000.0,530115000.0,0.333,1.686,14.154,14.306,4265093000.0,0.0,25.75,0.384,0.384,544746000.0,506259000.0,4752311000.0,4752311000.0,0.0,0.022,0.118,0.055,0.079,0.0,0.0,1.0,70807341.0,70807341.0,,67.116,5874234000.0,0.0,58111000.0,841577000.0,82.961,-643919000.0
89,R,MRT,1999-03-31,1999-03-31,1999-03-31,2021-09-09,-25501000.0,5950846000.0,5812914250.0,1064662000.0,4886184000.0,0.829,15.333,-906333000.0,55244000.0,55244000.0,4075358000.0,143938000.0,0.667,4.444,2718668000.0,607529000.0,2111139000.0,2718668000.0,0.0,620377000.0,0.0,0.022,0.6,410030000.0,1030407000.0,0.214,1030407000.0,410030000.0,219434000.0,1.98,1.98,1.98,1093028000.0,1096189500.0,1093028000.0,4413652422.0,11.0,4.283,-9325000.0,-0.131,1.0,743698000.0,0.154,311332000.0,190596000.0,6707544000.0,6811776250.0,69959000.0,566475000.0,0.0,566475000.0,4857818000.0,1595394000.0,3262424000.0,1968974422.0,-1178000.0,-47859000.0,-99320000.0,138730000.0,-43375000.0,-3965000.0,-926869000.0,62681000.0,897008000.0,0.0,143938000.0,143938000.0,143938000.0,-18420000.0,0.0,0.03,303016000.0,440682000.0,529552000.0,0.303,1.801,13.679,13.949,4008377000.0,0.0,27.62,0.409,0.409,605756000.0,509047000.0,4819056000.0,4819056000.0,0.0,0.025,0.131,0.06,0.085,0.0,0.0,1.0,71287995.0,71287995.0,,67.6,5639514000.0,0.0,75496000.0,820379000.0,79.109,-530732000.0
90,R,MRT,1998-12-31,1998-12-31,1998-12-31,2021-09-09,-19034000.0,5708601000.0,5716190000.0,1042847000.0,4665754000.0,0.806,15.286,-698949000.0,138353000.0,138353000.0,3912223000.0,159071000.0,0.765,4.21,2583031000.0,483334000.0,2099697000.0,2583031000.0,0.0,626293000.0,0.0,0.023,0.6,423609000.0,1049902000.0,0.228,1049902000.0,423609000.0,235823000.0,2.18,2.16,2.18,1095614000.0,1099222250.0,1095614000.0,4594747604.0,11.0,4.376,191261000.0,2.668,1.0,694753000.0,0.151,312592000.0,187786000.0,6478023000.0,6831681000.0,67605000.0,543242000.0,0.0,543242000.0,4612987000.0,1362664000.0,3250323000.0,1863556604.0,59983000.0,-52792000.0,-77147000.0,-3561000.0,-43841000.0,-124549000.0,-727126000.0,62681000.0,890210000.0,0.0,159071000.0,159071000.0,159071000.0,-31259000.0,0.0,0.035,268025000.0,426728000.0,399495000.0,0.275,1.701,11.715,11.927,3809920000.0,0.0,26.0,0.405,0.405,559141000.0,504105000.0,4606976000.0,4606976000.0,0.0,0.028,0.145,0.062,0.092,0.0,0.0,1.0,71675254.0,71675254.0,,64.276,5396009000.0,0.0,76752000.0,807623000.0,75.284,-319817000.0
91,R,MRT,1998-09-30,1998-09-30,1998-09-30,2021-09-09,-16411000.0,5918693000.0,5666304750.0,1162100000.0,4756593000.0,0.785,14.956,-878503000.0,54565000.0,54565000.0,3856671000.0,168770000.0,0.973,4.404,2785756000.0,319543000.0,2466213000.0,2785756000.0,0.0,544009000.0,0.0,0.024,0.6,436572000.0,980581000.0,0.221,980581000.0,436572000.0,253823000.0,2.27,2.26,2.27,1095191000.0,1090495750.0,1095191000.0,4369415110.0,10.0,4.456,-176260000.0,-2.407,1.0,589546000.0,0.133,308058000.0,182749000.0,7147159000.0,6870955000.0,67224000.0,460021000.0,0.0,460021000.0,4823502000.0,1194667000.0,3628835000.0,1821841110.0,-45334000.0,-49198000.0,-220929000.0,440054000.0,-44216000.0,174909000.0,-891243000.0,0.0,702243000.0,0.0,168770000.0,168770000.0,168770000.0,-25781000.0,0.0,0.038,178463000.0,411083000.0,375470000.0,0.264,1.663,10.795,10.96,3988514000.0,0.0,24.88,0.41,0.41,661274000.0,830167000.0,4446217000.0,4446217000.0,0.0,0.03,0.155,0.064,0.098,0.0,0.0,1.0,73225125.0,73225125.0,,60.72,5610635000.0,0.0,85053000.0,814540000.0,76.622,-32567000.0
92,R,MRT,1998-06-30,1998-06-30,1998-06-30,2021-09-09,-12326000.0,5673517000.0,5529940250.0,1089267000.0,4584250000.0,0.809,14.814,-801010000.0,73731000.0,73731000.0,3915246000.0,174525000.0,1.07,4.153,2621305000.0,171697000.0,2449608000.0,2621305000.0,0.0,563764000.0,0.0,0.019,0.6,439026000.0,1002790000.0,0.224,1002790000.0,439026000.0,258428000.0,2.31,2.29,2.31,1100925000.0,1113331750.0,1100925000.0,4863864959.0,11.0,4.85,-48951000.0,-0.659,1.0,558978000.0,0.125,288453000.0,180598000.0,6914379000.0,6632156750.0,67591000.0,442841000.0,0.0,442841000.0,4572592000.0,1018259000.0,3554333000.0,2345466959.0,-44067000.0,103417000.0,-175019000.0,134366000.0,-44969000.0,-85622000.0,-663927000.0,0.0,752059000.0,0.0,174525000.0,174525000.0,174525000.0,-36675000.0,0.0,0.039,156335000.0,402643000.0,424151000.0,0.26,2.13,13.439,13.662,3852956000.0,0.0,31.56,0.524,0.524,587164000.0,804062000.0,4474224000.0,4474224000.0,0.0,0.032,0.157,0.066,0.098,0.0,0.0,1.0,74317711.0,74317711.0,,60.204,5385064000.0,0.0,83903000.0,747503000.0,72.46,71008000.0
93,R,MRT,1998-03-31,1998-03-31,1998-03-31,2021-09-09,-9940000.0,5563949000.0,5522356500.0,1100273000.0,4463676000.0,0.802,14.988,-692722000.0,56422000.0,56422000.0,3899958000.0,179293000.0,1.076,4.035,2574820000.0,209720000.0,2365100000.0,2574820000.0,0.0,561121000.0,0.0,0.016,0.6,443501000.0,1004622000.0,0.227,1004622000.0,443501000.0,262660000.0,2.35,2.32,2.35,1105159000.0,1122252750.0,1105159000.0,5292510226.0,12.0,5.268,-56161000.0,-0.762,1.0,526688000.0,0.119,272671000.0,180841000.0,6787163000.0,6528588250.0,63088000.0,442667000.0,0.0,442667000.0,4458790000.0,1022513000.0,3436277000.0,2801965226.0,-40063000.0,109967000.0,-138372000.0,98387000.0,-45414000.0,-85399000.0,-552998000.0,0.0,636561000.0,0.0,179293000.0,179293000.0,179293000.0,-43382000.0,0.0,0.041,126277000.0,400411000.0,346615000.0,0.255,2.535,15.628,16.17,3748338000.0,0.0,38.0,0.633,0.633,612100000.0,769857000.0,4426646000.0,4426646000.0,0.0,0.032,0.16,0.068,0.1,0.0,0.0,1.0,73735927.0,73735927.0,,60.034,5291278000.0,0.0,83367000.0,718634000.0,71.76,77760000.0
94,R,MRT,1997-12-31,1997-12-31,1997-12-31,2021-09-09,-11122000.0,5509060000.0,5532851250.0,1091985000.0,4417075000.0,0.789,13.864,-650137000.0,78370000.0,78370000.0,3739626000.0,175685000.0,1.002,4.194,2568915000.0,301361000.0,2267554000.0,2568915000.0,0.0,559173000.0,0.0,0.018,0.6,437098000.0,996271000.0,0.228,996271000.0,437098000.0,257347000.0,2.28,2.25,2.28,1060708000.0,1120366750.0,1060708000.0,4730238234.0,11.0,4.748,-80732000.0,-1.055,1.0,628522000.0,0.144,274977000.0,179751000.0,6635119000.0,6439876000.0,66006000.0,414932000.0,0.0,414932000.0,4448352000.0,1089509000.0,3358843000.0,2505676234.0,-113014000.0,68554000.0,-179362000.0,120905000.0,-45859000.0,-104316000.0,-542944000.0,0.0,569405000.0,0.0,175685000.0,175685000.0,175685000.0,-44597000.0,0.0,0.04,235729000.0,392793000.0,305337000.0,0.263,2.362,14.262,14.364,3727166000.0,0.0,32.75,0.574,0.574,625955000.0,466257000.0,4368148000.0,4368148000.0,0.0,0.032,0.157,0.068,0.1,0.0,0.0,1.0,76509198.0,76509198.0,,57.093,5234083000.0,0.0,81662000.0,726025000.0,68.411,2476000.0
95,R,MRT,1997-09-30,1997-09-30,1997-09-30,2021-09-09,-10586000.0,5373235000.0,5566933500.0,1027165000.0,4346070000.0,0.868,14.973,-619872000.0,99899000.0,99899000.0,4589679000.0,17136000.0,0.892,3.529,2324461000.0,348507000.0,1975954000.0,2324461000.0,0.0,595272000.0,0.0,0.017,0.6,244010000.0,839282000.0,0.174,839282000.0,244010000.0,54153000.0,0.28,0.26,0.28,1186535000.0,1131691250.0,1186535000.0,5174980617.0,21.0,6.166,-174580000.0,-2.203,1.0,243702000.0,0.05,254151000.0,189857000.0,6191966000.0,6394638250.0,64399000.0,387317000.0,0.0,387317000.0,4186700000.0,1151680000.0,3035020000.0,2794154617.0,-20153000.0,639127000.0,-120842000.0,-371819000.0,-46915000.0,-539576000.0,55983000.0,0.0,445292000.0,0.0,17136000.0,17136000.0,17136000.0,-4279000.0,0.0,0.004,-6060000.0,249762000.0,334614000.0,2.143,2.355,163.058,128.357,3704602000.0,0.0,35.94,0.578,0.589,597121000.0,705613000.0,4833381000.0,4833381000.0,0.0,0.003,0.015,0.038,0.05,0.0,0.0,1.0,77744981.0,79246000.0,,60.992,5119084000.0,7370000.0,37017000.0,668245000.0,64.597,-124515000.0
96,R,MRT,1997-06-30,1997-06-30,1997-06-30,2021-09-09,-9395000.0,5643182000.0,,1103905000.0,4539277000.0,,14.54,-607295000.0,117798000.0,117798000.0,4688948000.0,621000.0,0.901,3.965,2498624000.0,368010000.0,2130614000.0,2498624000.0,0.0,605218000.0,0.0,0.018,0.6,234535000.0,839753000.0,0.171,839753000.0,234535000.0,38552000.0,0.05,0.04,0.05,1136609000.0,,1136609000.0,4868555376.0,21.0,5.798,-175234000.0,-2.242,1.0,212240000.0,0.043,298735000.0,195983000.0,6500105000.0,,62356000.0,373857000.0,0.0,373857000.0,4506573000.0,1225168000.0,3281405000.0,2520806376.0,-8304000.0,527821000.0,-121815000.0,-234266000.0,-47419000.0,-403500000.0,-60070000.0,0.0,432061000.0,0.0,621000.0,621000.0,621000.0,6368000.0,0.0,0.0,-38694000.0,250934000.0,319558000.0,12.0,2.218,4059.27,660.0,3866685000.0,0.0,33.0,0.514,0.526,593033000.0,674506000.0,4901188000.0,4901188000.0,0.0,,,,0.048,0.0,0.0,1.0,76388072.0,78172000.0,,62.697,5344447000.0,36994000.0,37931000.0,697413000.0,68.368,-121263000.0
97,R,MRT,1997-03-31,1997-03-31,1997-03-31,2021-09-09,-8783000.0,5605928000.0,,1095302000.0,4510626000.0,,13.938,-590802000.0,96485000.0,96485000.0,4918112000.0,-17831000.0,0.896,4.107,2444234000.0,276331000.0,2167903000.0,2444234000.0,0.0,642596000.0,0.0,0.021,0.6,213106000.0,855702000.0,0.168,855702000.0,213106000.0,12666000.0,-0.21,-0.21,-0.21,1097615000.0,,1097615000.0,4524503536.0,21.0,5.287,-106550000.0,-1.353,1.0,175125000.0,0.034,299040000.0,200440000.0,6432314000.0,,63848000.0,335888000.0,0.0,335888000.0,4508313000.0,1222323000.0,3285990000.0,2278919536.0,-18739000.0,527821000.0,-95081000.0,-342863000.0,-47962000.0,-485906000.0,-31940000.0,0.0,484252000.0,0.0,-17831000.0,-17831000.0,-17831000.0,13075000.0,0.0,-0.004,-61087000.0,236212000.0,346248000.0,-2.857,2.076,-127.807,-139.286,3875698000.0,0.0,29.25,0.447,0.452,598455000.0,635978000.0,5093237000.0,5093237000.0,0.0,,,,0.042,0.0,0.0,1.0,77911779.0,78748000.0,,64.678,5306888000.0,35474000.0,30497000.0,658976000.0,67.391,-127021000.0
98,R,MRT,1996-12-31,1996-12-31,1996-12-31,2021-09-09,-4173000.0,5645389000.0,5769602000.0,1147766000.0,4497623000.0,0.856,14.196,-734007000.0,191384000.0,191384000.0,4679542000.0,-41318000.0,0.994,4.104,2436968000.0,199958000.0,2237010000.0,2436968000.0,0.0,676273000.0,0.0,0.021,0.6,178711000.0,854984000.0,0.173,854984000.0,178711000.0,-27925000.0,-0.51,-0.51,-0.51,1106006000.0,1173015500.0,1106006000.0,,,,-201324000.0,-2.584,1.0,256581000.0,0.052,281850000.0,206636000.0,6454168000.0,6727683500.0,61345000.0,314574000.0,0.0,314574000.0,4539383000.0,1154955000.0,3384428000.0,2190879225.0,98527000.0,574167000.0,-59160000.0,-210253000.0,-48315000.0,-317728000.0,-128215000.0,0.0,532683000.0,0.0,-41318000.0,-41318000.0,-41318000.0,11864000.0,0.0,-0.008,55975000.0,200606000.0,321468000.0,-1.176,1.981,-53.025,-55.137,3901199000.0,0.0,28.12,0.444,0.444,561927000.0,613887000.0,4936123000.0,4936123000.0,0.0,-0.007,-0.035,0.027,0.036,0.0,0.0,1.0,77911779.0,77911779.0,,63.355,5363539000.0,82571000.0,13393000.0,686143000.0,68.841,-7189000.0
99,R,MRT,1996-09-30,1996-09-30,1996-09-30,2021-09-09,,,,,,,,,,,,,,,,,,,,,,0.02,0.6,,,,,,,,,,,,,,,,,,1.0,,,,,,,,,,,,,,,,,,,,,,,,,,,,,,,,,,,,,,,,29.62,,,,,,,,,,,,,,1.0,,81946000.0,,,,,,,,
100,R,MRT,1996-06-30,1996-06-30,1996-06-30,2021-09-09,,,,,,,,,,,,,,,,,,,,,,0.021,0.6,,,,,,,,,,,,,,,,,,1.0,,,,,,,,,,,,,,,,,,,,,,,,,,,,,,,,,,,,,,,,28.12,,,,,,,,,,,,,,1.0,,81196000.0,,,,,,,,
101,R,MRT,1996-03-31,1996-03-31,1996-03-31,2021-09-09,,,,,,,,,,,,,,,,,,,,,,0.022,0.6,,,,,,,,,,,,,,,,,,1.0,,,,,,,,,,,,,,,,,,,,,,,,,,,,,,,,,,,,,,,,27.25,,,,,,,,,,,,,,1.0,,80033000.0,,,,,,,,
102,R,MRT,1995-12-31,1995-12-31,1995-12-31,2021-09-09,-13692000.0,5893815000.0,,884061000.0,5009754000.0,,,-1431059000.0,92857000.0,92857000.0,4158444000.0,147666000.0,0.789,3.753,2623101000.0,212077000.0,2411024000.0,2623101000.0,0.0,627534000.0,0.0,0.024,0.6,431187000.0,1058721000.0,0.232,1058721000.0,431187000.0,237628000.0,1.87,1.86,1.87,1240025000.0,,1240025000.0,,,,-672437000.0,,1.0,414531000.0,0.091,302685000.0,193559000.0,7001199000.0,,59699000.0,269819000.0,0.0,269819000.0,4653790000.0,1120175000.0,3533615000.0,,16979000.0,0.0,11251000.0,701882000.0,-47372000.0,665761000.0,-1389752000.0,0.0,758622000.0,0.0,147666000.0,147666000.0,147666000.0,-27402000.0,0.0,0.032,2987000.0,411544000.0,380264000.0,0.321,,,13.235,4437250000.0,0.0,24.75,,,374689000.0,703520000.0,4572975000.0,4572975000.0,0.0,,,,0.094,0.0,0.0,1.0,,,,,5591130000.0,39527000.0,89962000.0,648373000.0,,-236114000.0
103,R,MRT,1994-12-31,1994-12-31,1994-12-31,2021-09-09,,,,,,,,-1103871000.0,,,4277722000.0,153529000.0,,,,,,,,591669000.0,,0.027,0.6,405254000.0,996923000.0,0.213,996923000.0,405254000.0,260519000.0,1.95,,1.95,,,,,,,-272908000.0,,1.0,407881000.0,0.087,,144735000.0,,,,,,,,,,,19187000.0,-144574000.0,27601000.0,414538000.0,-46926000.0,395213000.0,-1206989000.0,0.0,830963000.0,0.0,153529000.0,153529000.0,153529000.0,0.0,0.0,0.033,2627000.0,405254000.0,,0.308,,,11.282,,0.0,22.0,,,,,4685603000.0,4685603000.0,0.0,,,,0.086,0.0,0.0,1.0,,,,,,,106990000.0,,,
