None,ticker,dimension,calendardate,datekey,reportperiod,lastupdated,accoci,assets,assetsavg,assetsc,assetsnc,assetturnover,bvps,capex,cashneq,cashnequsd,cor,consolinc,currentratio,de,debt,debtc,debtnc,debtusd,deferredrev,depamor,deposits,divyield,dps,ebit,ebitda,ebitdamargin,ebitdausd,ebitusd,ebt,eps,epsdil,epsusd,equity,equityavg,equityusd,ev,evebit,evebitda,fcf,fcfps,fxusd,gp,grossmargin,intangibles,intexp,invcap,invcapavg,inventory,investments,investmentsc,investmentsnc,liabilities,liabilitiesc,liabilitiesnc,marketcap,ncf,ncfbus,ncfcommon,ncfdebt,ncfdiv,ncff,ncfi,ncfinv,ncfo,ncfx,netinc,netinccmn,netinccmnusd,netincdis,netincnci,netmargin,opex,opinc,payables,payoutratio,pb,pe,pe1,ppnenet,prefdivis,price,ps,ps1,receivables,retearn,revenue,revenueusd,rnd,roa,roe,roic,ros,sbcomp,sgna,sharefactor,sharesbas,shareswa,shareswadil,sps,tangibles,taxassets,taxexp,taxliabilities,tbvps,workingcapital
0,FCX,MRY,2020-12-31,2020-12-31,2020-12-31,2021-08-05,-583000000.0,42144000000.0,40923000000.0,9303000000.0,32841000000.0,0.347,7.002,-1346000000.0,3657000000.0,3657000000.0,11655000000.0,865000000.0,2.723,2.307,9711000000.0,34000000.0,9677000000.0,9711000000.0,0.0,1528000000.0,0.0,0.002,0.05,2141000000.0,3669000000.0,0.258,3669000000.0,2141000000.0,1543000000.0,0.41,0.41,0.41,10174000000.0,9304750000.0,10174000000.0,45430636314.0,21.0,12.382,1671000000.0,1.15,1.0,2543000000.0,0.179,0.0,598000000.0,44781000000.0,45433000000.0,5356000000.0,0.0,0.0,0.0,23476000000.0,3417000000.0,20059000000.0,37803636314.0,1625000000.0,0.0,0.0,-193000000.0,-73000000.0,-128000000.0,-1264000000.0,0.0,3017000000.0,0.0,599000000.0,599000000.0,599000000.0,0.0,266000000.0,0.042,106000000.0,2437000000.0,2708000000.0,0.122,3.716,63.111,63.463,29818000000.0,0.0,26.02,2.663,2.663,892000000.0,-11681000000.0,14198000000.0,14198000000.0,50000000.0,0.015,0.064,0.047,0.151,99000000.0,370000000.0,1.0,1452868421.0,1453000000,1461000000.0,9.772,42144000000.0,520000000.0,944000000.0,4732000000.0,29.005,5886000000.0
1,FCX,MRY,2019-12-31,2019-12-31,2019-12-31,2021-08-05,-676000000.0,40809000000.0,40974250000.0,7915000000.0,32894000000.0,0.351,6.408,-2521000000.0,2020000000.0,2020000000.0,13125000000.0,-189000000.0,2.467,2.512,9826000000.0,5000000.0,9821000000.0,9826000000.0,0.0,1412000000.0,0.0,0.015,0.2,891000000.0,2303000000.0,0.16,2303000000.0,891000000.0,271000000.0,-0.17,-0.17,-0.17,9298000000.0,9558500000.0,9298000000.0,26707987613.0,30.0,11.597,-1039000000.0,-0.716,1.0,1277000000.0,0.089,0.0,620000000.0,45406000000.0,45154250000.0,5498000000.0,0.0,0.0,0.0,23361000000.0,3209000000.0,20152000000.0,19035987613.0,-2177000000.0,452000000.0,0.0,-1318000000.0,-291000000.0,-1556000000.0,-2103000000.0,0.0,1482000000.0,0.0,-239000000.0,-239000000.0,-239000000.0,-3000000.0,50000000.0,-0.017,186000000.0,1091000000.0,2576000000.0,-1.176,2.047,-79.648,-77.176,29584000000.0,0.0,13.12,1.322,1.322,741000000.0,-12280000000.0,14402000000.0,14402000000.0,104000000.0,-0.006,-0.025,0.02,0.062,63000000.0,394000000.0,1.0,1450913690.0,1451000000,1451000000.0,9.926,40809000000.0,426000000.0,510000000.0,4329000000.0,28.125,4706000000.0
2,FCX,MRY,2018-12-31,2018-12-31,2018-12-31,2021-08-05,-605000000.0,42216000000.0,38407500000.0,10464000000.0,31752000000.0,0.485,6.762,-1848000000.0,4217000000.0,4217000000.0,13466000000.0,2894000000.0,3.143,2.483,11141000000.0,17000000.0,11124000000.0,11141000000.0,0.0,1754000000.0,0.0,0.015,0.15,4538000000.0,6292000000.0,0.338,6292000000.0,4538000000.0,3593000000.0,1.79,1.78,1.79,9798000000.0,9476250000.0,9798000000.0,21510537076.0,5.0,3.419,2015000000.0,1.391,1.0,5162000000.0,0.277,0.0,945000000.0,45811000000.0,41743500000.0,6073000000.0,0.0,0.0,0.0,24324000000.0,3329000000.0,20995000000.0,14939537076.0,-255000000.0,-3043000000.0,0.0,-2085000000.0,-218000000.0,900000000.0,-5018000000.0,0.0,3863000000.0,0.0,2602000000.0,2602000000.0,2602000000.0,15000000.0,292000000.0,0.14,408000000.0,4754000000.0,2625000000.0,0.084,1.525,5.742,5.76,28010000000.0,0.0,10.31,0.802,0.802,829000000.0,-12041000000.0,18628000000.0,18628000000.0,105000000.0,0.068,0.275,0.109,0.244,76000000.0,422000000.0,1.0,1449033664.0,1449000000,1458000000.0,12.856,42216000000.0,493000000.0,991000000.0,4197000000.0,29.135,7135000000.0
3,FCX,MRY,2017-12-31,2017-12-31,2017-12-31,2021-08-05,-487000000.0,37302000000.0,37062000000.0,10626000000.0,26676000000.0,0.443,5.513,-1162000000.0,4526000000.0,4526000000.0,11980000000.0,2095000000.0,2.162,3.26,13229000000.0,1414000000.0,11815000000.0,13229000000.0,0.0,1714000000.0,0.0,0.0,0.0,3505000000.0,5219000000.0,0.318,5219000000.0,3505000000.0,2704000000.0,1.25,1.25,1.25,7977000000.0,6985250000.0,7977000000.0,37271319065.0,11.0,7.141,3504000000.0,2.422,1.0,4423000000.0,0.27,0.0,801000000.0,41091000000.0,42152000000.0,5558000000.0,0.0,0.0,0.0,26006000000.0,4914000000.0,21092000000.0,27446319065.0,290000000.0,0.0,0.0,-2857000000.0,-2000000.0,-3055000000.0,-1321000000.0,0.0,4666000000.0,0.0,1821000000.0,1817000000.0,1817000000.0,-66000000.0,274000000.0,0.111,733000000.0,3690000000.0,2497000000.0,0.0,3.441,15.105,15.168,22994000000.0,4000000.0,18.96,1.673,1.673,1322000000.0,-14722000000.0,16403000000.0,16403000000.0,93000000.0,0.049,0.26,0.083,0.214,71000000.0,477000000.0,1.0,1447590668.0,1447000000,1454000000.0,11.336,37302000000.0,343000000.0,883000000.0,4246000000.0,25.779,5712000000.0
4,FCX,MRY,2016-12-31,2016-12-31,2016-12-31,2021-08-05,-548000000.0,37317000000.0,40669250000.0,10435000000.0,26882000000.0,0.365,4.591,3425000000.0,4245000000.0,4245000000.0,17534000000.0,-4025000000.0,2.447,4.637,16027000000.0,1232000000.0,14795000000.0,16027000000.0,0.0,2610000000.0,0.0,0.0,0.0,-3126000000.0,-516000000.0,-0.035,-516000000.0,-3126000000.0,-3881000000.0,-3.16,-3.16,-3.16,6051000000.0,4619500000.0,6051000000.0,35834668743.0,-11.0,-69.447,7162000000.0,5.434,1.0,-2704000000.0,-0.182,0.0,755000000.0,44834000000.0,53506750000.0,5275000000.0,0.0,0.0,0.0,28060000000.0,4265000000.0,23795000000.0,17960668743.0,4124000000.0,996000000.0,1515000000.0,-3944000000.0,-6000000.0,-3166000000.0,3553000000.0,0.0,3737000000.0,0.0,-4252000000.0,-4154000000.0,-4154000000.0,193000000.0,227000000.0,-0.28,25000000.0,-2729000000.0,2393000000.0,0.0,2.968,-4.324,-4.174,23293000000.0,-161000000.0,13.19,1.211,1.172,1126000000.0,-16540000000.0,14830000000.0,14830000000.0,63000000.0,-0.102,-0.899,-0.058,-0.211,86000000.0,597000000.0,1.0,1361688305.0,1318000000,1318000000.0,11.252,37317000000.0,879000000.0,371000000.0,3834000000.0,28.313,6170000000.0
5,FCX,MRY,2015-12-31,2015-12-31,2015-12-31,2021-08-05,-503000000.0,46577000000.0,51758250000.0,7462000000.0,39115000000.0,0.282,7.235,-2991000000.0,177000000.0,177000000.0,27415000000.0,-12089000000.0,1.733,4.314,20324000000.0,649000000.0,19675000000.0,20324000000.0,0.0,3497000000.0,0.0,0.068,0.463,-13450000000.0,-9953000000.0,-0.681,-9953000000.0,-13450000000.0,-14067000000.0,-11.31,-11.31,-11.31,7828000000.0,12093000000.0,7828000000.0,28185241342.0,-2.0,-2.832,229000000.0,0.212,1.0,-12808000000.0,-0.877,0.0,617000000.0,62417000000.0,67364000000.0,5738000000.0,0.0,0.0,0.0,33769000000.0,4307000000.0,29462000000.0,7825241342.0,-240000000.0,0.0,1936000000.0,1595000000.0,-605000000.0,2786000000.0,-6246000000.0,0.0,3220000000.0,0.0,-12116000000.0,-12236000000.0,-12236000000.0,-91000000.0,27000000.0,-0.838,704000000.0,-13512000000.0,3232000000.0,-0.041,1.0,-0.64,-0.599,31079000000.0,41000000.0,6.77,0.536,0.501,797000000.0,-12387000000.0,14607000000.0,14607000000.0,107000000.0,-0.236,-1.012,-0.2,-0.921,85000000.0,558000000.0,1.0,1155870213.0,1082000000,1082000000.0,13.5,46577000000.0,1332000000.0,-1951000000.0,3590000000.0,43.047,3155000000.0
6,FCX,MRY,2014-12-31,2014-12-31,2014-12-31,2021-08-05,-544000000.0,58674000000.0,62625500000.0,9045000000.0,49629000000.0,0.319,17.601,-2329000000.0,464000000.0,464000000.0,18494000000.0,-745000000.0,1.749,1.938,18849000000.0,478000000.0,18371000000.0,18849000000.0,0.0,3863000000.0,0.0,0.054,1.25,-272000000.0,3591000000.0,0.18,3591000000.0,-272000000.0,-878000000.0,-1.26,-1.26,-1.26,18287000000.0,20590000000.0,18287000000.0,43352799914.0,-159.0,12.073,3302000000.0,3.178,1.0,1507000000.0,0.075,0.0,606000000.0,71887000000.0,74126500000.0,7540000000.0,0.0,0.0,0.0,35449000000.0,5172000000.0,30277000000.0,24273799914.0,-1521000000.0,-1426000000.0,0.0,-1596000000.0,-1305000000.0,-3351000000.0,-3801000000.0,0.0,5631000000.0,0.0,-1103000000.0,-1308000000.0,-1308000000.0,-277000000.0,358000000.0,-0.065,1805000000.0,-298000000.0,3653000000.0,-0.992,1.327,-18.558,-18.54,45494000000.0,40000000.0,23.36,1.214,1.213,1241000000.0,128000000.0,20001000000.0,20001000000.0,106000000.0,-0.021,-0.064,-0.004,-0.014,106000000.0,580000000.0,1.0,1039118147.0,1039000000,1039000000.0,19.25,58674000000.0,1322000000.0,225000000.0,6808000000.0,56.472,3873000000.0
7,FCX,MRY,2013-12-31,2013-12-31,2013-12-31,2021-08-05,-405000000.0,63473000000.0,57954000000.0,9972000000.0,53501000000.0,0.361,20.892,-5046000000.0,1985000000.0,1985000000.0,14637000000.0,3441000000.0,2.089,1.793,20706000000.0,312000000.0,20394000000.0,20706000000.0,0.0,2797000000.0,0.0,0.06,2.25,4673000000.0,7470000000.0,0.357,7470000000.0,4673000000.0,4155000000.0,2.65,2.64,2.65,20934000000.0,19789250000.0,20934000000.0,58083975625.0,12.0,7.776,1093000000.0,1.091,1.0,6284000000.0,0.3,1916000000.0,518000000.0,75505000000.0,65987750000.0,7404000000.0,0.0,0.0,0.0,37526000000.0,4773000000.0,32753000000.0,39179975625.0,-1720000000.0,-5441000000.0,0.0,6025000000.0,-2281000000.0,3049000000.0,-10908000000.0,0.0,6139000000.0,0.0,2680000000.0,2658000000.0,2658000000.0,0.0,761000000.0,0.127,933000000.0,5351000000.0,3708000000.0,0.849,1.872,14.74,14.242,47401000000.0,22000000.0,37.74,1.873,1.808,1867000000.0,2742000000.0,20921000000.0,20921000000.0,210000000.0,0.046,0.134,0.071,0.223,173000000.0,657000000.0,1.0,1038155157.0,1002000000,1006000000.0,20.879,61557000000.0,695000000.0,1475000000.0,7594000000.0,61.434,5199000000.0
8,FCX,MRY,2012-12-31,2012-12-31,2012-12-31,2021-08-05,-506000000.0,35440000000.0,34137750000.0,10297000000.0,25143000000.0,0.528,18.486,-3383000000.0,3705000000.0,3705000000.0,11561000000.0,3980000000.0,3.08,0.805,3527000000.0,2000000.0,3525000000.0,3527000000.0,0.0,1179000000.0,0.0,0.035,1.188,4737000000.0,5916000000.0,0.328,5916000000.0,4737000000.0,4551000000.0,3.2,3.19,3.2,17543000000.0,16848750000.0,17543000000.0,32262704123.0,7.0,5.453,391000000.0,0.412,1.0,6449000000.0,0.358,0.0,186000000.0,31919000000.0,30219750000.0,6531000000.0,0.0,0.0,0.0,14129000000.0,3343000000.0,10786000000.0,32466704123.0,-1117000000.0,0.0,0.0,-157000000.0,-1129000000.0,-1428000000.0,-3463000000.0,0.0,3774000000.0,0.0,3041000000.0,3041000000.0,3041000000.0,0.0,939000000.0,0.169,635000000.0,5814000000.0,2324000000.0,0.371,1.851,10.676,10.688,20999000000.0,0.0,34.2,1.803,1.802,1193000000.0,2399000000.0,18010000000.0,18010000000.0,285000000.0,0.089,0.18,0.157,0.263,100000000.0,431000000.0,1.0,949318834.0,949000000,954000000.0,18.978,35440000000.0,436000000.0,1510000000.0,3967000000.0,37.345,6954000000.0
9,FCX,MRY,2011-12-31,2011-12-31,2011-12-31,2021-08-05,-465000000.0,32070000000.0,31341250000.0,10047000000.0,22023000000.0,0.666,16.517,-2376000000.0,4822000000.0,4822000000.0,10920000000.0,5747000000.0,3.417,0.864,3537000000.0,4000000.0,3533000000.0,3537000000.0,0.0,1022000000.0,0.0,0.041,1.5,9146000000.0,10168000000.0,0.487,10168000000.0,9146000000.0,8834000000.0,4.81,4.78,4.81,15642000000.0,14827000000.0,15642000000.0,33280649111.0,4.0,3.273,4244000000.0,4.482,1.0,9960000000.0,0.477,0.0,312000000.0,27845000000.0,26549500000.0,5555000000.0,0.0,0.0,0.0,13517000000.0,2940000000.0,10577000000.0,34873649111.0,1084000000.0,0.0,3000000.0,-1265000000.0,-1423000000.0,-3001000000.0,-2535000000.0,0.0,6620000000.0,0.0,5747000000.0,4560000000.0,4560000000.0,0.0,0.0,0.218,820000000.0,9140000000.0,2194000000.0,0.312,2.229,7.648,7.649,18449000000.0,1187000000.0,36.79,1.67,1.669,1747000000.0,546000000.0,20880000000.0,20880000000.0,271000000.0,0.145,0.308,0.344,0.438,117000000.0,415000000.0,1.0,947911093.0,947000000,955000000.0,22.049,32070000000.0,70000000.0,3087000000.0,3521000000.0,33.865,7107000000.0
10,FCX,MRY,2010-12-31,2010-12-31,2010-12-31,2021-08-05,-323000000.0,29386000000.0,27607250000.0,9851000000.0,19535000000.0,0.688,13.666,-1328000000.0,3738000000.0,3738000000.0,9371000000.0,5544000000.0,2.618,1.186,4755000000.0,95000000.0,4660000000.0,4755000000.0,0.0,1036000000.0,0.0,0.016,0.95,7781000000.0,8817000000.0,0.464,8817000000.0,7781000000.0,7319000000.0,4.67,4.57,4.67,12504000000.0,11156000000.0,12504000000.0,57606895858.0,7.0,6.534,4945000000.0,5.404,1.0,9611000000.0,0.506,328000000.0,462000000.0,26312000000.0,25227250000.0,4859000000.0,0.0,0.0,0.0,14826000000.0,3763000000.0,11063000000.0,56547895858.0,1082000000.0,-500000000.0,81000000.0,-1654000000.0,-885000000.0,-3322000000.0,-1869000000.0,0.0,6273000000.0,0.0,4336000000.0,4273000000.0,4273000000.0,0.0,1208000000.0,0.225,543000000.0,9068000000.0,2441000000.0,0.203,4.522,13.234,12.858,16785000000.0,63000000.0,60.045,2.979,2.894,2625000000.0,-2590000000.0,18982000000.0,18982000000.0,143000000.0,0.155,0.383,0.308,0.41,121000000.0,381000000.0,1.0,941758612.0,915000000,949000000.0,20.745,29058000000.0,0.0,2983000000.0,3521000000.0,31.757,6088000000.0
11,FCX,MRY,2009-12-31,2009-12-31,2009-12-31,2021-08-05,-273000000.0,25996000000.0,25008250000.0,7433000000.0,18563000000.0,0.601,11.0,-1516000000.0,2656000000.0,2656000000.0,8020000000.0,3534000000.0,2.476,1.671,6346000000.0,16000000.0,6330000000.0,6346000000.0,0.0,1014000000.0,0.0,0.0,0.0,5642000000.0,6656000000.0,0.443,6656000000.0,5642000000.0,5056000000.0,3.05,2.93,3.05,9119000000.0,7811750000.0,9119000000.0,38867872665.0,7.0,5.84,2881000000.0,3.475,1.0,7020000000.0,0.467,347000000.0,586000000.0,26337000000.0,26841000000.0,4191000000.0,0.0,0.0,0.0,15239000000.0,3002000000.0,12237000000.0,34514872665.0,1784000000.0,0.0,746000000.0,-1050000000.0,0.0,-1012000000.0,-1601000000.0,0.0,4397000000.0,0.0,2749000000.0,2527000000.0,2527000000.0,0.0,785000000.0,0.168,517000000.0,6503000000.0,2038000000.0,0.0,3.785,13.658,13.162,16195000000.0,222000000.0,40.145,2.295,2.213,1664000000.0,-5805000000.0,15040000000.0,15040000000.0,90000000.0,0.101,0.323,0.21,0.375,102000000.0,321000000.0,1.0,859755204.0,829000000,938000000.0,18.142,25649000000.0,139000000.0,2307000000.0,2977000000.0,30.94,4431000000.0
12,FCX,MRY,2008-12-31,2008-12-31,2008-12-31,2021-08-05,-305000000.0,23353000000.0,37383750000.0,5233000000.0,18120000000.0,0.476,7.566,-2387000000.0,872000000.0,872000000.0,12980000000.0,-10450000000.0,1.657,2.815,7351000000.0,67000000.0,7284000000.0,7351000000.0,0.0,1782000000.0,0.0,0.074,0.906,-13327000000.0,-11545000000.0,-0.649,-11545000000.0,-13327000000.0,-13911000000.0,-14.86,-14.86,-14.86,5773000000.0,16319500000.0,5773000000.0,15236838587.0,-1.0,-1.32,983000000.0,1.288,1.0,4816000000.0,0.271,364000000.0,584000000.0,26310000000.0,35093000000.0,3908000000.0,0.0,0.0,0.0,16252000000.0,3158000000.0,13094000000.0,9229838587.0,-754000000.0,0.0,-478000000.0,124000000.0,-693000000.0,-1806000000.0,-2318000000.0,430000000.0,3370000000.0,0.0,-11067000000.0,-11341000000.0,-11341000000.0,0.0,617000000.0,-0.637,17526000000.0,-12710000000.0,2722000000.0,-0.061,1.599,-0.814,-0.822,16002000000.0,274000000.0,12.22,0.519,0.524,601000000.0,-8267000000.0,17796000000.0,17796000000.0,292000000.0,-0.303,-0.695,-0.38,-0.749,98000000.0,269000000.0,1.0,755305940.0,763000000,763000000.0,23.324,22989000000.0,611000000.0,-2844000000.0,2502000000.0,30.13,2075000000.0
13,FCX,MRY,2007-12-31,2007-12-31,2007-12-31,2021-08-05,42000000.0,40661000000.0,41029500000.0,5903000000.0,34758000000.0,0.413,26.736,-1353000000.0,1626000000.0,1626000000.0,9773000000.0,3779000000.0,1.526,1.162,7211000000.0,31000000.0,7180000000.0,7211000000.0,0.0,1264000000.0,0.0,0.012,0.625,5890000000.0,7154000000.0,0.422,7154000000.0,5890000000.0,5377000000.0,4.06,3.75,4.06,18234000000.0,17453425000.0,18234000000.0,45479041636.0,8.0,6.357,4872000000.0,7.144,1.0,7166000000.0,0.423,6577000000.0,513000000.0,35800000000.0,37270200000.0,3991000000.0,0.0,0.0,0.0,21188000000.0,3869000000.0,17319000000.0,39124041636.0,719000000.0,-13313000000.0,2802000000.0,5293000000.0,-421000000.0,9355000000.0,-14861000000.0,0.0,6225000000.0,0.0,2977000000.0,2769000000.0,2769000000.0,-46000000.0,802000000.0,0.163,526000000.0,6640000000.0,2345000000.0,0.154,2.146,14.129,12.616,25715000000.0,208000000.0,51.22,2.31,2.062,1228000000.0,3601000000.0,16939000000.0,16939000000.0,145000000.0,0.067,0.159,0.158,0.348,144000000.0,466000000.0,1.0,763843062.0,682000000,794000000.0,24.837,34084000000.0,67000000.0,2400000000.0,7720000000.0,49.977,2034000000.0
14,FCX,MRY,2006-12-31,2006-12-31,2006-12-31,2021-08-05,-20000000.0,5390000000.0,5144030000.0,2151000000.0,3239000000.0,1.126,6.401,-217000000.0,907000000.0,907000000.0,2753000000.0,1457000000.0,2.211,1.117,680000000.0,19000000.0,661000000.0,680000000.0,0.0,228000000.0,0.0,0.085,2.375,2734000000.0,2962000000.0,0.511,2962000000.0,2734000000.0,2658000000.0,3.66,3.315,3.66,2445000000.0,2160220500.0,2445000000.0,11050398872.0,4.0,3.731,1649000000.0,4.317,1.0,3038000000.0,0.525,0.0,76000000.0,4190000000.0,4629849500.0,724000000.0,0.0,0.0,0.0,2732000000.0,973000000.0,1759000000.0,10974775872.0,143000000.0,-5000000.0,-85000000.0,-297000000.0,-916000000.0,-1499000000.0,-224000000.0,0.0,1866000000.0,0.0,1457000000.0,1396000000.0,1396000000.0,0.0,0.0,0.241,138000000.0,2900000000.0,776000000.0,0.649,4.489,7.862,7.613,3099000000.0,61000000.0,27.865,1.895,1.838,486000000.0,1415000000.0,5791000000.0,5791000000.0,12000000.0,0.271,0.646,0.591,0.472,55000000.0,157000000.0,1.0,393855226.0,382000000,442000000.0,15.16,5390000000.0,0.0,1201000000.0,965000000.0,14.11,1178000000.0
15,FCX,MRY,2005-12-31,2005-12-31,2005-12-31,2021-08-05,10749000.0,5550206000.0,5043988500.0,2022382000.0,3527824000.0,0.829,5.119,-143000000.0,763599000.0,763599000.0,1889000000.0,995000000.0,1.5,2.012,1255948000.0,253350000.0,1002598000.0,1255948000.0,0.0,251000000.0,0.0,0.046,1.25,2042000000.0,2293000000.0,0.549,2293000000.0,2042000000.0,1910000000.0,2.59,2.335,2.59,1842994000.0,1420653000.0,1842994000.0,10894374956.0,5.0,4.751,1409000000.0,3.914,1.0,2290000000.0,0.548,0.0,132000000.0,4693934000.0,5118255250.0,565019000.0,33539000.0,0.0,33539000.0,3707212000.0,1348621000.0,2358591000.0,9901618956.0,212000000.0,0.0,-75000000.0,-493000000.0,-453000000.0,-1206000000.0,-134000000.0,0.0,1552000000.0,0.0,995000000.0,935000000.0,935000000.0,0.0,0.0,0.224,106000000.0,2184000000.0,553203000.0,0.483,5.373,10.59,10.386,3088931000.0,60000000.0,26.9,2.369,2.317,694387000.0,1086191000.0,4179000000.0,4179000000.0,9000000.0,0.185,0.658,0.399,0.489,0.0,104000000.0,1.0,368089924.0,360000000,440000000.0,11.608,5550206000.0,55673000.0,915000000.0,1229427000.0,15.417,673761000.0
16,FCX,MRY,2004-12-31,2004-12-31,2004-12-31,2021-08-05,11342000.0,5086995000.0,4886293750.0,1459947000.0,3627048000.0,0.485,3.192,-140999000.0,551950000.0,551950000.0,1656699000.0,202267000.0,2.093,3.372,1951906000.0,78214000.0,1873692000.0,1951906000.0,0.0,206408000.0,0.0,0.029,0.55,681050000.0,887458000.0,0.374,887458000.0,681050000.0,532947000.0,0.43,0.425,0.43,1163649000.0,1070430500.0,1163649000.0,8525226275.0,13.0,9.606,200356000.0,0.55,1.0,715167000.0,0.302,0.0,148103000.0,5789389000.0,6010005250.0,466712000.0,47802000.0,0.0,47802000.0,3923346000.0,697562000.0,3225784000.0,6825146275.0,87798000.0,38510000.0,-978149000.0,-32737000.0,-198782000.0,-189585000.0,-63972000.0,21804000.0,341355000.0,0.0,202267000.0,156776000.0,156776000.0,0.0,0.0,0.066,-17165000.0,732332000.0,386590000.0,1.279,5.865,43.534,44.453,3199292000.0,45491000.0,19.115,2.878,2.938,439919000.0,604680000.0,2371866000.0,2371866000.0,8664000.0,0.032,0.146,0.113,0.287,5342000.0,89927000.0,1.0,357057090.0,364544000,369846000.0,6.506,5086995000.0,37291000.0,330680000.0,1024762000.0,13.954,762385000.0
17,FCX,MRY,2003-12-31,2003-12-31,2003-12-31,2021-08-05,8668000.0,4718366000.0,4857844500.0,1100133000.0,3618233000.0,0.455,2.49,-139186000.0,498616000.0,498616000.0,1302129000.0,181660000.0,1.741,5.08,2228330000.0,152396000.0,2075934000.0,2228330000.0,0.0,230803000.0,0.0,0.006,0.135,716730000.0,947533000.0,0.428,947533000.0,716730000.0,519713000.0,0.495,0.485,0.495,775984000.0,564985250.0,775984000.0,8999987082.0,13.0,9.498,432886000.0,1.389,1.0,910036000.0,0.411,0.0,197017000.0,5816298000.0,6089897250.0,397027000.0,58179000.0,0.0,58179000.0,3942382000.0,631782000.0,3310600000.0,7200426082.0,455816000.0,-67261000.0,68776000.0,30616000.0,-41682000.0,16562000.0,-132818000.0,73629000.0,572072000.0,0.0,181660000.0,154219000.0,154219000.0,0.0,0.0,0.07,86728000.0,823308000.0,311948000.0,0.273,9.279,46.69,42.556,3261697000.0,27441000.0,21.065,3.255,2.967,261365000.0,646933000.0,2212165000.0,2212165000.0,6449000.0,0.032,0.273,0.118,0.324,0.0,80279000.0,1.0,341819420.0,311610000,318204000.0,7.099,4718366000.0,0.0,338053000.0,910404000.0,15.142,468351000.0
18,FCX,MRY,2002-12-31,2002-12-31,2002-12-31,2021-08-05,10963000.0,4192193000.0,4191790500.0,637980000.0,3554213000.0,0.456,0.922,-188004000.0,115782000.0,115782000.0,1198908000.0,164654000.0,1.186,14.711,2038390000.0,77112000.0,1961278000.0,2038390000.0,0.0,260446000.0,0.0,0.0,0.0,581381000.0,841827000.0,0.441,841827000.0,581381000.0,410172000.0,0.44,0.435,0.44,266826000.0,180893750.0,266826000.0,4597880132.0,8.0,5.462,324728000.0,1.122,1.0,711554000.0,0.372,0.0,171209000.0,5576928000.0,5805758750.0,387247000.0,44619000.0,0.0,44619000.0,3925367000.0,537873000.0,3387494000.0,2431323132.0,249000.0,2835000.0,7777000.0,-323002000.0,0.0,-364190000.0,-148293000.0,47938000.0,512732000.0,0.0,164654000.0,127050000.0,127050000.0,0.0,0.0,0.067,71417000.0,640137000.0,262310000.0,0.0,9.112,19.137,19.068,3320561000.0,37604000.0,8.39,1.273,1.27,175497000.0,534447000.0,1910462000.0,1910462000.0,3112000.0,0.03,0.702,0.1,0.304,0.0,68305000.0,1.0,289788216.0,289298000,292836000.0,6.604,4192193000.0,0.0,245518000.0,787829000.0,14.491,100107000.0
19,FCX,MRY,2001-12-31,2001-12-31,2001-12-31,2021-08-05,-1184000.0,4211929000.0,4035211500.0,548270000.0,3663659000.0,0.456,0.363,-166972000.0,7587000.0,7587000.0,1227328000.0,113025000.0,0.872,39.327,2338600000.0,205420000.0,2133180000.0,2338600000.0,0.0,283889000.0,0.0,0.0,0.0,489599000.0,773488000.0,0.421,773488000.0,489599000.0,316004000.0,0.265,0.265,0.265,104444000.0,92043500.0,104444000.0,3964728144.0,8.0,5.126,342011000.0,1.188,1.0,611538000.0,0.333,0.0,173595000.0,5914515000.0,5539097000.0,369188000.0,199082000.0,49809000.0,149273000.0,4107485000.0,628427000.0,3479058000.0,1927800144.0,-381000.0,0.0,-2839000.0,-146389000.0,0.0,-208560000.0,-300804000.0,-139762000.0,508983000.0,0.0,113025000.0,76496000.0,76496000.0,0.0,0.0,0.042,68612000.0,542926000.0,307526000.0,0.0,18.458,25.201,25.264,3409687000.0,36529000.0,6.695,1.048,1.048,103235000.0,407397000.0,1838866000.0,1838866000.0,9190000.0,0.019,0.831,0.088,0.266,0.0,59422000.0,1.0,287946250.0,287904000,289876000.0,6.387,4211929000.0,0.0,202979000.0,688034000.0,14.63,-80157000.0
20,FCX,MRY,2000-12-31,2000-12-31,2000-12-31,2021-08-05,10244000.0,3950741000.0,3985258500.0,569122000.0,3381619000.0,0.469,0.123,-170959000.0,7968000.0,7968000.0,1296518000.0,76987000.0,0.898,103.156,2190025000.0,202294000.0,1987731000.0,2190025000.0,0.0,283556000.0,0.0,0.0,0.0,441906000.0,725462000.0,0.388,725462000.0,441906000.0,236560000.0,0.13,0.13,0.13,37931000.0,65599250.0,37931000.0,3537470874.0,8.0,4.876,345061000.0,1.12,1.0,572092000.0,0.306,0.0,205346000.0,5498886000.0,5587715000.0,400607000.0,56154000.0,0.0,56154000.0,3912810000.0,633912000.0,3278898000.0,1271489874.0,1270000.0,-5717000.0,-199619000.0,-20009000.0,0.0,-333536000.0,-181214000.0,0.0,516020000.0,0.0,76987000.0,39500000.0,39500000.0,0.0,0.0,0.021,79799000.0,492293000.0,301639000.0,0.0,33.521,32.19,32.935,3248710000.0,37487000.0,4.282,0.68,0.706,128198000.0,330901000.0,1868610000.0,1868610000.0,8849000.0,0.01,0.602,0.079,0.236,0.0,70950000.0,1.0,296972994.0,307994000,309038000.0,6.067,3950741000.0,0.0,159573000.0,610552000.0,12.827,-64790000.0
21,FCX,MRY,1999-12-31,1999-12-31,1999-12-31,2021-08-05,10244000.0,4082916000.0,4098674500.0,564454000.0,3518462000.0,0.46,0.602,-157438000.0,6698000.0,6698000.0,1227762000.0,136467000.0,1.096,19.738,2148259000.0,114789000.0,2033470000.0,2148259000.0,0.0,293213000.0,0.0,0.0,0.0,526189000.0,819402000.0,0.434,819402000.0,526189000.0,332120000.0,0.31,0.305,0.31,196880000.0,150508750.0,196880000.0,5708201900.0,11.0,6.966,411346000.0,1.257,1.0,659566000.0,0.349,0.0,194069000.0,5709410000.0,5838833000.0,368125000.0,66070000.0,0.0,66070000.0,3886036000.0,515067000.0,3370969000.0,3454425900.0,821000.0,-3384000.0,-7921000.0,-318212000.0,0.0,-407937000.0,-160026000.0,0.0,568784000.0,0.0,136467000.0,100787000.0,100787000.0,0.0,0.0,0.053,81250000.0,578316000.0,277365000.0,0.0,17.546,34.275,34.081,3381465000.0,35680000.0,10.565,1.83,1.832,141325000.0,291401000.0,1887328000.0,1887328000.0,10626000.0,0.025,0.67,0.09,0.279,0.0,70624000.0,1.0,326968850.0,327226000,329134000.0,5.768,4082916000.0,0.0,195653000.0,596098000.0,12.477,49387000.0
22,FCX,MRY,1998-12-31,1998-12-31,1998-12-31,2021-08-05,10244000.0,4192634000.0,4201608000.0,545894000.0,3646740000.0,0.418,0.295,-289374000.0,5877000.0,5877000.0,1076734000.0,153848000.0,1.053,39.541,2456793000.0,127804000.0,2328989000.0,2456793000.0,0.0,277407000.0,0.0,0.019,0.1,530002000.0,807409000.0,0.46,807409000.0,530002000.0,324414000.0,0.335,0.335,0.335,103416000.0,170163500.0,103416000.0,4224310095.0,8.0,5.232,189453000.0,0.54,1.0,680398000.0,0.387,0.0,205588000.0,6125063000.0,6190790750.0,301404000.0,80822000.0,0.0,80822000.0,4089218000.0,518487000.0,3570731000.0,1728268095.0,-3082000.0,-2709000.0,-259213000.0,164975000.0,-35382000.0,-194803000.0,-287106000.0,0.0,478827000.0,0.0,153848000.0,118317000.0,118317000.0,0.0,0.0,0.067,100813000.0,579585000.0,289342000.0,0.299,16.712,14.607,15.582,3474451000.0,35531000.0,5.22,0.984,1.042,180978000.0,190614000.0,1757132000.0,1757132000.0,13033000.0,0.028,0.695,0.086,0.302,0.0,87780000.0,1.0,331085842.0,350706000,350708000.0,5.01,4192634000.0,0.0,170566000.0,516955000.0,11.955,27407000.0
23,FCX,MRY,1997-12-31,1997-12-31,1997-12-31,2021-08-05,10244000.0,4152209000.0,4008871500.0,463089000.0,3689120000.0,0.499,0.71,-548669000.0,8959000.0,8959000.0,1220935000.0,245108000.0,0.974,13.888,2388982000.0,80852000.0,2308130000.0,2388982000.0,0.0,213855000.0,0.0,0.057,0.45,628143000.0,841998000.0,0.421,841998000.0,628143000.0,476423000.0,0.53,0.53,0.53,278892000.0,477135500.0,278892000.0,,,,-35117000.0,-0.089,1.0,779969000.0,0.39,0.0,151720000.0,6056567000.0,5425012000.0,314800000.0,83061000.0,0.0,83061000.0,3873317000.0,475665000.0,3397652000.0,2849242442.0,-28159000.0,-36243000.0,-438388000.0,745412000.0,-178341000.0,50906000.0,-592617000.0,0.0,513552000.0,0.0,245108000.0,208541000.0,208541000.0,0.0,0.0,0.104,114230000.0,665739000.0,261866000.0,0.849,10.216,13.663,14.858,3521715000.0,36567000.0,7.875,1.424,1.546,89599000.0,107679000.0,2000904000.0,2000904000.0,17629000.0,0.052,0.437,0.116,0.314,0.0,96601000.0,1.0,361808564.0,392784000,395306000.0,5.094,4152209000.0,0.0,231315000.0,434566000.0,10.571,-12576000.0
24,FCX,MRY,1996-12-31,1996-12-31,1996-12-31,2021-08-05,10244000.0,3865534000.0,,661216000.0,3204318000.0,,1.733,-453393000.0,37118000.0,37118000.0,1125841000.0,226249000.0,1.106,4.724,1562916000.0,136617000.0,1426299000.0,1562916000.0,0.0,173978000.0,0.0,0.032,0.48,590708000.0,764686000.0,0.401,764686000.0,590708000.0,473417000.0,0.45,0.445,0.45,675379000.0,,675379000.0,,,,147131000.0,0.377,1.0,779195000.0,0.409,0.0,117291000.0,4793457000.0,,375712000.0,46817000.0,0.0,46817000.0,3190155000.0,597875000.0,2592280000.0,,10235000.0,-38845000.0,-220997000.0,389937000.0,-175766000.0,-101586000.0,-488703000.0,0.0,600524000.0,0.0,226249000.0,174680000.0,174680000.0,0.0,0.0,0.092,140934000.0,638261000.0,311797000.0,1.067,,,33.2,3088644000.0,51569000.0,14.94,,3.057,176920000.0,77479000.0,1905036000.0,1905036000.0,0.0,,,,0.31,0.0,140934000.0,1.0,,389820000,393364000.0,4.887,3865534000.0,0.0,247168000.0,462687000.0,9.916,63341000.0
25,FCX,MRY,1995-12-31,1995-12-31,1995-12-31,2021-08-05,,,,,,,,-577217000.0,,,1058762000.0,253618000.0,,,,,,,,124055000.0,,0.0,0.0,537742000.0,661797000.0,0.361,661797000.0,537742000.0,487662000.0,0.49,0.49,0.49,,,,,,,-184101000.0,-0.452,1.0,775573000.0,0.423,,50080000.0,,,,,,,,,,,-17369000.0,-29101000.0,-177755000.0,600425000.0,-137563000.0,207657000.0,-618142000.0,0.0,393116000.0,0.0,253618000.0,199465000.0,199465000.0,0.0,0.0,0.109,179141000.0,596432000.0,,0.0,,,28.704,,54153000.0,14.065,,3.121,,,1834335000.0,1834335000.0,13888000.0,,,,0.293,0.0,165253000.0,1.0,,407072000,408812000.0,4.506,,,234044000.0,,,
0,FCX,MRQ,2021-06-30,2021-06-30,2021-06-30,2021-08-05,-576000000.0,45436000000.0,,12599000000.0,32837000000.0,,8.187,-400000000.0,6313000000.0,6313000000.0,3550000000.0,1331000000.0,2.28,2.04,9695000000.0,1057000000.0,8638000000.0,9695000000.0,0.0,483000000.0,0.0,0.002,0.075,1834000000.0,2317000000.0,0.403,2317000000.0,1834000000.0,1686000000.0,0.74,0.73,0.74,12011000000.0,,12011000000.0,59614700402.0,11.0,8.312,1995000000.0,1.36,1.0,2198000000.0,0.382,0.0,148000000.0,43291000000.0,,5691000000.0,0.0,0.0,0.0,24501000000.0,5527000000.0,18974000000.0,54385700402.0,1734000000.0,-33000000.0,78000000.0,-117000000.0,-111000000.0,-196000000.0,-465000000.0,0.0,2395000000.0,0.0,1083000000.0,1083000000.0,1083000000.0,0.0,248000000.0,0.188,131000000.0,2067000000.0,3106000000.0,0.101,4.528,19.163,19.129,29836000000.0,0.0,37.11,2.871,2.874,1100000000.0,-9880000000.0,5748000000.0,5748000000.0,14000000.0,,,,,15000000.0,87000000.0,1.0,1465526823.0,1467000000,1483000000.0,3.918,45436000000.0,578000000.0,603000000.0,5405000000.0,30.972,7072000000.0
1,FCX,MRQ,2021-03-31,2021-03-31,2021-03-31,2021-08-05,-580000000.0,43643000000.0,,10856000000.0,32787000000.0,,7.469,-353000000.0,4580000000.0,4580000000.0,3206000000.0,953000000.0,2.354,2.204,9809000000.0,656000000.0,9153000000.0,9809000000.0,0.0,419000000.0,0.0,0.0,0.0,1306000000.0,1725000000.0,0.356,1725000000.0,1306000000.0,1161000000.0,0.49,0.48,0.49,10920000000.0,,10920000000.0,54081761087.0,14.0,9.874,722000000.0,0.494,1.0,1644000000.0,0.339,0.0,145000000.0,44261000000.0,,5620000000.0,0.0,0.0,0.0,24070000000.0,4611000000.0,19459000000.0,48027761087.0,932000000.0,0.0,106000000.0,98000000.0,0.0,225000000.0,-368000000.0,0.0,1075000000.0,0.0,718000000.0,718000000.0,718000000.0,0.0,235000000.0,0.148,112000000.0,1532000000.0,2866000000.0,0.0,4.398,26.564,26.772,29775000000.0,0.0,32.93,2.956,2.963,1248000000.0,-10963000000.0,4850000000.0,4850000000.0,7000000.0,,,,,41000000.0,100000000.0,1.0,1458480446.0,1462000000,1477000000.0,3.317,43643000000.0,522000000.0,443000000.0,5093000000.0,29.852,6245000000.0
2,FCX,MRQ,2020-12-31,2020-12-31,2020-12-31,2021-08-05,-583000000.0,42144000000.0,,9303000000.0,32841000000.0,,7.002,35000000.0,3657000000.0,3657000000.0,3066000000.0,858000000.0,2.723,2.307,9711000000.0,34000000.0,9677000000.0,9711000000.0,0.0,435000000.0,0.0,0.002,0.0,1555000000.0,1990000000.0,0.443,1990000000.0,1555000000.0,1319000000.0,0.49,0.49,0.49,10174000000.0,,10174000000.0,45430636314.0,21.0,12.382,1362000000.0,0.937,1.0,1429000000.0,0.318,0.0,236000000.0,44781000000.0,,5356000000.0,0.0,0.0,0.0,23476000000.0,3417000000.0,20059000000.0,37803636314.0,1248000000.0,0.0,0.0,-324000000.0,0.0,-248000000.0,169000000.0,0.0,1327000000.0,0.0,708000000.0,708000000.0,708000000.0,0.0,150000000.0,0.158,-280000000.0,1709000000.0,2708000000.0,0.0,3.716,63.111,63.463,29818000000.0,0.0,26.02,2.663,2.663,892000000.0,-11681000000.0,4495000000.0,4495000000.0,8000000.0,,,,,39000000.0,97000000.0,1.0,1452868421.0,1453000000,1485000000.0,3.094,42144000000.0,520000000.0,611000000.0,4732000000.0,29.005,5886000000.0
3,FCX,MRQ,2020-09-30,2020-09-30,2020-09-30,2021-08-05,-728000000.0,41099000000.0,,8071000000.0,33028000000.0,,6.357,-395000000.0,2403000000.0,2403000000.0,2868000000.0,432000000.0,2.607,2.548,10030000000.0,47000000.0,9983000000.0,10030000000.0,0.0,394000000.0,0.0,0.006,0.0,746000000.0,1140000000.0,0.296,1140000000.0,746000000.0,626000000.0,0.22,0.22,0.22,9236000000.0,,9236000000.0,31161699279.0,27.0,11.862,842000000.0,0.579,1.0,983000000.0,0.255,0.0,120000000.0,45630000000.0,,5355000000.0,0.0,0.0,0.0,23537000000.0,3096000000.0,20441000000.0,22712699279.0,926000000.0,0.0,0.0,73000000.0,0.0,96000000.0,-407000000.0,0.0,1237000000.0,0.0,329000000.0,329000000.0,329000000.0,0.0,103000000.0,0.085,103000000.0,880000000.0,2533000000.0,0.0,2.459,-227.127,-173.778,29911000000.0,0.0,15.64,1.668,1.669,893000000.0,-12389000000.0,3851000000.0,3851000000.0,8000000.0,,,,,17000000.0,72000000.0,1.0,1452218624.0,1453000000,1461000000.0,2.65,41099000000.0,464000000.0,297000000.0,4444000000.0,28.286,4975000000.0
4,FCX,MRQ,2020-06-30,2020-06-30,2020-06-30,2021-08-05,-652000000.0,40230000000.0,,7155000000.0,33075000000.0,,6.162,-461000000.0,1465000000.0,1465000000.0,2613000000.0,124000000.0,2.462,2.577,9914000000.0,90000000.0,9824000000.0,9914000000.0,0.0,358000000.0,0.0,0.013,0.0,264000000.0,622000000.0,0.204,622000000.0,264000000.0,149000000.0,0.03,0.03,0.03,8954000000.0,,8954000000.0,25271301855.0,63.0,13.916,30000000.0,0.021,1.0,441000000.0,0.144,0.0,115000000.0,45773000000.0,,5256000000.0,0.0,0.0,0.0,23075000000.0,2906000000.0,20169000000.0,16799301855.0,-138000000.0,0.0,0.0,-178000000.0,0.0,-149000000.0,-480000000.0,0.0,491000000.0,0.0,53000000.0,53000000.0,53000000.0,0.0,71000000.0,0.017,120000000.0,321000000.0,2471000000.0,0.0,1.876,-26.414,-25.152,29936000000.0,0.0,11.57,1.301,1.302,717000000.0,-12718000000.0,3054000000.0,3054000000.0,18000000.0,,,,,16000000.0,91000000.0,1.0,1451970774.0,1453000000,1458000000.0,2.102,40230000000.0,646000000.0,96000000.0,4227000000.0,27.688,4249000000.0
5,FCX,MRQ,2020-03-31,2020-03-31,2020-03-31,2021-08-05,-668000000.0,40219000000.0,,7357000000.0,32862000000.0,,6.098,-525000000.0,1602000000.0,1602000000.0,3108000000.0,-549000000.0,2.341,2.626,10074000000.0,245000000.0,9829000000.0,10074000000.0,0.0,341000000.0,0.0,0.03,0.05,-424000000.0,-83000000.0,-0.03,-83000000.0,-424000000.0,-551000000.0,-0.34,-0.34,-0.34,8855000000.0,,8855000000.0,17600063876.0,95.0,11.062,-563000000.0,-0.388,1.0,-310000000.0,-0.111,0.0,127000000.0,45548000000.0,,5126000000.0,0.0,0.0,0.0,23256000000.0,3143000000.0,20113000000.0,9794063876.0,-411000000.0,0.0,1000000.0,236000000.0,-73000000.0,173000000.0,-546000000.0,0.0,-38000000.0,0.0,-491000000.0,-491000000.0,-491000000.0,0.0,-58000000.0,-0.175,163000000.0,-473000000.0,2465000000.0,-0.147,1.106,-12.87,-12.5,29899000000.0,0.0,6.75,0.73,0.731,515000000.0,-12771000000.0,2798000000.0,2798000000.0,16000000.0,,,,,27000000.0,110000000.0,1.0,1450972426.0,1452000000,1452000000.0,1.927,40219000000.0,591000000.0,-60000000.0,4215000000.0,27.699,4214000000.0
6,FCX,MRQ,2019-12-31,2019-12-31,2019-12-31,2021-08-05,-676000000.0,40809000000.0,,7915000000.0,32894000000.0,,6.408,-803000000.0,2020000000.0,2020000000.0,3405000000.0,43000000.0,2.467,2.512,9826000000.0,5000000.0,9821000000.0,9826000000.0,0.0,391000000.0,0.0,0.015,0.05,557000000.0,948000000.0,0.242,948000000.0,557000000.0,338000000.0,0.0,0.0,0.0,9298000000.0,,9298000000.0,26707987613.0,30.0,11.597,-633000000.0,-0.436,1.0,506000000.0,0.129,0.0,219000000.0,45406000000.0,,5498000000.0,0.0,0.0,0.0,23361000000.0,3209000000.0,20152000000.0,19035987613.0,-234000000.0,452000000.0,0.0,-82000000.0,-73000000.0,-126000000.0,-278000000.0,0.0,170000000.0,0.0,9000000.0,9000000.0,9000000.0,-1000000.0,34000000.0,0.002,-269000000.0,775000000.0,2576000000.0,,2.047,-79.648,-77.176,29584000000.0,0.0,13.12,1.322,1.322,741000000.0,-12280000000.0,3911000000.0,3911000000.0,21000000.0,,,,,11000000.0,94000000.0,1.0,1450913690.0,1451000000,1451000000.0,2.695,40809000000.0,426000000.0,329000000.0,4329000000.0,28.125,4706000000.0
7,FCX,MRQ,2019-09-30,2019-09-30,2019-09-30,2021-08-05,-570000000.0,40943000000.0,,8347000000.0,32596000000.0,,6.504,-623000000.0,2247000000.0,2247000000.0,3033000000.0,-234000000.0,2.469,2.478,9919000000.0,4000000.0,9915000000.0,9919000000.0,0.0,322000000.0,0.0,0.021,0.05,7000000.0,329000000.0,0.104,329000000.0,7000000.0,-116000000.0,-0.15,-0.15,-0.15,9444000000.0,,9444000000.0,21178022793.0,27.0,9.626,-399000000.0,-0.275,1.0,120000000.0,0.038,0.0,123000000.0,45234000000.0,,5734000000.0,0.0,0.0,0.0,23401000000.0,3381000000.0,20020000000.0,13885022793.0,-494000000.0,0.0,0.0,-1000000.0,-72000000.0,-60000000.0,-658000000.0,0.0,224000000.0,0.0,-207000000.0,-207000000.0,-207000000.0,-1000000.0,-27000000.0,-0.066,158000000.0,-38000000.0,2755000000.0,-0.333,1.47,58.587,63.8,29330000000.0,0.0,9.57,0.98,0.98,731000000.0,-12289000000.0,3153000000.0,3153000000.0,25000000.0,,,,,12000000.0,101000000.0,1.0,1450890574.0,1452000000,1452000000.0,2.171,40943000000.0,263000000.0,91000000.0,4306000000.0,28.198,4966000000.0
8,FCX,MRQ,2019-06-30,2019-06-30,2019-06-30,2021-08-05,-582000000.0,41086000000.0,,8730000000.0,32356000000.0,,6.691,-585000000.0,2623000000.0,2623000000.0,3359000000.0,-74000000.0,2.657,2.397,9916000000.0,4000000.0,9912000000.0,9916000000.0,0.0,352000000.0,0.0,0.017,0.05,45000000.0,397000000.0,0.112,397000000.0,45000000.0,-87000000.0,-0.05,-0.05,-0.05,9709000000.0,,9709000000.0,23913867137.0,12.0,6.736,-31000000.0,-0.021,1.0,187000000.0,0.053,0.0,132000000.0,45093000000.0,,5724000000.0,0.0,0.0,0.0,23269000000.0,3286000000.0,19983000000.0,16841867137.0,-106000000.0,0.0,0.0,7000000.0,-73000000.0,-39000000.0,-621000000.0,0.0,554000000.0,0.0,-72000000.0,-72000000.0,-72000000.0,0.0,-2000000.0,-0.02,154000000.0,33000000.0,2721000000.0,-1.0,1.735,16.842,17.074,28841000000.0,0.0,11.61,1.057,1.058,725000000.0,-12082000000.0,3546000000.0,3546000000.0,31000000.0,,,,,11000000.0,92000000.0,1.0,1450634551.0,1451000000,1451000000.0,2.444,41086000000.0,245000000.0,-15000000.0,4118000000.0,28.316,5444000000.0
9,FCX,MRQ,2019-03-31,2019-03-31,2019-03-31,2021-08-05,-594000000.0,41059000000.0,,9045000000.0,32014000000.0,,6.742,-510000000.0,2833000000.0,2833000000.0,3323000000.0,76000000.0,2.786,2.373,9905000000.0,3000000.0,9902000000.0,9905000000.0,0.0,347000000.0,0.0,0.016,0.05,282000000.0,629000000.0,0.166,629000000.0,282000000.0,136000000.0,0.02,0.02,0.02,9783000000.0,,9783000000.0,25602369028.0,7.0,4.999,24000000.0,0.017,1.0,469000000.0,0.124,0.0,146000000.0,44884000000.0,,5804000000.0,0.0,0.0,0.0,23218000000.0,3247000000.0,19971000000.0,18678369028.0,-1343000000.0,0.0,0.0,-1242000000.0,-73000000.0,-1331000000.0,-546000000.0,0.0,534000000.0,0.0,31000000.0,31000000.0,31000000.0,-1000000.0,45000000.0,0.008,148000000.0,321000000.0,2599000000.0,2.5,1.909,9.623,9.692,28497000000.0,0.0,12.89,1.064,1.066,781000000.0,-12010000000.0,3792000000.0,3792000000.0,27000000.0,,,,,29000000.0,112000000.0,1.0,1449058885.0,1451000000,1457000000.0,2.613,41059000000.0,410000000.0,105000000.0,4217000000.0,28.297,5798000000.0
10,FCX,MRQ,2018-12-31,2018-12-31,2018-12-31,2021-08-05,-605000000.0,42216000000.0,,10464000000.0,31752000000.0,,6.762,-556000000.0,4217000000.0,4217000000.0,3323000000.0,378000000.0,3.143,2.483,11141000000.0,17000000.0,11124000000.0,11141000000.0,0.0,403000000.0,0.0,0.015,0.05,442000000.0,845000000.0,0.229,845000000.0,442000000.0,-67000000.0,0.33,0.33,0.33,9798000000.0,,9798000000.0,21510537076.0,5.0,3.419,-618000000.0,-0.427,1.0,361000000.0,0.098,0.0,509000000.0,45811000000.0,,6073000000.0,0.0,0.0,0.0,24324000000.0,3329000000.0,20995000000.0,14939537076.0,-368000000.0,-3043000000.0,-4000000.0,-150000000.0,-73000000.0,3240000000.0,-3546000000.0,0.0,-62000000.0,0.0,485000000.0,485000000.0,485000000.0,-4000000.0,-107000000.0,0.132,45000000.0,316000000.0,2625000000.0,0.152,1.525,5.742,5.76,28010000000.0,0.0,10.31,0.802,0.802,829000000.0,-12041000000.0,3684000000.0,3684000000.0,33000000.0,,,,,6000000.0,81000000.0,1.0,1449033664.0,1449000000,1458000000.0,2.542,42216000000.0,493000000.0,-552000000.0,4197000000.0,29.135,7135000000.0
11,FCX,MRQ,2018-09-30,2018-09-30,2018-09-30,2021-08-05,-532000000.0,37749000000.0,,10921000000.0,26828000000.0,,6.881,-471000000.0,4556000000.0,4556000000.0,3527000000.0,664000000.0,2.836,2.435,11127000000.0,4000000.0,11123000000.0,11127000000.0,0.0,458000000.0,0.0,0.007,0.05,1221000000.0,1679000000.0,0.342,1679000000.0,1221000000.0,1078000000.0,0.38,0.38,0.38,9977000000.0,,9977000000.0,27438119185.0,5.0,3.785,776000000.0,0.535,1.0,1381000000.0,0.281,0.0,143000000.0,40469000000.0,,5402000000.0,0.0,0.0,0.0,24295000000.0,3851000000.0,20444000000.0,20170119185.0,682000000.0,0.0,-1000000.0,10000000.0,-72000000.0,-63000000.0,-502000000.0,0.0,1247000000.0,0.0,556000000.0,556000000.0,556000000.0,4000000.0,108000000.0,0.113,66000000.0,1315000000.0,2396000000.0,0.132,2.022,6.387,6.415,23013000000.0,0.0,13.92,1.009,1.01,1064000000.0,-12526000000.0,4908000000.0,4908000000.0,27000000.0,,,,,10000000.0,101000000.0,1.0,1449002815.0,1450000000,1458000000.0,3.385,37749000000.0,226000000.0,522000000.0,4484000000.0,26.034,7070000000.0
12,FCX,MRQ,2018-06-30,2018-06-30,2018-06-30,2021-08-05,-464000000.0,37028000000.0,,10343000000.0,26685000000.0,,6.538,-458000000.0,3859000000.0,3859000000.0,3357000000.0,1035000000.0,2.723,2.553,11127000000.0,4000000.0,11123000000.0,11127000000.0,0.0,442000000.0,0.0,0.003,0.05,1526000000.0,1968000000.0,0.381,1968000000.0,1526000000.0,1384000000.0,0.6,0.59,0.6,9474000000.0,,9474000000.0,32910188013.0,6.0,4.729,851000000.0,0.587,1.0,1811000000.0,0.35,0.0,142000000.0,40497000000.0,,5547000000.0,0.0,0.0,0.0,24186000000.0,3799000000.0,20387000000.0,25006188013.0,142000000.0,0.0,2000000.0,-434000000.0,-73000000.0,-689000000.0,-478000000.0,0.0,1309000000.0,0.0,869000000.0,869000000.0,869000000.0,4000000.0,166000000.0,0.168,147000000.0,1664000000.0,2420000000.0,0.083,2.639,8.677,8.717,22923000000.0,0.0,17.26,1.29,1.29,1077000000.0,-13161000000.0,5168000000.0,5168000000.0,24000000.0,,,,,11000000.0,109000000.0,1.0,1448794207.0,1449000000,1458000000.0,3.567,37028000000.0,225000000.0,515000000.0,4271000000.0,25.554,6544000000.0
13,FCX,MRQ,2018-03-31,2018-03-31,2018-03-31,2021-08-05,-475000000.0,36637000000.0,,10106000000.0,26531000000.0,,5.974,-363000000.0,3702000000.0,3702000000.0,3259000000.0,817000000.0,2.326,2.855,11606000000.0,483000000.0,11123000000.0,11606000000.0,0.0,451000000.0,0.0,0.0,0.0,1349000000.0,1800000000.0,0.37,1800000000.0,1349000000.0,1198000000.0,0.47,0.47,0.47,8656000000.0,,8656000000.0,34108632135.0,8.0,5.63,1006000000.0,0.694,1.0,1609000000.0,0.331,0.0,151000000.0,40197000000.0,,5272000000.0,0.0,0.0,0.0,24711000000.0,4344000000.0,20367000000.0,25438632135.0,-711000000.0,0.0,3000000.0,-1511000000.0,0.0,-1588000000.0,-492000000.0,0.0,1369000000.0,0.0,692000000.0,692000000.0,692000000.0,11000000.0,125000000.0,0.142,150000000.0,1459000000.0,2209000000.0,0.0,2.939,11.152,11.263,22792000000.0,0.0,17.57,1.419,1.42,1222000000.0,-14030000000.0,4868000000.0,4868000000.0,21000000.0,,,,,49000000.0,131000000.0,1.0,1447844743.0,1449000000,1458000000.0,3.36,36637000000.0,222000000.0,506000000.0,4391000000.0,25.284,5762000000.0
14,FCX,MRQ,2017-12-31,2017-12-31,2017-12-31,2021-08-05,-487000000.0,37302000000.0,,10626000000.0,26676000000.0,,5.513,-392000000.0,4526000000.0,4526000000.0,3261000000.0,1209000000.0,2.162,3.26,13229000000.0,1414000000.0,11815000000.0,13229000000.0,0.0,457000000.0,0.0,0.0,0.0,1345000000.0,1802000000.0,0.357,1802000000.0,1345000000.0,1177000000.0,0.72,0.72,0.72,7977000000.0,,7977000000.0,37271319065.0,11.0,7.141,1262000000.0,0.872,1.0,1780000000.0,0.353,0.0,168000000.0,41091000000.0,,5558000000.0,0.0,0.0,0.0,26006000000.0,4914000000.0,21092000000.0,27446319065.0,-481000000.0,0.0,10000000.0,-1661000000.0,0.0,-1768000000.0,-367000000.0,0.0,1654000000.0,0.0,1041000000.0,1041000000.0,1041000000.0,-16000000.0,168000000.0,0.207,301000000.0,1479000000.0,2497000000.0,0.0,3.441,15.105,15.168,22994000000.0,0.0,18.96,1.673,1.673,1322000000.0,-14722000000.0,5041000000.0,5041000000.0,33000000.0,,,,,13000000.0,115000000.0,1.0,1447590668.0,1447000000,1457000000.0,3.484,37302000000.0,343000000.0,136000000.0,4246000000.0,25.779,5712000000.0
15,FCX,MRQ,2017-09-30,2017-09-30,2017-09-30,2021-08-05,-443000000.0,37327000000.0,,11150000000.0,26177000000.0,,4.816,-199000000.0,4957000000.0,4957000000.0,3212000000.0,245000000.0,2.021,3.886,14782000000.0,2215000000.0,12567000000.0,14782000000.0,0.0,418000000.0,0.0,0.0,0.0,971000000.0,1389000000.0,0.322,1389000000.0,971000000.0,667000000.0,0.19,0.19,0.19,6973000000.0,,6973000000.0,31007195643.0,11.0,6.738,984000000.0,0.68,1.0,1098000000.0,0.255,0.0,304000000.0,41635000000.0,,5310000000.0,0.0,0.0,0.0,27097000000.0,5517000000.0,21580000000.0,20320195643.0,349000000.0,0.0,-2000000.0,-552000000.0,0.0,-583000000.0,-251000000.0,0.0,1183000000.0,0.0,280000000.0,280000000.0,280000000.0,-3000000.0,-35000000.0,0.065,170000000.0,928000000.0,2098000000.0,0.0,2.914,19.026,17.122,22934000000.0,0.0,14.04,1.291,1.292,1024000000.0,-15763000000.0,4310000000.0,4310000000.0,27000000.0,,,,,14000000.0,104000000.0,1.0,1447307382.0,1448000000,1454000000.0,2.977,37327000000.0,522000000.0,387000000.0,4235000000.0,25.778,5633000000.0
16,FCX,MRQ,2017-06-30,2017-06-30,2017-06-30,2021-08-05,-456000000.0,37043000000.0,,10417000000.0,26626000000.0,,4.612,-283000000.0,4667000000.0,4667000000.0,2930000000.0,335000000.0,2.107,4.054,15354000000.0,2216000000.0,13138000000.0,15354000000.0,0.0,450000000.0,0.0,0.0,0.0,617000000.0,1067000000.0,0.288,1067000000.0,617000000.0,455000000.0,0.18,0.18,0.18,6673000000.0,,6673000000.0,28738222569.0,14.0,6.878,754000000.0,0.521,1.0,781000000.0,0.21,0.0,162000000.0,42786000000.0,,5196000000.0,0.0,0.0,0.0,27050000000.0,4944000000.0,22106000000.0,17376222569.0,670000000.0,0.0,-3000000.0,14000000.0,-1000000.0,-25000000.0,-342000000.0,0.0,1037000000.0,0.0,269000000.0,268000000.0,268000000.0,-9000000.0,66000000.0,0.072,95000000.0,686000000.0,1880000000.0,0.0,2.604,17.29,15.203,23115000000.0,1000000.0,12.01,1.135,1.135,802000000.0,-16043000000.0,3711000000.0,3711000000.0,19000000.0,,,,,10000000.0,107000000.0,1.0,1446812870.0,1447000000,1453000000.0,2.565,37043000000.0,632000000.0,186000000.0,4066000000.0,25.6,5473000000.0
17,FCX,MRQ,2017-03-31,2017-03-31,2017-03-31,2021-08-05,-537000000.0,36576000000.0,,9767000000.0,26809000000.0,,4.369,-288000000.0,4001000000.0,4001000000.0,2577000000.0,306000000.0,2.017,4.272,15363000000.0,2228000000.0,13135000000.0,15363000000.0,0.0,389000000.0,0.0,0.0,0.0,572000000.0,961000000.0,0.288,961000000.0,572000000.0,405000000.0,0.16,0.16,0.16,6318000000.0,,6318000000.0,31092279044.0,23.0,8.594,504000000.0,0.349,1.0,764000000.0,0.229,0.0,167000000.0,43096000000.0,,5388000000.0,0.0,0.0,0.0,26989000000.0,4842000000.0,22147000000.0,19310279044.0,-248000000.0,0.0,-5000000.0,-658000000.0,-1000000.0,-679000000.0,-361000000.0,0.0,792000000.0,0.0,231000000.0,228000000.0,228000000.0,-38000000.0,75000000.0,0.068,167000000.0,597000000.0,1780000000.0,0.0,3.056,74.846,58.087,23174000000.0,3000000.0,13.36,1.293,1.294,734000000.0,-16311000000.0,3341000000.0,3341000000.0,14000000.0,,,,,34000000.0,151000000.0,1.0,1445380168.0,1446000000,1454000000.0,2.311,36576000000.0,665000000.0,174000000.0,3976000000.0,25.295,4925000000.0
18,FCX,MRQ,2016-12-31,2016-12-31,2016-12-31,2021-08-05,-548000000.0,37317000000.0,,10435000000.0,26882000000.0,,4.307,4552000000.0,4245000000.0,4245000000.0,3296000000.0,200000000.0,2.447,4.637,16027000000.0,1232000000.0,14795000000.0,16027000000.0,0.0,593000000.0,0.0,0.0,0.0,592000000.0,1185000000.0,0.271,1185000000.0,592000000.0,411000000.0,0.29,0.29,0.29,6051000000.0,,6051000000.0,35834668743.0,-11.0,-69.447,5695000000.0,4.053,1.0,1081000000.0,0.247,0.0,181000000.0,44834000000.0,,5275000000.0,0.0,0.0,0.0,28060000000.0,4265000000.0,23795000000.0,17960668743.0,3172000000.0,0.0,1073000000.0,-2868000000.0,-1000000.0,-2418000000.0,4447000000.0,0.0,1143000000.0,0.0,119000000.0,292000000.0,292000000.0,2000000.0,81000000.0,0.067,315000000.0,766000000.0,2393000000.0,0.0,2.968,-4.324,-4.174,23293000000.0,-192000000.0,13.19,1.211,1.172,1126000000.0,-16540000000.0,4377000000.0,4377000000.0,17000000.0,,,,,86000000.0,189000000.0,1.0,1361688305.0,1405000000,1405000000.0,3.115,37317000000.0,879000000.0,292000000.0,3834000000.0,26.56,6170000000.0
19,FCX,MRQ,2016-09-30,2016-09-30,2016-09-30,2021-08-05,-476000000.0,41400000000.0,,11505000000.0,29895000000.0,,3.516,-304000000.0,1108000000.0,1108000000.0,3411000000.0,286000000.0,2.564,6.669,18982000000.0,802000000.0,18180000000.0,18982000000.0,0.0,643000000.0,0.0,0.005,0.0,322000000.0,965000000.0,0.249,965000000.0,322000000.0,135000000.0,0.16,0.16,0.16,4732000000.0,,4732000000.0,33391883335.0,-4.0,-6.69,676000000.0,0.502,1.0,466000000.0,0.12,0.0,187000000.0,54786000000.0,,5408000000.0,0.0,0.0,0.0,31560000000.0,4488000000.0,27072000000.0,14424883335.0,746000000.0,0.0,410000000.0,-238000000.0,0.0,125000000.0,-359000000.0,0.0,980000000.0,0.0,249000000.0,217000000.0,217000000.0,6000000.0,37000000.0,0.056,107000000.0,359000000.0,2347000000.0,0.0,3.048,-1.692,-1.527,26038000000.0,10000000.0,10.86,1.033,1.046,885000000.0,-16832000000.0,3877000000.0,3877000000.0,13000000.0,,,,,-42000000.0,110000000.0,1.0,1328258134.0,1346000000,1351000000.0,2.88,41400000000.0,865000000.0,-114000000.0,3710000000.0,30.758,7017000000.0
20,FCX,MRQ,2016-06-30,2016-06-30,2016-06-30,2021-08-05,-488000000.0,41296000000.0,,10700000000.0,30596000000.0,,3.154,-409000000.0,352000000.0,352000000.0,3879000000.0,-410000000.0,2.357,8.045,19319000000.0,770000000.0,18549000000.0,19319000000.0,0.0,652000000.0,0.0,0.009,0.0,-145000000.0,507000000.0,0.152,507000000.0,-145000000.0,-341000000.0,-0.38,-0.38,-0.38,4003000000.0,,4003000000.0,34394856355.0,-3.0,-3.795,465000000.0,0.366,1.0,-545000000.0,-0.163,0.0,196000000.0,55723000000.0,,5486000000.0,0.0,0.0,0.0,32206000000.0,4540000000.0,27666000000.0,13948856355.0,99000000.0,996000000.0,0.0,-1192000000.0,-1000000.0,-1220000000.0,445000000.0,0.0,874000000.0,0.0,-457000000.0,-479000000.0,-479000000.0,181000000.0,47000000.0,-0.144,-563000000.0,18000000.0,2569000000.0,0.0,3.485,-1.109,-1.027,26646000000.0,10000000.0,11.14,1.035,1.049,796000000.0,-17049000000.0,3334000000.0,3334000000.0,15000000.0,,,,,12000000.0,160000000.0,1.0,1252141504.0,1269000000,1269000000.0,2.627,41296000000.0,916000000.0,116000000.0,3813000000.0,32.542,6160000000.0
21,FCX,MRQ,2016-03-31,2016-03-31,2016-03-31,2021-08-05,-503000000.0,42664000000.0,,7233000000.0,35431000000.0,,2.951,-414000000.0,331000000.0,331000000.0,6948000000.0,-4101000000.0,1.634,9.189,20777000000.0,1139000000.0,19638000000.0,20777000000.0,0.0,722000000.0,0.0,0.015,0.0,-3895000000.0,-3173000000.0,-0.979,-3173000000.0,-3895000000.0,-4086000000.0,-3.35,-3.35,-3.35,3692000000.0,,3692000000.0,33148126932.0,-2.0,-2.999,326000000.0,0.261,1.0,-3706000000.0,-1.143,0.0,191000000.0,58684000000.0,,6852000000.0,0.0,0.0,0.0,33927000000.0,4426000000.0,29501000000.0,12944126932.0,107000000.0,0.0,32000000.0,354000000.0,-4000000.0,347000000.0,-980000000.0,0.0,740000000.0,0.0,-4163000000.0,-4184000000.0,-4184000000.0,4000000.0,62000000.0,-1.291,166000000.0,-3872000000.0,2987000000.0,0.0,3.506,-0.928,-0.844,30819000000.0,11000000.0,10.34,0.919,0.919,959000000.0,-16570000000.0,3242000000.0,3242000000.0,18000000.0,,,,,30000000.0,138000000.0,1.0,1251849800.0,1251000000,1251000000.0,2.592,42664000000.0,1182000000.0,77000000.0,4472000000.0,34.104,2807000000.0
22,FCX,MRQ,2015-12-31,2015-12-31,2015-12-31,2021-08-05,-503000000.0,46577000000.0,,7462000000.0,39115000000.0,,6.645,1756000000.0,177000000.0,177000000.0,7435000000.0,-4094000000.0,1.733,4.314,20324000000.0,649000000.0,19675000000.0,20324000000.0,0.0,780000000.0,0.0,0.068,0.05,-4070000000.0,-3290000000.0,-0.936,-3290000000.0,-4070000000.0,-4249000000.0,-3.54,-3.54,-3.54,7828000000.0,,7828000000.0,28185241342.0,-2.0,-2.832,2368000000.0,2.01,1.0,-3919000000.0,-1.115,0.0,179000000.0,62417000000.0,,5738000000.0,0.0,0.0,0.0,33769000000.0,4307000000.0,29462000000.0,7825241342.0,-114000000.0,0.0,937000000.0,-264000000.0,-58000000.0,579000000.0,-1305000000.0,0.0,612000000.0,0.0,-4060000000.0,-4081000000.0,-4081000000.0,4000000.0,-34000000.0,-1.161,178000000.0,-4097000000.0,3232000000.0,-0.014,1.0,-0.64,-0.599,31079000000.0,10000000.0,6.77,0.536,0.501,797000000.0,-12387000000.0,3516000000.0,3516000000.0,24000000.0,,,,,85000000.0,137000000.0,1.0,1155870213.0,1178000000,1178000000.0,2.985,46577000000.0,1332000000.0,-189000000.0,3590000000.0,39.539,3155000000.0
23,FCX,MRQ,2015-09-30,2015-09-30,2015-09-30,2021-08-05,-509000000.0,50383000000.0,,8155000000.0,42228000000.0,,10.22,-1391000000.0,338000000.0,338000000.0,7161000000.0,-3790000000.0,1.689,3.144,20698000000.0,906000000.0,19792000000.0,20698000000.0,0.0,888000000.0,0.0,0.075,0.05,-3995000000.0,-3107000000.0,-0.919,-3107000000.0,-3995000000.0,-4152000000.0,-3.58,-3.58,-3.58,10946000000.0,,10946000000.0,30515811849.0,-2.0,-3.358,-569000000.0,-0.531,1.0,-3779000000.0,-1.117,0.0,157000000.0,65916000000.0,,7671000000.0,0.0,0.0,0.0,34417000000.0,4827000000.0,29590000000.0,10079811849.0,-128000000.0,0.0,999000000.0,-203000000.0,-167000000.0,599000000.0,-1549000000.0,0.0,822000000.0,0.0,-3803000000.0,-3830000000.0,-3830000000.0,-25000000.0,13000000.0,-1.132,185000000.0,-3964000000.0,3445000000.0,-0.014,0.921,-0.916,-0.925,37925000000.0,11000000.0,9.69,0.66,0.68,1902000000.0,-8305000000.0,3382000000.0,3382000000.0,26000000.0,,,,,0.0,122000000.0,1.0,1040228261.0,1071000000,1071000000.0,3.158,50383000000.0,0.0,-349000000.0,4438000000.0,47.043,3328000000.0
24,FCX,MRQ,2015-06-30,2015-06-30,2015-06-30,2021-08-05,-523000000.0,54008000000.0,,8697000000.0,45311000000.0,,13.274,-1519000000.0,466000000.0,466000000.0,6170000000.0,-1799000000.0,1.835,2.55,20902000000.0,791000000.0,20111000000.0,20902000000.0,0.0,890000000.0,0.0,0.053,0.05,-2372000000.0,-1482000000.0,-0.376,-1482000000.0,-2372000000.0,-2514000000.0,-1.78,-1.78,-1.78,13805000000.0,,13805000000.0,39128634344.0,-5.0,-9.866,-450000000.0,-0.433,1.0,-2232000000.0,-0.567,0.0,142000000.0,69705000000.0,,7708000000.0,0.0,0.0,0.0,35196000000.0,4739000000.0,30457000000.0,19365634344.0,-83000000.0,0.0,0.0,591000000.0,-53000000.0,500000000.0,-1652000000.0,0.0,1069000000.0,0.0,-1815000000.0,-1851000000.0,-1851000000.0,-29000000.0,16000000.0,-0.47,189000000.0,-2421000000.0,3376000000.0,-0.028,1.403,-2.923,-2.923,41056000000.0,10000000.0,18.62,1.101,1.101,2272000000.0,-4417000000.0,3938000000.0,3938000000.0,30000000.0,,,,,0.0,148000000.0,1.0,1040044809.0,1040000000,1040000000.0,3.787,54008000000.0,0.0,-699000000.0,4937000000.0,51.931,3958000000.0
25,FCX,MRQ,2015-03-31,2015-03-31,2015-03-31,2021-08-05,-532000000.0,56065000000.0,,8854000000.0,47211000000.0,,15.186,-1837000000.0,549000000.0,549000000.0,6955000000.0,-2406000000.0,2.008,2.234,20312000000.0,558000000.0,19754000000.0,20312000000.0,0.0,939000000.0,0.0,0.066,0.313,-3013000000.0,-2074000000.0,-0.499,-2074000000.0,-3013000000.0,-3159000000.0,-2.38,-2.38,-2.38,15793000000.0,,15793000000.0,38211404513.0,-9.0,-78.463,-1120000000.0,-1.077,1.0,-2802000000.0,-0.675,0.0,146000000.0,71418000000.0,,7499000000.0,0.0,0.0,0.0,35279000000.0,4410000000.0,30869000000.0,19705404513.0,85000000.0,0.0,0.0,1471000000.0,-327000000.0,1108000000.0,-1740000000.0,0.0,717000000.0,0.0,-2464000000.0,-2474000000.0,-2474000000.0,0.0,58000000.0,-0.596,161000000.0,-2963000000.0,3111000000.0,-0.132,1.248,-4.591,-4.588,42973000000.0,10000000.0,18.95,1.028,1.028,2396000000.0,-2398000000.0,4153000000.0,4153000000.0,33000000.0,,,,,0.0,154000000.0,1.0,1039863035.0,1040000000,1040000000.0,3.993,56065000000.0,0.0,-695000000.0,5989000000.0,53.909,4444000000.0
26,FCX,MRQ,2014-12-31,2014-12-31,2014-12-31,2021-08-05,-544000000.0,58674000000.0,,9045000000.0,49629000000.0,,17.601,3023000000.0,464000000.0,464000000.0,6291000000.0,-2735000000.0,1.749,1.938,18849000000.0,478000000.0,18371000000.0,18849000000.0,0.0,939000000.0,0.0,0.054,0.312,-3363000000.0,-2424000000.0,-0.638,-2424000000.0,-3363000000.0,-3486000000.0,-2.74,-2.73,-2.74,18287000000.0,,18287000000.0,43352799914.0,-159.0,12.073,4141000000.0,3.986,1.0,-2493000000.0,-0.656,0.0,123000000.0,71887000000.0,,7540000000.0,0.0,0.0,0.0,35449000000.0,5172000000.0,30277000000.0,24273799914.0,-194000000.0,-2976000000.0,0.0,-746000000.0,-326000000.0,-1155000000.0,-157000000.0,0.0,1118000000.0,0.0,-2677000000.0,-2852000000.0,-2852000000.0,-277000000.0,-58000000.0,-0.751,1201000000.0,-3694000000.0,3653000000.0,-0.114,1.327,-18.558,-18.54,45494000000.0,10000000.0,23.36,1.214,1.213,1241000000.0,128000000.0,3798000000.0,3798000000.0,13000000.0,,,,,106000000.0,123000000.0,1.0,1039118147.0,1039000000,1021000000.0,3.655,58674000000.0,1322000000.0,-809000000.0,6808000000.0,56.472,3873000000.0
27,FCX,MRQ,2014-09-30,2014-09-30,2014-09-30,2021-08-05,-394000000.0,63976000000.0,,9031000000.0,54945000000.0,,20.781,-1830000000.0,658000000.0,658000000.0,4405000000.0,704000000.0,1.424,1.726,19737000000.0,1762000000.0,17975000000.0,19737000000.0,0.0,945000000.0,0.0,0.038,0.312,1069000000.0,2014000000.0,0.354,2014000000.0,1069000000.0,911000000.0,0.53,0.53,0.53,21591000000.0,,21591000000.0,52762854545.0,12.0,6.262,96000000.0,0.092,1.0,1291000000.0,0.227,1717000000.0,158000000.0,74995000000.0,,8058000000.0,0.0,0.0,0.0,37261000000.0,6343000000.0,30918000000.0,33924854545.0,-800000000.0,-534000000.0,0.0,-487000000.0,-326000000.0,-923000000.0,-1803000000.0,0.0,1926000000.0,0.0,562000000.0,552000000.0,552000000.0,0.0,142000000.0,0.097,159000000.0,1132000000.0,3784000000.0,0.589,1.571,15.071,15.116,48641000000.0,10000000.0,32.65,1.536,1.536,2307000000.0,3306000000.0,5696000000.0,5696000000.0,29000000.0,,,,,0.0,158000000.0,1.0,1039046081.0,1039000000,1046000000.0,5.482,62259000000.0,0.0,349000000.0,7712000000.0,59.922,2688000000.0
28,FCX,MRQ,2014-06-30,2014-06-30,2014-06-30,2021-08-05,-401000000.0,64009000000.0,,10254000000.0,53755000000.0,,20.531,-1931000000.0,1458000000.0,1458000000.0,4095000000.0,660000000.0,1.357,1.762,20296000000.0,2784000000.0,17512000000.0,20296000000.0,0.0,1013000000.0,0.0,0.034,0.312,984000000.0,1997000000.0,0.362,1997000000.0,984000000.0,820000000.0,0.46,0.46,0.46,21332000000.0,,21332000000.0,57421052897.0,12.0,6.509,-545000000.0,-0.525,1.0,1427000000.0,0.258,1717000000.0,164000000.0,73572000000.0,,7888000000.0,0.0,0.0,0.0,37597000000.0,7558000000.0,30039000000.0,37913052897.0,116000000.0,2084000000.0,0.0,-525000000.0,-327000000.0,-1034000000.0,-236000000.0,0.0,1386000000.0,0.0,492000000.0,482000000.0,482000000.0,0.0,168000000.0,0.087,274000000.0,1153000000.0,3950000000.0,0.678,1.777,15.045,15.083,47233000000.0,10000000.0,36.5,1.681,1.681,2758000000.0,3081000000.0,5522000000.0,5522000000.0,34000000.0,,,,,0.0,164000000.0,1.0,1038713778.0,1039000000,1045000000.0,5.315,62292000000.0,0.0,328000000.0,7691000000.0,59.954,2696000000.0
29,FCX,MRQ,2014-03-31,2014-03-31,2014-03-31,2021-08-05,-402000000.0,63843000000.0,,9430000000.0,54413000000.0,,20.376,-1591000000.0,1342000000.0,1342000000.0,3703000000.0,626000000.0,1.752,1.779,20850000000.0,1091000000.0,19759000000.0,20850000000.0,0.0,966000000.0,0.0,0.068,0.312,1038000000.0,2004000000.0,0.402,2004000000.0,1038000000.0,877000000.0,0.49,0.49,0.49,21150000000.0,,21150000000.0,53061482698.0,12.0,6.623,-390000000.0,-0.376,1.0,1282000000.0,0.257,1916000000.0,161000000.0,76052000000.0,,7692000000.0,0.0,0.0,0.0,37617000000.0,5383000000.0,32234000000.0,34340482698.0,-643000000.0,0.0,0.0,162000000.0,-326000000.0,-239000000.0,-1605000000.0,0.0,1201000000.0,0.0,520000000.0,510000000.0,510000000.0,0.0,106000000.0,0.102,171000000.0,1111000000.0,3543000000.0,0.637,1.624,13.627,13.498,48066000000.0,10000000.0,33.07,1.61,1.61,2377000000.0,2926000000.0,4985000000.0,4985000000.0,30000000.0,,,,,0.0,135000000.0,1.0,1038417983.0,1038000000,1044000000.0,4.803,61927000000.0,0.0,357000000.0,7666000000.0,59.66,4047000000.0
30,FCX,MRQ,2013-12-31,2013-12-31,2013-12-31,2021-08-05,-405000000.0,63473000000.0,,9972000000.0,53501000000.0,,20.11,-1586000000.0,1985000000.0,1985000000.0,3955000000.0,959000000.0,2.089,1.793,20706000000.0,312000000.0,20394000000.0,20706000000.0,0.0,1019000000.0,0.0,0.06,0.312,1392000000.0,2411000000.0,0.41,2411000000.0,1392000000.0,1225000000.0,0.68,0.68,0.68,20934000000.0,,20934000000.0,58083975625.0,12.0,7.776,810000000.0,0.778,1.0,1930000000.0,0.328,1916000000.0,167000000.0,75505000000.0,,7404000000.0,0.0,0.0,0.0,37526000000.0,4773000000.0,32753000000.0,39179975625.0,-234000000.0,0.0,0.0,-388000000.0,-324000000.0,-810000000.0,-1820000000.0,0.0,2396000000.0,0.0,717000000.0,707000000.0,707000000.0,0.0,242000000.0,0.12,280000000.0,1650000000.0,3708000000.0,0.459,1.872,14.74,14.242,47401000000.0,10000000.0,37.74,1.873,1.808,1867000000.0,2742000000.0,5885000000.0,5885000000.0,37000000.0,,,,,173000000.0,200000000.0,1.0,1038155157.0,1041000000,1045000000.0,5.653,61557000000.0,695000000.0,508000000.0,7594000000.0,59.133,5199000000.0
31,FCX,MRQ,2013-09-30,2013-09-30,2013-09-30,2021-08-05,-484000000.0,62598000000.0,,9606000000.0,52992000000.0,,19.658,-1561000000.0,2219000000.0,2219000000.0,4251000000.0,1048000000.0,2.136,1.829,21123000000.0,70000000.0,21053000000.0,21123000000.0,0.0,919000000.0,0.0,0.068,0.312,1491000000.0,2410000000.0,0.391,2410000000.0,1491000000.0,1329000000.0,0.79,0.79,0.79,20405000000.0,,20405000000.0,52254065471.0,14.0,8.997,317000000.0,0.305,1.0,1914000000.0,0.31,1932000000.0,162000000.0,75072000000.0,,7157000000.0,0.0,0.0,0.0,37324000000.0,4498000000.0,32826000000.0,34333065471.0,-1075000000.0,-27000000.0,0.0,-67000000.0,-1362000000.0,-1521000000.0,-1432000000.0,0.0,1878000000.0,0.0,830000000.0,821000000.0,821000000.0,0.0,218000000.0,0.133,207000000.0,1707000000.0,3698000000.0,0.395,1.683,12.744,12.073,46647000000.0,9000000.0,33.08,1.756,1.756,2229000000.0,2361000000.0,6165000000.0,6165000000.0,57000000.0,,,,,-65000000.0,158000000.0,1.0,1037879851.0,1038000000,1043000000.0,5.939,60666000000.0,0.0,499000000.0,7063000000.0,58.445,5108000000.0
32,FCX,MRQ,2013-06-30,2013-06-30,2013-06-30,2021-08-05,-495000000.0,63157000000.0,,10578000000.0,52579000000.0,,20.284,-1128000000.0,3294000000.0,3294000000.0,3383000000.0,610000000.0,1.886,1.937,21215000000.0,73000000.0,21142000000.0,21215000000.0,0.0,530000000.0,0.0,0.081,1.312,657000000.0,1187000000.0,0.277,1187000000.0,657000000.0,525000000.0,0.49,0.49,0.49,19878000000.0,,19878000000.0,26719388106.0,7.0,5.246,-94000000.0,-0.096,1.0,905000000.0,0.211,1904000000.0,132000000.0,73564000000.0,,7138000000.0,0.0,0.0,0.0,38508000000.0,5610000000.0,32898000000.0,26222388106.0,-6301000000.0,-5093000000.0,0.0,-96000000.0,-298000000.0,-791000000.0,-6544000000.0,0.0,1034000000.0,0.0,485000000.0,482000000.0,482000000.0,0.0,125000000.0,0.112,266000000.0,639000000.0,3771000000.0,2.678,1.319,9.723,9.791,46214000000.0,3000000.0,27.61,1.473,1.52,1879000000.0,1865000000.0,4288000000.0,4288000000.0,64000000.0,,,,,24000000.0,186000000.0,1.0,949742416.0,980000000,984000000.0,4.376,61253000000.0,0.0,40000000.0,6954000000.0,62.503,4968000000.0
33,FCX,MRQ,2013-03-31,2013-03-31,2013-03-31,2021-08-05,-500000000.0,42588000000.0,,16583000000.0,26005000000.0,,18.884,-771000000.0,9595000000.0,9595000000.0,3048000000.0,824000000.0,5.064,1.156,10092000000.0,4000000.0,10088000000.0,10092000000.0,0.0,329000000.0,0.0,0.038,0.312,1133000000.0,1462000000.0,0.319,1462000000.0,1133000000.0,1076000000.0,0.68,0.68,0.68,17940000000.0,,17940000000.0,31251462827.0,8.0,5.817,60000000.0,0.063,1.0,1535000000.0,0.335,0.0,57000000.0,39810000000.0,,6890000000.0,0.0,0.0,0.0,20739000000.0,3275000000.0,17464000000.0,31429462827.0,5890000000.0,-321000000.0,0.0,6576000000.0,-297000000.0,6171000000.0,-1112000000.0,0.0,831000000.0,0.0,648000000.0,648000000.0,648000000.0,0.0,176000000.0,0.141,180000000.0,1355000000.0,2892000000.0,0.459,1.752,10.745,10.747,21689000000.0,0.0,33.1,1.747,1.748,1769000000.0,2750000000.0,4583000000.0,4583000000.0,52000000.0,,,,,41000000.0,113000000.0,1.0,949530599.0,950000000,953000000.0,4.824,42588000000.0,0.0,428000000.0,3705000000.0,44.829,13308000000.0
34,FCX,MRQ,2012-12-31,2012-12-31,2012-12-31,2021-08-05,-506000000.0,35440000000.0,,10297000000.0,25143000000.0,,18.486,-915000000.0,3705000000.0,3705000000.0,3063000000.0,945000000.0,3.08,0.805,3527000000.0,2000000.0,3525000000.0,3527000000.0,0.0,323000000.0,0.0,0.035,0.312,426000000.0,749000000.0,0.166,749000000.0,426000000.0,388000000.0,0.78,0.78,0.78,17543000000.0,,17543000000.0,32262704123.0,7.0,5.453,350000000.0,0.369,1.0,1450000000.0,0.321,0.0,38000000.0,31919000000.0,,6531000000.0,0.0,0.0,0.0,14129000000.0,3343000000.0,10786000000.0,32466704123.0,-22000000.0,0.0,3000000.0,-1000000.0,-297000000.0,-361000000.0,-926000000.0,0.0,1265000000.0,0.0,6000000.0,743000000.0,743000000.0,0.0,939000000.0,0.165,92000000.0,1358000000.0,2324000000.0,0.4,1.851,10.676,10.688,20999000000.0,-737000000.0,34.2,1.803,1.802,1193000000.0,2399000000.0,4513000000.0,4513000000.0,71000000.0,,,,,23000000.0,120000000.0,1.0,949318834.0,949000000,957000000.0,4.756,35440000000.0,436000000.0,382000000.0,3967000000.0,37.345,6954000000.0
35,FCX,MRQ,2012-09-30,2012-09-30,2012-09-30,2021-08-05,-439000000.0,34517000000.0,,10180000000.0,24337000000.0,,18.06,-948000000.0,3727000000.0,3727000000.0,2890000000.0,1140000000.0,3.232,0.804,3523000000.0,2000000.0,3521000000.0,3523000000.0,0.0,298000000.0,0.0,0.028,0.312,1397000000.0,1695000000.0,0.384,1695000000.0,1397000000.0,1355000000.0,0.87,0.86,0.87,17139000000.0,,17139000000.0,36586229784.0,6.0,5.019,-422000000.0,-0.445,1.0,1527000000.0,0.346,321000000.0,42000000.0,30842000000.0,,6305000000.0,0.0,0.0,0.0,13774000000.0,3150000000.0,10624000000.0,37571229784.0,-781000000.0,0.0,0.0,-1000000.0,-297000000.0,-321000000.0,-986000000.0,0.0,526000000.0,0.0,1140000000.0,824000000.0,824000000.0,0.0,0.0,0.187,116000000.0,1411000000.0,2531000000.0,0.359,2.192,12.788,12.768,20294000000.0,316000000.0,39.58,2.128,2.127,2670000000.0,1953000000.0,4417000000.0,4417000000.0,79000000.0,,,,,23000000.0,110000000.0,1.0,949247847.0,949000000,953000000.0,4.654,34196000000.0,0.0,215000000.0,3437000000.0,36.034,7030000000.0
36,FCX,MRQ,2012-06-30,2012-06-30,2012-06-30,2021-08-05,-448000000.0,33689000000.0,,10176000000.0,23513000000.0,,17.469,-823000000.0,4508000000.0,4508000000.0,2913000000.0,894000000.0,3.459,0.832,3523000000.0,4000000.0,3519000000.0,3523000000.0,0.0,291000000.0,0.0,0.031,0.312,1175000000.0,1466000000.0,0.328,1466000000.0,1175000000.0,1132000000.0,0.75,0.74,0.75,16578000000.0,,16578000000.0,31361384164.0,5.0,4.025,359000000.0,0.378,1.0,1562000000.0,0.349,324000000.0,43000000.0,29438000000.0,,5873000000.0,0.0,0.0,0.0,13799000000.0,2942000000.0,10857000000.0,32336384164.0,12000000.0,0.0,1000000.0,0.0,-297000000.0,-333000000.0,-837000000.0,0.0,1182000000.0,0.0,710000000.0,710000000.0,710000000.0,0.0,184000000.0,0.159,251000000.0,1311000000.0,2364000000.0,0.416,1.951,10.21,10.201,19613000000.0,0.0,34.07,1.754,1.754,2175000000.0,1426000000.0,4475000000.0,4475000000.0,73000000.0,,,,,22000000.0,97000000.0,1.0,949116060.0,949000000,953000000.0,4.715,33365000000.0,0.0,422000000.0,3598000000.0,35.158,7234000000.0
37,FCX,MRQ,2012-03-31,2012-03-31,2012-03-31,2021-08-05,-453000000.0,32905000000.0,,10252000000.0,22653000000.0,,17.002,-697000000.0,4496000000.0,4496000000.0,2695000000.0,1001000000.0,3.506,0.843,3521000000.0,4000000.0,3517000000.0,3521000000.0,0.0,267000000.0,0.0,0.039,0.25,1318000000.0,1585000000.0,0.344,1585000000.0,1318000000.0,1255000000.0,0.81,0.8,0.81,16135000000.0,,16135000000.0,34790573545.0,4.0,3.892,104000000.0,0.11,1.0,1910000000.0,0.415,326000000.0,63000000.0,28680000000.0,,5843000000.0,0.0,0.0,0.0,13606000000.0,2924000000.0,10682000000.0,36075573545.0,-326000000.0,0.0,-4000000.0,-155000000.0,-238000000.0,-413000000.0,-714000000.0,0.0,801000000.0,0.0,764000000.0,764000000.0,764000000.0,0.0,237000000.0,0.166,176000000.0,1734000000.0,2140000000.0,0.309,2.236,9.432,9.439,18986000000.0,0.0,38.04,1.824,1.825,2164000000.0,1013000000.0,4605000000.0,4605000000.0,62000000.0,,,,,32000000.0,104000000.0,1.0,948358926.0,949000000,955000000.0,4.852,32579000000.0,0.0,491000000.0,3642000000.0,34.33,7328000000.0
38,FCX,MRQ,2011-12-31,2011-12-31,2011-12-31,2021-08-05,-465000000.0,32070000000.0,,10047000000.0,22023000000.0,,16.517,-734000000.0,4822000000.0,4822000000.0,2660000000.0,866000000.0,3.417,0.864,3537000000.0,4000000.0,3533000000.0,3537000000.0,0.0,266000000.0,0.0,0.041,0.25,2278000000.0,2544000000.0,0.611,2544000000.0,2278000000.0,2216000000.0,0.67,0.68,0.67,15642000000.0,,15642000000.0,33280649111.0,4.0,3.273,12000000.0,0.013,1.0,1502000000.0,0.361,0.0,62000000.0,27845000000.0,,5555000000.0,0.0,0.0,0.0,13517000000.0,2940000000.0,10577000000.0,34873649111.0,-306000000.0,0.0,1000000.0,1000000.0,-237000000.0,-242000000.0,-810000000.0,0.0,746000000.0,0.0,1827000000.0,640000000.0,640000000.0,0.0,-961000000.0,0.154,205000000.0,1297000000.0,2194000000.0,0.373,2.229,7.648,7.649,18449000000.0,1187000000.0,36.79,1.67,1.669,1747000000.0,546000000.0,4162000000.0,4162000000.0,77000000.0,,,,,25000000.0,92000000.0,1.0,947911093.0,947000000,955000000.0,4.395,32070000000.0,70000000.0,389000000.0,3521000000.0,33.865,7107000000.0
39,FCX,MRQ,2011-09-30,2011-09-30,2011-09-30,2021-08-05,-314000000.0,31708000000.0,,10708000000.0,21000000000.0,,16.199,-678000000.0,5128000000.0,5128000000.0,2827000000.0,1294000000.0,3.366,0.889,3535000000.0,4000000.0,3531000000.0,3535000000.0,0.0,257000000.0,0.0,0.062,0.25,1939000000.0,2196000000.0,0.423,2196000000.0,1939000000.0,1861000000.0,1.11,1.1,1.11,15357000000.0,,15357000000.0,28026958789.0,3.0,2.659,1157000000.0,1.22,1.0,2368000000.0,0.456,321000000.0,78000000.0,26613000000.0,,5320000000.0,0.0,0.0,0.0,13657000000.0,3181000000.0,10476000000.0,28862958789.0,750000000.0,0.0,5000000.0,-1000000.0,-237000000.0,-373000000.0,-712000000.0,0.0,1835000000.0,0.0,1053000000.0,1053000000.0,1053000000.0,0.0,241000000.0,0.203,218000000.0,2150000000.0,2580000000.0,0.225,1.879,5.278,5.259,17966000000.0,0.0,30.45,1.293,1.293,1446000000.0,144000000.0,5195000000.0,5195000000.0,78000000.0,,,,,23000000.0,102000000.0,1.0,947880420.0,948000000,955000000.0,5.48,31387000000.0,0.0,808000000.0,3475000000.0,33.109,7527000000.0
40,FCX,MRQ,2011-06-30,2011-06-30,2011-06-30,2021-08-05,-316000000.0,30579000000.0,,10173000000.0,20406000000.0,,15.32,-498000000.0,4378000000.0,4378000000.0,2824000000.0,1726000000.0,3.275,0.929,3542000000.0,5000000.0,3537000000.0,3542000000.0,0.0,267000000.0,0.0,0.034,0.75,2348000000.0,2615000000.0,0.45,2615000000.0,2348000000.0,2274000000.0,1.44,1.43,1.44,14508000000.0,,14508000000.0,49606980481.0,5.0,4.62,1182000000.0,1.248,1.0,2990000000.0,0.514,323000000.0,74000000.0,26314000000.0,,5271000000.0,0.0,0.0,0.0,13477000000.0,3106000000.0,10371000000.0,50112980481.0,288000000.0,0.0,17000000.0,-1261000000.0,-711000000.0,-884000000.0,-508000000.0,0.0,1680000000.0,0.0,1368000000.0,1368000000.0,1368000000.0,0.0,358000000.0,0.235,233000000.0,2757000000.0,2343000000.0,0.521,3.454,8.958,8.921,17500000000.0,0.0,52.9,2.249,2.249,1785000000.0,-672000000.0,5814000000.0,5814000000.0,66000000.0,,,,,26000000.0,107000000.0,1.0,947315321.0,947000000,956000000.0,6.139,30256000000.0,0.0,906000000.0,3523000000.0,31.949,7067000000.0
41,FCX,MRQ,2011-03-31,2011-03-31,2011-03-31,2021-08-05,-318000000.0,31008000000.0,,11146000000.0,19862000000.0,,14.589,-466000000.0,5258000000.0,5258000000.0,2609000000.0,1861000000.0,2.346,1.081,4752000000.0,1170000000.0,3582000000.0,4752000000.0,0.0,232000000.0,0.0,0.02,0.25,2581000000.0,2813000000.0,0.493,2813000000.0,2581000000.0,2483000000.0,1.58,1.57,1.58,13801000000.0,,13801000000.0,53594977843.0,6.0,5.588,1893000000.0,2.001,1.0,3100000000.0,0.543,325000000.0,98000000.0,25426000000.0,,5111000000.0,0.0,0.0,0.0,14917000000.0,4751000000.0,10166000000.0,52577977843.0,352000000.0,0.0,-20000000.0,-4000000.0,-238000000.0,-1502000000.0,-505000000.0,0.0,2359000000.0,0.0,1499000000.0,1499000000.0,1499000000.0,0.0,362000000.0,0.263,164000000.0,2936000000.0,2318000000.0,0.158,3.81,10.785,10.683,17076000000.0,0.0,55.55,2.586,2.585,1899000000.0,-1328000000.0,5709000000.0,5709000000.0,50000000.0,,,,,43000000.0,114000000.0,1.0,946498251.0,946000000,955000000.0,6.035,30683000000.0,0.0,984000000.0,3862000000.0,32.434,6395000000.0
42,FCX,MRQ,2010-12-31,2010-12-31,2010-12-31,2021-08-05,-323000000.0,29386000000.0,,9851000000.0,19535000000.0,,13.274,-501000000.0,3738000000.0,3738000000.0,2349000000.0,1964000000.0,2.618,1.186,4755000000.0,95000000.0,4660000000.0,4755000000.0,0.0,248000000.0,0.0,0.016,0.65,2668000000.0,2916000000.0,0.52,2916000000.0,2668000000.0,2576000000.0,1.66,1.63,1.66,12504000000.0,,12504000000.0,57606895858.0,7.0,6.534,1554000000.0,1.65,1.0,3254000000.0,0.581,328000000.0,92000000.0,26312000000.0,,4859000000.0,0.0,0.0,0.0,14826000000.0,3763000000.0,11063000000.0,56547895858.0,18000000.0,-500000000.0,84000000.0,-28000000.0,-613000000.0,-1025000000.0,-1012000000.0,0.0,2055000000.0,0.0,1549000000.0,1549000000.0,1549000000.0,0.0,415000000.0,0.276,157000000.0,3097000000.0,2441000000.0,0.392,4.522,13.234,12.858,16785000000.0,0.0,60.045,2.979,2.894,2625000000.0,-2590000000.0,5603000000.0,5603000000.0,39000000.0,,,,,28000000.0,104000000.0,1.0,941758612.0,942000000,955000000.0,5.948,29058000000.0,0.0,1027000000.0,3521000000.0,30.847,6088000000.0
43,FCX,MRQ,2010-09-30,2010-09-30,2010-09-30,2021-08-05,-263000000.0,27951000000.0,,9078000000.0,18873000000.0,,12.323,-335000000.0,3720000000.0,3720000000.0,2534000000.0,1533000000.0,2.774,1.227,4779000000.0,98000000.0,4681000000.0,4779000000.0,0.0,268000000.0,0.0,0.007,0.15,2126000000.0,2394000000.0,0.465,2394000000.0,2126000000.0,2023000000.0,1.25,1.24,1.25,11596000000.0,,11596000000.0,41913581274.0,6.0,5.188,1001000000.0,1.064,1.0,2618000000.0,0.508,330000000.0,103000000.0,25408000000.0,,4430000000.0,0.0,0.0,0.0,14230000000.0,3272000000.0,10958000000.0,40170581274.0,678000000.0,0.0,3000000.0,-6000000.0,-142000000.0,-320000000.0,-338000000.0,0.0,1336000000.0,0.0,1178000000.0,1178000000.0,1178000000.0,0.0,355000000.0,0.229,119000000.0,2499000000.0,2404000000.0,0.12,3.464,10.872,10.288,16461000000.0,0.0,42.695,2.233,2.233,2115000000.0,-3429000000.0,5152000000.0,5152000000.0,35000000.0,,,,,18000000.0,81000000.0,1.0,940873200.0,941000000,947000000.0,5.475,27621000000.0,0.0,845000000.0,3202000000.0,29.353,5806000000.0
44,FCX,MRQ,2010-06-30,2010-06-30,2010-06-30,2021-08-05,-268000000.0,25979000000.0,,7293000000.0,18686000000.0,,11.51,-281000000.0,3042000000.0,3042000000.0,2301000000.0,832000000.0,2.445,1.299,4785000000.0,101000000.0,4684000000.0,4785000000.0,0.0,249000000.0,0.0,0.005,0.075,1219000000.0,1468000000.0,0.38,1468000000.0,1219000000.0,1097000000.0,0.71,0.7,0.71,10532000000.0,,10532000000.0,27895463941.0,4.0,3.594,783000000.0,0.856,1.0,1563000000.0,0.405,333000000.0,122000000.0,24406000000.0,,4249000000.0,0.0,0.0,0.0,13686000000.0,2983000000.0,10703000000.0,25582463941.0,-710000000.0,0.0,4000000.0,-1315000000.0,-64000000.0,-1484000000.0,-290000000.0,0.0,1064000000.0,0.0,664000000.0,649000000.0,649000000.0,0.0,168000000.0,0.168,139000000.0,1424000000.0,2065000000.0,0.106,2.429,7.432,7.364,16272000000.0,15000000.0,29.565,1.507,1.593,1244000000.0,-4466000000.0,3864000000.0,3864000000.0,38000000.0,,,,,28000000.0,101000000.0,1.0,865295584.0,915000000,947000000.0,4.223,25646000000.0,0.0,433000000.0,2852000000.0,28.028,4310000000.0
45,FCX,MRQ,2010-03-31,2010-03-31,2010-03-31,2021-08-05,-270000000.0,27113000000.0,,8566000000.0,18547000000.0,,11.605,-211000000.0,3752000000.0,3752000000.0,2189000000.0,1215000000.0,1.989,1.529,6065000000.0,1017000000.0,5048000000.0,6065000000.0,0.0,271000000.0,0.0,0.002,0.075,1768000000.0,2039000000.0,0.467,2039000000.0,1768000000.0,1623000000.0,1.04,1.0,1.04,9992000000.0,,9992000000.0,39659412380.0,6.0,5.021,1607000000.0,1.866,1.0,2174000000.0,0.498,336000000.0,145000000.0,24783000000.0,,4291000000.0,0.0,0.0,0.0,15280000000.0,4307000000.0,10973000000.0,35969412380.0,1096000000.0,0.0,-10000000.0,-305000000.0,-66000000.0,-493000000.0,-229000000.0,0.0,1818000000.0,0.0,945000000.0,897000000.0,897000000.0,0.0,270000000.0,0.206,126000000.0,2048000000.0,2133000000.0,0.072,3.6,10.639,10.391,16175000000.0,48000000.0,41.77,2.141,2.141,1733000000.0,-4973000000.0,4363000000.0,4363000000.0,31000000.0,,,,,47000000.0,95000000.0,1.0,861130294.0,861000000,947000000.0,5.067,26777000000.0,0.0,678000000.0,3328000000.0,31.1,4259000000.0
46,FCX,MRQ,2009-12-31,2009-12-31,2009-12-31,2021-08-05,-273000000.0,25996000000.0,,7433000000.0,18563000000.0,,10.579,-503000000.0,2656000000.0,2656000000.0,2175000000.0,1312000000.0,2.476,1.671,6346000000.0,16000000.0,6330000000.0,6346000000.0,0.0,274000000.0,0.0,0.0,0.0,1904000000.0,2178000000.0,0.472,2178000000.0,1904000000.0,1769000000.0,1.15,1.08,1.15,9119000000.0,,9119000000.0,38867872665.0,7.0,5.84,1044000000.0,1.211,1.0,2435000000.0,0.528,347000000.0,135000000.0,26337000000.0,,4191000000.0,0.0,0.0,0.0,15239000000.0,3002000000.0,12237000000.0,34514872665.0,387000000.0,8000000.0,15000000.0,-291000000.0,0.0,-705000000.0,-455000000.0,0.0,1547000000.0,0.0,1019000000.0,971000000.0,971000000.0,0.0,293000000.0,0.211,196000000.0,2239000000.0,2038000000.0,0.0,3.785,13.658,13.162,16195000000.0,48000000.0,40.145,2.295,2.213,1664000000.0,-5805000000.0,4610000000.0,4610000000.0,17000000.0,,,,,27000000.0,96000000.0,1.0,859755204.0,862000000,938000000.0,5.348,25649000000.0,139000000.0,750000000.0,2977000000.0,29.755,4431000000.0
47,FCX,MRQ,2009-09-30,2009-09-30,2009-09-30,2021-08-05,-224000000.0,25705000000.0,,7406000000.0,18299000000.0,,9.867,-216000000.0,2269000000.0,2269000000.0,1967000000.0,1203000000.0,2.346,1.921,6622000000.0,44000000.0,6578000000.0,6622000000.0,0.0,252000000.0,0.0,0.007,0.0,1825000000.0,2077000000.0,0.501,2077000000.0,1825000000.0,1663000000.0,1.115,1.035,1.115,8209000000.0,,8209000000.0,34157257969.0,-2.0,-2.579,1738000000.0,2.089,1.0,2177000000.0,0.525,342000000.0,162000000.0,26559000000.0,,4210000000.0,0.0,0.0,0.0,15771000000.0,3157000000.0,12614000000.0,28253257969.0,950000000.0,-7000000.0,-2000000.0,-629000000.0,0.0,-753000000.0,-251000000.0,0.0,1954000000.0,0.0,979000000.0,925000000.0,925000000.0,0.0,224000000.0,0.223,93000000.0,2084000000.0,1986000000.0,0.0,3.442,-2.283,-2.096,16075000000.0,54000000.0,34.305,2.261,2.284,1466000000.0,-6711000000.0,4144000000.0,4144000000.0,19000000.0,,,,,18000000.0,74000000.0,1.0,823590088.0,832000000,944000000.0,4.981,25363000000.0,390000000.0,684000000.0,3600000000.0,30.484,4249000000.0
48,FCX,MRQ,2009-06-30,2009-06-30,2009-06-30,2021-08-05,-231000000.0,24624000000.0,,6336000000.0,18288000000.0,,8.822,-345000000.0,1319000000.0,1319000000.0,2065000000.0,812000000.0,2.12,2.173,7223000000.0,389000000.0,6834000000.0,7223000000.0,0.0,256000000.0,0.0,0.019,0.0,1348000000.0,1604000000.0,0.435,1604000000.0,1348000000.0,1190000000.0,0.715,0.69,0.715,7269000000.0,,7269000000.0,27216019097.0,-2.0,-1.956,809000000.0,0.982,1.0,1619000000.0,0.439,355000000.0,158000000.0,27184000000.0,,3943000000.0,0.0,0.0,0.0,15793000000.0,2989000000.0,12804000000.0,20633019097.0,675000000.0,-4000000.0,0.0,-6000000.0,0.0,-100000000.0,-379000000.0,0.0,1154000000.0,0.0,648000000.0,588000000.0,588000000.0,0.0,164000000.0,0.16,111000000.0,1508000000.0,1820000000.0,0.0,2.838,-1.615,-1.492,16092000000.0,60000000.0,25.055,1.591,1.592,2065000000.0,-7636000000.0,3684000000.0,3684000000.0,24000000.0,,,,,24000000.0,89000000.0,1.0,823509044.0,824000000,942000000.0,4.471,24269000000.0,0.0,542000000.0,3221000000.0,29.453,3347000000.0
49,FCX,MRQ,2009-03-31,2009-03-31,2009-03-31,2021-08-05,-237000000.0,23708000000.0,,5400000000.0,18308000000.0,,8.312,-452000000.0,644000000.0,644000000.0,1813000000.0,207000000.0,2.039,2.35,7227000000.0,87000000.0,7140000000.0,7227000000.0,0.0,232000000.0,0.0,0.036,0.0,565000000.0,797000000.0,0.306,797000000.0,565000000.0,434000000.0,0.055,0.055,0.055,6650000000.0,,6650000000.0,22167715003.0,-1.0,-1.674,-710000000.0,-0.887,1.0,789000000.0,0.303,359000000.0,131000000.0,27284000000.0,,3913000000.0,0.0,0.0,0.0,15626000000.0,2648000000.0,12978000000.0,15688715003.0,-228000000.0,3000000.0,733000000.0,-124000000.0,0.0,546000000.0,-516000000.0,0.0,-258000000.0,0.0,103000000.0,43000000.0,43000000.0,0.0,104000000.0,0.017,117000000.0,672000000.0,1941000000.0,0.0,2.359,-1.263,-1.171,16211000000.0,60000000.0,19.055,1.065,1.035,1710000000.0,-8224000000.0,2602000000.0,2602000000.0,30000000.0,,,,,33000000.0,62000000.0,1.0,823338494.0,800000000,802000000.0,3.252,23349000000.0,0.0,331000000.0,2913000000.0,29.186,2752000000.0
50,FCX,MRQ,2008-12-31,2008-12-31,2008-12-31,2021-08-05,-305000000.0,23353000000.0,,5233000000.0,18120000000.0,,7.656,-630000000.0,872000000.0,872000000.0,3342000000.0,-13981000000.0,1.657,2.815,7351000000.0,67000000.0,7284000000.0,7351000000.0,0.0,460000000.0,0.0,0.074,0.25,-18181000000.0,-17721000000.0,-8.573,-17721000000.0,-18181000000.0,-18321000000.0,-18.25,-17.96,-18.25,5773000000.0,,5773000000.0,15236838587.0,-1.0,-1.32,-429000000.0,-0.569,1.0,-1275000000.0,-0.617,364000000.0,140000000.0,26310000000.0,,3908000000.0,0.0,0.0,0.0,16252000000.0,3158000000.0,13094000000.0,9229838587.0,-330000000.0,-58000000.0,0.0,139000000.0,-189000000.0,-84000000.0,-447000000.0,430000000.0,201000000.0,0.0,-13850000000.0,-13933000000.0,-13933000000.0,0.0,-131000000.0,-6.741,17017000000.0,-18292000000.0,2722000000.0,-0.014,1.599,-0.814,-0.822,16002000000.0,83000000.0,12.22,0.519,0.524,601000000.0,-8267000000.0,2067000000.0,2067000000.0,83000000.0,,,,,-15000000.0,-31000000.0,1.0,755305940.0,754000000,763000000.0,2.741,22989000000.0,611000000.0,-4471000000.0,2502000000.0,30.489,2075000000.0
51,FCX,MRQ,2008-09-30,2008-09-30,2008-09-30,2021-08-05,41000000.0,42006000000.0,,6448000000.0,35558000000.0,,26.213,-681000000.0,1202000000.0,1202000000.0,3316000000.0,742000000.0,1.821,1.026,7209000000.0,23000000.0,7186000000.0,7209000000.0,0.0,442000000.0,0.0,0.029,0.219,966000000.0,1408000000.0,0.305,1408000000.0,966000000.0,827000000.0,0.685,0.655,0.685,20027000000.0,,20027000000.0,27543972846.0,5.0,3.574,864000000.0,1.131,1.0,1300000000.0,0.282,6495000000.0,139000000.0,37978000000.0,,4690000000.0,0.0,0.0,0.0,20550000000.0,3540000000.0,17010000000.0,21827972846.0,-446000000.0,3000000.0,-500000000.0,-155000000.0,-167000000.0,-1228000000.0,-763000000.0,0.0,1545000000.0,0.0,587000000.0,523000000.0,523000000.0,0.0,155000000.0,0.113,167000000.0,1133000000.0,2739000000.0,0.32,1.09,7.261,7.383,26482000000.0,64000000.0,28.425,1.096,1.091,1663000000.0,5666000000.0,4616000000.0,4616000000.0,77000000.0,,,,,21000000.0,90000000.0,1.0,767914612.0,764000000,894000000.0,6.042,35511000000.0,0.0,240000000.0,7018000000.0,46.48,2908000000.0
52,FCX,MRQ,2008-06-30,2008-06-30,2008-06-30,2021-08-05,42000000.0,42348000000.0,,7171000000.0,35177000000.0,,26.266,-604000000.0,1648000000.0,1648000000.0,3182000000.0,1284000000.0,2.252,1.019,7364000000.0,31000000.0,7333000000.0,7364000000.0,0.0,462000000.0,0.0,0.013,0.219,1808000000.0,2270000000.0,0.417,2270000000.0,1808000000.0,1668000000.0,1.235,1.125,1.235,20172000000.0,,20172000000.0,50649541956.0,8.0,6.093,405000000.0,0.527,1.0,2259000000.0,0.415,6496000000.0,140000000.0,38384000000.0,,4446000000.0,0.0,0.0,0.0,20560000000.0,3184000000.0,17376000000.0,44909541956.0,-183000000.0,34000000.0,30000000.0,-215000000.0,-168000000.0,-571000000.0,-621000000.0,0.0,1009000000.0,0.0,1010000000.0,947000000.0,947000000.0,0.0,274000000.0,0.174,193000000.0,2066000000.0,2405000000.0,0.177,2.226,13.784,14.018,26129000000.0,63000000.0,58.595,2.205,2.21,2211000000.0,5332000000.0,5441000000.0,5441000000.0,80000000.0,,,,,45000000.0,126000000.0,1.0,766439832.0,768000000,900000000.0,7.085,35852000000.0,0.0,658000000.0,7274000000.0,46.682,3987000000.0
53,FCX,MRQ,2008-03-31,2008-03-31,2008-03-31,2021-08-05,43000000.0,41828000000.0,,7018000000.0,34810000000.0,,25.204,-472000000.0,1831000000.0,1831000000.0,3140000000.0,1505000000.0,2.091,1.088,7571000000.0,36000000.0,7535000000.0,7571000000.0,0.0,418000000.0,0.0,0.014,0.219,2080000000.0,2498000000.0,0.44,2498000000.0,2080000000.0,1915000000.0,1.465,1.32,1.465,19306000000.0,,19306000000.0,42414896740.0,6.0,4.971,143000000.0,0.187,1.0,2532000000.0,0.446,6512000000.0,165000000.0,37700000000.0,,4113000000.0,0.0,0.0,0.0,21012000000.0,3356000000.0,17656000000.0,36829896740.0,205000000.0,21000000.0,-8000000.0,355000000.0,-169000000.0,77000000.0,-487000000.0,0.0,615000000.0,0.0,1186000000.0,1122000000.0,1122000000.0,0.0,319000000.0,0.198,136000000.0,2396000000.0,2242000000.0,0.149,1.908,10.785,10.947,25814000000.0,64000000.0,48.11,1.808,1.81,2130000000.0,4554000000.0,5672000000.0,5672000000.0,52000000.0,,,,,47000000.0,84000000.0,1.0,765535164.0,766000000,898000000.0,7.405,35316000000.0,0.0,729000000.0,7775000000.0,46.104,3662000000.0
54,FCX,MRQ,2007-12-31,2007-12-31,2007-12-31,2021-08-05,42000000.0,40661000000.0,,5903000000.0,34758000000.0,,23.804,-215000000.0,1626000000.0,1626000000.0,2822000000.0,1280000000.0,1.526,1.162,7211000000.0,31000000.0,7180000000.0,7211000000.0,0.0,400000000.0,0.0,0.012,0.156,1130000000.0,1530000000.0,0.366,1530000000.0,1130000000.0,1003000000.0,0.465,0.46,0.465,18234000000.0,,18234000000.0,45479041636.0,8.0,6.357,1083000000.0,1.414,1.0,1362000000.0,0.326,6577000000.0,127000000.0,35800000000.0,,3991000000.0,0.0,0.0,0.0,21188000000.0,3869000000.0,17319000000.0,39124041636.0,-751000000.0,515000000.0,1000000.0,-1547000000.0,-120000000.0,-2245000000.0,105000000.0,0.0,1298000000.0,0.0,478000000.0,414000000.0,414000000.0,-2000000.0,802000000.0,0.099,210000000.0,1152000000.0,2345000000.0,0.335,2.146,14.129,12.616,25715000000.0,64000000.0,51.22,2.31,2.062,1228000000.0,3601000000.0,4184000000.0,4184000000.0,58000000.0,,,,,29000000.0,152000000.0,1.0,763843062.0,766000000,896000000.0,5.462,34084000000.0,67000000.0,525000000.0,7720000000.0,44.496,2034000000.0
55,FCX,MRQ,2007-09-30,2007-09-30,2007-09-30,2021-08-05,-1000000.0,41389000000.0,,8674000000.0,32715000000.0,,23.448,-466000000.0,2377000000.0,2377000000.0,3018000000.0,838000000.0,1.806,1.216,8732000000.0,67000000.0,8665000000.0,8732000000.0,0.0,369000000.0,0.0,0.026,0.156,1646000000.0,2015000000.0,0.398,2015000000.0,1646000000.0,1491000000.0,1.015,0.935,1.015,17914000000.0,,17914000000.0,47750540335.0,9.0,7.317,1711000000.0,2.24,1.0,2048000000.0,0.404,6332000000.0,155000000.0,36609000000.0,,3848000000.0,0.0,0.0,0.0,21776000000.0,4803000000.0,16973000000.0,40039540335.0,299000000.0,-12000000.0,9000000.0,-993000000.0,-119000000.0,-1309000000.0,-478000000.0,0.0,2177000000.0,0.0,838000000.0,775000000.0,775000000.0,-12000000.0,0.0,0.153,124000000.0,1924000000.0,2814000000.0,0.154,2.235,14.398,11.266,24020000000.0,63000000.0,52.445,2.781,2.783,2165000000.0,3355000000.0,5066000000.0,5066000000.0,40000000.0,,,,,35000000.0,131000000.0,1.0,763457724.0,764000000,894000000.0,6.631,35057000000.0,0.0,653000000.0,7631000000.0,45.886,3871000000.0
56,FCX,MRQ,2007-06-30,2007-06-30,2007-06-30,2021-08-05,16000000.0,40634000000.0,,7455000000.0,33179000000.0,,22.791,-530000000.0,2078000000.0,2078000000.0,2914000000.0,1168000000.0,1.854,1.252,9789000000.0,152000000.0,9637000000.0,9789000000.0,0.0,379000000.0,0.0,0.042,0.156,2111000000.0,2490000000.0,0.457,2490000000.0,2111000000.0,1932000000.0,1.45,1.31,1.45,17367000000.0,,17367000000.0,40475596166.0,9.0,7.696,1551000000.0,2.035,1.0,2529000000.0,0.465,6992000000.0,179000000.0,37333000000.0,,3237000000.0,0.0,0.0,0.0,21743000000.0,4020000000.0,17723000000.0,31565996165.0,-1048000000.0,72000000.0,21000000.0,-2297000000.0,-119000000.0,-2671000000.0,-458000000.0,0.0,2081000000.0,0.0,1168000000.0,1104000000.0,1104000000.0,-28000000.0,0.0,0.203,137000000.0,2392000000.0,2647000000.0,0.108,1.818,13.392,9.071,24302000000.0,64000000.0,41.41,2.878,2.877,2455000000.0,2818000000.0,5443000000.0,5443000000.0,40000000.0,,,,,80000000.0,135000000.0,1.0,762279550.0,762000000,892000000.0,7.143,33642000000.0,0.0,764000000.0,7485000000.0,44.15,3435000000.0
57,FCX,MRQ,2007-03-31,2007-03-31,2007-03-31,2021-08-05,-3000000.0,41434000000.0,,8553900000.0,32880100000.0,,37.555,-142000000.0,3126500000.0,3126500000.0,1019000000.0,493000000.0,2.359,1.452,12036100000.0,199200000.0,11836900000.0,12036100000.0,0.0,116000000.0,0.0,0.064,0.156,1003000000.0,1119000000.0,0.498,1119000000.0,1003000000.0,951000000.0,1.1,1.01,1.1,16298700000.0,,16298700000.0,12160765443.0,4.0,3.449,527000000.0,1.214,1.0,1227000000.0,0.546,7379000000.0,52000000.0,39338800000.0,,3363000000.0,0.0,0.0,0.0,23661600000.0,3625800000.0,20035800000.0,12388114443.0,2219000000.0,-13888000000.0,2771000000.0,10130000000.0,-63000000.0,15580000000.0,-14030000000.0,0.0,669000000.0,0.0,493000000.0,476000000.0,476000000.0,-4000000.0,0.0,0.212,55000000.0,1172000000.0,2641500000.0,0.142,0.76,7.647,8.092,23730100000.0,17000000.0,33.095,1.782,2.066,2254400000.0,1833500000.0,2246000000.0,2246000000.0,7000000.0,,,,,0.0,48000000.0,1.0,374319820.0,434000000,488000000.0,5.175,34055000000.0,0.0,458000000.0,7777900000.0,78.468,4928100000.0
58,FCX,MRQ,2006-12-31,2006-12-31,2006-12-31,2021-08-05,-20000000.0,5390000000.0,,2151000000.0,3239000000.0,,6.206,-39000000.0,907000000.0,907000000.0,731000000.0,442000000.0,2.211,1.117,680000000.0,19000000.0,661000000.0,680000000.0,0.0,81000000.0,0.0,0.085,0.906,821000000.0,902000000.0,0.549,902000000.0,821000000.0,807000000.0,1.09,0.995,1.09,2445000000.0,,2445000000.0,11050398872.0,4.0,3.731,759000000.0,1.926,1.0,912000000.0,0.555,0.0,14000000.0,4190000000.0,,724000000.0,0.0,0.0,0.0,2732000000.0,973000000.0,1759000000.0,10974775872.0,208000000.0,-36000000.0,1000000.0,-94000000.0,-357000000.0,-513000000.0,-77000000.0,0.0,798000000.0,0.0,442000000.0,426000000.0,426000000.0,0.0,0.0,0.259,48000000.0,864000000.0,776000000.0,0.831,4.489,7.862,7.613,3099000000.0,16000000.0,27.865,1.895,1.838,486000000.0,1415000000.0,1643000000.0,1643000000.0,3000000.0,,,,,55000000.0,46000000.0,1.0,393855226.0,394000000,442000000.0,4.17,5390000000.0,0.0,365000000.0,965000000.0,13.68,1178000000.0
59,FCX,MRQ,2006-09-30,2006-09-30,2006-09-30,2021-08-05,3224000.0,5280389000.0,,2032964000.0,3247425000.0,,6.295,-68000000.0,698890000.0,698890000.0,852000000.0,366000000.0,2.194,1.207,774513000.0,72577000.0,701936000.0,774513000.0,0.0,60000000.0,0.0,0.069,0.531,688000000.0,748000000.0,0.457,748000000.0,688000000.0,670000000.0,0.925,0.835,0.925,2392249000.0,,2392249000.0,10682236807.0,4.0,3.541,624000000.0,1.642,1.0,784000000.0,0.479,0.0,18000000.0,4429394000.0,,751534000.0,26625000.0,0.0,26625000.0,2888140000.0,926618000.0,1961522000.0,9968136807.0,341000000.0,30000000.0,0.0,-33000000.0,-207000000.0,-313000000.0,-38000000.0,0.0,692000000.0,0.0,366000000.0,351000000.0,351000000.0,0.0,0.0,0.215,28000000.0,756000000.0,601397000.0,0.574,4.167,6.955,6.935,3112618000.0,15000000.0,26.63,1.768,1.795,551371000.0,1346462000.0,1636000000.0,1636000000.0,4000000.0,,,,,0.0,45000000.0,1.0,374319820.0,380000000,442000000.0,4.305,5280389000.0,0.0,304000000.0,973184000.0,13.896,1106346000.0
60,FCX,MRQ,2006-06-30,2006-06-30,2006-06-30,2021-08-05,199000.0,5109539000.0,,1852502000.0,3257037000.0,,5.163,-57900000.0,357751000.0,357751000.0,649000000.0,382000000.0,2.109,1.632,1071851000.0,89683000.0,982168000.0,1071851000.0,0.0,43700000.0,0.0,0.061,0.531,713000000.0,756700000.0,0.531,756700000.0,713000000.0,692000000.0,0.975,0.87,0.975,1941356000.0,,1941356000.0,11260077400.0,4.0,4.122,441900000.0,1.175,1.0,777000000.0,0.545,0.0,21000000.0,4945392000.0,,790942000.0,40570000.0,0.0,40570000.0,3168183000.0,878247000.0,2289936000.0,10442877400.0,73500000.0,-700000.0,-97100000.0,-24500000.0,-198800000.0,-367700000.0,-58600000.0,0.0,499800000.0,0.0,382000000.0,367000000.0,367000000.0,0.0,0.0,0.257,29000000.0,748000000.0,581022000.0,0.545,5.379,8.367,8.197,3104806000.0,15000000.0,27.705,2.095,2.09,685275000.0,1202295000.0,1426000000.0,1426000000.0,3000000.0,,,,,0.0,35000000.0,1.0,376931146.0,376000000,444000000.0,3.793,5109539000.0,0.0,310000000.0,946772000.0,13.589,974255000.0
61,FCX,MRQ,2006-03-31,2006-03-31,2006-03-31,2021-08-05,11989000.0,4796192000.0,,1526671000.0,3269521000.0,,4.956,-52100000.0,284070000.0,284070000.0,521200000.0,266800000.0,2.317,1.575,1101270000.0,90077000.0,1011193000.0,1101270000.0,0.0,43300000.0,0.0,0.043,0.406,511200000.0,554500000.0,0.511,554500000.0,511200000.0,488500000.0,0.67,0.615,0.67,1862277000.0,,1862277000.0,11092113333.0,5.0,4.539,-175900000.0,-0.468,1.0,564900000.0,0.52,0.0,22700000.0,4954612000.0,,612522000.0,58918000.0,0.0,58918000.0,2933915000.0,658780000.0,2275135000.0,10599764333.0,-479500000.0,1700000.0,11100000.0,-145500000.0,-153200000.0,-305300000.0,-50400000.0,0.0,-123800000.0,0.0,266800000.0,251700000.0,251700000.0,0.0,0.0,0.232,33200000.0,531700000.0,433731000.0,0.606,5.692,10.035,10.323,3095779000.0,15100000.0,29.885,2.376,2.517,616090000.0,1035300000.0,1086100000.0,1086100000.0,2600000.0,,,,,0.0,30600000.0,1.0,354685104.0,375800000,443000000.0,2.89,4796192000.0,0.0,221700000.0,887344000.0,12.763,867891000.0
62,FCX,MRQ,2005-12-31,2005-12-31,2005-12-31,2021-08-05,10749000.0,5550206000.0,,2022382000.0,3527824000.0,,4.996,-47393000.0,763599000.0,763599000.0,526309000.0,478178000.0,1.5,2.012,1255948000.0,253350000.0,1002598000.0,1255948000.0,0.0,78269000.0,0.0,0.046,0.375,879584000.0,957853000.0,0.643,957853000.0,879584000.0,853754000.0,1.27,1.095,1.27,1842994000.0,,1842994000.0,10894374956.0,5.0,4.751,621580000.0,1.685,1.0,963447000.0,0.647,0.0,25830000.0,4693934000.0,,565019000.0,33539000.0,0.0,33539000.0,3707212000.0,1348621000.0,2358591000.0,9901618956.0,370605000.0,0.0,-3281000.0,-79999000.0,-140064000.0,-257959000.0,-40409000.0,0.0,668973000.0,0.0,478178000.0,463553000.0,463553000.0,0.0,0.0,0.311,27040000.0,936407000.0,553203000.0,0.295,5.373,10.59,10.386,3088931000.0,14625000.0,26.9,2.369,2.317,694387000.0,1086191000.0,1489756000.0,1489756000.0,2579000.0,,,,,-13255000.0,31461000.0,1.0,368089924.0,368922000,438290000.0,4.038,5550206000.0,55673000.0,375576000.0,1229427000.0,15.044,673761000.0
63,FCX,MRQ,2005-09-30,2005-09-30,2005-09-30,2021-08-05,7181000.0,4877781000.0,,1275194000.0,3602587000.0,,4.07,-36316000.0,393345000.0,393345000.0,496014000.0,180930000.0,1.36,2.369,1386101000.0,195581000.0,1190520000.0,1386101000.0,0.0,61646000.0,0.0,0.046,0.375,400972000.0,462618000.0,0.47,462618000.0,400972000.0,367642000.0,0.465,0.43,0.465,1448019000.0,,1448019000.0,9813246602.0,6.0,5.204,226200000.0,0.636,1.0,487256000.0,0.496,0.0,33330000.0,4932589000.0,,450031000.0,51154000.0,0.0,51154000.0,3429762000.0,937948000.0,2491814000.0,8617074602.0,-192589000.0,-131000.0,6492000.0,-243399000.0,-133278000.0,-418658000.0,-36447000.0,0.0,262516000.0,0.0,180930000.0,165805000.0,165805000.0,0.0,0.0,0.169,27705000.0,459551000.0,440229000.0,0.806,5.951,12.599,12.787,3120311000.0,15125000.0,24.295,2.384,2.392,418689000.0,762823000.0,983270000.0,983270000.0,2159000.0,,,,,11429000.0,25546000.0,1.0,354685104.0,355790000,439648000.0,2.764,4877781000.0,0.0,186712000.0,1069782000.0,13.71,337246000.0
64,FCX,MRQ,2005-06-30,2005-06-30,2005-06-30,2021-08-05,9588000.0,4958264000.0,,1333341000.0,3624923000.0,,3.424,-33045000.0,585934000.0,585934000.0,444745000.0,190372000.0,1.645,3.061,1782106000.0,193706000.0,1588400000.0,1782106000.0,0.0,54159000.0,0.0,0.045,0.125,414348000.0,468507000.0,0.519,468507000.0,414348000.0,379056000.0,0.49,0.455,0.49,1220986000.0,,1220986000.0,8185055075.0,6.0,5.051,425228000.0,1.192,1.0,458164000.0,0.507,0.0,35292000.0,5343851000.0,,435248000.0,52936000.0,0.0,52936000.0,3737278000.0,810585000.0,2926693000.0,6727180075.0,274892000.0,216000.0,-79722000.0,13215000.0,-44918000.0,-150552000.0,-32829000.0,0.0,458273000.0,0.0,190372000.0,175247000.0,175247000.0,0.0,0.0,0.194,27721000.0,430443000.0,346862000.0,0.255,5.51,12.568,12.606,3146065000.0,15125000.0,18.72,2.082,2.066,302184000.0,730528000.0,902909000.0,902909000.0,2342000.0,,,,,886000.0,25379000.0,1.0,359357910.0,356648000,439980000.0,2.532,4958264000.0,0.0,188684000.0,1048375000.0,13.902,522756000.0
65,FCX,MRQ,2005-03-31,2005-03-31,2005-03-31,2021-08-05,0.0,4789703000.0,,1168022000.0,3621681000.0,,3.264,-26246000.0,311042000.0,311042000.0,421932000.0,145520000.0,1.568,3.092,1768917000.0,192377000.0,1576540000.0,1768917000.0,0.0,56926000.0,0.0,0.042,0.375,347096000.0,404022000.0,0.503,404022000.0,347096000.0,309548000.0,0.365,0.35,0.365,1170613000.0,,1170613000.0,8283004911.0,8.0,6.714,135992000.0,0.379,1.0,381133000.0,0.475,0.0,37548000.0,5502647000.0,,446602000.0,47821000.0,0.0,47821000.0,3619090000.0,744931000.0,2874159000.0,6883048911.0,-240908000.0,-85000.0,1511000.0,-182817000.0,-134740000.0,-378831000.0,-24315000.0,0.0,162238000.0,0.0,145520000.0,130395000.0,130395000.0,0.0,0.0,0.162,23534000.0,357599000.0,344391000.0,1.027,5.88,22.441,23.438,3166743000.0,15125000.0,19.805,2.445,2.523,396054000.0,,803065000.0,803065000.0,1920000.0,,,,,940000.0,21614000.0,1.0,347540970.0,358640000,400252000.0,2.239,4789703000.0,0.0,164028000.0,990352000.0,13.355,423091000.0
66,FCX,MRQ,2004-12-31,2004-12-31,2004-12-31,2021-08-05,11342000.0,5086995000.0,,1459947000.0,3627048000.0,,3.254,-32593000.0,551950000.0,551950000.0,517637000.0,227630000.0,2.093,3.372,1951906000.0,78214000.0,1873692000.0,1951906000.0,0.0,82653000.0,0.0,0.029,0.25,467942000.0,550595000.0,0.595,550595000.0,467942000.0,430416000.0,0.58,0.575,0.58,1163649000.0,,1163649000.0,8525226275.0,13.0,9.606,371646000.0,1.039,1.0,407154000.0,0.44,0.0,37526000.0,5789389000.0,,466712000.0,47802000.0,0.0,47802000.0,3923346000.0,697562000.0,3225784000.0,6825146275.0,237340000.0,39973000.0,-2569000.0,-76311000.0,-89376000.0,-179992000.0,13093000.0,0.0,404239000.0,0.0,227630000.0,212505000.0,212505000.0,0.0,0.0,0.23,-88464000.0,495618000.0,386590000.0,0.431,5.865,43.534,44.453,3199292000.0,15125000.0,19.115,2.878,2.938,439919000.0,604680000.0,924791000.0,924791000.0,1687000.0,,,,,5342000.0,25605000.0,1.0,357057090.0,357620000,378828000.0,2.586,5086995000.0,37291000.0,202786000.0,1024762000.0,14.225,762385000.0
67,FCX,MRQ,2004-09-30,2004-09-30,2004-09-30,2021-08-05,0.0,4783064000.0,,1085684000.0,3697380000.0,,2.926,-33566000.0,314110000.0,314110000.0,423771000.0,32258000.0,2.14,3.614,2014190000.0,75125000.0,1939065000.0,2014190000.0,0.0,55755000.0,0.0,0.017,0.1,141449000.0,197204000.0,0.328,197204000.0,141449000.0,103601000.0,0.05,0.05,0.05,1036652000.0,,1036652000.0,8846161642.0,29.0,19.391,92501000.0,0.261,1.0,176785000.0,0.294,0.0,37848000.0,5975743000.0,,437139000.0,56584000.0,0.0,56584000.0,3746412000.0,507401000.0,3239011000.0,7037704642.0,14358000.0,-244000.0,1735000.0,-19418000.0,-34751000.0,-80357000.0,-31352000.0,2458000.0,126067000.0,0.0,32258000.0,17133000.0,17133000.0,0.0,0.0,0.029,28149000.0,148636000.0,364237000.0,2.0,6.789,-126.821,-119.118,3265764000.0,15125000.0,20.25,3.717,3.789,256859000.0,,600556000.0,600556000.0,1963000.0,,,,,0.0,26186000.0,1.0,347540970.0,354274000,359610000.0,1.695,4783064000.0,77576000.0,71343000.0,954866000.0,13.501,578283000.0
68,FCX,MRQ,2004-06-30,2004-06-30,2004-06-30,2021-08-05,0.0,4725514000.0,,1033694000.0,3691820000.0,,2.706,-40499000.0,302508000.0,302508000.0,414269000.0,-38238000.0,2.361,3.983,2110965000.0,76939000.0,2034026000.0,2110965000.0,0.0,42590000.0,0.0,0.017,0.1,39311000.0,81901000.0,0.168,81901000.0,39311000.0,-28000.0,-0.15,-0.15,-0.15,948363000.0,,948363000.0,7528686677.0,20.0,13.885,-3946000.0,-0.011,1.0,72065000.0,0.148,0.0,39339000.0,6096180000.0,,417147000.0,54423000.0,0.0,54423000.0,3777151000.0,437791000.0,3339360000.0,5869223677.0,-233778000.0,-601000.0,-97701000.0,-90414000.0,-35409000.0,-229231000.0,-41100000.0,0.0,36553000.0,0.0,-38238000.0,-53311000.0,-53311000.0,0.0,0.0,-0.11,25363000.0,46702000.0,262078000.0,-0.667,6.189,-232.352,-236.786,3285880000.0,15073000.0,16.575,3.05,3.018,240887000.0,,486334000.0,486334000.0,2787000.0,,,,,0.0,22576000.0,1.0,354100976.0,350404000,350404000.0,1.388,4725514000.0,73152000.0,38210000.0,957272000.0,13.486,595903000.0
69,FCX,MRQ,2004-03-31,2004-03-31,2004-03-31,2021-08-05,0.0,4949602000.0,,1279769000.0,3669833000.0,,2.862,-34341000.0,536273000.0,536273000.0,301022000.0,-19383000.0,2.974,3.368,2195736000.0,87666000.0,2108070000.0,2195736000.0,0.0,25410000.0,0.0,0.012,0.1,32348000.0,57758000.0,0.16,57758000.0,32348000.0,-1042000.0,-0.05,-0.05,-0.05,1133058000.0,,1133058000.0,7461880395.0,13.0,9.963,-259845000.0,-0.656,1.0,59163000.0,0.164,0.0,33390000.0,6178709000.0,,454944000.0,66753000.0,0.0,66753000.0,3816544000.0,430356000.0,3386188000.0,5732166395.0,69878000.0,-618000.0,-879614000.0,153406000.0,-39246000.0,299995000.0,-4613000.0,19346000.0,-225504000.0,0.0,-19383000.0,-19551000.0,-19551000.0,0.0,0.0,-0.054,17787000.0,41376000.0,296572000.0,-2.0,5.059,67.103,71.073,3281406000.0,168000.0,19.545,2.799,3.778,222194000.0,,360185000.0,360185000.0,2227000.0,,,,,0.0,15560000.0,1.0,293280450.0,395876000,395876000.0,0.91,4949602000.0,66358000.0,18341000.0,936659000.0,12.503,849413000.0
70,FCX,MRQ,2003-12-31,2003-12-31,2003-12-31,2021-08-05,8668000.0,4718366000.0,,1100133000.0,3618233000.0,,2.247,-42933000.0,498616000.0,498616000.0,313574000.0,2394000.0,1.741,5.08,2228330000.0,152396000.0,2075934000.0,2228330000.0,0.0,30753000.0,0.0,0.006,0.045,88583000.0,119336000.0,0.267,119336000.0,88583000.0,47642000.0,-0.02,-0.005,-0.02,775984000.0,,775984000.0,8999987082.0,13.0,9.498,59344000.0,0.172,1.0,132550000.0,0.297,0.0,40941000.0,5816298000.0,,397027000.0,58179000.0,0.0,58179000.0,3942382000.0,631782000.0,3310600000.0,7200426082.0,-64941000.0,807000.0,24937000.0,-344571000.0,-15393000.0,-125708000.0,-41510000.0,1781000.0,102277000.0,0.0,2394000.0,236000.0,236000.0,0.0,0.0,0.001,28072000.0,104478000.0,311948000.0,-2.25,9.279,46.69,42.556,3261697000.0,2158000.0,21.065,3.255,2.967,261365000.0,646933000.0,446124000.0,446124000.0,1433000.0,,,,,0.0,26639000.0,1.0,341819420.0,345330000,318204000.0,1.292,4718366000.0,0.0,45248000.0,910404000.0,13.663,468351000.0
71,FCX,MRQ,2003-09-30,2003-09-30,2003-09-30,2021-08-05,0.0,4794440000.0,,1235507000.0,3558933000.0,,2.44,-34065000.0,528593000.0,528593000.0,327606000.0,53490000.0,1.819,5.163,2328154000.0,175547000.0,2152607000.0,2328154000.0,0.0,63979000.0,0.0,0.005,0.045,219262000.0,283241000.0,0.448,283241000.0,219262000.0,171173000.0,0.15,0.145,0.15,777972000.0,,777972000.0,6685918448.0,8.0,6.07,151663000.0,0.476,1.0,304384000.0,0.482,0.0,48089000.0,5914890000.0,,381066000.0,235200000.0,34585000.0,200615000.0,4016468000.0,679111000.0,3337357000.0,4853791448.0,-211767000.0,-68068000.0,23364000.0,-121604000.0,-13199000.0,-342840000.0,-54655000.0,48203000.0,185728000.0,0.0,53490000.0,47366000.0,47366000.0,0.0,0.0,0.075,18106000.0,286278000.0,281410000.0,0.3,6.239,22.258,22.517,3242730000.0,6124000.0,16.55,2.077,2.258,280898000.0,,631990000.0,631990000.0,1685000.0,,,,,0.0,16421000.0,1.0,293280450.0,318814000,388670000.0,1.982,4794440000.0,0.0,117683000.0,960109000.0,15.038,556396000.0
72,FCX,MRQ,2003-06-30,2003-06-30,2003-06-30,2021-08-05,0.0,4949555000.0,,1434110000.0,3515445000.0,,1.32,-32106000.0,740360000.0,740360000.0,345691000.0,66944000.0,2.28,11.852,2572487000.0,144196000.0,2428291000.0,2572487000.0,0.0,68283000.0,0.0,0.004,0.045,220330000.0,288613000.0,0.474,288613000.0,220330000.0,164852000.0,0.195,0.185,0.195,385130000.0,,385130000.0,5587498663.0,7.0,5.132,202803000.0,0.695,1.0,263764000.0,0.433,0.0,55478000.0,6152569000.0,,380610000.0,127661000.0,60809000.0,66852000.0,4564425000.0,629113000.0,3935312000.0,3562088663.0,-22339000.0,0.0,18442000.0,-220982000.0,-13090000.0,-225101000.0,-32147000.0,0.0,234909000.0,0.0,66944000.0,57372000.0,57372000.0,0.0,0.0,0.094,22538000.0,241226000.0,254331000.0,0.231,9.249,15.338,15.409,3256150000.0,9572000.0,12.25,1.588,1.593,242961000.0,,609455000.0,609455000.0,1827000.0,,,,,0.0,20711000.0,1.0,290782748.0,291814000,381980000.0,2.089,4949555000.0,0.0,97908000.0,829413000.0,16.961,804997000.0
73,FCX,MRQ,2003-03-31,2003-03-31,2003-03-31,2021-08-05,0.0,4969017000.0,,1429373000.0,3539644000.0,,1.105,-30082000.0,762699000.0,762699000.0,315258000.0,58832000.0,2.756,14.487,2788109000.0,122719000.0,2665390000.0,2788109000.0,0.0,67788000.0,0.0,0.0,0.0,188555000.0,256343000.0,0.489,256343000.0,188555000.0,136046000.0,0.17,0.165,0.17,320855000.0,,320855000.0,4500998541.0,7.0,4.655,19076000.0,0.066,1.0,209338000.0,0.399,0.0,52509000.0,6475832000.0,,384749000.0,131207000.0,60808000.0,70399000.0,4648162000.0,518595000.0,4129567000.0,2470444541.0,754863000.0,0.0,2033000.0,717773000.0,0.0,710211000.0,-4506000.0,23645000.0,49158000.0,0.0,58832000.0,49245000.0,49245000.0,0.0,0.0,0.094,18012000.0,191326000.0,233041000.0,0.0,7.7,13.691,13.75,3292133000.0,9587000.0,8.525,1.21,1.212,211340000.0,,524596000.0,524596000.0,1504000.0,,,,,0.0,16508000.0,1.0,289788216.0,290480000,294528000.0,1.806,4969017000.0,0.0,77214000.0,779291000.0,17.106,910778000.0
74,FCX,MRQ,2002-12-31,2002-12-31,2002-12-31,2021-08-05,10963000.0,4192193000.0,,637980000.0,3554213000.0,,0.921,-42344000.0,115782000.0,115782000.0,327200000.0,73598000.0,1.186,14.711,2038390000.0,77112000.0,1961278000.0,2038390000.0,0.0,68010000.0,0.0,0.0,0.0,205175000.0,273185000.0,0.478,273185000.0,205175000.0,163128000.0,0.22,0.22,0.22,266826000.0,,266826000.0,4597880132.0,8.0,5.462,166128000.0,0.573,1.0,243844000.0,0.427,0.0,42047000.0,5576928000.0,,387247000.0,44619000.0,0.0,44619000.0,3925367000.0,537873000.0,3387494000.0,2431323132.0,-30191000.0,3002000.0,228000.0,-180323000.0,0.0,-188259000.0,-50404000.0,0.0,208472000.0,0.0,73598000.0,64091000.0,64091000.0,0.0,0.0,0.112,19736000.0,224108000.0,262310000.0,0.0,9.112,19.137,19.068,3320561000.0,9507000.0,8.39,1.273,1.27,175497000.0,534447000.0,571044000.0,571044000.0,650000.0,,,,,0.0,19086000.0,1.0,289788216.0,289790000,292668000.0,1.971,4192193000.0,0.0,89530000.0,787829000.0,14.466,100107000.0
75,FCX,MRQ,2002-09-30,2002-09-30,2002-09-30,2021-08-05,0.0,4204759000.0,,650903000.0,3553856000.0,,0.689,-64191000.0,38027000.0,38027000.0,315308000.0,70963000.0,1.117,20.072,2204584000.0,151837000.0,2052747000.0,2204584000.0,0.0,77077000.0,0.0,0.0,0.0,193485000.0,270562000.0,0.502,270562000.0,193485000.0,152097000.0,0.21,0.195,0.21,199545000.0,,199545000.0,4197962694.0,9.0,5.867,87234000.0,0.301,1.0,223431000.0,0.415,0.0,41388000.0,5788743000.0,,392355000.0,141725000.0,49809000.0,91916000.0,4005214000.0,582573000.0,3422641000.0,1950274694.0,29364000.0,-11000.0,0.0,-60329000.0,0.0,-82119000.0,-39942000.0,24260000.0,151425000.0,0.0,70963000.0,61537000.0,61537000.0,0.0,0.0,0.114,17355000.0,206076000.0,250247000.0,0.0,9.774,32.037,32.829,3340576000.0,9426000.0,6.73,1.113,1.113,165959000.0,,538739000.0,538739000.0,908000.0,,,,,0.0,16447000.0,1.0,289788216.0,289788000,377754000.0,1.859,4204759000.0,0.0,81134000.0,736190000.0,14.51,68330000.0
76,FCX,MRQ,2002-06-30,2002-06-30,2002-06-30,2021-08-05,0.0,4192328000.0,,599231000.0,3593097000.0,,0.486,-49635000.0,8663000.0,8663000.0,268429000.0,15035000.0,1.048,28.835,2256351000.0,139697000.0,2116654000.0,2256351000.0,0.0,62305000.0,0.0,0.0,0.0,104567000.0,166872000.0,0.409,166872000.0,104567000.0,61075000.0,0.02,0.02,0.02,140518000.0,,140518000.0,4902201827.0,14.0,8.04,82453000.0,0.285,1.0,139570000.0,0.342,0.0,43492000.0,5868087000.0,,388128000.0,175003000.0,49809000.0,125194000.0,4051810000.0,571929000.0,3479881000.0,2575874827.0,-708000.0,573000.0,5178000.0,-79474000.0,0.0,-83734000.0,-49062000.0,0.0,132088000.0,0.0,15035000.0,5576000.0,5576000.0,0.0,0.0,0.014,17160000.0,122410000.0,268891000.0,0.0,18.331,718.114,892.5,3356677000.0,9459000.0,8.925,1.557,1.561,146638000.0,,407999000.0,407999000.0,800000.0,,,,,0.0,16360000.0,1.0,288613426.0,289396000,294740000.0,1.41,4192328000.0,0.0,46040000.0,688741000.0,14.486,27302000.0
77,FCX,MRQ,2002-03-31,2002-03-31,2002-03-31,2021-08-05,0.0,4177882000.0,,561337000.0,3616545000.0,,0.405,-31834000.0,9371000.0,9371000.0,287971000.0,5058000.0,1.09,34.804,2335698000.0,138772000.0,2196926000.0,2335698000.0,0.0,53054000.0,0.0,0.0,0.0,78154000.0,131208000.0,0.334,131208000.0,78154000.0,33872000.0,-0.015,-0.015,-0.015,116686000.0,,116686000.0,4870967945.0,12.0,7.159,-11087000.0,-0.038,1.0,104709000.0,0.267,0.0,44282000.0,5989277000.0,,352195000.0,176006000.0,49809000.0,126197000.0,4061196000.0,514932000.0,3546264000.0,2539954945.0,1784000.0,-729000.0,2371000.0,-2876000.0,0.0,-10078000.0,-8885000.0,23678000.0,20747000.0,0.0,5058000.0,-4154000.0,-4154000.0,0.0,0.0,-0.011,17166000.0,87543000.0,272193000.0,0.0,21.767,74.045,76.609,3383648000.0,9212000.0,8.81,1.423,1.423,144612000.0,,392680000.0,392680000.0,754000.0,,,,,0.0,16412000.0,1.0,288303626.0,288216000,288216000.0,1.362,4177882000.0,0.0,28814000.0,676141000.0,14.496,46405000.0
78,FCX,MRQ,2001-12-31,2001-12-31,2001-12-31,2021-08-05,-1184000.0,4211929000.0,,548270000.0,3663659000.0,,0.363,-48190000.0,7587000.0,7587000.0,306189000.0,7072000.0,0.872,39.327,2338600000.0,205420000.0,2133180000.0,2338600000.0,0.0,66441000.0,0.0,0.0,0.0,80393000.0,146834000.0,0.356,146834000.0,80393000.0,36743000.0,-0.01,-0.005,-0.01,104444000.0,,104444000.0,3964728144.0,8.0,5.126,-14324000.0,-0.05,1.0,106093000.0,0.257,0.0,43650000.0,5914515000.0,,369188000.0,199082000.0,49809000.0,149273000.0,4107485000.0,628427000.0,3479058000.0,1927800144.0,-25287000.0,0.0,25000.0,-4416000.0,0.0,-12321000.0,-46832000.0,0.0,33866000.0,0.0,7072000.0,-2083000.0,-2083000.0,0.0,0.0,-0.005,16639000.0,89454000.0,307526000.0,0.0,18.458,25.201,25.264,3409687000.0,9155000.0,6.695,1.048,1.048,103235000.0,407397000.0,412282000.0,412282000.0,2730000.0,,,,,0.0,13909000.0,1.0,287946250.0,287952000,290062000.0,1.432,4211929000.0,0.0,29671000.0,688034000.0,14.627,-80157000.0
79,FCX,MRQ,2001-09-30,2001-09-30,2001-09-30,2021-08-05,0.0,4035684000.0,,581067000.0,3454617000.0,,0.379,-38114000.0,32874000.0,32874000.0,313374000.0,13432000.0,0.969,36.013,2069802000.0,112990000.0,1956812000.0,2069802000.0,0.0,71000000.0,0.0,0.0,0.0,93832000.0,164832000.0,0.374,164832000.0,93832000.0,53717000.0,0.015,0.015,0.015,109035000.0,,109035000.0,3580289644.0,6.0,3.978,146179000.0,0.508,1.0,127864000.0,0.29,0.0,40115000.0,5472653000.0,,375883000.0,195768000.0,49809000.0,145959000.0,3926649000.0,599959000.0,3326690000.0,1582264644.0,17928000.0,0.0,0.0,34419000.0,0.0,11511000.0,-177876000.0,-139762000.0,184293000.0,0.0,13432000.0,4248000.0,4248000.0,0.0,0.0,0.01,16951000.0,110913000.0,334330000.0,0.0,14.512,11.58,11.946,3206402000.0,9184000.0,5.495,0.809,0.809,118573000.0,,441238000.0,441238000.0,1989000.0,,,,,0.0,14962000.0,1.0,287946250.0,287946000,289316000.0,1.532,4035684000.0,0.0,40285000.0,682099000.0,14.015,-18892000.0
80,FCX,MRQ,2001-06-30,2001-06-30,2001-06-30,2021-08-05,0.0,3927979000.0,,577550000.0,3350429000.0,,0.325,-41331000.0,14946000.0,14946000.0,344022000.0,45417000.0,1.019,41.006,2012971000.0,113359000.0,1899612000.0,2012971000.0,0.0,78319000.0,0.0,0.0,0.0,159218000.0,237537000.0,0.441,237537000.0,159218000.0,117825000.0,0.125,0.125,0.125,93510000.0,,93510000.0,3715150147.0,6.0,4.121,143987000.0,0.5,1.0,194237000.0,0.361,0.0,41393000.0,5359439000.0,,383984000.0,53334000.0,0.0,53334000.0,3834469000.0,566565000.0,3267904000.0,1590448147.0,3559000.0,0.0,427000.0,-123387000.0,0.0,-140408000.0,-41351000.0,0.0,185318000.0,0.0,45417000.0,36292000.0,36292000.0,0.0,0.0,0.067,18562000.0,175675000.0,307749000.0,0.0,17.008,12.909,13.313,3215909000.0,9125000.0,5.525,0.8,0.8,174070000.0,,538259000.0,538259000.0,2420000.0,,,,,0.0,16142000.0,1.0,287863918.0,287908000,290464000.0,1.87,3927979000.0,0.0,72408000.0,675206000.0,13.643,10985000.0
81,FCX,MRQ,2001-03-31,2001-03-31,2001-03-31,2021-08-05,0.0,3965254000.0,,612005000.0,3353249000.0,,0.213,-39337000.0,11387000.0,11387000.0,263743000.0,47104000.0,0.9,63.808,2136089000.0,243925000.0,1892164000.0,2136089000.0,0.0,68129000.0,0.0,0.0,0.0,156156000.0,224285000.0,0.502,224285000.0,156156000.0,107719000.0,0.13,0.13,0.13,61185000.0,,61185000.0,4060369065.0,8.0,5.224,66169000.0,0.23,1.0,183344000.0,0.41,0.0,48437000.0,5409781000.0,,403948000.0,53686000.0,0.0,53686000.0,3904069000.0,680175000.0,3223894000.0,1878312065.0,3419000.0,0.0,-3291000.0,-53005000.0,0.0,-67342000.0,-34745000.0,0.0,105506000.0,0.0,47104000.0,38039000.0,38039000.0,0.0,0.0,0.085,16460000.0,166884000.0,281561000.0,0.0,30.699,27.502,28.37,3221552000.0,9065000.0,6.525,1.016,1.016,184861000.0,,447087000.0,447087000.0,2051000.0,,,,,0.0,14409000.0,1.0,287863918.0,287812000,289456000.0,1.553,3965254000.0,0.0,60615000.0,643193000.0,13.777,-68170000.0
82,FCX,MRQ,2000-12-31,2000-12-31,2000-12-31,2021-08-05,10244000.0,3950741000.0,,569122000.0,3381619000.0,,0.13,-44632000.0,7968000.0,7968000.0,302772000.0,67278000.0,0.898,103.156,2190025000.0,202294000.0,1987731000.0,2190025000.0,0.0,88044000.0,0.0,0.0,0.0,185433000.0,273477000.0,0.516,273477000.0,185433000.0,133374000.0,0.19,0.19,0.19,37931000.0,,37931000.0,3537470874.0,8.0,4.876,166467000.0,0.569,1.0,227061000.0,0.429,0.0,52059000.0,5498886000.0,,400607000.0,56154000.0,0.0,56154000.0,3912810000.0,633912000.0,3278898000.0,1271489874.0,1990000.0,0.0,-40888000.0,-87936000.0,0.0,-159926000.0,-49183000.0,0.0,211099000.0,0.0,67278000.0,58064000.0,58064000.0,0.0,0.0,0.11,17079000.0,209982000.0,301639000.0,0.0,33.521,32.19,32.935,3248710000.0,9214000.0,4.282,0.68,0.706,128198000.0,330901000.0,529833000.0,529833000.0,2125000.0,,,,,0.0,14954000.0,1.0,296972994.0,292394000,296570000.0,1.812,3950741000.0,0.0,66096000.0,610552000.0,13.512,-64790000.0
83,FCX,MRQ,2000-09-30,2000-09-30,2000-09-30,2021-08-05,0.0,3981173000.0,,570680000.0,3410493000.0,,0.047,-35080000.0,5978000.0,5978000.0,356711000.0,154000.0,0.878,280.474,2271959000.0,205102000.0,2066857000.0,2271959000.0,0.0,77825000.0,0.0,0.0,0.0,88445000.0,166270000.0,0.351,166270000.0,88445000.0,34906000.0,-0.03,-0.03,-0.03,14144000.0,,14144000.0,3560053947.0,9.0,5.214,41607000.0,0.139,1.0,117126000.0,0.247,0.0,53539000.0,5596919000.0,,395493000.0,62767000.0,0.0,62767000.0,3967029000.0,650235000.0,3316794000.0,1347475947.0,117000.0,0.0,-36373000.0,9872000.0,0.0,-47945000.0,-28625000.0,0.0,76687000.0,0.0,154000.0,-9192000.0,-9192000.0,0.0,0.0,-0.019,21644000.0,95482000.0,400005000.0,0.0,95.268,71.892,80.118,3261301000.0,9346000.0,4.407,0.722,0.709,159577000.0,,473837000.0,473837000.0,2915000.0,,,,,0.0,18729000.0,1.0,305792794.0,300176000,300176000.0,1.579,3981173000.0,0.0,34752000.0,573807000.0,13.263,-79555000.0
84,FCX,MRQ,2000-06-30,2000-06-30,2000-06-30,2021-08-05,0.0,3984652000.0,,533996000.0,3450656000.0,,0.194,-33379000.0,5861000.0,5861000.0,307612000.0,-9176000.0,0.871,63.711,2218439000.0,205148000.0,2013291000.0,2218439000.0,0.0,54328000.0,0.0,0.0,0.0,58889000.0,113217000.0,0.285,113217000.0,58889000.0,9076000.0,-0.06,-0.06,-0.06,61576000.0,,61576000.0,3618173547.0,8.0,4.974,49274000.0,0.156,1.0,89736000.0,0.226,0.0,49813000.0,5584403000.0,,387343000.0,68150000.0,0.0,68150000.0,3923076000.0,612827000.0,3310249000.0,1480017547.0,621000.0,0.0,-61709000.0,62579000.0,0.0,-42211000.0,-39821000.0,0.0,82653000.0,0.0,-9176000.0,-18613000.0,-18613000.0,0.0,0.0,-0.047,18359000.0,71377000.0,345940000.0,0.0,24.036,27.035,28.03,3297419000.0,9437000.0,4.625,0.793,0.785,108568000.0,,397348000.0,397348000.0,1841000.0,,,,,0.0,16518000.0,1.0,320003794.0,316758000,316758000.0,1.254,3984652000.0,0.0,18252000.0,567927000.0,12.579,-78831000.0
85,FCX,MRQ,2000-03-31,2000-03-31,2000-03-31,2021-08-05,0.0,4024468000.0,,539180000.0,3485288000.0,,0.461,-57868000.0,5240000.0,5240000.0,329423000.0,18731000.0,1.096,26.056,2143396000.0,105527000.0,2037869000.0,2143396000.0,0.0,63359000.0,0.0,0.0,0.0,109139000.0,172498000.0,0.369,172498000.0,109139000.0,59204000.0,0.03,0.03,0.03,148746000.0,,148746000.0,4071183878.0,10.0,5.922,87713000.0,0.272,1.0,138169000.0,0.295,0.0,49935000.0,5670652000.0,,370257000.0,74028000.0,0.0,74028000.0,3875722000.0,491972000.0,3383750000.0,1929622878.0,-1458000.0,-5717000.0,-60649000.0,-4524000.0,0.0,-83454000.0,-63585000.0,0.0,145581000.0,0.0,18731000.0,9241000.0,9241000.0,0.0,0.0,0.02,22717000.0,115452000.0,382318000.0,0.0,12.973,25.863,26.217,3325439000.0,9490000.0,6.03,1.267,1.277,148684000.0,,467592000.0,467592000.0,1968000.0,,,,,0.0,20749000.0,1.0,320003794.0,322646000,325088000.0,1.449,4024468000.0,0.0,40473000.0,575633000.0,12.473,47208000.0
86,FCX,MRQ,1999-12-31,1999-12-31,1999-12-31,2021-08-05,10244000.0,4082916000.0,,564454000.0,3518462000.0,,0.602,-54896000.0,6698000.0,6698000.0,344519000.0,46842000.0,1.096,19.738,2148259000.0,114789000.0,2033470000.0,2148259000.0,0.0,76025000.0,0.0,0.0,0.0,154814000.0,230839000.0,0.438,230839000.0,154814000.0,106872000.0,0.115,0.11,0.115,196880000.0,,196880000.0,5708201900.0,11.0,6.966,126193000.0,0.386,1.0,182980000.0,0.347,0.0,47942000.0,5709410000.0,,368125000.0,66070000.0,0.0,66070000.0,3886036000.0,515067000.0,3370969000.0,3454425900.0,3337000.0,0.0,0.0,-107742000.0,0.0,-124504000.0,-53248000.0,0.0,181089000.0,0.0,46842000.0,37307000.0,37307000.0,0.0,0.0,0.071,25601000.0,157379000.0,277365000.0,0.0,17.546,34.275,34.081,3381465000.0,9535000.0,10.565,1.83,1.832,141325000.0,291401000.0,527499000.0,527499000.0,3036000.0,,,,,0.0,22565000.0,1.0,326968850.0,326980000,329710000.0,1.613,4082916000.0,0.0,60030000.0,596098000.0,12.487,49387000.0
87,FCX,MRQ,1999-09-30,1999-09-30,1999-09-30,2021-08-05,0.0,4132187000.0,,588153000.0,3544034000.0,,0.488,-25973000.0,3361000.0,3361000.0,297778000.0,35638000.0,1.003,24.916,2257137000.0,161952000.0,2095185000.0,2257137000.0,0.0,74063000.0,0.0,0.003,0.0,136873000.0,210936000.0,0.445,210936000.0,136873000.0,88969000.0,0.08,0.08,0.08,159443000.0,,159443000.0,4847757125.0,12.0,6.817,83166000.0,0.254,1.0,175880000.0,0.371,0.0,47904000.0,5799626000.0,,359651000.0,67815000.0,0.0,67815000.0,3972744000.0,586337000.0,3386407000.0,2543525125.0,-1201000.0,-3384000.0,0.0,-51735000.0,0.0,-80964000.0,-29376000.0,0.0,109139000.0,0.0,35638000.0,26809000.0,26809000.0,0.0,0.0,0.057,17635000.0,158245000.0,369408000.0,0.0,15.953,28.953,29.923,3387149000.0,8829000.0,7.78,1.78,1.78,214419000.0,,473658000.0,473658000.0,2484000.0,,,,,0.0,15151000.0,1.0,326931250.0,326962000,329688000.0,1.449,4132187000.0,0.0,53331000.0,575386000.0,12.638,1816000.0
88,FCX,MRQ,1999-06-30,1999-06-30,1999-06-30,2021-08-05,0.0,4086686000.0,,526356000.0,3560330000.0,,0.406,-41596000.0,4562000.0,4562000.0,55167000.0,1099000.0,1.036,29.878,2308794000.0,145027000.0,2163767000.0,2308794000.0,0.0,72384000.0,0.0,0.006,0.0,824000.0,73208000.0,1.343,73208000.0,824000.0,3239000.0,0.005,0.005,0.005,132350000.0,,132350000.0,5287522778.0,13.0,7.577,81590000.0,0.25,1.0,-668000.0,-0.012,0.0,-2415000.0,5882769000.0,,323675000.0,68357000.0,0.0,68357000.0,3954336000.0,508149000.0,3446187000.0,2932538778.0,-795000.0,0.0,-156000.0,-62777000.0,0.0,-81552000.0,-42429000.0,0.0,123186000.0,0.0,1099000.0,1251000.0,1251000.0,0.0,0.0,0.023,71031000.0,-71699000.0,323456000.0,0.0,22.157,34.548,35.88,3401662000.0,-152000.0,8.97,2.098,2.091,186868000.0,,54499000.0,54499000.0,-2947000.0,,,,,0.0,1594000.0,1.0,326927400.0,325826000,329590000.0,0.167,4086686000.0,0.0,2140000.0,545894000.0,12.543,18207000.0
89,FCX,MRQ,1999-03-31,1999-03-31,1999-03-31,2021-08-05,0.0,4092909000.0,,493247000.0,3599662000.0,,0.346,-34973000.0,5357000.0,5357000.0,260628000.0,26444000.0,1.018,35.105,2360341000.0,125092000.0,2235249000.0,2360341000.0,0.0,70741000.0,0.0,0.014,0.0,116839000.0,187580000.0,0.451,187580000.0,116839000.0,66520000.0,0.055,0.055,0.055,113362000.0,,113362000.0,4230543456.0,8.0,5.189,120397000.0,0.367,1.0,155208000.0,0.373,0.0,50319000.0,5963527000.0,,339523000.0,73385000.0,0.0,73385000.0,3979547000.0,484366000.0,3495181000.0,1779627456.0,-520000.0,0.0,-7765000.0,-95958000.0,0.0,-120917000.0,-34973000.0,0.0,155370000.0,0.0,26444000.0,17710000.0,17710000.0,0.0,0.0,0.043,18605000.0,136603000.0,323257000.0,0.0,15.699,16.262,17.27,3437487000.0,8734000.0,5.44,1.002,1.004,137008000.0,,415836000.0,415836000.0,2948000.0,,,,,0.0,15657000.0,1.0,327137400.0,328034000,328034000.0,1.268,4092909000.0,0.0,40076000.0,526930000.0,12.477,8881000.0
90,FCX,MRQ,1998-12-31,1998-12-31,1998-12-31,2021-08-05,10244000.0,4192634000.0,,545894000.0,3646740000.0,,0.314,-28523000.0,5877000.0,5877000.0,279080000.0,50850000.0,1.053,39.541,2456793000.0,127804000.0,2328989000.0,2456793000.0,0.0,80009000.0,0.0,0.019,0.025,159430000.0,239439000.0,0.494,239439000.0,159430000.0,106955000.0,0.12,0.12,0.12,103416000.0,,103416000.0,4224310095.0,8.0,5.232,91735000.0,0.278,1.0,205936000.0,0.425,0.0,52475000.0,6125063000.0,,301404000.0,80822000.0,0.0,80822000.0,4089218000.0,518487000.0,3570731000.0,1728268095.0,-4014000.0,-49000.0,-21694000.0,-49144000.0,-8264000.0,-96043000.0,-28229000.0,0.0,120258000.0,0.0,50850000.0,42081000.0,42081000.0,0.0,0.0,0.087,27313000.0,178623000.0,289342000.0,0.208,16.712,14.607,15.582,3474451000.0,8769000.0,5.22,0.984,1.042,180978000.0,190614000.0,485016000.0,485016000.0,2689000.0,,,,,0.0,24624000.0,1.0,331085842.0,329868000,329546000.0,1.47,4192634000.0,0.0,56105000.0,516955000.0,12.71,27407000.0
91,FCX,MRQ,1998-09-30,1998-09-30,1998-09-30,2021-08-05,0.0,4174245000.0,,471246000.0,3702999000.0,,0.238,-48705000.0,9891000.0,9891000.0,279320000.0,32633000.0,0.897,49.232,2505933000.0,146433000.0,2359500000.0,2505933000.0,0.0,75145000.0,0.0,0.031,0.025,122483000.0,197628000.0,0.447,197628000.0,122483000.0,71212000.0,0.07,0.07,0.07,83100000.0,,83100000.0,4664156289.0,10.0,6.315,129750000.0,0.371,1.0,162806000.0,0.368,0.0,51271000.0,6145156000.0,,287959000.0,84590000.0,0.0,84590000.0,4091145000.0,525131000.0,3566014000.0,2147680289.0,4668000.0,-54000.0,-170634000.0,61457000.0,-8990000.0,-134285000.0,-39502000.0,0.0,178455000.0,0.0,32633000.0,23842000.0,23842000.0,0.0,0.0,0.054,27278000.0,135528000.0,332000000.0,0.357,25.845,18.531,18.656,3524586000.0,8791000.0,5.97,1.269,1.232,164543000.0,,442126000.0,442126000.0,2778000.0,,,,,0.0,24500000.0,1.0,359745442.0,349336000,349336000.0,1.266,4174245000.0,0.0,38579000.0,489458000.0,11.949,-53885000.0
92,FCX,MRQ,1998-06-30,1998-06-30,1998-06-30,2021-08-05,0.0,4218157000.0,,469197000.0,3748960000.0,,0.685,-115111000.0,5223000.0,5223000.0,274668000.0,34738000.0,1.121,16.062,2521699000.0,95211000.0,2426488000.0,2521699000.0,0.0,63978000.0,0.0,0.036,0.025,126726000.0,190704000.0,0.44,190704000.0,126726000.0,73464000.0,0.07,0.07,0.07,247227000.0,,247227000.0,5206895044.0,11.0,7.142,-26049000.0,-0.072,1.0,159190000.0,0.367,0.0,53262000.0,6315997000.0,,289032000.0,84975000.0,0.0,84975000.0,3970930000.0,418636000.0,3552294000.0,2747936044.0,-6627000.0,-53000.0,-17400000.0,66469000.0,-9045000.0,24098000.0,-119787000.0,0.0,89062000.0,0.0,34738000.0,25802000.0,25802000.0,0.0,0.0,0.059,24027000.0,135163000.0,286292000.0,0.357,11.115,21.363,22.014,3565734000.0,8936000.0,7.595,1.579,1.576,168647000.0,,433858000.0,433858000.0,4919000.0,,,,,0.0,19108000.0,1.0,361808564.0,361122000,361544000.0,1.201,4218157000.0,0.0,38726000.0,469494000.0,11.681,50561000.0
93,FCX,MRQ,1998-03-31,1998-03-31,1998-03-31,2021-08-05,0.0,4221396000.0,,498986000.0,3722410000.0,,0.681,-97035000.0,11850000.0,11850000.0,243665000.0,35627000.0,0.991,16.097,2470809000.0,105188000.0,2365621000.0,2470809000.0,0.0,58275000.0,0.0,0.036,0.025,121363000.0,179638000.0,0.453,179638000.0,121363000.0,72783000.0,0.075,0.075,0.075,246911000.0,,246911000.0,5987254383.0,11.0,7.571,-5983000.0,-0.017,1.0,152467000.0,0.385,0.0,48580000.0,6176947000.0,,315153000.0,85146000.0,0.0,85146000.0,3974485000.0,503408000.0,3471077000.0,3607231383.0,2891000.0,-2553000.0,-49485000.0,86193000.0,-9083000.0,11427000.0,-99588000.0,0.0,91052000.0,0.0,35627000.0,26592000.0,26592000.0,0.0,0.0,0.067,22195000.0,130272000.0,360468000.0,0.333,14.609,20.889,22.156,3541857000.0,9035000.0,9.97,1.926,1.929,163969000.0,,396132000.0,396132000.0,2647000.0,,,,,0.0,19548000.0,1.0,361808564.0,362502000,362748000.0,1.093,4221396000.0,0.0,37156000.0,455264000.0,11.645,-4422000.0
94,FCX,MRQ,1997-12-31,1997-12-31,1997-12-31,2021-08-05,10244000.0,4152209000.0,,463089000.0,3689120000.0,,0.736,-126605000.0,8959000.0,8959000.0,285595000.0,48613000.0,0.974,13.888,2388982000.0,80852000.0,2308130000.0,2388982000.0,0.0,53215000.0,0.0,0.057,0.113,117362000.0,170577000.0,0.406,170577000.0,117362000.0,77898000.0,0.105,0.11,0.105,278892000.0,,278892000.0,,,,1294000.0,0.003,1.0,135057000.0,0.321,0.0,39464000.0,6056567000.0,,314800000.0,83061000.0,0.0,83061000.0,3873317000.0,475665000.0,3397652000.0,2849242442.0,-2806000.0,-11793000.0,-187449000.0,263158000.0,-43514000.0,15398000.0,-146103000.0,0.0,127899000.0,0.0,48613000.0,39661000.0,39661000.0,0.0,0.0,0.094,11044000.0,124013000.0,261866000.0,1.076,10.216,13.663,14.858,3521715000.0,8952000.0,7.875,1.424,1.546,89599000.0,107679000.0,420652000.0,420652000.0,3582000.0,,,,,0.0,7462000.0,1.0,361808564.0,378972000,379958000.0,1.11,4152209000.0,0.0,29285000.0,434566000.0,10.957,-12576000.0
95,FCX,MRQ,1997-09-30,1997-09-30,1997-09-30,2021-08-05,,,,,,,,-169491000.0,,,321071000.0,45617000.0,,,,,,,,58775000.0,,0.031,0.113,129389000.0,188164000.0,0.384,188164000.0,129389000.0,90757000.0,0.095,0.095,0.095,,,,,,,11555000.0,0.03,1.0,168451000.0,0.344,,38632000.0,,,,,,,,,,,-11842000.0,-7591000.0,-148620000.0,197407000.0,-44506000.0,-16150000.0,-176738000.0,0.0,181046000.0,0.0,45617000.0,36577000.0,36577000.0,0.0,0.0,0.075,32034000.0,136417000.0,,1.189,,,,,9040000.0,14.405,,,,,489522000.0,489522000.0,5085000.0,,,,,0.0,26949000.0,1.0,,390922000,393848000.0,1.252,,,45140000.0,,,
96,FCX,MRQ,1997-06-30,1997-06-30,1997-06-30,2021-08-05,,,,,,,,-125357000.0,,,317527000.0,79057000.0,,,,,,,,54609000.0,,0.03,0.113,197817000.0,252426000.0,0.445,252426000.0,197817000.0,157341000.0,0.175,0.175,0.175,,,,,,,5123000.0,0.013,1.0,249423000.0,0.44,,40476000.0,,,,,,,,,,,-1457000.0,-8627000.0,-54885000.0,123708000.0,-44905000.0,2391000.0,-134328000.0,0.0,130480000.0,0.0,79057000.0,69852000.0,69852000.0,0.0,0.0,0.123,35722000.0,213701000.0,,0.646,,,,,9205000.0,15.565,,,,,566950000.0,566950000.0,6234000.0,,,,,0.0,29488000.0,1.0,,398578000,401750000.0,1.422,,,78284000.0,,,
97,FCX,MRQ,1997-03-31,1997-03-31,1997-03-31,2021-08-05,,,,,,,,-127216000.0,,,296742000.0,71821000.0,,,,,,,,47256000.0,,0.032,0.113,183574000.0,230830000.0,0.441,230830000.0,183574000.0,150426000.0,0.155,0.155,0.155,,,,,,,-53089000.0,-0.132,1.0,227038000.0,0.433,,33148000.0,,,,,,,,,,,-12054000.0,-8232000.0,-47434000.0,161139000.0,-45416000.0,49267000.0,-135448000.0,0.0,74127000.0,0.0,71821000.0,62451000.0,62451000.0,0.0,0.0,0.119,29430000.0,197608000.0,,0.729,,,,,9370000.0,15.19,,,,,523780000.0,523780000.0,2728000.0,,,,,0.0,26702000.0,1.0,,402668000,406094000.0,1.301,,,78605000.0,,,
98,FCX,MRQ,1996-12-31,1996-12-31,1996-12-31,2021-08-05,10244000.0,3865534000.0,,661216000.0,3204318000.0,,1.733,,37118000.0,37118000.0,,,1.106,4.724,1562916000.0,136617000.0,1426299000.0,1562916000.0,0.0,,0.0,0.032,0.113,,,,,,,,,,675379000.0,,675379000.0,,,,,,1.0,,,0.0,,4793457000.0,,375712000.0,46817000.0,0.0,46817000.0,3190155000.0,597875000.0,2592280000.0,,,,,,,,,,,,,,,,,,,,311797000.0,,,,33.2,3088644000.0,,14.94,,3.057,176920000.0,77479000.0,,,,,,,,,,1.0,,389820000,,,3865534000.0,0.0,,462687000.0,9.916,63341000.0
0,FCX,MRT,2021-06-30,2021-06-30,2021-06-30,2021-08-05,-576000000.0,45436000000.0,43080500000.0,12599000000.0,32837000000.0,0.44,8.187,-1113000000.0,6313000000.0,6313000000.0,12690000000.0,3574000000.0,2.28,2.04,9695000000.0,1057000000.0,8638000000.0,9695000000.0,0.0,1731000000.0,0.0,0.002,0.075,5441000000.0,7172000000.0,0.379,7172000000.0,5441000000.0,4792000000.0,1.94,1.92,1.94,12011000000.0,10585250000.0,12011000000.0,59614700402.0,11.0,8.312,4921000000.0,3.354,1.0,6254000000.0,0.33,0.0,649000000.0,43291000000.0,44490750000.0,5691000000.0,0.0,0.0,0.0,24501000000.0,5527000000.0,18974000000.0,54385700402.0,4840000000.0,-33000000.0,184000000.0,-270000000.0,-111000000.0,-123000000.0,-1071000000.0,0.0,6034000000.0,0.0,2838000000.0,2838000000.0,2838000000.0,0.0,736000000.0,0.15,66000000.0,6188000000.0,3106000000.0,0.039,4.528,19.163,19.129,29836000000.0,0.0,37.11,2.871,2.874,1100000000.0,-9880000000.0,18944000000.0,18944000000.0,37000000.0,0.066,0.268,0.122,0.287,112000000.0,356000000.0,1.0,1465526823.0,1467000000,1483000000.0,12.913,45436000000.0,578000000.0,1954000000.0,5405000000.0,30.972,7072000000.0
1,FCX,MRT,2021-03-31,2021-03-31,2021-03-31,2021-08-05,-580000000.0,43643000000.0,41779000000.0,10856000000.0,32787000000.0,0.389,7.469,-1174000000.0,4580000000.0,4580000000.0,11753000000.0,2367000000.0,2.354,2.204,9809000000.0,656000000.0,9153000000.0,9809000000.0,0.0,1606000000.0,0.0,0.0,0.0,3871000000.0,5477000000.0,0.337,5477000000.0,3871000000.0,3255000000.0,1.23,1.22,1.23,10920000000.0,9821000000.0,10920000000.0,54081761087.0,14.0,9.874,2956000000.0,2.022,1.0,4497000000.0,0.277,0.0,616000000.0,44261000000.0,45111250000.0,5620000000.0,0.0,0.0,0.0,24070000000.0,4611000000.0,19459000000.0,48027761087.0,2968000000.0,0.0,106000000.0,-331000000.0,0.0,-76000000.0,-1086000000.0,0.0,4130000000.0,0.0,1808000000.0,1808000000.0,1808000000.0,0.0,559000000.0,0.111,55000000.0,4442000000.0,2866000000.0,0.0,4.398,26.564,26.772,29775000000.0,0.0,32.93,2.956,2.963,1248000000.0,-10963000000.0,16250000000.0,16250000000.0,41000000.0,0.043,0.184,0.086,0.238,113000000.0,360000000.0,1.0,1458480446.0,1462000000,1477000000.0,11.115,43643000000.0,522000000.0,1447000000.0,5093000000.0,29.852,6245000000.0
2,FCX,MRT,2020-12-31,2020-12-31,2020-12-31,2021-08-05,-583000000.0,42144000000.0,40923000000.0,9303000000.0,32841000000.0,0.347,7.002,-1346000000.0,3657000000.0,3657000000.0,11655000000.0,865000000.0,2.723,2.307,9711000000.0,34000000.0,9677000000.0,9711000000.0,0.0,1528000000.0,0.0,0.002,0.05,2141000000.0,3669000000.0,0.258,3669000000.0,2141000000.0,1543000000.0,0.41,0.41,0.41,10174000000.0,9304750000.0,10174000000.0,45430636314.0,21.0,12.382,1671000000.0,1.15,1.0,2543000000.0,0.179,0.0,598000000.0,44781000000.0,45433000000.0,5356000000.0,0.0,0.0,0.0,23476000000.0,3417000000.0,20059000000.0,37803636314.0,1625000000.0,0.0,0.0,-193000000.0,-73000000.0,-128000000.0,-1264000000.0,0.0,3017000000.0,0.0,599000000.0,599000000.0,599000000.0,0.0,266000000.0,0.042,106000000.0,2437000000.0,2708000000.0,0.122,3.716,63.111,63.463,29818000000.0,0.0,26.02,2.663,2.663,892000000.0,-11681000000.0,14198000000.0,14198000000.0,50000000.0,0.015,0.064,0.047,0.151,99000000.0,370000000.0,1.0,1452868421.0,1453000000,1461000000.0,9.772,42144000000.0,520000000.0,944000000.0,4732000000.0,29.005,5886000000.0
3,FCX,MRT,2020-09-30,2020-09-30,2020-09-30,2021-08-05,-728000000.0,41099000000.0,40589250000.0,8071000000.0,33028000000.0,0.335,6.357,-2184000000.0,2403000000.0,2403000000.0,11994000000.0,50000000.0,2.607,2.548,10030000000.0,47000000.0,9983000000.0,10030000000.0,0.0,1484000000.0,0.0,0.006,0.1,1143000000.0,2627000000.0,0.193,2627000000.0,1143000000.0,562000000.0,-0.09,-0.09,-0.09,9236000000.0,9085750000.0,9236000000.0,31161699279.0,27.0,11.862,-324000000.0,-0.223,1.0,1620000000.0,0.119,0.0,581000000.0,45630000000.0,45589250000.0,5355000000.0,0.0,0.0,0.0,23537000000.0,3096000000.0,20441000000.0,22712699279.0,143000000.0,452000000.0,1000000.0,49000000.0,-146000000.0,-6000000.0,-1711000000.0,0.0,1860000000.0,0.0,-100000000.0,-100000000.0,-100000000.0,-1000000.0,150000000.0,-0.007,117000000.0,1503000000.0,2533000000.0,-1.111,2.459,-227.127,-173.778,29911000000.0,0.0,15.64,1.668,1.669,893000000.0,-12389000000.0,13614000000.0,13614000000.0,63000000.0,-0.002,-0.011,0.025,0.084,71000000.0,367000000.0,1.0,1452218624.0,1453000000,1461000000.0,9.37,41099000000.0,464000000.0,662000000.0,4444000000.0,28.286,4975000000.0
4,FCX,MRT,2020-06-30,2020-06-30,2020-06-30,2021-08-05,-652000000.0,40230000000.0,40550250000.0,7155000000.0,33075000000.0,0.319,6.162,-2412000000.0,1465000000.0,1465000000.0,12159000000.0,-616000000.0,2.462,2.577,9914000000.0,90000000.0,9824000000.0,9914000000.0,0.0,1412000000.0,0.0,0.013,0.15,404000000.0,1816000000.0,0.141,1816000000.0,404000000.0,-180000000.0,-0.46,-0.46,-0.46,8954000000.0,9137750000.0,8954000000.0,25271301855.0,63.0,13.916,-1565000000.0,-1.077,1.0,757000000.0,0.059,0.0,584000000.0,45773000000.0,45490250000.0,5256000000.0,0.0,0.0,0.0,23075000000.0,2906000000.0,20169000000.0,16799301855.0,-1277000000.0,452000000.0,1000000.0,-25000000.0,-218000000.0,-162000000.0,-1962000000.0,0.0,847000000.0,0.0,-636000000.0,-636000000.0,-636000000.0,-2000000.0,20000000.0,-0.049,172000000.0,585000000.0,2471000000.0,-0.326,1.876,-26.414,-25.152,29936000000.0,0.0,11.57,1.301,1.302,717000000.0,-12718000000.0,12916000000.0,12916000000.0,80000000.0,-0.016,-0.07,0.009,0.031,66000000.0,396000000.0,1.0,1451970774.0,1453000000,1458000000.0,8.889,40230000000.0,646000000.0,456000000.0,4227000000.0,27.688,4249000000.0
5,FCX,MRT,2020-03-31,2020-03-31,2020-03-31,2021-08-05,-668000000.0,40219000000.0,40764250000.0,7357000000.0,32862000000.0,0.329,6.098,-2536000000.0,1602000000.0,1602000000.0,12905000000.0,-814000000.0,2.341,2.626,10074000000.0,245000000.0,9829000000.0,10074000000.0,0.0,1406000000.0,0.0,0.03,0.2,185000000.0,1591000000.0,0.119,1591000000.0,185000000.0,-416000000.0,-0.54,-0.54,-0.54,8855000000.0,9326500000.0,8855000000.0,17600063876.0,95.0,11.062,-1626000000.0,-1.12,1.0,503000000.0,0.038,0.0,601000000.0,45548000000.0,45320250000.0,5126000000.0,0.0,0.0,0.0,23256000000.0,3143000000.0,20113000000.0,9794063876.0,-1245000000.0,452000000.0,1000000.0,160000000.0,-291000000.0,-52000000.0,-2103000000.0,0.0,910000000.0,0.0,-761000000.0,-761000000.0,-761000000.0,-2000000.0,-53000000.0,-0.057,206000000.0,297000000.0,2465000000.0,-0.37,1.106,-12.87,-12.5,29899000000.0,0.0,6.75,0.73,0.731,515000000.0,-12771000000.0,13408000000.0,13408000000.0,93000000.0,-0.019,-0.082,0.004,0.014,61000000.0,397000000.0,1.0,1450972426.0,1452000000,1452000000.0,9.234,40219000000.0,591000000.0,345000000.0,4215000000.0,27.699,4214000000.0
6,FCX,MRT,2019-12-31,2019-12-31,2019-12-31,2021-08-05,-676000000.0,40809000000.0,40974250000.0,7915000000.0,32894000000.0,0.351,6.408,-2521000000.0,2020000000.0,2020000000.0,13125000000.0,-189000000.0,2.467,2.512,9826000000.0,5000000.0,9821000000.0,9826000000.0,0.0,1412000000.0,0.0,0.015,0.2,891000000.0,2303000000.0,0.16,2303000000.0,891000000.0,271000000.0,-0.17,-0.17,-0.17,9298000000.0,9558500000.0,9298000000.0,26707987613.0,30.0,11.597,-1039000000.0,-0.716,1.0,1277000000.0,0.089,0.0,620000000.0,45406000000.0,45154250000.0,5498000000.0,0.0,0.0,0.0,23361000000.0,3209000000.0,20152000000.0,19035987613.0,-2177000000.0,452000000.0,0.0,-1318000000.0,-291000000.0,-1556000000.0,-2103000000.0,0.0,1482000000.0,0.0,-239000000.0,-239000000.0,-239000000.0,-3000000.0,50000000.0,-0.017,186000000.0,1091000000.0,2576000000.0,-1.176,2.047,-79.648,-77.176,29584000000.0,0.0,13.12,1.322,1.322,741000000.0,-12280000000.0,14402000000.0,14402000000.0,104000000.0,-0.006,-0.025,0.02,0.062,63000000.0,394000000.0,1.0,1450913690.0,1451000000,1451000000.0,9.926,40809000000.0,426000000.0,510000000.0,4329000000.0,28.125,4706000000.0
7,FCX,MRT,2019-09-30,2019-09-30,2019-09-30,2021-08-05,-570000000.0,40943000000.0,41326000000.0,8347000000.0,32596000000.0,0.343,6.504,-2274000000.0,2247000000.0,2247000000.0,13038000000.0,146000000.0,2.469,2.478,9919000000.0,4000000.0,9915000000.0,9919000000.0,0.0,1424000000.0,0.0,0.021,0.2,776000000.0,2200000000.0,0.155,2200000000.0,776000000.0,-134000000.0,0.15,0.15,0.15,9444000000.0,9683500000.0,9444000000.0,21178022793.0,27.0,9.626,-1024000000.0,-0.705,1.0,1137000000.0,0.08,0.0,910000000.0,45234000000.0,45255500000.0,5734000000.0,0.0,0.0,0.0,23401000000.0,3381000000.0,20020000000.0,13885022793.0,-2311000000.0,-3043000000.0,-4000000.0,-1386000000.0,-291000000.0,1810000000.0,-5371000000.0,0.0,1250000000.0,0.0,237000000.0,237000000.0,237000000.0,-6000000.0,-91000000.0,0.017,505000000.0,632000000.0,2755000000.0,1.333,1.47,58.587,63.8,29330000000.0,0.0,9.57,0.98,0.98,731000000.0,-12289000000.0,14175000000.0,14175000000.0,116000000.0,0.006,0.024,0.017,0.055,58000000.0,386000000.0,1.0,1450890574.0,1452000000,1452000000.0,9.762,40943000000.0,263000000.0,-371000000.0,4306000000.0,28.198,4966000000.0
8,FCX,MRT,2019-06-30,2019-06-30,2019-06-30,2021-08-05,-582000000.0,41086000000.0,40527500000.0,8730000000.0,32356000000.0,0.393,6.691,-2122000000.0,2623000000.0,2623000000.0,13532000000.0,1044000000.0,2.657,2.397,9916000000.0,4000000.0,9912000000.0,9916000000.0,0.0,1560000000.0,0.0,0.017,0.2,1990000000.0,3550000000.0,0.223,3550000000.0,1990000000.0,1060000000.0,0.68,0.68,0.68,9709000000.0,9816750000.0,9709000000.0,23913867137.0,12.0,6.736,151000000.0,0.104,1.0,2398000000.0,0.151,0.0,930000000.0,45093000000.0,44064250000.0,5724000000.0,0.0,0.0,0.0,23269000000.0,3286000000.0,19983000000.0,16841867137.0,-1135000000.0,-3043000000.0,-5000000.0,-1375000000.0,-291000000.0,1807000000.0,-5215000000.0,0.0,2273000000.0,0.0,1000000000.0,1000000000.0,1000000000.0,-1000000.0,44000000.0,0.063,413000000.0,1985000000.0,2721000000.0,0.294,1.735,16.842,17.074,28841000000.0,0.0,11.61,1.057,1.058,725000000.0,-12082000000.0,15930000000.0,15930000000.0,118000000.0,0.025,0.102,0.045,0.125,56000000.0,386000000.0,1.0,1450634551.0,1451000000,1451000000.0,10.979,41086000000.0,245000000.0,60000000.0,4118000000.0,28.316,5444000000.0
9,FCX,MRT,2019-03-31,2019-03-31,2019-03-31,2021-08-05,-594000000.0,41059000000.0,39513000000.0,9045000000.0,32014000000.0,0.444,6.742,-1995000000.0,2833000000.0,2833000000.0,13530000000.0,2153000000.0,2.786,2.373,9905000000.0,3000000.0,9902000000.0,9905000000.0,0.0,1650000000.0,0.0,0.016,0.2,3471000000.0,5121000000.0,0.292,5121000000.0,3471000000.0,2531000000.0,1.33,1.32,1.33,9783000000.0,9758000000.0,9783000000.0,25602369028.0,7.0,4.999,1033000000.0,0.712,1.0,4022000000.0,0.229,0.0,940000000.0,44884000000.0,42915250000.0,5804000000.0,0.0,0.0,0.0,23218000000.0,3247000000.0,19971000000.0,18678369028.0,-887000000.0,-3043000000.0,-3000000.0,-1816000000.0,-291000000.0,1157000000.0,-5072000000.0,0.0,3028000000.0,0.0,1941000000.0,1941000000.0,1941000000.0,3000000.0,212000000.0,0.111,406000000.0,3616000000.0,2599000000.0,0.15,1.909,9.623,9.692,28497000000.0,0.0,12.89,1.064,1.066,781000000.0,-12010000000.0,17552000000.0,17552000000.0,111000000.0,0.049,0.199,0.081,0.198,56000000.0,403000000.0,1.0,1449058885.0,1451000000,1457000000.0,12.096,41059000000.0,410000000.0,590000000.0,4217000000.0,28.297,5798000000.0
10,FCX,MRT,2018-12-31,2018-12-31,2018-12-31,2021-08-05,-605000000.0,42216000000.0,38407500000.0,10464000000.0,31752000000.0,0.485,6.762,-1848000000.0,4217000000.0,4217000000.0,13466000000.0,2894000000.0,3.143,2.483,11141000000.0,17000000.0,11124000000.0,11141000000.0,0.0,1754000000.0,0.0,0.015,0.15,4538000000.0,6292000000.0,0.338,6292000000.0,4538000000.0,3593000000.0,1.79,1.78,1.79,9798000000.0,9476250000.0,9798000000.0,21510537076.0,5.0,3.419,2015000000.0,1.391,1.0,5162000000.0,0.277,0.0,945000000.0,45811000000.0,41743500000.0,6073000000.0,0.0,0.0,0.0,24324000000.0,3329000000.0,20995000000.0,14939537076.0,-255000000.0,-3043000000.0,0.0,-2085000000.0,-218000000.0,900000000.0,-5018000000.0,0.0,3863000000.0,0.0,2602000000.0,2602000000.0,2602000000.0,15000000.0,292000000.0,0.14,408000000.0,4754000000.0,2625000000.0,0.084,1.525,5.742,5.76,28010000000.0,0.0,10.31,0.802,0.802,829000000.0,-12041000000.0,18628000000.0,18628000000.0,105000000.0,0.068,0.275,0.109,0.244,76000000.0,422000000.0,1.0,1449033664.0,1449000000,1458000000.0,12.856,42216000000.0,493000000.0,991000000.0,4197000000.0,29.135,7135000000.0
11,FCX,MRT,2018-09-30,2018-09-30,2018-09-30,2021-08-05,-532000000.0,37749000000.0,37179000000.0,10921000000.0,26828000000.0,0.538,6.881,-1684000000.0,4556000000.0,4556000000.0,13404000000.0,3725000000.0,2.836,2.435,11127000000.0,4000000.0,11123000000.0,11127000000.0,0.0,1808000000.0,0.0,0.007,0.1,5441000000.0,7249000000.0,0.363,7249000000.0,5441000000.0,4837000000.0,2.17,2.16,2.17,9977000000.0,9021000000.0,9977000000.0,27438119185.0,5.0,3.785,3895000000.0,2.686,1.0,6581000000.0,0.329,0.0,604000000.0,40469000000.0,40563500000.0,5402000000.0,0.0,0.0,0.0,24295000000.0,3851000000.0,20444000000.0,20170119185.0,-368000000.0,0.0,14000000.0,-3596000000.0,-145000000.0,-4108000000.0,-1839000000.0,0.0,5579000000.0,0.0,3158000000.0,3158000000.0,3158000000.0,3000000.0,567000000.0,0.158,664000000.0,5917000000.0,2396000000.0,0.046,2.022,6.387,6.415,23013000000.0,0.0,13.92,1.009,1.01,1064000000.0,-12526000000.0,19985000000.0,19985000000.0,105000000.0,0.085,0.35,0.134,0.272,83000000.0,456000000.0,1.0,1449002815.0,1450000000,1458000000.0,13.783,37749000000.0,226000000.0,1679000000.0,4484000000.0,26.034,7070000000.0
12,FCX,MRT,2018-06-30,2018-06-30,2018-06-30,2021-08-05,-464000000.0,37028000000.0,37073500000.0,10343000000.0,26685000000.0,0.523,6.538,-1412000000.0,3859000000.0,3859000000.0,13089000000.0,3306000000.0,2.723,2.553,11127000000.0,4000000.0,11123000000.0,11127000000.0,0.0,1768000000.0,0.0,0.003,0.05,5191000000.0,6959000000.0,0.359,6959000000.0,5191000000.0,4426000000.0,1.98,1.97,1.98,9474000000.0,8270000000.0,9474000000.0,32910188013.0,6.0,4.729,4103000000.0,2.832,1.0,6298000000.0,0.325,0.0,765000000.0,40497000000.0,40855000000.0,5547000000.0,0.0,0.0,0.0,24186000000.0,3799000000.0,20387000000.0,25006188013.0,-701000000.0,0.0,13000000.0,-4158000000.0,-73000000.0,-4628000000.0,-1588000000.0,0.0,5515000000.0,0.0,2882000000.0,2882000000.0,2882000000.0,-4000000.0,424000000.0,0.149,768000000.0,5530000000.0,2420000000.0,0.025,2.639,8.677,8.717,22923000000.0,0.0,17.26,1.29,1.29,1077000000.0,-13161000000.0,19387000000.0,19387000000.0,105000000.0,0.078,0.348,0.127,0.268,87000000.0,459000000.0,1.0,1448794207.0,1449000000,1458000000.0,13.38,37028000000.0,225000000.0,1544000000.0,4271000000.0,25.554,6544000000.0
13,FCX,MRT,2018-03-31,2018-03-31,2018-03-31,2021-08-05,-475000000.0,36637000000.0,37077250000.0,10106000000.0,26531000000.0,0.484,5.974,-1237000000.0,3702000000.0,3702000000.0,12662000000.0,2606000000.0,2.326,2.855,11606000000.0,483000000.0,11123000000.0,11606000000.0,0.0,1776000000.0,0.0,0.0,0.0,4282000000.0,6058000000.0,0.338,6058000000.0,4282000000.0,3497000000.0,1.56,1.56,1.56,8656000000.0,7569750000.0,8656000000.0,34108632135.0,8.0,5.63,4006000000.0,2.765,1.0,5268000000.0,0.294,0.0,785000000.0,40197000000.0,41427250000.0,5272000000.0,0.0,0.0,0.0,24711000000.0,4344000000.0,20367000000.0,25438632135.0,-173000000.0,0.0,8000000.0,-3710000000.0,-1000000.0,-3964000000.0,-1452000000.0,0.0,5243000000.0,0.0,2282000000.0,2281000000.0,2281000000.0,-17000000.0,324000000.0,0.127,716000000.0,4552000000.0,2209000000.0,0.0,2.939,11.152,11.263,22792000000.0,1000000.0,17.57,1.419,1.42,1222000000.0,-14030000000.0,17930000000.0,17930000000.0,100000000.0,0.062,0.301,0.103,0.239,86000000.0,457000000.0,1.0,1447844743.0,1449000000,1458000000.0,12.374,36637000000.0,222000000.0,1215000000.0,4391000000.0,25.284,5762000000.0
14,FCX,MRT,2017-12-31,2017-12-31,2017-12-31,2021-08-05,-487000000.0,37302000000.0,37062000000.0,10626000000.0,26676000000.0,0.443,5.513,-1162000000.0,4526000000.0,4526000000.0,11980000000.0,2095000000.0,2.162,3.26,13229000000.0,1414000000.0,11815000000.0,13229000000.0,0.0,1714000000.0,0.0,0.0,0.0,3505000000.0,5219000000.0,0.318,5219000000.0,3505000000.0,2704000000.0,1.25,1.25,1.25,7977000000.0,6985250000.0,7977000000.0,37271319065.0,11.0,7.141,3504000000.0,2.422,1.0,4423000000.0,0.27,0.0,801000000.0,41091000000.0,42152000000.0,5558000000.0,0.0,0.0,0.0,26006000000.0,4914000000.0,21092000000.0,27446319065.0,290000000.0,0.0,0.0,-2857000000.0,-2000000.0,-3055000000.0,-1321000000.0,0.0,4666000000.0,0.0,1821000000.0,1817000000.0,1817000000.0,-66000000.0,274000000.0,0.111,733000000.0,3690000000.0,2497000000.0,0.0,3.441,15.105,15.168,22994000000.0,4000000.0,18.96,1.673,1.673,1322000000.0,-14722000000.0,16403000000.0,16403000000.0,93000000.0,0.049,0.26,0.083,0.214,71000000.0,477000000.0,1.0,1447590668.0,1447000000,1454000000.0,11.336,37302000000.0,343000000.0,883000000.0,4246000000.0,25.779,5712000000.0
15,FCX,MRT,2017-09-30,2017-09-30,2017-09-30,2021-08-05,-443000000.0,37327000000.0,37065750000.0,11150000000.0,26177000000.0,0.425,4.816,3782000000.0,4957000000.0,4957000000.0,12015000000.0,1086000000.0,2.021,3.886,14782000000.0,2215000000.0,12567000000.0,14782000000.0,0.0,1850000000.0,0.0,0.0,0.0,2752000000.0,4602000000.0,0.292,4602000000.0,2752000000.0,1938000000.0,0.82,0.82,0.82,6973000000.0,6503750000.0,6973000000.0,31007195643.0,11.0,6.738,7937000000.0,5.481,1.0,3724000000.0,0.237,0.0,814000000.0,41635000000.0,43087750000.0,5310000000.0,0.0,0.0,0.0,27097000000.0,5517000000.0,21580000000.0,20320195643.0,3943000000.0,0.0,1063000000.0,-4064000000.0,-3000000.0,-3705000000.0,3493000000.0,0.0,4155000000.0,0.0,899000000.0,1068000000.0,1068000000.0,-48000000.0,187000000.0,0.068,747000000.0,2977000000.0,2098000000.0,0.0,2.914,19.026,17.122,22934000000.0,-188000000.0,14.04,1.291,1.292,1024000000.0,-15763000000.0,15739000000.0,15739000000.0,77000000.0,0.029,0.164,0.064,0.175,144000000.0,551000000.0,1.0,1447307382.0,1448000000,1454000000.0,10.869,37327000000.0,522000000.0,1039000000.0,4235000000.0,25.778,5633000000.0
16,FCX,MRT,2017-06-30,2017-06-30,2017-06-30,2021-08-05,-456000000.0,37043000000.0,38084000000.0,10417000000.0,26626000000.0,0.402,4.612,3677000000.0,4667000000.0,4667000000.0,12214000000.0,1127000000.0,2.107,4.054,15354000000.0,2216000000.0,13138000000.0,15354000000.0,0.0,2075000000.0,0.0,0.0,0.0,2103000000.0,4178000000.0,0.273,4178000000.0,2103000000.0,1406000000.0,0.79,0.79,0.79,6673000000.0,5943500000.0,6673000000.0,28738222569.0,14.0,6.878,7629000000.0,5.272,1.0,3092000000.0,0.202,0.0,697000000.0,42786000000.0,46375500000.0,5196000000.0,0.0,0.0,0.0,27050000000.0,4944000000.0,22106000000.0,17376222569.0,4340000000.0,0.0,1475000000.0,-3750000000.0,-3000000.0,-2997000000.0,3385000000.0,0.0,3952000000.0,0.0,868000000.0,1005000000.0,1005000000.0,-39000000.0,259000000.0,0.066,684000000.0,2408000000.0,1880000000.0,0.0,2.604,17.29,15.203,23115000000.0,-178000000.0,12.01,1.135,1.135,802000000.0,-16043000000.0,15306000000.0,15306000000.0,63000000.0,0.026,0.169,0.045,0.137,88000000.0,557000000.0,1.0,1446812870.0,1447000000,1453000000.0,10.578,37043000000.0,632000000.0,538000000.0,4066000000.0,25.6,5473000000.0
17,FCX,MRT,2017-03-31,2017-03-31,2017-03-31,2021-08-05,-537000000.0,36576000000.0,39147250000.0,9767000000.0,26809000000.0,0.381,4.369,3551000000.0,4001000000.0,4001000000.0,13163000000.0,382000000.0,2.017,4.272,15363000000.0,2228000000.0,13135000000.0,15363000000.0,0.0,2277000000.0,0.0,0.0,0.0,1341000000.0,3618000000.0,0.242,3618000000.0,1341000000.0,610000000.0,0.23,0.23,0.23,6318000000.0,5276000000.0,6318000000.0,31092279044.0,23.0,8.594,7340000000.0,5.076,1.0,1766000000.0,0.118,0.0,731000000.0,43096000000.0,49609750000.0,5388000000.0,0.0,0.0,0.0,26989000000.0,4842000000.0,22147000000.0,19310279044.0,3769000000.0,996000000.0,1478000000.0,-4956000000.0,-3000000.0,-4192000000.0,4172000000.0,0.0,3789000000.0,0.0,142000000.0,258000000.0,258000000.0,151000000.0,240000000.0,0.017,26000000.0,1740000000.0,1780000000.0,0.0,3.056,74.846,58.087,23174000000.0,-169000000.0,13.36,1.293,1.294,734000000.0,-16311000000.0,14929000000.0,14929000000.0,59000000.0,0.007,0.049,0.027,0.09,90000000.0,610000000.0,1.0,1445380168.0,1446000000,1454000000.0,10.324,36576000000.0,665000000.0,468000000.0,3976000000.0,25.295,4925000000.0
18,FCX,MRT,2016-12-31,2016-12-31,2016-12-31,2021-08-05,-548000000.0,37317000000.0,40669250000.0,10435000000.0,26882000000.0,0.365,4.591,3425000000.0,4245000000.0,4245000000.0,17534000000.0,-4025000000.0,2.447,4.637,16027000000.0,1232000000.0,14795000000.0,16027000000.0,0.0,2610000000.0,0.0,0.0,0.0,-3126000000.0,-516000000.0,-0.035,-516000000.0,-3126000000.0,-3881000000.0,-3.16,-3.16,-3.16,6051000000.0,4619500000.0,6051000000.0,35834668743.0,-11.0,-69.447,7162000000.0,5.434,1.0,-2704000000.0,-0.182,0.0,755000000.0,44834000000.0,53506750000.0,5275000000.0,0.0,0.0,0.0,28060000000.0,4265000000.0,23795000000.0,17960668743.0,4124000000.0,996000000.0,1515000000.0,-3944000000.0,-6000000.0,-3166000000.0,3553000000.0,0.0,3737000000.0,0.0,-4252000000.0,-4154000000.0,-4154000000.0,193000000.0,227000000.0,-0.28,25000000.0,-2729000000.0,2393000000.0,0.0,2.968,-4.324,-4.174,23293000000.0,-161000000.0,13.19,1.211,1.172,1126000000.0,-16540000000.0,14830000000.0,14830000000.0,63000000.0,-0.102,-0.899,-0.058,-0.211,86000000.0,597000000.0,1.0,1361688305.0,1318000000,1318000000.0,11.252,37317000000.0,879000000.0,371000000.0,3834000000.0,28.313,6170000000.0
19,FCX,MRT,2016-09-30,2016-09-30,2016-09-30,2021-08-05,-476000000.0,41400000000.0,42984250000.0,11505000000.0,29895000000.0,0.325,3.516,629000000.0,1108000000.0,1108000000.0,21673000000.0,-8319000000.0,2.564,6.669,18982000000.0,802000000.0,18180000000.0,18982000000.0,0.0,2797000000.0,0.0,0.005,0.05,-7788000000.0,-4991000000.0,-0.357,-4991000000.0,-7788000000.0,-8541000000.0,-7.11,-7.11,-7.11,4732000000.0,5063750000.0,4732000000.0,33391883335.0,-4.0,-6.69,3835000000.0,2.849,1.0,-7704000000.0,-0.552,0.0,753000000.0,54786000000.0,57902500000.0,5408000000.0,0.0,0.0,0.0,31560000000.0,4488000000.0,27072000000.0,14424883335.0,838000000.0,996000000.0,1379000000.0,-1340000000.0,-63000000.0,-169000000.0,-2199000000.0,0.0,3206000000.0,0.0,-8431000000.0,-8527000000.0,-8527000000.0,195000000.0,112000000.0,-0.61,-112000000.0,-7592000000.0,2347000000.0,-0.007,3.048,-1.692,-1.527,26038000000.0,41000000.0,10.86,1.033,1.046,885000000.0,-16832000000.0,13969000000.0,13969000000.0,70000000.0,-0.198,-1.684,-0.135,-0.558,85000000.0,545000000.0,1.0,1328258134.0,1346000000,1351000000.0,10.378,41400000000.0,865000000.0,-110000000.0,3710000000.0,30.758,7017000000.0
20,FCX,MRT,2016-06-30,2016-06-30,2016-06-30,2021-08-05,-488000000.0,41296000000.0,45230000000.0,10700000000.0,30596000000.0,0.298,3.154,-458000000.0,352000000.0,352000000.0,25423000000.0,-12395000000.0,2.357,8.045,19319000000.0,770000000.0,18549000000.0,19319000000.0,0.0,3042000000.0,0.0,0.009,0.1,-12105000000.0,-9063000000.0,-0.673,-9063000000.0,-12105000000.0,-12828000000.0,-10.85,-10.85,-10.85,4003000000.0,6617250000.0,4003000000.0,34394856355.0,-3.0,-3.795,2590000000.0,2.041,1.0,-11949000000.0,-0.887,0.0,723000000.0,55723000000.0,60685000000.0,5486000000.0,0.0,0.0,0.0,32206000000.0,4540000000.0,27666000000.0,13948856355.0,-36000000.0,996000000.0,1968000000.0,-1305000000.0,-230000000.0,305000000.0,-3389000000.0,0.0,3048000000.0,0.0,-12483000000.0,-12574000000.0,-12574000000.0,164000000.0,88000000.0,-0.933,-34000000.0,-11915000000.0,2569000000.0,-0.009,3.485,-1.109,-1.027,26646000000.0,42000000.0,11.14,1.035,1.049,796000000.0,-17049000000.0,13474000000.0,13474000000.0,83000000.0,-0.278,-1.9,-0.199,-0.898,127000000.0,557000000.0,1.0,1252141504.0,1269000000,1269000000.0,10.618,41296000000.0,916000000.0,-345000000.0,3813000000.0,32.542,6160000000.0
21,FCX,MRT,2016-03-31,2016-03-31,2016-03-31,2021-08-05,-503000000.0,42664000000.0,48408000000.0,7233000000.0,35431000000.0,0.291,2.951,-1568000000.0,331000000.0,331000000.0,27714000000.0,-13784000000.0,1.634,9.189,20777000000.0,1139000000.0,19638000000.0,20777000000.0,0.0,3280000000.0,0.0,0.015,0.15,-14332000000.0,-11052000000.0,-0.785,-11052000000.0,-14332000000.0,-15001000000.0,-12.25,-12.25,-12.25,3692000000.0,9067750000.0,3692000000.0,33148126932.0,-2.0,-2.999,1675000000.0,1.339,1.0,-13636000000.0,-0.969,0.0,669000000.0,58684000000.0,64180500000.0,6852000000.0,0.0,0.0,0.0,33927000000.0,4426000000.0,29501000000.0,12944126932.0,-218000000.0,0.0,1968000000.0,478000000.0,-282000000.0,2025000000.0,-5486000000.0,0.0,3243000000.0,0.0,-13841000000.0,-13946000000.0,-13946000000.0,-46000000.0,57000000.0,-0.991,718000000.0,-14354000000.0,2987000000.0,-0.012,3.506,-0.928,-0.844,30819000000.0,42000000.0,10.34,0.919,0.919,959000000.0,-16570000000.0,14078000000.0,14078000000.0,98000000.0,-0.288,-1.538,-0.223,-1.018,115000000.0,545000000.0,1.0,1251849800.0,1251000000,1251000000.0,11.253,42664000000.0,1182000000.0,-1160000000.0,4472000000.0,34.104,2807000000.0
22,FCX,MRT,2015-12-31,2015-12-31,2015-12-31,2021-08-05,-503000000.0,46577000000.0,51758250000.0,7462000000.0,39115000000.0,0.282,7.235,-2991000000.0,177000000.0,177000000.0,27415000000.0,-12089000000.0,1.733,4.314,20324000000.0,649000000.0,19675000000.0,20324000000.0,0.0,3497000000.0,0.0,0.068,0.463,-13450000000.0,-9953000000.0,-0.681,-9953000000.0,-13450000000.0,-14067000000.0,-11.31,-11.31,-11.31,7828000000.0,12093000000.0,7828000000.0,28185241342.0,-2.0,-2.832,229000000.0,0.212,1.0,-12808000000.0,-0.877,0.0,617000000.0,62417000000.0,67364000000.0,5738000000.0,0.0,0.0,0.0,33769000000.0,4307000000.0,29462000000.0,7825241342.0,-240000000.0,0.0,1936000000.0,1595000000.0,-605000000.0,2786000000.0,-6246000000.0,0.0,3220000000.0,0.0,-12116000000.0,-12236000000.0,-12236000000.0,-91000000.0,27000000.0,-0.838,704000000.0,-13512000000.0,3232000000.0,-0.041,1.0,-0.64,-0.599,31079000000.0,41000000.0,6.77,0.536,0.501,797000000.0,-12387000000.0,14607000000.0,14607000000.0,107000000.0,-0.236,-1.012,-0.2,-0.921,85000000.0,558000000.0,1.0,1155870213.0,1082000000,1082000000.0,13.5,46577000000.0,1332000000.0,-1951000000.0,3590000000.0,43.047,3155000000.0
23,FCX,MRT,2015-09-30,2015-09-30,2015-09-30,2021-08-05,-509000000.0,50383000000.0,54782500000.0,8155000000.0,42228000000.0,0.279,10.22,-1724000000.0,338000000.0,338000000.0,26577000000.0,-10730000000.0,1.689,3.144,20698000000.0,906000000.0,19792000000.0,20698000000.0,0.0,3656000000.0,0.0,0.075,0.726,-12743000000.0,-9087000000.0,-0.595,-9087000000.0,-12743000000.0,-13311000000.0,-10.48,-10.47,-10.48,10946000000.0,14707750000.0,10946000000.0,30515811849.0,-2.0,-3.358,2002000000.0,1.869,1.0,-11306000000.0,-0.74,0.0,568000000.0,65916000000.0,69731500000.0,7671000000.0,0.0,0.0,0.0,34417000000.0,4827000000.0,29590000000.0,10079811849.0,-320000000.0,-2976000000.0,999000000.0,1113000000.0,-873000000.0,1052000000.0,-5098000000.0,0.0,3726000000.0,0.0,-10759000000.0,-11007000000.0,-11007000000.0,-331000000.0,29000000.0,-0.721,1736000000.0,-13042000000.0,3445000000.0,-0.069,0.921,-0.916,-0.925,37925000000.0,41000000.0,9.69,0.66,0.68,1902000000.0,-8305000000.0,15271000000.0,15271000000.0,102000000.0,-0.201,-0.748,-0.183,-0.834,106000000.0,547000000.0,1.0,1040228261.0,1071000000,1071000000.0,14.259,50383000000.0,0.0,-2552000000.0,4438000000.0,47.043,3328000000.0
24,FCX,MRT,2015-06-30,2015-06-30,2015-06-30,2021-08-05,-523000000.0,54008000000.0,58180750000.0,8697000000.0,45311000000.0,0.302,13.274,-2163000000.0,466000000.0,466000000.0,23821000000.0,-6236000000.0,1.835,2.55,20902000000.0,791000000.0,20111000000.0,20902000000.0,0.0,3713000000.0,0.0,0.053,0.988,-7679000000.0,-3966000000.0,-0.226,-3966000000.0,-7679000000.0,-8248000000.0,-6.37,-6.36,-6.37,13805000000.0,17369000000.0,13805000000.0,39128634344.0,-5.0,-9.866,2667000000.0,2.564,1.0,-6236000000.0,-0.355,0.0,569000000.0,69705000000.0,72001250000.0,7708000000.0,0.0,0.0,0.0,35196000000.0,4739000000.0,30457000000.0,19365634344.0,-992000000.0,-3510000000.0,0.0,829000000.0,-1032000000.0,-470000000.0,-5352000000.0,0.0,4830000000.0,0.0,-6394000000.0,-6625000000.0,-6625000000.0,-306000000.0,158000000.0,-0.377,1710000000.0,-7946000000.0,3376000000.0,-0.155,1.403,-2.923,-2.923,41056000000.0,40000000.0,18.62,1.101,1.101,2272000000.0,-4417000000.0,17585000000.0,17585000000.0,105000000.0,-0.114,-0.381,-0.107,-0.437,106000000.0,583000000.0,1.0,1040044809.0,1040000000,1040000000.0,16.909,54008000000.0,0.0,-1854000000.0,4937000000.0,51.931,3958000000.0
25,FCX,MRT,2015-03-31,2015-03-31,2015-03-31,2021-08-05,-532000000.0,56065000000.0,60681000000.0,8854000000.0,47211000000.0,0.316,15.186,-2575000000.0,549000000.0,549000000.0,21746000000.0,-3777000000.0,2.008,2.234,20312000000.0,558000000.0,19754000000.0,20312000000.0,0.0,3836000000.0,0.0,0.066,1.25,-4323000000.0,-487000000.0,-0.025,-487000000.0,-4323000000.0,-4914000000.0,-4.13,-4.12,-4.13,15793000000.0,19250750000.0,15793000000.0,38211404513.0,-9.0,-78.463,2572000000.0,2.473,1.0,-2577000000.0,-0.134,0.0,591000000.0,71418000000.0,72968000000.0,7499000000.0,0.0,0.0,0.0,35279000000.0,4410000000.0,30869000000.0,19705404513.0,-793000000.0,-1426000000.0,0.0,-287000000.0,-1306000000.0,-2004000000.0,-3936000000.0,0.0,5147000000.0,0.0,-4087000000.0,-4292000000.0,-4292000000.0,-277000000.0,310000000.0,-0.224,1795000000.0,-4372000000.0,3111000000.0,-0.303,1.248,-4.591,-4.588,42973000000.0,40000000.0,18.95,1.028,1.028,2396000000.0,-2398000000.0,19169000000.0,19169000000.0,109000000.0,-0.071,-0.223,-0.059,-0.226,106000000.0,599000000.0,1.0,1039863035.0,1040000000,1040000000.0,18.432,56065000000.0,0.0,-827000000.0,5989000000.0,53.909,4444000000.0
26,FCX,MRT,2014-12-31,2014-12-31,2014-12-31,2021-08-05,-544000000.0,58674000000.0,62625500000.0,9045000000.0,49629000000.0,0.319,17.601,-2329000000.0,464000000.0,464000000.0,18494000000.0,-745000000.0,1.749,1.938,18849000000.0,478000000.0,18371000000.0,18849000000.0,0.0,3863000000.0,0.0,0.054,1.25,-272000000.0,3591000000.0,0.18,3591000000.0,-272000000.0,-878000000.0,-1.26,-1.26,-1.26,18287000000.0,20590000000.0,18287000000.0,43352799914.0,-159.0,12.073,3302000000.0,3.178,1.0,1507000000.0,0.075,0.0,606000000.0,71887000000.0,74126500000.0,7540000000.0,0.0,0.0,0.0,35449000000.0,5172000000.0,30277000000.0,24273799914.0,-1521000000.0,-1426000000.0,0.0,-1596000000.0,-1305000000.0,-3351000000.0,-3801000000.0,0.0,5631000000.0,0.0,-1103000000.0,-1308000000.0,-1308000000.0,-277000000.0,358000000.0,-0.065,1805000000.0,-298000000.0,3653000000.0,-0.992,1.327,-18.558,-18.54,45494000000.0,40000000.0,23.36,1.214,1.213,1241000000.0,128000000.0,20001000000.0,20001000000.0,106000000.0,-0.021,-0.064,-0.004,-0.014,106000000.0,580000000.0,1.0,1039118147.0,1039000000,1039000000.0,19.25,58674000000.0,1322000000.0,225000000.0,6808000000.0,56.472,3873000000.0
27,FCX,MRT,2014-09-30,2014-09-30,2014-09-30,2021-08-05,-394000000.0,63976000000.0,63825250000.0,9031000000.0,54945000000.0,0.346,20.781,-6938000000.0,658000000.0,658000000.0,16158000000.0,2949000000.0,1.424,1.726,19737000000.0,1762000000.0,17975000000.0,19737000000.0,0.0,3943000000.0,0.0,0.038,1.25,4483000000.0,8426000000.0,0.381,8426000000.0,4483000000.0,3833000000.0,2.16,2.16,2.16,21591000000.0,21251750000.0,21591000000.0,52762854545.0,12.0,6.262,-29000000.0,-0.028,1.0,5930000000.0,0.268,1717000000.0,650000000.0,74995000000.0,75031000000.0,8058000000.0,0.0,0.0,0.0,37261000000.0,6343000000.0,30918000000.0,33924854545.0,-1561000000.0,1550000000.0,0.0,-1238000000.0,-1303000000.0,-3006000000.0,-5464000000.0,0.0,6909000000.0,0.0,2291000000.0,2251000000.0,2251000000.0,0.0,658000000.0,0.102,884000000.0,5046000000.0,3784000000.0,0.579,1.571,15.071,15.116,48641000000.0,40000000.0,32.65,1.536,1.536,2307000000.0,3306000000.0,22088000000.0,22088000000.0,130000000.0,0.035,0.106,0.06,0.203,173000000.0,657000000.0,1.0,1039046081.0,1039000000,1046000000.0,21.259,62259000000.0,0.0,1542000000.0,7712000000.0,59.922,2688000000.0
28,FCX,MRT,2014-06-30,2014-06-30,2014-06-30,2021-08-05,-401000000.0,64009000000.0,63480750000.0,10254000000.0,53755000000.0,0.355,20.531,-6669000000.0,1458000000.0,1458000000.0,16004000000.0,3293000000.0,1.357,1.762,20296000000.0,2784000000.0,17512000000.0,20296000000.0,0.0,3917000000.0,0.0,0.034,1.25,4905000000.0,8822000000.0,0.391,8822000000.0,4905000000.0,4251000000.0,2.42,2.42,2.42,21332000000.0,20955250000.0,21332000000.0,57421052897.0,12.0,6.509,192000000.0,0.185,1.0,6553000000.0,0.291,1717000000.0,654000000.0,73572000000.0,75050250000.0,7888000000.0,0.0,0.0,0.0,37597000000.0,7558000000.0,30039000000.0,37913052897.0,-1836000000.0,2057000000.0,0.0,-818000000.0,-2339000000.0,-3604000000.0,-5093000000.0,0.0,6861000000.0,0.0,2559000000.0,2520000000.0,2520000000.0,0.0,734000000.0,0.112,932000000.0,5621000000.0,3950000000.0,0.517,1.777,15.045,15.083,47233000000.0,39000000.0,36.5,1.681,1.681,2758000000.0,3081000000.0,22557000000.0,22557000000.0,158000000.0,0.04,0.12,0.065,0.217,108000000.0,657000000.0,1.0,1038713778.0,1039000000,1045000000.0,21.71,62292000000.0,0.0,1692000000.0,7691000000.0,59.954,2696000000.0
29,FCX,MRT,2014-03-31,2014-03-31,2014-03-31,2021-08-05,-402000000.0,63843000000.0,63267750000.0,9430000000.0,54413000000.0,0.337,20.376,-5866000000.0,1342000000.0,1342000000.0,15292000000.0,3243000000.0,1.752,1.779,20850000000.0,1091000000.0,19759000000.0,20850000000.0,0.0,3434000000.0,0.0,0.068,2.25,4578000000.0,8012000000.0,0.376,8012000000.0,4578000000.0,3956000000.0,2.45,2.45,2.45,21150000000.0,20591750000.0,21150000000.0,53061482698.0,12.0,6.623,643000000.0,0.619,1.0,6031000000.0,0.283,1916000000.0,622000000.0,76052000000.0,75048250000.0,7692000000.0,0.0,0.0,0.0,37617000000.0,5383000000.0,32234000000.0,34340482698.0,-8253000000.0,-5120000000.0,0.0,-389000000.0,-2310000000.0,-3361000000.0,-11401000000.0,0.0,6509000000.0,0.0,2552000000.0,2520000000.0,2520000000.0,0.0,691000000.0,0.118,924000000.0,5107000000.0,3543000000.0,0.918,1.624,13.627,13.498,48066000000.0,32000000.0,33.07,1.61,1.61,2377000000.0,2926000000.0,21323000000.0,21323000000.0,188000000.0,0.04,0.122,0.061,0.215,132000000.0,679000000.0,1.0,1038417983.0,1038000000,1044000000.0,20.542,61927000000.0,0.0,1404000000.0,7666000000.0,59.66,4047000000.0
30,FCX,MRT,2013-12-31,2013-12-31,2013-12-31,2021-08-05,-405000000.0,63473000000.0,57954000000.0,9972000000.0,53501000000.0,0.361,20.892,-5046000000.0,1985000000.0,1985000000.0,14637000000.0,3441000000.0,2.089,1.793,20706000000.0,312000000.0,20394000000.0,20706000000.0,0.0,2797000000.0,0.0,0.06,2.25,4673000000.0,7470000000.0,0.357,7470000000.0,4673000000.0,4155000000.0,2.65,2.64,2.65,20934000000.0,19789250000.0,20934000000.0,58083975625.0,12.0,7.776,1093000000.0,1.091,1.0,6284000000.0,0.3,1916000000.0,518000000.0,75505000000.0,65987750000.0,7404000000.0,0.0,0.0,0.0,37526000000.0,4773000000.0,32753000000.0,39179975625.0,-1720000000.0,-5441000000.0,0.0,6025000000.0,-2281000000.0,3049000000.0,-10908000000.0,0.0,6139000000.0,0.0,2680000000.0,2658000000.0,2658000000.0,0.0,761000000.0,0.127,933000000.0,5351000000.0,3708000000.0,0.849,1.872,14.74,14.242,47401000000.0,22000000.0,37.74,1.873,1.808,1867000000.0,2742000000.0,20921000000.0,20921000000.0,210000000.0,0.046,0.134,0.071,0.223,173000000.0,657000000.0,1.0,1038155157.0,1002000000,1006000000.0,20.879,61557000000.0,695000000.0,1475000000.0,7594000000.0,61.434,5199000000.0
31,FCX,MRT,2013-09-30,2013-09-30,2013-09-30,2021-08-05,-484000000.0,62598000000.0,50945750000.0,9606000000.0,52992000000.0,0.384,19.658,-4375000000.0,2219000000.0,2219000000.0,13745000000.0,3427000000.0,2.136,1.829,21123000000.0,70000000.0,21053000000.0,21123000000.0,0.0,2101000000.0,0.0,0.068,2.25,3707000000.0,5808000000.0,0.297,5808000000.0,3707000000.0,3318000000.0,2.74,2.74,2.74,20405000000.0,18941500000.0,20405000000.0,52254065471.0,14.0,8.997,633000000.0,0.61,1.0,5804000000.0,0.297,1932000000.0,389000000.0,75072000000.0,55091250000.0,7157000000.0,0.0,0.0,0.0,37324000000.0,4498000000.0,32826000000.0,34333065471.0,-1508000000.0,-5441000000.0,3000000.0,6412000000.0,-2254000000.0,3498000000.0,-10014000000.0,0.0,5008000000.0,0.0,1969000000.0,2694000000.0,2694000000.0,0.0,1458000000.0,0.138,745000000.0,5059000000.0,3698000000.0,0.821,1.683,12.744,12.073,46647000000.0,-725000000.0,33.08,1.756,1.756,2229000000.0,2361000000.0,19549000000.0,19549000000.0,244000000.0,0.053,0.142,0.067,0.19,23000000.0,577000000.0,1.0,1037879851.0,1038000000,1043000000.0,18.833,60666000000.0,0.0,1349000000.0,7063000000.0,58.445,5108000000.0
32,FCX,MRT,2013-06-30,2013-06-30,2013-06-30,2021-08-05,-495000000.0,63157000000.0,43925500000.0,10578000000.0,52579000000.0,0.405,20.284,-3762000000.0,3294000000.0,3294000000.0,12384000000.0,3519000000.0,1.886,1.937,21215000000.0,73000000.0,21142000000.0,21215000000.0,0.0,1480000000.0,0.0,0.081,2.25,3613000000.0,5093000000.0,0.286,5093000000.0,3613000000.0,3344000000.0,2.82,2.81,2.82,19878000000.0,18125000000.0,19878000000.0,26719388106.0,7.0,5.246,-106000000.0,-0.108,1.0,5417000000.0,0.304,1904000000.0,269000000.0,73564000000.0,44033750000.0,7138000000.0,0.0,0.0,0.0,38508000000.0,5610000000.0,32898000000.0,26222388106.0,-1214000000.0,-5414000000.0,3000000.0,6478000000.0,-1189000000.0,4698000000.0,-9568000000.0,0.0,3656000000.0,0.0,2279000000.0,2697000000.0,2697000000.0,0.0,1240000000.0,0.152,654000000.0,4763000000.0,3771000000.0,0.798,1.319,9.723,9.791,46214000000.0,-418000000.0,27.61,1.473,1.52,1879000000.0,1865000000.0,17801000000.0,17801000000.0,266000000.0,0.061,0.149,0.082,0.203,111000000.0,529000000.0,1.0,949742416.0,980000000,984000000.0,18.164,61253000000.0,0.0,1065000000.0,6954000000.0,62.503,4968000000.0
33,FCX,MRT,2013-03-31,2013-03-31,2013-03-31,2021-08-05,-500000000.0,42588000000.0,36558500000.0,16583000000.0,26005000000.0,0.492,18.884,-3457000000.0,9595000000.0,9595000000.0,11914000000.0,3803000000.0,5.064,1.156,10092000000.0,4000000.0,10088000000.0,10092000000.0,0.0,1241000000.0,0.0,0.038,1.25,4131000000.0,5372000000.0,0.299,5372000000.0,4131000000.0,3951000000.0,3.08,3.06,3.08,17940000000.0,17300000000.0,17940000000.0,31251462827.0,8.0,5.817,347000000.0,0.365,1.0,6074000000.0,0.338,0.0,180000000.0,39810000000.0,33002250000.0,6890000000.0,0.0,0.0,0.0,20739000000.0,3275000000.0,17464000000.0,31429462827.0,5099000000.0,-321000000.0,4000000.0,6574000000.0,-1188000000.0,5156000000.0,-3861000000.0,0.0,3804000000.0,0.0,2504000000.0,2925000000.0,2925000000.0,0.0,1299000000.0,0.163,639000000.0,5435000000.0,2892000000.0,0.406,1.752,10.745,10.747,21689000000.0,-421000000.0,33.1,1.747,1.748,1769000000.0,2750000000.0,17988000000.0,17988000000.0,275000000.0,0.08,0.169,0.125,0.23,109000000.0,440000000.0,1.0,949530599.0,950000000,953000000.0,18.935,42588000000.0,0.0,1447000000.0,3705000000.0,44.829,13308000000.0
34,FCX,MRT,2012-12-31,2012-12-31,2012-12-31,2021-08-05,-506000000.0,35440000000.0,34137750000.0,10297000000.0,25143000000.0,0.528,18.486,-3383000000.0,3705000000.0,3705000000.0,11561000000.0,3980000000.0,3.08,0.805,3527000000.0,2000000.0,3525000000.0,3527000000.0,0.0,1179000000.0,0.0,0.035,1.188,4737000000.0,5916000000.0,0.328,5916000000.0,4737000000.0,4551000000.0,3.2,3.19,3.2,17543000000.0,16848750000.0,17543000000.0,32262704123.0,7.0,5.453,391000000.0,0.412,1.0,6449000000.0,0.358,0.0,186000000.0,31919000000.0,30219750000.0,6531000000.0,0.0,0.0,0.0,14129000000.0,3343000000.0,10786000000.0,32466704123.0,-1117000000.0,0.0,0.0,-157000000.0,-1129000000.0,-1428000000.0,-3463000000.0,0.0,3774000000.0,0.0,3041000000.0,3041000000.0,3041000000.0,0.0,939000000.0,0.169,635000000.0,5814000000.0,2324000000.0,0.371,1.851,10.676,10.688,20999000000.0,0.0,34.2,1.803,1.802,1193000000.0,2399000000.0,18010000000.0,18010000000.0,285000000.0,0.089,0.18,0.157,0.263,100000000.0,431000000.0,1.0,949318834.0,949000000,954000000.0,18.978,35440000000.0,436000000.0,1510000000.0,3967000000.0,37.345,6954000000.0
35,FCX,MRT,2012-09-30,2012-09-30,2012-09-30,2021-08-05,-439000000.0,34517000000.0,33295250000.0,10180000000.0,24337000000.0,0.53,18.06,-3202000000.0,3727000000.0,3727000000.0,11158000000.0,3901000000.0,3.232,0.804,3523000000.0,2000000.0,3521000000.0,3523000000.0,0.0,1122000000.0,0.0,0.028,1.125,6168000000.0,7290000000.0,0.413,7290000000.0,6168000000.0,5958000000.0,3.1,3.08,3.1,17139000000.0,16373500000.0,17139000000.0,36586229784.0,6.0,5.019,53000000.0,0.056,1.0,6501000000.0,0.368,321000000.0,210000000.0,30842000000.0,29201250000.0,6305000000.0,0.0,0.0,0.0,13774000000.0,3150000000.0,10624000000.0,37571229784.0,-1401000000.0,0.0,-2000000.0,-155000000.0,-1069000000.0,-1309000000.0,-3347000000.0,0.0,3255000000.0,0.0,4441000000.0,2938000000.0,2938000000.0,0.0,-540000000.0,0.166,748000000.0,5753000000.0,2531000000.0,0.363,2.192,12.788,12.768,20294000000.0,1503000000.0,39.58,2.128,2.127,2670000000.0,1953000000.0,17659000000.0,17659000000.0,291000000.0,0.088,0.179,0.211,0.349,102000000.0,403000000.0,1.0,949247847.0,949000000,953000000.0,18.608,34196000000.0,0.0,1517000000.0,3437000000.0,36.034,7030000000.0
36,FCX,MRT,2012-06-30,2012-06-30,2012-06-30,2021-08-05,-448000000.0,33689000000.0,32593000000.0,10176000000.0,23513000000.0,0.566,17.469,-2932000000.0,4508000000.0,4508000000.0,11095000000.0,4055000000.0,3.459,0.832,3523000000.0,4000000.0,3519000000.0,3523000000.0,0.0,1081000000.0,0.0,0.031,1.062,6710000000.0,7791000000.0,0.423,7791000000.0,6710000000.0,6464000000.0,3.34,3.32,3.34,16578000000.0,15928000000.0,16578000000.0,31361384164.0,5.0,4.025,1632000000.0,1.72,1.0,7342000000.0,0.398,324000000.0,246000000.0,29438000000.0,28144000000.0,5873000000.0,0.0,0.0,0.0,13799000000.0,2942000000.0,10857000000.0,32336384164.0,130000000.0,0.0,3000000.0,-155000000.0,-1009000000.0,-1361000000.0,-3073000000.0,0.0,4564000000.0,0.0,4354000000.0,3167000000.0,3167000000.0,0.0,-299000000.0,0.172,850000000.0,6492000000.0,2364000000.0,0.318,1.951,10.21,10.201,19613000000.0,1187000000.0,34.07,1.754,1.754,2175000000.0,1426000000.0,18437000000.0,18437000000.0,290000000.0,0.097,0.199,0.238,0.364,102000000.0,395000000.0,1.0,949116060.0,949000000,953000000.0,19.428,33365000000.0,0.0,2110000000.0,3598000000.0,35.158,7234000000.0
37,FCX,MRT,2012-03-31,2012-03-31,2012-03-31,2021-08-05,-453000000.0,32905000000.0,31815500000.0,10252000000.0,22653000000.0,0.622,17.002,-2607000000.0,4496000000.0,4496000000.0,11006000000.0,4887000000.0,3.506,0.843,3521000000.0,4000000.0,3517000000.0,3521000000.0,0.0,1057000000.0,0.0,0.039,1.5,7883000000.0,8940000000.0,0.452,8940000000.0,7883000000.0,7606000000.0,4.03,4.01,4.03,16135000000.0,15410500000.0,16135000000.0,34790573545.0,4.0,3.892,2455000000.0,2.587,1.0,8770000000.0,0.443,326000000.0,277000000.0,28680000000.0,27363000000.0,5843000000.0,0.0,0.0,0.0,13606000000.0,2924000000.0,10682000000.0,36075573545.0,406000000.0,0.0,19000000.0,-1416000000.0,-1423000000.0,-1912000000.0,-2744000000.0,0.0,5062000000.0,0.0,5012000000.0,3825000000.0,3825000000.0,0.0,-125000000.0,0.193,832000000.0,7938000000.0,2140000000.0,0.372,2.236,9.432,9.439,18986000000.0,1187000000.0,38.04,1.824,1.825,2164000000.0,1013000000.0,19776000000.0,19776000000.0,283000000.0,0.12,0.248,0.288,0.399,106000000.0,405000000.0,1.0,948358926.0,949000000,955000000.0,20.839,32579000000.0,0.0,2594000000.0,3642000000.0,34.33,7328000000.0
38,FCX,MRT,2011-12-31,2011-12-31,2011-12-31,2021-08-05,-465000000.0,32070000000.0,31341250000.0,10047000000.0,22023000000.0,0.666,16.517,-2376000000.0,4822000000.0,4822000000.0,10920000000.0,5747000000.0,3.417,0.864,3537000000.0,4000000.0,3533000000.0,3537000000.0,0.0,1022000000.0,0.0,0.041,1.5,9146000000.0,10168000000.0,0.487,10168000000.0,9146000000.0,8834000000.0,4.81,4.78,4.81,15642000000.0,14827000000.0,15642000000.0,33280649111.0,4.0,3.273,4244000000.0,4.482,1.0,9960000000.0,0.477,0.0,312000000.0,27845000000.0,26549500000.0,5555000000.0,0.0,0.0,0.0,13517000000.0,2940000000.0,10577000000.0,34873649111.0,1084000000.0,0.0,3000000.0,-1265000000.0,-1423000000.0,-3001000000.0,-2535000000.0,0.0,6620000000.0,0.0,5747000000.0,4560000000.0,4560000000.0,0.0,0.0,0.218,820000000.0,9140000000.0,2194000000.0,0.312,2.229,7.648,7.649,18449000000.0,1187000000.0,36.79,1.67,1.669,1747000000.0,546000000.0,20880000000.0,20880000000.0,271000000.0,0.145,0.308,0.344,0.438,117000000.0,415000000.0,1.0,947911093.0,947000000,955000000.0,22.049,32070000000.0,70000000.0,3087000000.0,3521000000.0,33.865,7107000000.0
39,FCX,MRT,2011-09-30,2011-09-30,2011-09-30,2021-08-05,-314000000.0,31708000000.0,30670250000.0,10708000000.0,21000000000.0,0.728,16.199,-2143000000.0,5128000000.0,5128000000.0,10609000000.0,6845000000.0,3.366,0.889,3535000000.0,4000000.0,3531000000.0,3535000000.0,0.0,1004000000.0,0.0,0.062,1.9,9536000000.0,10540000000.0,0.472,10540000000.0,9536000000.0,9194000000.0,5.79,5.73,5.79,15357000000.0,14042500000.0,15357000000.0,28026958789.0,3.0,2.659,5786000000.0,6.103,1.0,11712000000.0,0.525,321000000.0,342000000.0,26613000000.0,26166250000.0,5320000000.0,0.0,0.0,0.0,13657000000.0,3181000000.0,10476000000.0,28862958789.0,1408000000.0,-500000000.0,86000000.0,-1294000000.0,-1799000000.0,-3784000000.0,-2737000000.0,0.0,7929000000.0,0.0,5469000000.0,5469000000.0,5469000000.0,0.0,1376000000.0,0.245,772000000.0,10940000000.0,2580000000.0,0.328,1.879,5.278,5.259,17966000000.0,0.0,30.45,1.293,1.293,1446000000.0,144000000.0,22321000000.0,22321000000.0,233000000.0,0.178,0.389,0.364,0.427,120000000.0,427000000.0,1.0,947880420.0,948000000,955000000.0,23.545,31387000000.0,0.0,3725000000.0,3475000000.0,33.109,7527000000.0
40,FCX,MRT,2011-06-30,2011-06-30,2011-06-30,2021-08-05,-316000000.0,30579000000.0,29731000000.0,10173000000.0,20406000000.0,0.749,15.32,-1800000000.0,4378000000.0,4378000000.0,10316000000.0,7084000000.0,3.275,0.929,3542000000.0,5000000.0,3537000000.0,3542000000.0,0.0,1015000000.0,0.0,0.034,1.8,9723000000.0,10738000000.0,0.482,10738000000.0,9723000000.0,9356000000.0,5.93,5.87,5.93,14508000000.0,13102250000.0,14508000000.0,49606980481.0,5.0,4.62,5630000000.0,5.945,1.0,11962000000.0,0.537,323000000.0,367000000.0,26314000000.0,25865000000.0,5271000000.0,0.0,0.0,0.0,13477000000.0,3106000000.0,10371000000.0,50112980481.0,1336000000.0,-500000000.0,84000000.0,-1299000000.0,-1704000000.0,-3731000000.0,-2363000000.0,0.0,7430000000.0,0.0,5594000000.0,5594000000.0,5594000000.0,0.0,1490000000.0,0.251,673000000.0,11289000000.0,2343000000.0,0.304,3.454,8.958,8.921,17500000000.0,0.0,52.9,2.249,2.249,1785000000.0,-672000000.0,22278000000.0,22278000000.0,190000000.0,0.188,0.427,0.376,0.436,115000000.0,406000000.0,1.0,947315321.0,947000000,956000000.0,23.525,30256000000.0,0.0,3762000000.0,3523000000.0,31.949,7067000000.0
41,FCX,MRT,2011-03-31,2011-03-31,2011-03-31,2021-08-05,-318000000.0,31008000000.0,28581000000.0,11146000000.0,19862000000.0,0.711,14.589,-1583000000.0,5258000000.0,5258000000.0,9793000000.0,6190000000.0,2.346,1.081,4752000000.0,1170000000.0,3582000000.0,4752000000.0,0.0,997000000.0,0.0,0.02,1.125,8594000000.0,9591000000.0,0.472,9591000000.0,8594000000.0,8179000000.0,5.2,5.14,5.2,13801000000.0,12108250000.0,13801000000.0,53594977843.0,6.0,5.588,5231000000.0,5.53,1.0,10535000000.0,0.518,325000000.0,415000000.0,25426000000.0,25388000000.0,5111000000.0,0.0,0.0,0.0,14917000000.0,4751000000.0,10166000000.0,52577977843.0,338000000.0,-500000000.0,71000000.0,-1353000000.0,-1057000000.0,-4331000000.0,-2145000000.0,0.0,6814000000.0,0.0,4890000000.0,4875000000.0,4875000000.0,0.0,1300000000.0,0.24,579000000.0,9956000000.0,2318000000.0,0.216,3.81,10.785,10.683,17076000000.0,15000000.0,55.55,2.586,2.585,1899000000.0,-1328000000.0,20328000000.0,20328000000.0,162000000.0,0.171,0.403,0.339,0.423,117000000.0,400000000.0,1.0,946498251.0,946000000,955000000.0,21.488,30683000000.0,0.0,3289000000.0,3862000000.0,32.434,6395000000.0
42,FCX,MRT,2010-12-31,2010-12-31,2010-12-31,2021-08-05,-323000000.0,29386000000.0,27607250000.0,9851000000.0,19535000000.0,0.688,13.666,-1328000000.0,3738000000.0,3738000000.0,9371000000.0,5544000000.0,2.618,1.186,4755000000.0,95000000.0,4660000000.0,4755000000.0,0.0,1036000000.0,0.0,0.016,0.95,7781000000.0,8817000000.0,0.464,8817000000.0,7781000000.0,7319000000.0,4.67,4.57,4.67,12504000000.0,11156000000.0,12504000000.0,57606895858.0,7.0,6.534,4945000000.0,5.404,1.0,9611000000.0,0.506,328000000.0,462000000.0,26312000000.0,25227250000.0,4859000000.0,0.0,0.0,0.0,14826000000.0,3763000000.0,11063000000.0,56547895858.0,1082000000.0,-500000000.0,81000000.0,-1654000000.0,-885000000.0,-3322000000.0,-1869000000.0,0.0,6273000000.0,0.0,4336000000.0,4273000000.0,4273000000.0,0.0,1208000000.0,0.225,543000000.0,9068000000.0,2441000000.0,0.203,4.522,13.234,12.858,16785000000.0,63000000.0,60.045,2.979,2.894,2625000000.0,-2590000000.0,18982000000.0,18982000000.0,143000000.0,0.155,0.383,0.308,0.41,121000000.0,381000000.0,1.0,941758612.0,915000000,949000000.0,20.745,29058000000.0,0.0,2983000000.0,3521000000.0,31.757,6088000000.0
43,FCX,MRT,2010-09-30,2010-09-30,2010-09-30,2021-08-05,-263000000.0,27951000000.0,26759750000.0,9078000000.0,18873000000.0,0.672,12.323,-1330000000.0,3720000000.0,3720000000.0,9199000000.0,4892000000.0,2.774,1.227,4779000000.0,98000000.0,4681000000.0,4779000000.0,0.0,1062000000.0,0.0,0.007,0.3,7017000000.0,8079000000.0,0.449,8079000000.0,7017000000.0,6512000000.0,4.15,4.02,4.15,11596000000.0,10309750000.0,11596000000.0,41913581274.0,6.0,5.188,4435000000.0,4.713,1.0,8790000000.0,0.489,330000000.0,505000000.0,25408000000.0,25233500000.0,4430000000.0,0.0,0.0,0.0,14230000000.0,3272000000.0,10958000000.0,40170581274.0,1451000000.0,8000000.0,12000000.0,-1917000000.0,-272000000.0,-3002000000.0,-1312000000.0,0.0,5765000000.0,0.0,3806000000.0,3695000000.0,3695000000.0,0.0,1086000000.0,0.205,580000000.0,8210000000.0,2404000000.0,0.072,3.464,10.872,10.288,16461000000.0,111000000.0,42.695,2.233,2.233,2115000000.0,-3429000000.0,17989000000.0,17989000000.0,121000000.0,0.138,0.358,0.278,0.39,120000000.0,373000000.0,1.0,940873200.0,941000000,947000000.0,19.117,27621000000.0,0.0,2706000000.0,3202000000.0,29.353,5806000000.0
44,FCX,MRT,2010-06-30,2010-06-30,2010-06-30,2021-08-05,-268000000.0,25979000000.0,26198250000.0,7293000000.0,18686000000.0,0.648,11.51,-1211000000.0,3042000000.0,3042000000.0,8632000000.0,4562000000.0,2.445,1.299,4785000000.0,101000000.0,4684000000.0,4785000000.0,0.0,1046000000.0,0.0,0.005,0.15,6716000000.0,7762000000.0,0.457,7762000000.0,6716000000.0,6152000000.0,4.015,3.815,4.015,10532000000.0,9463000000.0,10532000000.0,27895463941.0,4.0,3.594,5172000000.0,5.652,1.0,8349000000.0,0.492,333000000.0,564000000.0,24406000000.0,25521250000.0,4249000000.0,0.0,0.0,0.0,13686000000.0,2983000000.0,10703000000.0,25582463941.0,1723000000.0,1000000.0,7000000.0,-2540000000.0,-130000000.0,-3435000000.0,-1225000000.0,0.0,6383000000.0,0.0,3607000000.0,3442000000.0,3442000000.0,0.0,955000000.0,0.203,554000000.0,7795000000.0,2065000000.0,0.037,2.429,7.432,7.364,16272000000.0,165000000.0,29.565,1.507,1.593,1244000000.0,-4466000000.0,16981000000.0,16981000000.0,105000000.0,0.131,0.364,0.263,0.396,120000000.0,366000000.0,1.0,865295584.0,915000000,947000000.0,18.558,25646000000.0,0.0,2545000000.0,2852000000.0,28.028,4310000000.0
45,FCX,MRT,2010-03-31,2010-03-31,2010-03-31,2021-08-05,-270000000.0,27113000000.0,25859500000.0,8566000000.0,18547000000.0,0.65,11.605,-1275000000.0,3752000000.0,3752000000.0,8396000000.0,4542000000.0,1.989,1.529,6065000000.0,1017000000.0,5048000000.0,6065000000.0,0.0,1053000000.0,0.0,0.002,0.075,6845000000.0,7898000000.0,0.47,7898000000.0,6845000000.0,6245000000.0,4.02,3.805,4.02,9992000000.0,8647250000.0,9992000000.0,39659412380.0,6.0,5.021,5198000000.0,6.037,1.0,8405000000.0,0.5,336000000.0,600000000.0,24783000000.0,26215750000.0,4291000000.0,0.0,0.0,0.0,15280000000.0,4307000000.0,10973000000.0,35969412380.0,3108000000.0,-3000000.0,3000000.0,-1231000000.0,-66000000.0,-2051000000.0,-1314000000.0,0.0,6473000000.0,0.0,3591000000.0,3381000000.0,3381000000.0,0.0,951000000.0,0.201,526000000.0,7879000000.0,2133000000.0,0.019,3.6,10.639,10.391,16175000000.0,210000000.0,41.77,2.141,2.141,1733000000.0,-4973000000.0,16801000000.0,16801000000.0,91000000.0,0.131,0.391,0.261,0.407,116000000.0,354000000.0,1.0,861130294.0,861000000,947000000.0,19.513,26777000000.0,0.0,2654000000.0,3328000000.0,31.1,4259000000.0
46,FCX,MRT,2009-12-31,2009-12-31,2009-12-31,2021-08-05,-273000000.0,25996000000.0,25008250000.0,7433000000.0,18563000000.0,0.601,11.0,-1516000000.0,2656000000.0,2656000000.0,8020000000.0,3534000000.0,2.476,1.671,6346000000.0,16000000.0,6330000000.0,6346000000.0,0.0,1014000000.0,0.0,0.0,0.0,5642000000.0,6656000000.0,0.443,6656000000.0,5642000000.0,5056000000.0,3.05,2.93,3.05,9119000000.0,7811750000.0,9119000000.0,38867872665.0,7.0,5.84,2881000000.0,3.475,1.0,7020000000.0,0.467,347000000.0,586000000.0,26337000000.0,26841000000.0,4191000000.0,0.0,0.0,0.0,15239000000.0,3002000000.0,12237000000.0,34514872665.0,1784000000.0,0.0,746000000.0,-1050000000.0,0.0,-1012000000.0,-1601000000.0,0.0,4397000000.0,0.0,2749000000.0,2527000000.0,2527000000.0,0.0,785000000.0,0.168,517000000.0,6503000000.0,2038000000.0,0.0,3.785,13.658,13.162,16195000000.0,222000000.0,40.145,2.295,2.213,1664000000.0,-5805000000.0,15040000000.0,15040000000.0,90000000.0,0.101,0.323,0.21,0.375,102000000.0,321000000.0,1.0,859755204.0,829000000,938000000.0,18.142,25649000000.0,139000000.0,2307000000.0,2977000000.0,30.94,4431000000.0
47,FCX,MRT,2009-09-30,2009-09-30,2009-09-30,2021-08-05,-224000000.0,25705000000.0,24347500000.0,7406000000.0,18299000000.0,0.513,9.867,-1643000000.0,2269000000.0,2269000000.0,9187000000.0,-11759000000.0,2.346,1.921,6622000000.0,44000000.0,6578000000.0,6622000000.0,0.0,1200000000.0,0.0,0.007,0.25,-14443000000.0,-13243000000.0,-1.06,-13243000000.0,-14443000000.0,-15034000000.0,-16.365,-16.18,-16.365,8209000000.0,6975250000.0,8209000000.0,34157257969.0,-2.0,-2.579,1408000000.0,1.692,1.0,3310000000.0,0.265,342000000.0,591000000.0,26559000000.0,26834250000.0,4210000000.0,0.0,0.0,0.0,15771000000.0,3157000000.0,12614000000.0,28253257969.0,1067000000.0,-66000000.0,731000000.0,-620000000.0,-189000000.0,-391000000.0,-1593000000.0,430000000.0,3051000000.0,0.0,-12120000000.0,-12377000000.0,-12377000000.0,0.0,361000000.0,-0.99,17338000000.0,-14028000000.0,1986000000.0,-0.015,3.442,-2.283,-2.096,16075000000.0,257000000.0,34.305,2.261,2.284,1466000000.0,-6711000000.0,12497000000.0,12497000000.0,156000000.0,-0.508,-1.774,-0.538,-1.156,60000000.0,194000000.0,1.0,823590088.0,832000000,944000000.0,15.02,25363000000.0,390000000.0,-2914000000.0,3600000000.0,30.484,4249000000.0
48,FCX,MRT,2009-06-30,2009-06-30,2009-06-30,2021-08-05,-231000000.0,24624000000.0,28422750000.0,6336000000.0,18288000000.0,0.456,8.822,-2108000000.0,1319000000.0,1319000000.0,10536000000.0,-12220000000.0,2.12,2.173,7223000000.0,389000000.0,6834000000.0,7223000000.0,0.0,1390000000.0,0.0,0.019,0.469,-15302000000.0,-13912000000.0,-1.073,-13912000000.0,-15302000000.0,-15870000000.0,-16.795,-16.56,-16.795,7269000000.0,9929750000.0,7269000000.0,27216019097.0,-2.0,-1.956,534000000.0,0.648,1.0,2433000000.0,0.188,355000000.0,568000000.0,27184000000.0,29689000000.0,3943000000.0,0.0,0.0,0.0,15793000000.0,2989000000.0,12804000000.0,20633019097.0,-329000000.0,-56000000.0,233000000.0,-146000000.0,-356000000.0,-866000000.0,-2105000000.0,430000000.0,2642000000.0,0.0,-12512000000.0,-12779000000.0,-12779000000.0,0.0,292000000.0,-0.985,17412000000.0,-14979000000.0,1820000000.0,-0.028,2.838,-1.615,-1.492,16092000000.0,267000000.0,25.055,1.591,1.592,2065000000.0,-7636000000.0,12969000000.0,12969000000.0,214000000.0,-0.45,-1.287,-0.515,-1.18,63000000.0,210000000.0,1.0,823509044.0,824000000,942000000.0,15.739,24269000000.0,0.0,-3358000000.0,3221000000.0,29.453,3347000000.0
49,FCX,MRT,2009-03-31,2009-03-31,2009-03-31,2021-08-05,-237000000.0,23708000000.0,32853750000.0,5400000000.0,18308000000.0,0.448,8.312,-2367000000.0,644000000.0,644000000.0,11653000000.0,-11748000000.0,2.039,2.35,7227000000.0,87000000.0,7140000000.0,7227000000.0,0.0,1596000000.0,0.0,0.036,0.688,-14842000000.0,-13246000000.0,-0.899,-13246000000.0,-14842000000.0,-15392000000.0,-16.275,-16.125,-16.275,6650000000.0,13155500000.0,6650000000.0,22167715003.0,-1.0,-1.674,130000000.0,0.163,1.0,3073000000.0,0.209,359000000.0,550000000.0,27284000000.0,32489000000.0,3913000000.0,0.0,0.0,0.0,15626000000.0,2648000000.0,12978000000.0,15688715003.0,-1187000000.0,-18000000.0,263000000.0,-355000000.0,-524000000.0,-1337000000.0,-2347000000.0,430000000.0,2497000000.0,0.0,-12150000000.0,-12420000000.0,-12420000000.0,0.0,402000000.0,-0.843,17494000000.0,-14421000000.0,1941000000.0,-0.042,2.359,-1.263,-1.171,16211000000.0,270000000.0,19.055,1.065,1.035,1710000000.0,-8224000000.0,14726000000.0,14726000000.0,270000000.0,-0.378,-0.944,-0.457,-1.008,84000000.0,247000000.0,1.0,823338494.0,800000000,802000000.0,18.407,23349000000.0,0.0,-3242000000.0,2913000000.0,29.186,2752000000.0
50,FCX,MRT,2008-12-31,2008-12-31,2008-12-31,2021-08-05,-305000000.0,23353000000.0,37383750000.0,5233000000.0,18120000000.0,0.476,7.566,-2387000000.0,872000000.0,872000000.0,12980000000.0,-10450000000.0,1.657,2.815,7351000000.0,67000000.0,7284000000.0,7351000000.0,0.0,1782000000.0,0.0,0.074,0.906,-13327000000.0,-11545000000.0,-0.649,-11545000000.0,-13327000000.0,-13911000000.0,-14.86,-14.86,-14.86,5773000000.0,16319500000.0,5773000000.0,15236838587.0,-1.0,-1.32,983000000.0,1.288,1.0,4816000000.0,0.271,364000000.0,584000000.0,26310000000.0,35093000000.0,3908000000.0,0.0,0.0,0.0,16252000000.0,3158000000.0,13094000000.0,9229838587.0,-754000000.0,0.0,-478000000.0,124000000.0,-693000000.0,-1806000000.0,-2318000000.0,430000000.0,3370000000.0,0.0,-11067000000.0,-11341000000.0,-11341000000.0,0.0,617000000.0,-0.637,17526000000.0,-12710000000.0,2722000000.0,-0.061,1.599,-0.814,-0.822,16002000000.0,274000000.0,12.22,0.519,0.524,601000000.0,-8267000000.0,17796000000.0,17796000000.0,292000000.0,-0.303,-0.695,-0.38,-0.749,98000000.0,269000000.0,1.0,755305940.0,763000000,763000000.0,23.324,22989000000.0,611000000.0,-2844000000.0,2502000000.0,30.13,2075000000.0
51,FCX,MRT,2008-09-30,2008-09-30,2008-09-30,2021-08-05,41000000.0,42006000000.0,41710750000.0,6448000000.0,35558000000.0,0.477,26.213,-1972000000.0,1202000000.0,1202000000.0,12460000000.0,4811000000.0,1.821,1.026,7209000000.0,23000000.0,7186000000.0,7209000000.0,0.0,1722000000.0,0.0,0.029,0.812,5984000000.0,7706000000.0,0.387,7706000000.0,5984000000.0,5413000000.0,3.85,3.56,3.85,20027000000.0,19434750000.0,20027000000.0,27543972846.0,5.0,3.574,2495000000.0,3.266,1.0,7453000000.0,0.374,6495000000.0,571000000.0,37978000000.0,37465500000.0,4690000000.0,0.0,0.0,0.0,20550000000.0,3540000000.0,17010000000.0,21827972846.0,-1175000000.0,573000000.0,-477000000.0,-1562000000.0,-624000000.0,-3967000000.0,-1766000000.0,0.0,4467000000.0,0.0,3261000000.0,3006000000.0,3006000000.0,-2000000.0,1550000000.0,0.151,706000000.0,6747000000.0,2739000000.0,0.211,1.09,7.261,7.383,26482000000.0,255000000.0,28.425,1.096,1.091,1663000000.0,5666000000.0,19913000000.0,19913000000.0,267000000.0,0.072,0.155,0.16,0.301,142000000.0,452000000.0,1.0,767914612.0,764000000,894000000.0,26.064,35511000000.0,0.0,2152000000.0,7018000000.0,46.48,2908000000.0
52,FCX,MRT,2008-06-30,2008-06-30,2008-06-30,2021-08-05,42000000.0,42348000000.0,41556500000.0,7171000000.0,35177000000.0,0.49,26.266,-1757000000.0,1648000000.0,1648000000.0,12162000000.0,4907000000.0,2.252,1.019,7364000000.0,31000000.0,7333000000.0,7364000000.0,0.0,1649000000.0,0.0,0.013,0.75,6664000000.0,8313000000.0,0.408,8313000000.0,6664000000.0,6077000000.0,4.18,3.84,4.18,20172000000.0,18906500000.0,20172000000.0,50649541956.0,8.0,6.093,3342000000.0,4.352,1.0,8201000000.0,0.403,6496000000.0,587000000.0,38384000000.0,37123250000.0,4446000000.0,0.0,0.0,0.0,20560000000.0,3184000000.0,17376000000.0,44909541956.0,-430000000.0,558000000.0,32000000.0,-2400000000.0,-576000000.0,-4048000000.0,-1481000000.0,0.0,5099000000.0,0.0,3512000000.0,3258000000.0,3258000000.0,-14000000.0,1395000000.0,0.16,663000000.0,7538000000.0,2405000000.0,0.179,2.226,13.784,14.018,26129000000.0,254000000.0,58.595,2.205,2.21,2211000000.0,5332000000.0,20363000000.0,20363000000.0,230000000.0,0.078,0.172,0.18,0.327,156000000.0,493000000.0,1.0,766439832.0,768000000,900000000.0,26.514,35852000000.0,0.0,2565000000.0,7274000000.0,46.682,3987000000.0
53,FCX,MRT,2008-03-31,2008-03-31,2008-03-31,2021-08-05,43000000.0,41828000000.0,41128000000.0,7018000000.0,34810000000.0,0.495,25.204,-1683000000.0,1831000000.0,1831000000.0,11894000000.0,4791000000.0,2.091,1.088,7571000000.0,36000000.0,7535000000.0,7571000000.0,0.0,1566000000.0,0.0,0.014,0.688,6967000000.0,8533000000.0,0.419,8533000000.0,6967000000.0,6341000000.0,4.395,4.025,4.395,19306000000.0,18205250000.0,19306000000.0,42414896740.0,6.0,4.971,4488000000.0,5.859,1.0,8471000000.0,0.416,6512000000.0,626000000.0,37700000000.0,36860500000.0,4113000000.0,0.0,0.0,0.0,21012000000.0,3356000000.0,17656000000.0,36829896740.0,-1295000000.0,596000000.0,23000000.0,-4482000000.0,-527000000.0,-6148000000.0,-1318000000.0,0.0,6171000000.0,0.0,3670000000.0,3415000000.0,3415000000.0,-42000000.0,1121000000.0,0.168,607000000.0,7864000000.0,2242000000.0,0.157,1.908,10.785,10.947,25814000000.0,255000000.0,48.11,1.808,1.81,2130000000.0,4554000000.0,20365000000.0,20365000000.0,190000000.0,0.083,0.188,0.189,0.342,191000000.0,502000000.0,1.0,765535164.0,766000000,898000000.0,26.586,35316000000.0,0.0,2671000000.0,7775000000.0,46.104,3662000000.0
54,FCX,MRT,2007-12-31,2007-12-31,2007-12-31,2021-08-05,42000000.0,40661000000.0,41029500000.0,5903000000.0,34758000000.0,0.413,26.736,-1353000000.0,1626000000.0,1626000000.0,9773000000.0,3779000000.0,1.526,1.162,7211000000.0,31000000.0,7180000000.0,7211000000.0,0.0,1264000000.0,0.0,0.012,0.625,5890000000.0,7154000000.0,0.422,7154000000.0,5890000000.0,5377000000.0,4.06,3.75,4.06,18234000000.0,17453425000.0,18234000000.0,45479041636.0,8.0,6.357,4872000000.0,7.144,1.0,7166000000.0,0.423,6577000000.0,513000000.0,35800000000.0,37270200000.0,3991000000.0,0.0,0.0,0.0,21188000000.0,3869000000.0,17319000000.0,39124041636.0,719000000.0,-13313000000.0,2802000000.0,5293000000.0,-421000000.0,9355000000.0,-14861000000.0,0.0,6225000000.0,0.0,2977000000.0,2769000000.0,2769000000.0,-46000000.0,802000000.0,0.163,526000000.0,6640000000.0,2345000000.0,0.154,2.146,14.129,12.616,25715000000.0,208000000.0,51.22,2.31,2.062,1228000000.0,3601000000.0,16939000000.0,16939000000.0,145000000.0,0.067,0.159,0.158,0.348,144000000.0,466000000.0,1.0,763843062.0,682000000,794000000.0,24.837,34084000000.0,67000000.0,2400000000.0,7720000000.0,49.977,2034000000.0
55,FCX,MRT,2007-09-30,2007-09-30,2007-09-30,2021-08-05,-1000000.0,41389000000.0,32211750000.0,8674000000.0,32715000000.0,0.447,23.448,-1177000000.0,2377000000.0,2377000000.0,7682000000.0,2941000000.0,1.806,1.216,8732000000.0,67000000.0,8665000000.0,8732000000.0,0.0,945000000.0,0.0,0.026,1.375,5581000000.0,6526000000.0,0.453,6526000000.0,5581000000.0,5181000000.0,4.655,4.25,4.655,17914000000.0,13506175000.0,17914000000.0,47750540335.0,9.0,7.317,4548000000.0,5.953,1.0,6716000000.0,0.466,6332000000.0,400000000.0,36609000000.0,29367700000.0,3848000000.0,0.0,0.0,0.0,21776000000.0,4803000000.0,16973000000.0,40039540335.0,1678000000.0,-13864000000.0,2802000000.0,6746000000.0,-658000000.0,11087000000.0,-15043000000.0,0.0,5725000000.0,0.0,2941000000.0,2781000000.0,2781000000.0,-44000000.0,0.0,0.193,364000000.0,6352000000.0,2814000000.0,0.295,2.235,14.398,11.266,24020000000.0,160000000.0,52.445,2.781,2.783,2165000000.0,3355000000.0,14398000000.0,14398000000.0,90000000.0,0.086,0.206,0.19,0.388,170000000.0,360000000.0,1.0,763457724.0,764000000,894000000.0,18.846,35057000000.0,0.0,2240000000.0,7631000000.0,45.886,3871000000.0
56,FCX,MRT,2007-06-30,2007-06-30,2007-06-30,2021-08-05,16000000.0,40634000000.0,23184597250.0,7455000000.0,33179000000.0,0.473,22.791,-779000000.0,2078000000.0,2078000000.0,5516000000.0,2469000000.0,1.854,1.252,9789000000.0,152000000.0,9637000000.0,9789000000.0,0.0,636000000.0,0.0,0.042,1.75,4623000000.0,5259000000.0,0.479,5259000000.0,4623000000.0,4360000000.0,4.565,4.15,4.565,17367000000.0,9625737250.0,17367000000.0,40475596166.0,9.0,7.696,3461000000.0,4.542,1.0,5452000000.0,0.497,6992000000.0,263000000.0,37333000000.0,21322798500.0,3237000000.0,0.0,0.0,0.0,21743000000.0,4020000000.0,17723000000.0,31565996165.0,1720000000.0,-13822000000.0,2793000000.0,7706000000.0,-746000000.0,12083000000.0,-14603000000.0,0.0,4240000000.0,0.0,2469000000.0,2357000000.0,2357000000.0,-32000000.0,0.0,0.215,268000000.0,5184000000.0,2647000000.0,0.383,1.818,13.392,9.071,24302000000.0,112000000.0,41.41,2.878,2.877,2455000000.0,2818000000.0,10968000000.0,10968000000.0,54000000.0,0.102,0.245,0.217,0.421,135000000.0,274000000.0,1.0,762279550.0,762000000,892000000.0,14.394,33642000000.0,0.0,1891000000.0,7485000000.0,44.15,3435000000.0
57,FCX,MRT,2007-03-31,2007-03-31,2007-03-31,2021-08-05,-3000000.0,41434000000.0,14303482000.0,8553900000.0,32880100000.0,0.486,37.555,-306900000.0,3126500000.0,3126500000.0,3251000000.0,1683000000.0,2.359,1.452,12036100000.0,199200000.0,11836900000.0,12036100000.0,0.0,300700000.0,0.0,0.064,2.125,3225000000.0,3525700000.0,0.507,3525700000.0,3225000000.0,3120000000.0,4.09,3.71,4.09,16298700000.0,5769326250.0,16298700000.0,12160765443.0,4.0,3.449,2351900000.0,5.419,1.0,3700000000.0,0.532,7379000000.0,105000000.0,39338800000.0,13225896500.0,3363000000.0,0.0,0.0,0.0,23661600000.0,3625800000.0,20035800000.0,12388114443.0,2841500000.0,-13894700000.0,2674900000.0,9978500000.0,-825800000.0,14386300000.0,-14203600000.0,0.0,2658800000.0,0.0,1683000000.0,1620000000.0,1620000000.0,-4000000.0,0.0,0.233,160000000.0,3540000000.0,2641500000.0,0.52,0.76,7.647,8.092,23730100000.0,63000000.0,33.095,1.782,2.066,2254400000.0,1833500000.0,6951000000.0,6951000000.0,17000000.0,0.113,0.281,0.244,0.464,55000000.0,174000000.0,1.0,374319820.0,434000000,488000000.0,16.016,34055000000.0,0.0,1437000000.0,7777900000.0,78.468,4928100000.0
58,FCX,MRT,2006-12-31,2006-12-31,2006-12-31,2021-08-05,-20000000.0,5390000000.0,5144030000.0,2151000000.0,3239000000.0,1.126,6.401,-217000000.0,907000000.0,907000000.0,2753000000.0,1457000000.0,2.211,1.117,680000000.0,19000000.0,661000000.0,680000000.0,0.0,228000000.0,0.0,0.085,2.375,2734000000.0,2962000000.0,0.511,2962000000.0,2734000000.0,2658000000.0,3.66,3.315,3.66,2445000000.0,2160220500.0,2445000000.0,11050398872.0,4.0,3.731,1649000000.0,4.317,1.0,3038000000.0,0.525,0.0,76000000.0,4190000000.0,4629849500.0,724000000.0,0.0,0.0,0.0,2732000000.0,973000000.0,1759000000.0,10974775872.0,143000000.0,-5000000.0,-85000000.0,-297000000.0,-916000000.0,-1499000000.0,-224000000.0,0.0,1866000000.0,0.0,1457000000.0,1396000000.0,1396000000.0,0.0,0.0,0.241,138000000.0,2900000000.0,776000000.0,0.649,4.489,7.862,7.613,3099000000.0,61000000.0,27.865,1.895,1.838,486000000.0,1415000000.0,5791000000.0,5791000000.0,12000000.0,0.271,0.646,0.591,0.472,55000000.0,157000000.0,1.0,393855226.0,382000000,442000000.0,15.16,5390000000.0,0.0,1201000000.0,965000000.0,14.11,1178000000.0
59,FCX,MRT,2006-09-30,2006-09-30,2006-09-30,2021-08-05,3224000.0,5280389000.0,5184081500.0,2032964000.0,3247425000.0,1.088,6.295,-225393000.0,698890000.0,698890000.0,2548509000.0,1492978000.0,2.194,1.207,774513000.0,72577000.0,701936000.0,774513000.0,0.0,225269000.0,0.0,0.069,1.844,2791784000.0,3017053000.0,0.535,3017053000.0,2791784000.0,2704254000.0,3.84,3.415,3.84,2392249000.0,2009719000.0,2392249000.0,10682236807.0,4.0,3.541,1511580000.0,3.978,1.0,3089347000.0,0.548,0.0,87530000.0,4429394000.0,4755833000.0,751534000.0,26625000.0,0.0,26625000.0,2888140000.0,926618000.0,1961522000.0,9968136807.0,305605000.0,31000000.0,-89281000.0,-282999000.0,-699064000.0,-1243959000.0,-187409000.0,0.0,1736973000.0,0.0,1492978000.0,1433253000.0,1433253000.0,0.0,0.0,0.254,117240000.0,2972107000.0,601397000.0,0.48,4.167,6.955,6.935,3112618000.0,59725000.0,26.63,1.768,1.795,551371000.0,1346462000.0,5637856000.0,5637856000.0,12179000.0,0.276,0.713,0.587,0.495,-13255000.0,142061000.0,1.0,374319820.0,380000000,442000000.0,14.836,5280389000.0,0.0,1211276000.0,973184000.0,13.896,1106346000.0
60,FCX,MRT,2006-06-30,2006-06-30,2006-06-30,2021-08-05,199000.0,5109539000.0,5083429500.0,1852502000.0,3257037000.0,0.981,5.163,-193709000.0,357751000.0,357751000.0,2192523000.0,1307908000.0,2.109,1.632,1071851000.0,89683000.0,982168000.0,1071851000.0,0.0,226915000.0,0.0,0.061,1.688,2504756000.0,2731671000.0,0.548,2731671000.0,2504756000.0,2401896000.0,3.38,3.01,3.38,1941356000.0,1773661500.0,1941356000.0,11260077400.0,4.0,4.122,1113780000.0,2.962,1.0,2792603000.0,0.56,0.0,102860000.0,4945392000.0,4881631750.0,790942000.0,40570000.0,0.0,40570000.0,3168183000.0,878247000.0,2289936000.0,10442877400.0,-227984000.0,869000.0,-82789000.0,-493398000.0,-625342000.0,-1349617000.0,-185856000.0,0.0,1307489000.0,0.0,1307908000.0,1248058000.0,1248058000.0,0.0,0.0,0.25,116945000.0,2675658000.0,581022000.0,0.499,5.379,8.367,8.197,3104806000.0,59850000.0,27.705,2.095,2.09,685275000.0,1202295000.0,4985126000.0,4985126000.0,10338000.0,0.246,0.704,0.513,0.502,-1826000.0,122607000.0,1.0,376931146.0,376000000,444000000.0,13.258,5109539000.0,0.0,1093988000.0,946772000.0,13.589,974255000.0
61,FCX,MRT,2006-03-31,2006-03-31,2006-03-31,2021-08-05,11989000.0,4796192000.0,5045610750.0,1526671000.0,3269521000.0,0.884,4.956,-168854000.0,284070000.0,284070000.0,1988268000.0,1116280000.0,2.317,1.575,1101270000.0,90077000.0,1011193000.0,1101270000.0,0.0,237374000.0,0.0,0.043,1.281,2206104000.0,2443478000.0,0.548,2443478000.0,2206104000.0,2088952000.0,2.895,2.595,2.895,1862277000.0,1593569000.0,1862277000.0,11092113333.0,5.0,4.539,1097108000.0,2.919,1.0,2473767000.0,0.554,0.0,117152000.0,4954612000.0,4981246500.0,612522000.0,58918000.0,0.0,58918000.0,2933915000.0,658780000.0,2275135000.0,10599764333.0,-26592000.0,1785000.0,-65411000.0,-455683000.0,-471460000.0,-1132469000.0,-160085000.0,0.0,1265962000.0,0.0,1116280000.0,1056305000.0,1056305000.0,0.0,0.0,0.237,115666000.0,2358101000.0,433731000.0,0.442,5.692,10.035,10.323,3095779000.0,59975000.0,29.885,2.376,2.517,616090000.0,1035300000.0,4462035000.0,4462035000.0,9680000.0,0.209,0.663,0.443,0.494,-940000.0,112986000.0,1.0,354685104.0,375800000,443000000.0,11.873,4796192000.0,0.0,972672000.0,887344000.0,12.763,867891000.0
62,FCX,MRT,2005-12-31,2005-12-31,2005-12-31,2021-08-05,10749000.0,5550206000.0,5043988500.0,2022382000.0,3527824000.0,0.829,5.119,-143000000.0,763599000.0,763599000.0,1889000000.0,995000000.0,1.5,2.012,1255948000.0,253350000.0,1002598000.0,1255948000.0,0.0,251000000.0,0.0,0.046,1.25,2042000000.0,2293000000.0,0.549,2293000000.0,2042000000.0,1910000000.0,2.59,2.335,2.59,1842994000.0,1420653000.0,1842994000.0,10894374956.0,5.0,4.751,1409000000.0,3.914,1.0,2290000000.0,0.548,0.0,132000000.0,4693934000.0,5118255250.0,565019000.0,33539000.0,0.0,33539000.0,3707212000.0,1348621000.0,2358591000.0,9901618956.0,212000000.0,0.0,-75000000.0,-493000000.0,-453000000.0,-1206000000.0,-134000000.0,0.0,1552000000.0,0.0,995000000.0,935000000.0,935000000.0,0.0,0.0,0.224,106000000.0,2184000000.0,553203000.0,0.483,5.373,10.59,10.386,3088931000.0,60000000.0,26.9,2.369,2.317,694387000.0,1086191000.0,4179000000.0,4179000000.0,9000000.0,0.185,0.658,0.399,0.489,0.0,104000000.0,1.0,368089924.0,360000000,440000000.0,11.608,5550206000.0,55673000.0,915000000.0,1229427000.0,15.417,673761000.0
63,FCX,MRT,2005-09-30,2005-09-30,2005-09-30,2021-08-05,7181000.0,4877781000.0,4928185750.0,1275194000.0,3602587000.0,0.733,4.07,-128200000.0,393345000.0,393345000.0,1880328000.0,744452000.0,1.36,2.369,1386101000.0,195581000.0,1190520000.0,1386101000.0,0.0,255384000.0,0.0,0.046,1.125,1630358000.0,1885742000.0,0.522,1885742000.0,1630358000.0,1486662000.0,1.9,1.81,1.9,1448019000.0,1250816750.0,1448019000.0,9813246602.0,6.0,5.204,1159066000.0,3.258,1.0,1733707000.0,0.48,0.0,143696000.0,4932589000.0,5392119000.0,450031000.0,51154000.0,0.0,51154000.0,3429762000.0,937948000.0,2491814000.0,8617074602.0,78735000.0,39973000.0,-74288000.0,-489312000.0,-402312000.0,-1128033000.0,-80498000.0,0.0,1287266000.0,0.0,744452000.0,683952000.0,683952000.0,0.0,0.0,0.189,-9504000.0,1743211000.0,440229000.0,0.592,5.951,12.599,12.787,3120311000.0,60500000.0,24.295,2.384,2.392,418689000.0,762823000.0,3614035000.0,3614035000.0,8108000.0,0.139,0.547,0.302,0.451,18597000.0,98144000.0,1.0,354685104.0,355790000,439648000.0,10.158,4877781000.0,0.0,742210000.0,1069782000.0,13.71,337246000.0
64,FCX,MRT,2005-06-30,2005-06-30,2005-06-30,2021-08-05,9588000.0,4958264000.0,4904506500.0,1333341000.0,3624923000.0,0.659,3.424,-125450000.0,585934000.0,585934000.0,1808085000.0,595780000.0,1.645,3.061,1782106000.0,193706000.0,1588400000.0,1782106000.0,0.0,249493000.0,0.0,0.045,0.85,1370835000.0,1620328000.0,0.501,1620328000.0,1370835000.0,1222621000.0,1.485,1.43,1.485,1220986000.0,1147975000.0,1220986000.0,8185055075.0,6.0,5.051,1025367000.0,2.875,1.0,1423236000.0,0.44,0.0,148214000.0,5343851000.0,5652907500.0,435248000.0,52936000.0,0.0,52936000.0,3737278000.0,810585000.0,2926693000.0,6727180075.0,285682000.0,39860000.0,-79045000.0,-265331000.0,-303785000.0,-789732000.0,-75403000.0,2458000.0,1150817000.0,0.0,595780000.0,535280000.0,535280000.0,0.0,0.0,0.166,-9060000.0,1432296000.0,346862000.0,0.572,5.51,12.568,12.606,3146065000.0,60500000.0,18.72,2.082,2.066,302184000.0,730528000.0,3231321000.0,3231321000.0,7912000.0,0.109,0.466,0.243,0.424,7168000.0,98784000.0,1.0,359357910.0,356648000,439980000.0,9.06,4958264000.0,0.0,626841000.0,1048375000.0,13.902,522756000.0
65,FCX,MRT,2005-03-31,2005-03-31,2005-03-31,2021-08-05,0.0,4789703000.0,4846319000.0,1168022000.0,3621681000.0,0.581,3.264,-132904000.0,311042000.0,311042000.0,1777609000.0,367170000.0,1.568,3.092,1768917000.0,192377000.0,1576540000.0,1768917000.0,0.0,237924000.0,0.0,0.042,0.825,995798000.0,1233722000.0,0.438,1233722000.0,995798000.0,843537000.0,0.845,0.825,0.845,1170613000.0,1079819250.0,1170613000.0,8283004911.0,8.0,6.714,596193000.0,1.662,1.0,1037137000.0,0.368,0.0,152261000.0,5502647000.0,5840989750.0,446602000.0,47821000.0,0.0,47821000.0,3619090000.0,744931000.0,2874159000.0,6883048911.0,-222988000.0,39043000.0,-97024000.0,-368960000.0,-294276000.0,-868411000.0,-83674000.0,2458000.0,729097000.0,0.0,367170000.0,306722000.0,306722000.0,0.0,0.0,0.109,-11418000.0,1048555000.0,344391000.0,0.976,5.88,22.441,23.438,3166743000.0,60448000.0,19.805,2.445,2.523,396054000.0,,2814746000.0,2814746000.0,8357000.0,0.063,0.284,0.17,0.354,6282000.0,95981000.0,1.0,347540970.0,358640000,400252000.0,7.848,4789703000.0,0.0,476367000.0,990352000.0,13.355,423091000.0
66,FCX,MRT,2004-12-31,2004-12-31,2004-12-31,2021-08-05,11342000.0,5086995000.0,4886293750.0,1459947000.0,3627048000.0,0.485,3.192,-140999000.0,551950000.0,551950000.0,1656699000.0,202267000.0,2.093,3.372,1951906000.0,78214000.0,1873692000.0,1951906000.0,0.0,206408000.0,0.0,0.029,0.55,681050000.0,887458000.0,0.374,887458000.0,681050000.0,532947000.0,0.43,0.425,0.43,1163649000.0,1070430500.0,1163649000.0,8525226275.0,13.0,9.606,200356000.0,0.55,1.0,715167000.0,0.302,0.0,148103000.0,5789389000.0,6010005250.0,466712000.0,47802000.0,0.0,47802000.0,3923346000.0,697562000.0,3225784000.0,6825146275.0,87798000.0,38510000.0,-978149000.0,-32737000.0,-198782000.0,-189585000.0,-63972000.0,21804000.0,341355000.0,0.0,202267000.0,156776000.0,156776000.0,0.0,0.0,0.066,-17165000.0,732332000.0,386590000.0,1.279,5.865,43.534,44.453,3199292000.0,45491000.0,19.115,2.878,2.938,439919000.0,604680000.0,2371866000.0,2371866000.0,8664000.0,0.032,0.146,0.113,0.287,5342000.0,89927000.0,1.0,357057090.0,364544000,369846000.0,6.506,5086995000.0,37291000.0,330680000.0,1024762000.0,13.954,762385000.0
67,FCX,MRT,2004-09-30,2004-09-30,2004-09-30,2021-08-05,0.0,4783064000.0,4794136500.0,1085684000.0,3697380000.0,0.395,2.926,-151339000.0,314110000.0,314110000.0,1452636000.0,-22969000.0,2.14,3.614,2014190000.0,75125000.0,1939065000.0,2014190000.0,0.0,154508000.0,0.0,0.017,0.345,301691000.0,456199000.0,0.241,456199000.0,301691000.0,150173000.0,-0.17,-0.155,-0.17,1036652000.0,973514250.0,1036652000.0,8846161642.0,29.0,19.391,-111946000.0,-0.316,1.0,440563000.0,0.233,0.0,151518000.0,5975743000.0,6016732500.0,437139000.0,56584000.0,0.0,56584000.0,3746412000.0,507401000.0,3239011000.0,7037704642.0,-214483000.0,-656000.0,-950643000.0,-300997000.0,-124799000.0,-135301000.0,-118575000.0,23585000.0,39393000.0,0.0,-22969000.0,-55493000.0,-55493000.0,0.0,0.0,-0.029,99371000.0,341192000.0,364237000.0,-2.029,6.789,-126.821,-119.118,3265764000.0,32524000.0,20.25,3.717,3.789,256859000.0,,1893199000.0,1893199000.0,8410000.0,-0.012,-0.057,0.05,0.159,0.0,90961000.0,1.0,347540970.0,354274000,359610000.0,5.344,4783064000.0,77576000.0,173142000.0,954866000.0,13.501,578283000.0
68,FCX,MRT,2004-06-30,2004-06-30,2004-06-30,2021-08-05,0.0,4725514000.0,4796980500.0,1033694000.0,3691820000.0,0.401,2.706,-151838000.0,302508000.0,302508000.0,1356471000.0,-1737000.0,2.361,3.983,2110965000.0,76939000.0,2034026000.0,2110965000.0,0.0,162732000.0,0.0,0.017,0.29,379504000.0,542236000.0,0.282,542236000.0,379504000.0,217745000.0,-0.07,-0.06,-0.07,948363000.0,908844250.0,948363000.0,7528686677.0,20.0,13.885,-52784000.0,-0.151,1.0,568162000.0,0.295,0.0,161759000.0,6096180000.0,6001519250.0,417147000.0,54423000.0,0.0,54423000.0,3777151000.0,437791000.0,3339360000.0,5869223677.0,-440608000.0,-68480000.0,-929014000.0,-403183000.0,-103247000.0,-397784000.0,-141878000.0,69330000.0,99054000.0,0.0,-1737000.0,-25260000.0,-25260000.0,0.0,0.0,-0.013,89328000.0,478834000.0,262078000.0,-4.143,6.189,-232.352,-236.786,3285880000.0,23523000.0,16.575,3.05,3.018,240887000.0,,1924633000.0,1924633000.0,8132000.0,-0.005,-0.028,0.063,0.197,0.0,81196000.0,1.0,354100976.0,350404000,350404000.0,5.493,4725514000.0,73152000.0,219482000.0,957272000.0,13.486,595903000.0
69,FCX,MRT,2004-03-31,2004-03-31,2004-03-31,2021-08-05,0.0,4949602000.0,4852990750.0,1279769000.0,3669833000.0,0.422,2.862,-143445000.0,536273000.0,536273000.0,1287893000.0,103445000.0,2.974,3.368,2195736000.0,87666000.0,2108070000.0,2195736000.0,0.0,188425000.0,0.0,0.012,0.235,560523000.0,748948000.0,0.366,748948000.0,560523000.0,382625000.0,0.275,0.275,0.275,1133058000.0,768036000.0,1133058000.0,7461880395.0,13.0,9.963,153965000.0,0.389,1.0,759861000.0,0.371,0.0,177898000.0,6178709000.0,6015616500.0,454944000.0,66753000.0,0.0,66753000.0,3816544000.0,430356000.0,3386188000.0,5732166395.0,-229169000.0,-67879000.0,-812871000.0,-533751000.0,-80928000.0,-393654000.0,-132925000.0,69330000.0,297410000.0,0.0,103445000.0,85423000.0,85423000.0,0.0,0.0,0.042,86503000.0,673358000.0,296572000.0,0.855,5.059,67.103,71.073,3281406000.0,18022000.0,19.545,2.799,3.778,222194000.0,,2047754000.0,2047754000.0,7172000.0,0.018,0.111,0.093,0.274,0.0,79331000.0,1.0,293280450.0,395876000,395876000.0,5.173,4949602000.0,66358000.0,279180000.0,936659000.0,12.503,849413000.0
70,FCX,MRT,2003-12-31,2003-12-31,2003-12-31,2021-08-05,8668000.0,4718366000.0,4857844500.0,1100133000.0,3618233000.0,0.455,2.49,-139186000.0,498616000.0,498616000.0,1302129000.0,181660000.0,1.741,5.08,2228330000.0,152396000.0,2075934000.0,2228330000.0,0.0,230803000.0,0.0,0.006,0.135,716730000.0,947533000.0,0.428,947533000.0,716730000.0,519713000.0,0.495,0.485,0.495,775984000.0,564985250.0,775984000.0,8999987082.0,13.0,9.498,432886000.0,1.389,1.0,910036000.0,0.411,0.0,197017000.0,5816298000.0,6089897250.0,397027000.0,58179000.0,0.0,58179000.0,3942382000.0,631782000.0,3310600000.0,7200426082.0,455816000.0,-67261000.0,68776000.0,30616000.0,-41682000.0,16562000.0,-132818000.0,73629000.0,572072000.0,0.0,181660000.0,154219000.0,154219000.0,0.0,0.0,0.07,86728000.0,823308000.0,311948000.0,0.273,9.279,46.69,42.556,3261697000.0,27441000.0,21.065,3.255,2.967,261365000.0,646933000.0,2212165000.0,2212165000.0,6449000.0,0.032,0.273,0.118,0.324,0.0,80279000.0,1.0,341819420.0,311610000,318204000.0,7.099,4718366000.0,0.0,338053000.0,910404000.0,15.142,468351000.0
71,FCX,MRT,2003-09-30,2003-09-30,2003-09-30,2021-08-05,0.0,4794440000.0,4726301250.0,1235507000.0,3558933000.0,0.494,2.44,-138597000.0,528593000.0,528593000.0,1315755000.0,252864000.0,1.819,5.163,2328154000.0,175547000.0,2152607000.0,2328154000.0,0.0,268060000.0,0.0,0.005,0.09,833322000.0,1101382000.0,0.471,1101382000.0,833322000.0,635199000.0,0.735,0.715,0.735,777972000.0,437695750.0,777972000.0,6685918448.0,8.0,6.07,539670000.0,1.693,1.0,1021330000.0,0.437,0.0,198123000.0,5914890000.0,6030054750.0,381066000.0,235200000.0,34585000.0,200615000.0,4016468000.0,679111000.0,3337357000.0,4853791448.0,490566000.0,-65066000.0,44067000.0,194864000.0,-26289000.0,-45989000.0,-141712000.0,71848000.0,678267000.0,0.0,252864000.0,218074000.0,218074000.0,0.0,0.0,0.093,78392000.0,942938000.0,281410000.0,0.122,6.239,22.258,22.517,3242730000.0,34790000.0,16.55,2.077,2.258,280898000.0,,2337085000.0,2337085000.0,5666000.0,0.046,0.498,0.138,0.357,0.0,72726000.0,1.0,293280450.0,318814000,388670000.0,7.331,4794440000.0,0.0,382335000.0,960109000.0,15.038,556396000.0
72,FCX,MRT,2003-06-30,2003-06-30,2003-06-30,2021-08-05,0.0,4949555000.0,4578881000.0,1434110000.0,3515445000.0,0.49,1.32,-168723000.0,740360000.0,740360000.0,1303457000.0,270337000.0,2.28,11.852,2572487000.0,144196000.0,2428291000.0,2572487000.0,0.0,281158000.0,0.0,0.004,0.045,807545000.0,1088703000.0,0.485,1088703000.0,807545000.0,616123000.0,0.795,0.765,0.795,385130000.0,293089000.0,385130000.0,5587498663.0,7.0,5.132,475241000.0,1.629,1.0,940377000.0,0.419,0.0,191422000.0,6152569000.0,5998518000.0,380610000.0,127661000.0,60809000.0,66852000.0,4564425000.0,629113000.0,3935312000.0,3562088663.0,731697000.0,2991000.0,20703000.0,256139000.0,-13090000.0,214732000.0,-126999000.0,47905000.0,643964000.0,0.0,270337000.0,232245000.0,232245000.0,0.0,0.0,0.104,77641000.0,862736000.0,254331000.0,0.057,9.249,15.338,15.409,3256150000.0,38092000.0,12.25,1.588,1.593,242961000.0,,2243834000.0,2243834000.0,4889000.0,0.051,0.792,0.135,0.36,0.0,72752000.0,1.0,290782748.0,291814000,381980000.0,7.689,4949555000.0,0.0,345786000.0,829413000.0,16.961,804997000.0
73,FCX,MRT,2003-03-31,2003-03-31,2003-03-31,2021-08-05,0.0,4969017000.0,4389574250.0,1429373000.0,3539644000.0,0.465,1.105,-186252000.0,762699000.0,762699000.0,1226195000.0,218428000.0,2.756,14.487,2788109000.0,122719000.0,2665390000.0,2788109000.0,0.0,275180000.0,0.0,0.0,0.0,691782000.0,966962000.0,0.473,966962000.0,691782000.0,512346000.0,0.62,0.6,0.62,320855000.0,231936000.0,320855000.0,4500998541.0,7.0,4.655,354891000.0,1.222,1.0,816183000.0,0.4,0.0,179436000.0,6475832000.0,5927397500.0,384749000.0,131207000.0,60808000.0,70399000.0,4648162000.0,518595000.0,4129567000.0,2470444541.0,753328000.0,3564000.0,7439000.0,397647000.0,0.0,356099000.0,-143914000.0,47905000.0,541143000.0,0.0,218428000.0,180449000.0,180449000.0,0.0,0.0,0.088,72263000.0,743920000.0,233041000.0,0.0,7.7,13.691,13.75,3292133000.0,37979000.0,8.525,1.21,1.212,211340000.0,,2042378000.0,2042378000.0,3862000.0,0.041,0.778,0.117,0.339,0.0,68401000.0,1.0,289788216.0,290480000,294528000.0,7.031,4969017000.0,0.0,293918000.0,779291000.0,17.106,910778000.0
74,FCX,MRT,2002-12-31,2002-12-31,2002-12-31,2021-08-05,10963000.0,4192193000.0,4191790500.0,637980000.0,3554213000.0,0.456,0.922,-188004000.0,115782000.0,115782000.0,1198908000.0,164654000.0,1.186,14.711,2038390000.0,77112000.0,1961278000.0,2038390000.0,0.0,260446000.0,0.0,0.0,0.0,581381000.0,841827000.0,0.441,841827000.0,581381000.0,410172000.0,0.44,0.435,0.44,266826000.0,180893750.0,266826000.0,4597880132.0,8.0,5.462,324728000.0,1.122,1.0,711554000.0,0.372,0.0,171209000.0,5576928000.0,5805758750.0,387247000.0,44619000.0,0.0,44619000.0,3925367000.0,537873000.0,3387494000.0,2431323132.0,249000.0,2835000.0,7777000.0,-323002000.0,0.0,-364190000.0,-148293000.0,47938000.0,512732000.0,0.0,164654000.0,127050000.0,127050000.0,0.0,0.0,0.067,71417000.0,640137000.0,262310000.0,0.0,9.112,19.137,19.068,3320561000.0,37604000.0,8.39,1.273,1.27,175497000.0,534447000.0,1910462000.0,1910462000.0,3112000.0,0.03,0.702,0.1,0.304,0.0,68305000.0,1.0,289788216.0,289298000,292836000.0,6.604,4192193000.0,0.0,245518000.0,787829000.0,14.491,100107000.0
75,FCX,MRT,2002-09-30,2002-09-30,2002-09-30,2021-08-05,0.0,4204759000.0,4196724500.0,650903000.0,3553856000.0,0.417,0.689,-193850000.0,38027000.0,38027000.0,1177897000.0,98128000.0,1.117,20.072,2204584000.0,151837000.0,2052747000.0,2204584000.0,0.0,258877000.0,0.0,0.0,0.0,456599000.0,715476000.0,0.408,715476000.0,456599000.0,283787000.0,0.205,0.195,0.205,199545000.0,140298250.0,199545000.0,4197962694.0,9.0,5.867,144276000.0,0.498,1.0,573803000.0,0.328,0.0,172812000.0,5788743000.0,5890155500.0,392355000.0,141725000.0,49809000.0,91916000.0,4005214000.0,582573000.0,3422641000.0,1950274694.0,5153000.0,-167000.0,7574000.0,-147095000.0,0.0,-188252000.0,-144721000.0,47938000.0,338126000.0,0.0,98128000.0,60876000.0,60876000.0,0.0,0.0,0.035,68320000.0,505483000.0,250247000.0,0.0,9.774,32.037,32.829,3340576000.0,37252000.0,6.73,1.113,1.113,165959000.0,,1751700000.0,1751700000.0,5192000.0,0.015,0.434,0.078,0.261,0.0,63128000.0,1.0,289788216.0,289788000,377754000.0,6.045,4204759000.0,0.0,185659000.0,736190000.0,14.51,68330000.0
76,FCX,MRT,2002-06-30,2002-06-30,2002-06-30,2021-08-05,0.0,4192328000.0,4154455750.0,599231000.0,3593097000.0,0.398,0.486,-167773000.0,8663000.0,8663000.0,1175963000.0,40597000.0,1.048,28.835,2256351000.0,139697000.0,2116654000.0,2256351000.0,0.0,252800000.0,0.0,0.0,0.0,356946000.0,609746000.0,0.369,609746000.0,356946000.0,185407000.0,0.01,0.015,0.01,140518000.0,117670750.0,140518000.0,4902201827.0,14.0,8.04,203221000.0,0.702,1.0,478236000.0,0.289,0.0,171539000.0,5868087000.0,5811133000.0,388128000.0,175003000.0,49809000.0,125194000.0,4051810000.0,571929000.0,3479881000.0,2575874827.0,-6283000.0,-156000.0,7574000.0,-52347000.0,0.0,-94622000.0,-282655000.0,-116084000.0,370994000.0,0.0,40597000.0,3587000.0,3587000.0,0.0,0.0,0.002,67916000.0,410320000.0,268891000.0,0.0,18.331,718.114,892.5,3356677000.0,37010000.0,8.925,1.557,1.561,146638000.0,,1654199000.0,1654199000.0,6273000.0,0.001,0.03,0.061,0.216,0.0,61643000.0,1.0,288613426.0,289396000,294740000.0,5.716,4192328000.0,0.0,144810000.0,688741000.0,14.486,27302000.0
77,FCX,MRT,2002-03-31,2002-03-31,2002-03-31,2021-08-05,0.0,4177882000.0,4088368500.0,561337000.0,3616545000.0,0.436,0.405,-159469000.0,9371000.0,9371000.0,1251556000.0,70979000.0,1.09,34.804,2335698000.0,138772000.0,2196926000.0,2335698000.0,0.0,268814000.0,0.0,0.0,0.0,411597000.0,680411000.0,0.381,680411000.0,411597000.0,242157000.0,0.115,0.12,0.115,116686000.0,105918750.0,116686000.0,4870967945.0,12.0,7.159,264755000.0,0.919,1.0,532903000.0,0.299,0.0,169440000.0,5989277000.0,5683971000.0,352195000.0,176006000.0,49809000.0,126197000.0,4061196000.0,514932000.0,3546264000.0,2539954945.0,-2016000.0,-729000.0,2823000.0,-96260000.0,0.0,-151296000.0,-274944000.0,-116084000.0,424224000.0,0.0,70979000.0,34303000.0,34303000.0,0.0,0.0,0.019,69318000.0,463585000.0,272193000.0,0.0,21.767,74.045,76.609,3383648000.0,36676000.0,8.81,1.423,1.423,144612000.0,,1784459000.0,1784459000.0,7893000.0,0.008,0.324,0.072,0.231,0.0,61425000.0,1.0,288303626.0,288216000,288216000.0,6.191,4177882000.0,0.0,171178000.0,676141000.0,14.496,46405000.0
78,FCX,MRT,2001-12-31,2001-12-31,2001-12-31,2021-08-05,-1184000.0,4211929000.0,4035211500.0,548270000.0,3663659000.0,0.456,0.363,-166972000.0,7587000.0,7587000.0,1227328000.0,113025000.0,0.872,39.327,2338600000.0,205420000.0,2133180000.0,2338600000.0,0.0,283889000.0,0.0,0.0,0.0,489599000.0,773488000.0,0.421,773488000.0,489599000.0,316004000.0,0.265,0.265,0.265,104444000.0,92043500.0,104444000.0,3964728144.0,8.0,5.126,342011000.0,1.188,1.0,611538000.0,0.333,0.0,173595000.0,5914515000.0,5539097000.0,369188000.0,199082000.0,49809000.0,149273000.0,4107485000.0,628427000.0,3479058000.0,1927800144.0,-381000.0,0.0,-2839000.0,-146389000.0,0.0,-208560000.0,-300804000.0,-139762000.0,508983000.0,0.0,113025000.0,76496000.0,76496000.0,0.0,0.0,0.042,68612000.0,542926000.0,307526000.0,0.0,18.458,25.201,25.264,3409687000.0,36529000.0,6.695,1.048,1.048,103235000.0,407397000.0,1838866000.0,1838866000.0,9190000.0,0.019,0.831,0.088,0.266,0.0,59422000.0,1.0,287946250.0,287904000,289876000.0,6.387,4211929000.0,0.0,202979000.0,688034000.0,14.63,-80157000.0
79,FCX,MRT,2001-09-30,2001-09-30,2001-09-30,2021-08-05,0.0,4035684000.0,3969914500.0,581067000.0,3454617000.0,0.493,0.379,-163414000.0,32874000.0,32874000.0,1223911000.0,173231000.0,0.969,36.013,2069802000.0,112990000.0,1956812000.0,2069802000.0,0.0,305492000.0,0.0,0.0,0.0,594639000.0,900131000.0,0.46,900131000.0,594639000.0,412635000.0,0.46,0.46,0.46,109035000.0,75415250.0,109035000.0,3580289644.0,6.0,3.978,522802000.0,1.816,1.0,732506000.0,0.374,0.0,182004000.0,5472653000.0,5435189750.0,375883000.0,195768000.0,49809000.0,145959000.0,3926649000.0,599959000.0,3326690000.0,1582264644.0,26896000.0,0.0,-43752000.0,-229909000.0,0.0,-356165000.0,-303155000.0,-139762000.0,686216000.0,0.0,173231000.0,136643000.0,136643000.0,0.0,0.0,0.07,69052000.0,663454000.0,334330000.0,0.0,14.512,11.58,11.946,3206402000.0,36588000.0,5.495,0.809,0.809,118573000.0,,1956417000.0,1956417000.0,8585000.0,0.034,1.812,0.109,0.304,0.0,60467000.0,1.0,287946250.0,287946000,289316000.0,6.794,4035684000.0,0.0,239404000.0,682099000.0,14.015,-18892000.0
80,FCX,MRT,2001-06-30,2001-06-30,2001-06-30,2021-08-05,0.0,3927979000.0,3956286750.0,577550000.0,3350429000.0,0.503,0.325,-160380000.0,14946000.0,14946000.0,1267248000.0,159953000.0,1.019,41.006,2012971000.0,113359000.0,1899612000.0,2012971000.0,0.0,312317000.0,0.0,0.0,0.0,589252000.0,901569000.0,0.453,901569000.0,589252000.0,393824000.0,0.415,0.415,0.415,93510000.0,51692500.0,93510000.0,3715150147.0,6.0,4.121,418230000.0,1.453,1.0,721768000.0,0.363,0.0,195428000.0,5359439000.0,5466256250.0,383984000.0,53334000.0,0.0,53334000.0,3834469000.0,566565000.0,3267904000.0,1590448147.0,9085000.0,0.0,-80125000.0,-254456000.0,0.0,-415621000.0,-153904000.0,0.0,578610000.0,0.0,159953000.0,123203000.0,123203000.0,0.0,0.0,0.062,73745000.0,648023000.0,307749000.0,0.0,17.008,12.909,13.313,3215909000.0,36750000.0,5.525,0.8,0.8,174070000.0,,1989016000.0,1989016000.0,9511000.0,0.031,2.383,0.108,0.296,0.0,64234000.0,1.0,287863918.0,287908000,290464000.0,6.909,3927979000.0,0.0,233871000.0,675206000.0,13.643,10985000.0
81,FCX,MRT,2001-03-31,2001-03-31,2001-03-31,2021-08-05,0.0,3965254000.0,3970455000.0,612005000.0,3353249000.0,0.465,0.213,-152428000.0,11387000.0,11387000.0,1230838000.0,105360000.0,0.9,63.808,2136089000.0,243925000.0,1892164000.0,2136089000.0,0.0,288326000.0,0.0,0.0,0.0,488923000.0,777249000.0,0.421,777249000.0,488923000.0,285075000.0,0.23,0.23,0.23,61185000.0,43709000.0,61185000.0,4060369065.0,8.0,5.224,323517000.0,1.124,1.0,617267000.0,0.334,0.0,203848000.0,5409781000.0,5522497250.0,403948000.0,53686000.0,0.0,53686000.0,3904069000.0,680175000.0,3223894000.0,1878312065.0,6147000.0,0.0,-142261000.0,-68490000.0,0.0,-317424000.0,-152374000.0,0.0,475945000.0,0.0,105360000.0,68298000.0,68298000.0,0.0,0.0,0.037,73542000.0,543725000.0,281561000.0,0.0,30.699,27.502,28.37,3221552000.0,37062000.0,6.525,1.016,1.016,184861000.0,,1848105000.0,1848105000.0,8932000.0,0.017,1.563,0.089,0.265,0.0,64610000.0,1.0,287863918.0,287812000,289456000.0,6.421,3965254000.0,0.0,179715000.0,643193000.0,13.777,-68170000.0
82,FCX,MRT,2000-12-31,2000-12-31,2000-12-31,2021-08-05,10244000.0,3950741000.0,3985258500.0,569122000.0,3381619000.0,0.469,0.123,-170959000.0,7968000.0,7968000.0,1296518000.0,76987000.0,0.898,103.156,2190025000.0,202294000.0,1987731000.0,2190025000.0,0.0,283556000.0,0.0,0.0,0.0,441906000.0,725462000.0,0.388,725462000.0,441906000.0,236560000.0,0.13,0.13,0.13,37931000.0,65599250.0,37931000.0,3537470874.0,8.0,4.876,345061000.0,1.12,1.0,572092000.0,0.306,0.0,205346000.0,5498886000.0,5587715000.0,400607000.0,56154000.0,0.0,56154000.0,3912810000.0,633912000.0,3278898000.0,1271489874.0,1270000.0,-5717000.0,-199619000.0,-20009000.0,0.0,-333536000.0,-181214000.0,0.0,516020000.0,0.0,76987000.0,39500000.0,39500000.0,0.0,0.0,0.021,79799000.0,492293000.0,301639000.0,0.0,33.521,32.19,32.935,3248710000.0,37487000.0,4.282,0.68,0.706,128198000.0,330901000.0,1868610000.0,1868610000.0,8849000.0,0.01,0.602,0.079,0.236,0.0,70950000.0,1.0,296972994.0,307994000,309038000.0,6.067,3950741000.0,0.0,159573000.0,610552000.0,12.827,-64790000.0
83,FCX,MRT,2000-09-30,2000-09-30,2000-09-30,2021-08-05,0.0,3981173000.0,4018302250.0,570680000.0,3410493000.0,0.464,0.047,-181223000.0,5978000.0,5978000.0,1338265000.0,56551000.0,0.878,280.474,2271959000.0,205102000.0,2066857000.0,2271959000.0,0.0,271537000.0,0.0,0.0,0.0,411287000.0,682824000.0,0.366,682824000.0,411287000.0,210058000.0,0.055,0.05,0.055,14144000.0,105336500.0,14144000.0,3560053947.0,9.0,5.214,304787000.0,1.015,1.0,528011000.0,0.283,0.0,201229000.0,5596919000.0,5640346000.0,395493000.0,62767000.0,0.0,62767000.0,3967029000.0,650235000.0,3316794000.0,1347475947.0,2617000.0,-5717000.0,-158731000.0,-39815000.0,0.0,-298114000.0,-185279000.0,0.0,486010000.0,0.0,56551000.0,18743000.0,18743000.0,0.0,0.0,0.01,88321000.0,439690000.0,400005000.0,0.0,95.268,71.892,80.118,3261301000.0,37808000.0,4.407,0.722,0.709,159577000.0,,1866276000.0,1866276000.0,9760000.0,0.005,0.178,0.073,0.22,0.0,78561000.0,1.0,305792794.0,300176000,300176000.0,6.217,3981173000.0,0.0,153507000.0,573807000.0,13.263,-79555000.0
84,FCX,MRT,2000-06-30,2000-06-30,2000-06-30,2021-08-05,0.0,3984652000.0,4056055750.0,533996000.0,3450656000.0,0.46,0.194,-172116000.0,5861000.0,5861000.0,1279332000.0,92035000.0,0.871,63.711,2218439000.0,205148000.0,2013291000.0,2218439000.0,0.0,267775000.0,0.0,0.0,0.0,459715000.0,727490000.0,0.39,727490000.0,459715000.0,264121000.0,0.165,0.16,0.165,61576000.0,141661250.0,61576000.0,3618173547.0,8.0,4.974,346346000.0,1.093,1.0,586765000.0,0.314,0.0,195594000.0,5584403000.0,5691022750.0,387343000.0,68150000.0,0.0,68150000.0,3923076000.0,612827000.0,3310249000.0,1480017547.0,1299000.0,-9101000.0,-122358000.0,-101422000.0,0.0,-331133000.0,-186030000.0,0.0,518462000.0,0.0,92035000.0,54744000.0,54744000.0,0.0,0.0,0.029,84312000.0,502453000.0,345940000.0,0.0,24.036,27.035,28.03,3297419000.0,37291000.0,4.625,0.793,0.785,108568000.0,,1866097000.0,1866097000.0,9329000.0,0.013,0.386,0.081,0.246,0.0,74983000.0,1.0,320003794.0,316758000,316758000.0,5.891,3984652000.0,0.0,172086000.0,567927000.0,12.579,-78831000.0
85,FCX,MRT,2000-03-31,2000-03-31,2000-03-31,2021-08-05,0.0,4024468000.0,4081564250.0,539180000.0,3485288000.0,0.373,0.461,-180333000.0,5240000.0,5240000.0,1026887000.0,102310000.0,1.096,26.056,2143396000.0,105527000.0,2037869000.0,2143396000.0,0.0,285831000.0,0.0,0.0,0.0,401650000.0,687481000.0,0.451,687481000.0,401650000.0,258284000.0,0.23,0.225,0.23,148746000.0,159354750.0,148746000.0,4071183878.0,10.0,5.922,378662000.0,1.174,1.0,496361000.0,0.326,0.0,143366000.0,5670652000.0,5765614250.0,370257000.0,74028000.0,0.0,74028000.0,3875722000.0,491972000.0,3383750000.0,1929622878.0,-117000.0,-9101000.0,-60805000.0,-226778000.0,0.0,-370474000.0,-188638000.0,0.0,558995000.0,0.0,102310000.0,74608000.0,74608000.0,0.0,0.0,0.049,136984000.0,359377000.0,382318000.0,0.0,12.973,25.863,26.217,3325439000.0,27702000.0,6.03,1.267,1.277,148684000.0,,1523248000.0,1523248000.0,4541000.0,0.018,0.468,0.07,0.264,0.0,60059000.0,1.0,320003794.0,322646000,325088000.0,4.721,4024468000.0,0.0,155974000.0,575633000.0,12.473,47208000.0
86,FCX,MRT,1999-12-31,1999-12-31,1999-12-31,2021-08-05,10244000.0,4082916000.0,4098674500.0,564454000.0,3518462000.0,0.46,0.602,-157438000.0,6698000.0,6698000.0,1227762000.0,136467000.0,1.096,19.738,2148259000.0,114789000.0,2033470000.0,2148259000.0,0.0,293213000.0,0.0,0.0,0.0,526189000.0,819402000.0,0.434,819402000.0,526189000.0,332120000.0,0.31,0.305,0.31,196880000.0,150508750.0,196880000.0,5708201900.0,11.0,6.966,411346000.0,1.257,1.0,659566000.0,0.349,0.0,194069000.0,5709410000.0,5838833000.0,368125000.0,66070000.0,0.0,66070000.0,3886036000.0,515067000.0,3370969000.0,3454425900.0,821000.0,-3384000.0,-7921000.0,-318212000.0,0.0,-407937000.0,-160026000.0,0.0,568784000.0,0.0,136467000.0,100787000.0,100787000.0,0.0,0.0,0.053,81250000.0,578316000.0,277365000.0,0.0,17.546,34.275,34.081,3381465000.0,35680000.0,10.565,1.83,1.832,141325000.0,291401000.0,1887328000.0,1887328000.0,10626000.0,0.025,0.67,0.09,0.279,0.0,70624000.0,1.0,326968850.0,327226000,329134000.0,5.768,4082916000.0,0.0,195653000.0,596098000.0,12.477,49387000.0
87,FCX,MRT,1999-09-30,1999-09-30,1999-09-30,2021-08-05,0.0,4132187000.0,4126104000.0,588153000.0,3544034000.0,0.346,0.488,-131065000.0,3361000.0,3361000.0,892653000.0,114031000.0,1.003,24.916,2257137000.0,161952000.0,2095185000.0,2257137000.0,0.0,297197000.0,0.0,0.003,0.025,413966000.0,711163000.0,0.498,711163000.0,413966000.0,265683000.0,0.26,0.26,0.26,159443000.0,127142750.0,159443000.0,4847757125.0,12.0,6.817,376888000.0,1.153,1.0,536356000.0,0.375,0.0,148283000.0,5799626000.0,5942746250.0,359651000.0,67815000.0,0.0,67815000.0,3972744000.0,586337000.0,3386407000.0,2543525125.0,-6530000.0,-3433000.0,-29615000.0,-259614000.0,-8264000.0,-379476000.0,-135007000.0,0.0,507953000.0,0.0,114031000.0,87851000.0,87851000.0,0.0,0.0,0.061,134584000.0,401772000.0,369408000.0,0.096,15.953,28.953,29.923,3387149000.0,26180000.0,7.78,1.78,1.78,214419000.0,,1429009000.0,1429009000.0,5174000.0,0.021,0.691,0.07,0.29,0.0,57026000.0,1.0,326931250.0,326962000,329688000.0,4.371,4132187000.0,0.0,151652000.0,575386000.0,12.638,1816000.0
88,FCX,MRT,1999-06-30,1999-06-30,1999-06-30,2021-08-05,0.0,4086686000.0,4136618500.0,526356000.0,3560330000.0,0.338,0.406,-153797000.0,4562000.0,4562000.0,874195000.0,111026000.0,1.036,29.878,2308794000.0,145027000.0,2163767000.0,2308794000.0,0.0,298279000.0,0.0,0.006,0.05,399576000.0,697855000.0,0.499,697855000.0,399576000.0,247926000.0,0.25,0.25,0.25,132350000.0,108057000.0,132350000.0,5287522778.0,13.0,7.577,423472000.0,1.3,1.0,523282000.0,0.374,0.0,151650000.0,5882769000.0,6029128750.0,323675000.0,68357000.0,0.0,68357000.0,3954336000.0,508149000.0,3446187000.0,2932538778.0,-661000.0,-103000.0,-200249000.0,-146422000.0,-17254000.0,-432797000.0,-145133000.0,0.0,577269000.0,0.0,111026000.0,84884000.0,84884000.0,0.0,0.0,0.061,144227000.0,379055000.0,323456000.0,0.2,22.157,34.548,35.88,3401662000.0,26142000.0,8.97,2.098,2.091,186868000.0,,1397477000.0,1397477000.0,5468000.0,0.021,0.786,0.066,0.286,0.0,66375000.0,1.0,326927400.0,325826000,329590000.0,4.289,4086686000.0,0.0,136900000.0,545894000.0,12.543,18207000.0
89,FCX,MRT,1999-03-31,1999-03-31,1999-03-31,2021-08-05,0.0,4092909000.0,4169486250.0,493247000.0,3599662000.0,0.426,0.346,-227312000.0,5357000.0,5357000.0,1093696000.0,144665000.0,1.018,35.105,2360341000.0,125092000.0,2235249000.0,2360341000.0,0.0,289873000.0,0.0,0.014,0.075,525478000.0,815351000.0,0.459,815351000.0,525478000.0,318151000.0,0.315,0.315,0.315,113362000.0,136776250.0,113362000.0,4230543456.0,8.0,5.189,315833000.0,0.963,1.0,683140000.0,0.384,0.0,207327000.0,5963527000.0,6137435750.0,339523000.0,73385000.0,0.0,73385000.0,3979547000.0,484366000.0,3495181000.0,1779627456.0,-6493000.0,-156000.0,-217493000.0,-17176000.0,-26299000.0,-327147000.0,-222491000.0,0.0,543145000.0,0.0,144665000.0,109435000.0,109435000.0,0.0,0.0,0.062,97223000.0,585917000.0,323257000.0,0.238,15.699,16.262,17.27,3437487000.0,35230000.0,5.44,1.002,1.004,137008000.0,,1776836000.0,1776836000.0,13334000.0,0.026,0.8,0.086,0.296,0.0,83889000.0,1.0,327137400.0,328034000,328034000.0,5.417,4092909000.0,0.0,173486000.0,526930000.0,12.477,8881000.0
90,FCX,MRT,1998-12-31,1998-12-31,1998-12-31,2021-08-05,10244000.0,4192634000.0,4201608000.0,545894000.0,3646740000.0,0.418,0.295,-289374000.0,5877000.0,5877000.0,1076734000.0,153848000.0,1.053,39.541,2456793000.0,127804000.0,2328989000.0,2456793000.0,0.0,277407000.0,0.0,0.019,0.1,530002000.0,807409000.0,0.46,807409000.0,530002000.0,324414000.0,0.335,0.335,0.335,103416000.0,170163500.0,103416000.0,4224310095.0,8.0,5.232,189453000.0,0.54,1.0,680398000.0,0.387,0.0,205588000.0,6125063000.0,6190790750.0,301404000.0,80822000.0,0.0,80822000.0,4089218000.0,518487000.0,3570731000.0,1728268095.0,-3082000.0,-2709000.0,-259213000.0,164975000.0,-35382000.0,-194803000.0,-287106000.0,0.0,478827000.0,0.0,153848000.0,118317000.0,118317000.0,0.0,0.0,0.067,100813000.0,579585000.0,289342000.0,0.299,16.712,14.607,15.582,3474451000.0,35531000.0,5.22,0.984,1.042,180978000.0,190614000.0,1757132000.0,1757132000.0,13033000.0,0.028,0.695,0.086,0.302,0.0,87780000.0,1.0,331085842.0,350706000,350708000.0,5.01,4192634000.0,0.0,170566000.0,516955000.0,11.955,27407000.0
91,FCX,MRT,1998-09-30,1998-09-30,1998-09-30,2021-08-05,0.0,4174245000.0,4191501750.0,471246000.0,3702999000.0,0.404,0.238,-387456000.0,9891000.0,9891000.0,1083248000.0,151611000.0,0.897,49.232,2505933000.0,146433000.0,2359500000.0,2505933000.0,0.0,250613000.0,0.0,0.031,0.188,487934000.0,738547000.0,0.436,738547000.0,487934000.0,295357000.0,0.32,0.325,0.32,83100000.0,214032500.0,83100000.0,4664156289.0,10.0,6.315,99012000.0,0.283,1.0,609520000.0,0.36,0.0,192577000.0,6145156000.0,6173666750.0,287959000.0,84590000.0,0.0,84590000.0,4091145000.0,525131000.0,3566014000.0,2147680289.0,-1874000.0,-14453000.0,-424968000.0,477277000.0,-70632000.0,-83362000.0,-404980000.0,0.0,486468000.0,0.0,151611000.0,115897000.0,115897000.0,0.0,0.0,0.068,84544000.0,524976000.0,332000000.0,0.588,25.845,18.531,18.656,3524586000.0,35714000.0,5.97,1.269,1.232,164543000.0,,1692768000.0,1692768000.0,13926000.0,0.028,0.541,0.079,0.288,0.0,70618000.0,1.0,359745442.0,349336000,349336000.0,4.846,4174245000.0,0.0,143746000.0,489458000.0,11.949,-53885000.0
92,FCX,MRT,1998-06-30,1998-06-30,1998-06-30,2021-08-05,0.0,4218157000.0,,469197000.0,3748960000.0,,0.685,-508242000.0,5223000.0,5223000.0,1124999000.0,164595000.0,1.121,16.062,2521699000.0,95211000.0,2426488000.0,2521699000.0,0.0,234243000.0,0.0,0.036,0.275,494840000.0,729083000.0,0.419,729083000.0,494840000.0,314902000.0,0.345,0.35,0.345,247227000.0,,247227000.0,5206895044.0,11.0,7.142,-19183000.0,-0.053,1.0,615165000.0,0.354,0.0,179938000.0,6315997000.0,,289032000.0,84975000.0,0.0,84975000.0,3970930000.0,418636000.0,3552294000.0,2747936044.0,-18384000.0,-21990000.0,-402954000.0,613227000.0,-106148000.0,34773000.0,-542216000.0,0.0,489059000.0,0.0,164595000.0,128632000.0,128632000.0,0.0,0.0,0.074,89300000.0,525865000.0,286292000.0,0.797,11.115,21.363,22.014,3565734000.0,35963000.0,7.595,1.579,1.576,168647000.0,,1740164000.0,1740164000.0,16233000.0,,,,0.284,0.0,73067000.0,1.0,361808564.0,361122000,361544000.0,4.819,4218157000.0,0.0,150307000.0,469494000.0,11.681,50561000.0
93,FCX,MRT,1998-03-31,1998-03-31,1998-03-31,2021-08-05,0.0,4221396000.0,,498986000.0,3722410000.0,,0.681,-518488000.0,11850000.0,11850000.0,1167858000.0,208914000.0,0.991,16.097,2470809000.0,105188000.0,2365621000.0,2470809000.0,0.0,224874000.0,0.0,0.036,0.362,565931000.0,790805000.0,0.422,790805000.0,565931000.0,398779000.0,0.45,0.455,0.45,246911000.0,,246911000.0,5987254383.0,11.0,7.571,11989000.0,0.033,1.0,705398000.0,0.377,0.0,167152000.0,6176947000.0,,315153000.0,85146000.0,0.0,85146000.0,3974485000.0,503408000.0,3471077000.0,3607231383.0,-13214000.0,-30564000.0,-440439000.0,670466000.0,-142008000.0,13066000.0,-556757000.0,0.0,530477000.0,0.0,208914000.0,172682000.0,172682000.0,0.0,0.0,0.092,100995000.0,604403000.0,360468000.0,0.804,14.609,20.889,22.156,3541857000.0,36232000.0,9.97,1.926,1.929,163969000.0,,1873256000.0,1873256000.0,17548000.0,,,,0.302,0.0,83447000.0,1.0,361808564.0,362502000,362748000.0,5.168,4221396000.0,0.0,189865000.0,455264000.0,11.645,-4422000.0
94,FCX,MRT,1997-12-31,1997-12-31,1997-12-31,2021-08-05,10244000.0,4152209000.0,4008871500.0,463089000.0,3689120000.0,0.499,0.71,-548669000.0,8959000.0,8959000.0,1220935000.0,245108000.0,0.974,13.888,2388982000.0,80852000.0,2308130000.0,2388982000.0,0.0,213855000.0,0.0,0.057,0.45,628143000.0,841998000.0,0.421,841998000.0,628143000.0,476423000.0,0.53,0.53,0.53,278892000.0,477135500.0,278892000.0,,,,-35117000.0,-0.089,1.0,779969000.0,0.39,0.0,151720000.0,6056567000.0,5425012000.0,314800000.0,83061000.0,0.0,83061000.0,3873317000.0,475665000.0,3397652000.0,2849242442.0,-28159000.0,-36243000.0,-438388000.0,745412000.0,-178341000.0,50906000.0,-592617000.0,0.0,513552000.0,0.0,245108000.0,208541000.0,208541000.0,0.0,0.0,0.104,114230000.0,665739000.0,261866000.0,0.849,10.216,13.663,14.858,3521715000.0,36567000.0,7.875,1.424,1.546,89599000.0,107679000.0,2000904000.0,2000904000.0,17629000.0,0.052,0.437,0.116,0.314,0.0,96601000.0,1.0,361808564.0,392784000,395306000.0,5.094,4152209000.0,0.0,231315000.0,434566000.0,10.571,-12576000.0
95,FCX,MRT,1997-09-30,1997-09-30,1997-09-30,2021-08-05,,,,,,,,,,,,,,,,,,,,,,0.031,0.45,,,,,,,,,,,,,,,,,,1.0,,,,,,,,,,,,,,,,,,,,,,,,,,,,,,,,,,,,,,,,14.405,,,,,,,,,,,,,,1.0,,390922000,,,,,,,,
96,FCX,MRT,1997-06-30,1997-06-30,1997-06-30,2021-08-05,,,,,,,,,,,,,,,,,,,,,,0.03,0.465,,,,,,,,,,,,,,,,,,1.0,,,,,,,,,,,,,,,,,,,,,,,,,,,,,,,,,,,,,,,,15.565,,,,,,,,,,,,,,1.0,,398578000,,,,,,,,
97,FCX,MRT,1997-03-31,1997-03-31,1997-03-31,2021-08-05,,,,,,,,,,,,,,,,,,,,,,0.032,0.48,,,,,,,,,,,,,,,,,,1.0,,,,,,,,,,,,,,,,,,,,,,,,,,,,,,,,,,,,,,,,15.19,,,,,,,,,,,,,,1.0,,402668000,,,,,,,,
98,FCX,MRT,1996-12-31,1996-12-31,1996-12-31,2021-08-05,10244000.0,3865534000.0,,661216000.0,3204318000.0,,1.733,-453393000.0,37118000.0,37118000.0,1125841000.0,226249000.0,1.106,4.724,1562916000.0,136617000.0,1426299000.0,1562916000.0,0.0,173978000.0,0.0,0.032,0.48,590708000.0,764686000.0,0.401,764686000.0,590708000.0,473417000.0,0.45,0.445,0.45,675379000.0,,675379000.0,,,,147131000.0,0.377,1.0,779195000.0,0.409,0.0,117291000.0,4793457000.0,,375712000.0,46817000.0,0.0,46817000.0,3190155000.0,597875000.0,2592280000.0,,10235000.0,-38845000.0,-220997000.0,389937000.0,-175766000.0,-101586000.0,-488703000.0,0.0,600524000.0,0.0,226249000.0,174680000.0,174680000.0,0.0,0.0,0.092,140934000.0,638261000.0,311797000.0,1.067,,,33.2,3088644000.0,51569000.0,14.94,,3.057,176920000.0,77479000.0,1905036000.0,1905036000.0,0.0,,,,0.31,0.0,140934000.0,1.0,,389820000,393364000.0,4.887,3865534000.0,0.0,247168000.0,462687000.0,9.916,63341000.0
99,FCX,MRT,1995-12-31,1995-12-31,1995-12-31,2021-08-05,,,,,,,,-577217000.0,,,1058762000.0,253618000.0,,,,,,,,124055000.0,,0.0,0.0,537742000.0,661797000.0,0.361,661797000.0,537742000.0,487662000.0,0.49,0.49,0.49,,,,,,,-184101000.0,-0.452,1.0,775573000.0,0.423,,50080000.0,,,,,,,,,,,-17369000.0,-29101000.0,-177755000.0,600425000.0,-137563000.0,207657000.0,-618142000.0,0.0,393116000.0,0.0,253618000.0,199465000.0,199465000.0,0.0,0.0,0.109,179141000.0,596432000.0,,0.0,,,28.704,,54153000.0,14.065,,3.121,,,1834335000.0,1834335000.0,13888000.0,,,,0.293,0.0,165253000.0,1.0,,407072000,408812000.0,4.506,,,234044000.0,,,
