None,ticker,dimension,calendardate,datekey,reportperiod,lastupdated,accoci,assets,assetsavg,assetsc,assetsnc,assetturnover,bvps,capex,cashneq,cashnequsd,cor,consolinc,currentratio,de,debt,debtc,debtnc,debtusd,deferredrev,depamor,deposits,divyield,dps,ebit,ebitda,ebitdamargin,ebitdausd,ebitusd,ebt,eps,epsdil,epsusd,equity,equityavg,equityusd,ev,evebit,evebitda,fcf,fcfps,fxusd,gp,grossmargin,intangibles,intexp,invcap,invcapavg,inventory,investments,investmentsc,investmentsnc,liabilities,liabilitiesc,liabilitiesnc,marketcap,ncf,ncfbus,ncfcommon,ncfdebt,ncfdiv,ncff,ncfi,ncfinv,ncfo,ncfx,netinc,netinccmn,netinccmnusd,netincdis,netincnci,netmargin,opex,opinc,payables,payoutratio,pb,pe,pe1,ppnenet,prefdivis,price,ps,ps1,receivables,retearn,revenue,revenueusd,rnd,roa,roe,roic,ros,sbcomp,sgna,sharefactor,sharesbas,shareswa,shareswadil,sps,tangibles,taxassets,taxexp,taxliabilities,tbvps,workingcapital
0,GOLD,MRY,2020-12-31,2020-12-31,2020-12-31,2021-08-09,14000000.0,46506000000.0,45449000000.0,8143000000.0,38363000000.0,0.277,13.128,-2054000000.0,5188000000.0,5188000000.0,7417000000.0,3614000000.0,3.668,0.634,5155000000.0,20000000.0,5135000000.0,5155000000.0,0.0,2208000000.0,0.0,0.014,0.31,4003000000.0,6211000000.0,0.493,6211000000.0,4003000000.0,3656000000.0,1.31,1.31,1.31,23341000000.0,22386500000.0,23341000000.0,40918168199.0,10.0,6.588,3363000000.0,1.892,1.0,5178000000.0,0.411,4938000000.0,347000000.0,39315000000.0,39279000000.0,4444000000.0,4670000000.0,0.0,4670000000.0,14796000000.0,2220000000.0,12576000000.0,40501168199.0,1874000000.0,283000000.0,0.0,-379000000.0,-547000000.0,-2254000000.0,-1286000000.0,220000000.0,5417000000.0,-3000000.0,2324000000.0,2324000000.0,2324000000.0,0.0,1290000000.0,0.185,301000000.0,4877000000.0,1458000000.0,0.237,1.735,17.427,17.389,24628000000.0,0.0,22.78,3.216,3.216,558000000.0,-7949000000.0,12595000000.0,12595000000.0,295000000.0,0.051,0.104,0.102,0.318,0.0,185000000.0,1.0,1777926611.0,1777926611.0,,7.084,41568000000.0,98000000.0,1332000000.0,3470000000.0,23.38,5923000000.0
1,GOLD,MRY,2019-12-31,2019-12-31,2019-12-31,2021-08-09,-122000000.0,44392000000.0,33511500000.0,6887000000.0,37505000000.0,0.29,12.233,-1701000000.0,3314000000.0,3314000000.0,6911000000.0,4574000000.0,2.899,0.68,5536000000.0,375000000.0,5161000000.0,5536000000.0,0.0,2032000000.0,0.0,0.007,0.13,6221000000.0,8253000000.0,0.849,8253000000.0,6221000000.0,5752000000.0,2.26,2.26,2.26,21432000000.0,14512500000.0,21432000000.0,35724341643.0,6.0,4.329,1132000000.0,0.646,1.0,2806000000.0,0.289,4995000000.0,469000000.0,39243000000.0,31485000000.0,4589000000.0,4527000000.0,0.0,4527000000.0,14565000000.0,2376000000.0,12189000000.0,32569341643.0,1743000000.0,1501000000.0,0.0,-309000000.0,-548000000.0,-1139000000.0,50000000.0,-4000000.0,2833000000.0,-1000000.0,3969000000.0,3969000000.0,3969000000.0,0.0,605000000.0,0.408,-864000000.0,3670000000.0,1155000000.0,0.058,1.52,8.206,8.226,24141000000.0,0.0,18.59,3.352,3.352,363000000.0,-9722000000.0,9717000000.0,9717000000.0,342000000.0,0.118,0.273,0.198,0.64,0.0,212000000.0,1.0,1751981799.0,1751981799.0,,5.546,39397000000.0,235000000.0,1783000000.0,3315000000.0,22.487,4511000000.0
2,GOLD,MRY,2018-12-31,2018-12-31,2018-12-31,2021-08-09,-158000000.0,22631000000.0,24316750000.0,3978000000.0,18653000000.0,0.298,6.509,-1400000000.0,1571000000.0,1571000000.0,5220000000.0,-1435000000.0,2.385,1.745,5738000000.0,43000000.0,5695000000.0,5738000000.0,0.0,1457000000.0,0.0,0.014,0.19,198000000.0,1655000000.0,0.228,1655000000.0,198000000.0,-347000000.0,-1.32,-1.32,-1.32,7593000000.0,8833750000.0,7593000000.0,19843459052.0,100.0,11.99,365000000.0,0.313,1.0,2023000000.0,0.279,1403000000.0,545000000.0,23727000000.0,25156000000.0,3548000000.0,1234000000.0,0.0,1234000000.0,13246000000.0,1668000000.0,11578000000.0,15795459052.0,-663000000.0,0.0,0.0,-687000000.0,-125000000.0,-925000000.0,-1494000000.0,-159000000.0,1765000000.0,-9000000.0,-1545000000.0,-1545000000.0,-1545000000.0,0.0,110000000.0,-0.213,1535000000.0,488000000.0,1101000000.0,-0.144,2.08,-10.224,-10.258,12826000000.0,0.0,13.54,2.181,2.181,248000000.0,-13453000000.0,7243000000.0,7243000000.0,383000000.0,-0.064,-0.175,0.008,0.027,0.0,265000000.0,1.0,1166577478.0,1166577478.0,,6.209,21228000000.0,259000000.0,1198000000.0,1439000000.0,18.197,2310000000.0
3,GOLD,MRY,2017-12-31,2017-12-31,2017-12-31,2021-08-09,-169000000.0,25308000000.0,25649500000.0,4684000000.0,20624000000.0,0.326,7.967,-1396000000.0,2234000000.0,2234000000.0,5300000000.0,1516000000.0,2.681,1.534,6423000000.0,59000000.0,6364000000.0,6423000000.0,0.0,1647000000.0,0.0,0.027,0.39,3360000000.0,5007000000.0,0.598,5007000000.0,3360000000.0,2669000000.0,1.23,1.23,1.23,9286000000.0,9281500000.0,9286000000.0,21287856807.0,6.0,4.252,669000000.0,0.574,1.0,3074000000.0,0.367,1585000000.0,691000000.0,26165000000.0,26861000000.0,3571000000.0,1213000000.0,0.0,1213000000.0,14241000000.0,1747000000.0,12494000000.0,16865856807.0,-155000000.0,990000000.0,0.0,-1635000000.0,-125000000.0,-1886000000.0,-337000000.0,41000000.0,2065000000.0,3000000.0,1438000000.0,1438000000.0,1438000000.0,0.0,78000000.0,0.172,-354000000.0,3428000000.0,1059000000.0,0.317,1.816,11.729,11.764,13806000000.0,0.0,14.47,2.014,2.014,239000000.0,-11759000000.0,8374000000.0,8374000000.0,354000000.0,0.056,0.155,0.125,0.401,0.0,248000000.0,1.0,1165574071.0,1165574071.0,,7.184,23723000000.0,1069000000.0,1231000000.0,1543000000.0,20.353,2937000000.0
4,GOLD,MRY,2016-12-31,2016-12-31,2016-12-31,2021-08-09,-189000000.0,25264000000.0,25465500000.0,4874000000.0,20390000000.0,0.336,6.811,-1126000000.0,2389000000.0,2389000000.0,5405000000.0,861000000.0,2.679,1.884,7931000000.0,143000000.0,7788000000.0,7931000000.0,0.0,1574000000.0,0.0,0.005,0.08,2347000000.0,3921000000.0,0.458,3921000000.0,2347000000.0,1572000000.0,0.56,0.56,0.56,7935000000.0,7492000000.0,7935000000.0,24509000436.0,10.0,6.251,1514000000.0,1.299,1.0,3153000000.0,0.368,1643000000.0,775000000.0,27344000000.0,28227500000.0,3466000000.0,1185000000.0,0.0,1185000000.0,14951000000.0,1819000000.0,13132000000.0,18618000436.0,-66000000.0,588000000.0,0.0,-2186000000.0,-86000000.0,-2297000000.0,-412000000.0,-9000000.0,2640000000.0,3000000.0,655000000.0,655000000.0,655000000.0,0.0,206000000.0,0.077,433000000.0,2720000000.0,1084000000.0,0.143,2.346,28.424,28.536,14103000000.0,0.0,15.98,2.176,2.176,249000000.0,-13074000000.0,8558000000.0,8558000000.0,237000000.0,0.026,0.087,0.083,0.274,0.0,256000000.0,1.0,1165081379.0,1165081379.0,,7.345,23621000000.0,977000000.0,917000000.0,1803000000.0,20.274,3055000000.0
5,GOLD,MRY,2015-12-31,2015-12-31,2015-12-31,2021-08-09,-370000000.0,26308000000.0,30093500000.0,5468000000.0,20840000000.0,0.3,6.163,-1713000000.0,2455000000.0,2455000000.0,6907000000.0,-3113000000.0,2.96,2.348,9968000000.0,203000000.0,9765000000.0,9968000000.0,0.0,1771000000.0,0.0,0.019,0.14,-2143000000.0,-372000000.0,-0.041,-372000000.0,-2143000000.0,-2869000000.0,-2.44,-2.44,-2.44,7178000000.0,8712500000.0,7178000000.0,17599261707.0,-8.0,-47.31,1081000000.0,0.928,1.0,2122000000.0,0.235,1642000000.0,726000000.0,30332000000.0,33686000000.0,3219000000.0,1199000000.0,0.0,1199000000.0,16853000000.0,1847000000.0,15006000000.0,8595261707.0,-244000000.0,1904000000.0,0.0,-3065000000.0,-160000000.0,-3275000000.0,250000000.0,33000000.0,2794000000.0,-13000000.0,-2838000000.0,-2838000000.0,-2838000000.0,0.0,275000000.0,-0.314,4375000000.0,-2253000000.0,1158000000.0,-0.057,1.197,-3.029,-3.025,14434000000.0,0.0,7.38,0.952,0.952,275000000.0,-13642000000.0,9029000000.0,9029000000.0,355000000.0,-0.094,-0.326,-0.064,-0.237,0.0,233000000.0,1.0,1164669608.0,1164669608.0,,7.752,24666000000.0,1040000000.0,-31000000.0,1553000000.0,21.179,3621000000.0
6,GOLD,MRY,2014-12-31,2014-12-31,2014-12-31,2021-08-09,-199000000.0,33879000000.0,36653500000.0,6150000000.0,27729000000.0,0.279,8.798,-2432000000.0,2699000000.0,2699000000.0,6830000000.0,-2959000000.0,2.473,2.051,13081000000.0,333000000.0,12748000000.0,13081000000.0,0.0,1648000000.0,0.0,0.019,0.2,-1805000000.0,-157000000.0,-0.015,-157000000.0,-1805000000.0,-2601000000.0,-2.5,-2.5,-2.5,10247000000.0,12583500000.0,10247000000.0,22909013580.0,-13.0,-145.917,-136000000.0,-0.117,1.0,3409000000.0,0.333,4734000000.0,796000000.0,37040000000.0,39065000000.0,4406000000.0,206000000.0,0.0,206000000.0,21017000000.0,2487000000.0,18530000000.0,12520013580.0,275000000.0,382000000.0,0.0,-47000000.0,-232000000.0,-60000000.0,-1950000000.0,120000000.0,2296000000.0,-11000000.0,-2907000000.0,-2907000000.0,-2907000000.0,0.0,52000000.0,-0.284,4952000000.0,-1543000000.0,1653000000.0,-0.08,1.222,-4.307,-4.3,19193000000.0,0.0,10.75,1.223,1.223,418000000.0,-10739000000.0,10239000000.0,10239000000.0,392000000.0,-0.079,-0.231,-0.046,-0.176,0.0,385000000.0,1.0,1164652426.0,1164652426.0,,8.791,29145000000.0,674000000.0,306000000.0,2120000000.0,25.025,3663000000.0
7,GOLD,MRY,2013-12-31,2013-12-31,2013-12-31,2021-08-09,-69000000.0,37448000000.0,41544250000.0,6212000000.0,31236000000.0,0.302,13.518,-5501000000.0,2404000000.0,2404000000.0,7329000000.0,-10603000000.0,2.154,1.585,13080000000.0,179000000.0,12901000000.0,13080000000.0,0.0,1732000000.0,0.0,0.028,0.5,-9079000000.0,-7347000000.0,-0.586,-7347000000.0,-9079000000.0,-9736000000.0,-10.14,-9.65,-10.14,13533000000.0,15804750000.0,13533000000.0,30798533705.0,-3.0,-4.192,-1262000000.0,-1.261,1.0,5198000000.0,0.415,6155000000.0,657000000.0,39085000000.0,43403500000.0,4358000000.0,147000000.0,0.0,147000000.0,21447000000.0,2884000000.0,18563000000.0,17649533705.0,327000000.0,522000000.0,2911000000.0,-998000000.0,-508000000.0,1342000000.0,-5237000000.0,18000000.0,4239000000.0,-17000000.0,-10366000000.0,-10366000000.0,-10366000000.0,506000000.0,237000000.0,-0.827,13913000000.0,-8715000000.0,2165000000.0,-0.049,1.304,-1.703,-1.739,21688000000.0,0.0,17.63,1.409,1.409,385000000.0,-7581000000.0,12527000000.0,12527000000.0,680000000.0,-0.25,-0.656,-0.209,-0.725,0.0,390000000.0,1.0,1001107981.0,1001107981.0,,12.513,31293000000.0,501000000.0,630000000.0,2333000000.0,31.258,3328000000.0
8,GOLD,MRY,2012-12-31,2012-12-31,2012-12-31,2021-08-09,463000000.0,47478000000.0,50110750000.0,5757000000.0,41721000000.0,0.287,21.963,-6773000000.0,2097000000.0,2097000000.0,7257000000.0,-549000000.0,1.303,1.04,13943000000.0,1848000000.0,12095000000.0,13943000000.0,0.0,1651000000.0,0.0,0.021,0.75,-466000000.0,1185000000.0,0.082,1185000000.0,-466000000.0,-640000000.0,-0.54,-0.35,-0.54,21972000000.0,24003250000.0,21972000000.0,46435783323.0,-100.0,39.186,-790000000.0,-0.79,1.0,7137000000.0,0.496,9290000000.0,174000000.0,45617000000.0,47519500000.0,4140000000.0,98000000.0,0.0,98000000.0,22842000000.0,4417000000.0,18425000000.0,35024783323.0,-652000000.0,-37000000.0,18000000.0,607000000.0,-750000000.0,423000000.0,-7065000000.0,168000000.0,5983000000.0,7000000.0,-538000000.0,-538000000.0,-538000000.0,185000000.0,11000000.0,-0.037,7459000000.0,-322000000.0,2267000000.0,-1.389,1.594,-65.102,-64.833,29277000000.0,0.0,35.01,2.433,2.433,449000000.0,3269000000.0,14394000000.0,14394000000.0,359000000.0,-0.011,-0.022,-0.01,-0.032,0.0,503000000.0,1.0,1000422260.0,1000422260.0,,14.388,38188000000.0,437000000.0,-102000000.0,2709000000.0,38.172,1340000000.0
9,GOLD,MRY,2011-12-31,2011-12-31,2011-12-31,2021-08-09,595000000.0,48886000000.0,44315000000.0,6549000000.0,42337000000.0,0.321,23.398,-4973000000.0,2749000000.0,2749000000.0,6240000000.0,4537000000.0,2.248,0.999,13369000000.0,196000000.0,13173000000.0,13369000000.0,0.0,1419000000.0,0.0,0.011,0.51,6970000000.0,8389000000.0,0.589,8389000000.0,6970000000.0,6771000000.0,4.49,4.48,4.49,23363000000.0,21950250000.0,23363000000.0,55600110203.0,8.0,6.628,342000000.0,0.343,1.0,7996000000.0,0.562,10195000000.0,199000000.0,46398000000.0,40741000000.0,3651000000.0,502000000.0,0.0,502000000.0,23332000000.0,2913000000.0,20419000000.0,45182110203.0,-1223000000.0,-7677000000.0,57000000.0,6268000000.0,-509000000.0,6291000000.0,-12827000000.0,8000000.0,5315000000.0,-2000000.0,4484000000.0,4484000000.0,4484000000.0,0.0,53000000.0,0.315,1323000000.0,6673000000.0,2085000000.0,0.114,1.934,10.076,10.078,29076000000.0,0.0,45.25,3.174,3.174,426000000.0,4562000000.0,14236000000.0,14236000000.0,346000000.0,0.101,0.204,0.171,0.49,0.0,166000000.0,1.0,998499673.0,998499673.0,,14.257,38691000000.0,409000000.0,2287000000.0,4537000000.0,38.749,3636000000.0
10,GOLD,MRY,2010-12-31,2010-12-31,2010-12-31,2021-08-09,729000000.0,34637000000.0,31758500000.0,7071000000.0,27566000000.0,0.346,19.782,-3778000000.0,3968000000.0,3968000000.0,5162000000.0,3630000000.0,2.839,0.689,6638000000.0,14000000.0,6624000000.0,6638000000.0,0.0,1233000000.0,0.0,0.008,0.44,5323000000.0,6556000000.0,0.596,6556000000.0,5323000000.0,5143000000.0,3.63,3.47,3.63,19472000000.0,17468500000.0,19472000000.0,55033553255.0,10.0,8.394,807000000.0,0.82,1.0,5839000000.0,0.531,6571000000.0,180000000.0,28245000000.0,26765000000.0,2838000000.0,567000000.0,0.0,567000000.0,13420000000.0,2491000000.0,10929000000.0,52346553255.0,1404000000.0,-813000000.0,127000000.0,633000000.0,-436000000.0,1434000000.0,-4630000000.0,-46000000.0,4585000000.0,15000000.0,3582000000.0,3582000000.0,3582000000.0,-124000000.0,48000000.0,0.326,767000000.0,5072000000.0,1511000000.0,0.121,2.688,14.614,14.65,17890000000.0,0.0,53.18,4.758,4.758,370000000.0,609000000.0,11001000000.0,11001000000.0,229000000.0,0.113,0.205,0.199,0.484,0.0,156000000.0,1.0,984327816.0,984327816.0,,11.176,28066000000.0,625000000.0,1561000000.0,2521000000.0,28.513,4580000000.0
11,GOLD,MRY,2009-12-31,2009-12-31,2009-12-31,2021-08-09,232000000.0,26924000000.0,26838250000.0,4929000000.0,21995000000.0,0.303,17.458,-2351000000.0,2564000000.0,2564000000.0,3807000000.0,-4268000000.0,2.747,0.733,6178000000.0,54000000.0,6124000000.0,6178000000.0,0.0,1073000000.0,0.0,0.01,0.4,-3569000000.0,-2496000000.0,-0.307,-2496000000.0,-3569000000.0,-3626000000.0,-4.73,-4.84,-4.73,15232000000.0,15505000000.0,15232000000.0,32957938500.0,-9.0,-13.204,-4673000000.0,-5.356,1.0,4329000000.0,0.532,5472000000.0,57000000.0,23272000000.0,18659000000.0,2197000000.0,1186000000.0,0.0,1186000000.0,11170000000.0,1794000000.0,9376000000.0,34357938500.0,1127000000.0,-101000000.0,3950000000.0,1757000000.0,-369000000.0,5829000000.0,-2415000000.0,4000000.0,-2322000000.0,35000000.0,-4274000000.0,-4274000000.0,-4274000000.0,-97000000.0,6000000.0,-0.525,8023000000.0,-3694000000.0,1221000000.0,-0.085,2.256,-8.039,-8.326,13378000000.0,0.0,39.38,4.223,4.223,259000000.0,-2535000000.0,8136000000.0,8136000000.0,141000000.0,-0.159,-0.276,-0.191,-0.439,0.0,171000000.0,1.0,872471775.0,872471775.0,,9.325,21452000000.0,601000000.0,648000000.0,1064000000.0,24.588,3135000000.0
12,GOLD,MRY,2008-12-31,2008-12-31,2008-12-31,2021-08-09,-356000000.0,24161000000.0,24192250000.0,4112000000.0,20049000000.0,0.315,17.562,-1749000000.0,1437000000.0,1437000000.0,3706000000.0,797000000.0,2.23,0.57,4556000000.0,206000000.0,4350000000.0,4556000000.0,0.0,957000000.0,0.0,0.011,0.4,1400000000.0,2357000000.0,0.31,2357000000.0,1400000000.0,1379000000.0,0.9,1.01,0.9,15277000000.0,15850500000.0,15277000000.0,34821731422.0,25.0,14.774,505000000.0,0.581,1.0,3907000000.0,0.513,5354000000.0,21000000.0,20082000000.0,19493250000.0,1278000000.0,1145000000.0,0.0,1145000000.0,8702000000.0,1844000000.0,6858000000.0,31985731422.0,-770000000.0,-2174000000.0,74000000.0,1114000000.0,-349000000.0,893000000.0,-3920000000.0,58000000.0,2254000000.0,3000000.0,785000000.0,785000000.0,785000000.0,104000000.0,12000000.0,0.103,2452000000.0,1455000000.0,953000000.0,0.444,2.094,40.746,40.856,11505000000.0,0.0,36.77,4.201,4.201,197000000.0,2261000000.0,7613000000.0,7613000000.0,198000000.0,0.032,0.05,0.072,0.184,0.0,155000000.0,1.0,869886631.0,869886631.0,,8.752,18807000000.0,869000000.0,594000000.0,754000000.0,21.62,2268000000.0
13,GOLD,MRY,2007-12-31,2007-12-31,2007-12-31,2021-08-09,151000000.0,21951000000.0,21413000000.0,4299000000.0,17652000000.0,0.281,17.658,-1035000000.0,2207000000.0,2207000000.0,2998000000.0,1105000000.0,3.317,0.433,3386000000.0,233000000.0,3153000000.0,3386000000.0,0.0,990000000.0,0.0,0.007,0.3,1545000000.0,2535000000.0,0.422,2535000000.0,1545000000.0,1432000000.0,1.29,1.19,1.29,15256000000.0,14615000000.0,15256000000.0,37037425364.0,24.0,14.61,733000000.0,0.848,1.0,3016000000.0,0.501,5915000000.0,113000000.0,15919000000.0,15042500000.0,1129000000.0,1227000000.0,0.0,1227000000.0,6613000000.0,1296000000.0,5317000000.0,36329425364.0,-836000000.0,-1122000000.0,142000000.0,-735000000.0,-261000000.0,-1051000000.0,-1562000000.0,614000000.0,1768000000.0,9000000.0,1119000000.0,1119000000.0,1119000000.0,-73000000.0,-14000000.0,0.186,1743000000.0,1273000000.0,808000000.0,0.233,2.381,32.466,32.597,8585000000.0,0.0,42.05,6.041,6.041,256000000.0,1832000000.0,6014000000.0,6014000000.0,168000000.0,0.052,0.077,0.103,0.257,0.0,155000000.0,1.0,863957797.0,863957797.0,,6.961,16036000000.0,722000000.0,313000000.0,841000000.0,18.561,3003000000.0
14,GOLD,MRY,2006-12-31,2006-12-31,2006-12-31,2021-08-09,119000000.0,21510000000.0,14186000000.0,4796000000.0,16714000000.0,0.397,26.388,-1087000000.0,3043000000.0,3043000000.0,2710000000.0,1506000000.0,2.59,0.511,4107000000.0,863000000.0,3244000000.0,4107000000.0,0.0,774000000.0,0.0,0.007,0.22,1980000000.0,2754000000.0,0.489,2754000000.0,1980000000.0,1854000000.0,1.79,1.42,1.79,14199000000.0,9024500000.0,14199000000.0,18472113562.0,9.0,6.707,1064000000.0,1.977,1.0,2920000000.0,0.519,5930000000.0,126000000.0,14792000000.0,10929000000.0,931000000.0,973000000.0,0.0,973000000.0,7255000000.0,1852000000.0,5403000000.0,16519113562.0,2006000000.0,-208000000.0,74000000.0,608000000.0,-191000000.0,-1336000000.0,1195000000.0,-323000000.0,2151000000.0,-4000000.0,1506000000.0,1506000000.0,1506000000.0,-297000000.0,0.0,0.267,1435000000.0,1485000000.0,686000000.0,0.123,1.163,10.969,17.151,8390000000.0,0.0,30.7,2.934,2.934,234000000.0,974000000.0,5630000000.0,5630000000.0,171000000.0,0.106,0.167,0.181,0.352,0.0,142000000.0,1.0,538081875.0,538081875.0,,10.463,15580000000.0,0.0,348000000.0,798000000.0,28.955,2944000000.0
15,GOLD,MRY,2005-12-31,2005-12-31,2005-12-31,2021-08-09,-31000000.0,6862000000.0,6646500000.0,1748000000.0,5114000000.0,0.353,7.215,-1104000000.0,1037000000.0,1037000000.0,1198000000.0,401000000.0,3.121,0.782,1801000000.0,80000000.0,1721000000.0,1801000000.0,0.0,427000000.0,0.0,0.008,0.22,464000000.0,891000000.0,0.379,891000000.0,464000000.0,461000000.0,0.75,0.73,0.75,3850000000.0,3729750000.0,3850000000.0,15528740406.0,33.0,17.428,-378000000.0,-0.708,1.0,1150000000.0,0.49,0.0,3000000.0,7066000000.0,6761000000.0,402000000.0,200000000.0,0.0,200000000.0,3012000000.0,560000000.0,2452000000.0,14870740406.0,-361000000.0,0.0,92000000.0,120000000.0,-118000000.0,93000000.0,-1180000000.0,-79000000.0,726000000.0,0.0,401000000.0,401000000.0,401000000.0,0.0,0.0,0.171,769000000.0,381000000.0,386000000.0,0.293,3.863,37.084,37.16,4146000000.0,0.0,27.87,6.333,6.333,54000000.0,-341000000.0,2348000000.0,2348000000.0,109000000.0,0.06,0.108,0.069,0.198,0.0,71000000.0,1.0,533575185.0,533575185.0,,4.401,6862000000.0,0.0,60000000.0,114000000.0,12.86,1188000000.0
16,GOLD,MRY,2004-12-31,2004-12-31,2004-12-31,2021-08-09,69000000.0,6287000000.0,5733750000.0,1959000000.0,4328000000.0,0.337,6.677,-824000000.0,1398000000.0,1398000000.0,1047000000.0,248000000.0,4.664,0.759,1686000000.0,31000000.0,1655000000.0,1686000000.0,0.0,452000000.0,0.0,0.009,0.22,64000000.0,516000000.0,0.267,516000000.0,64000000.0,45000000.0,0.47,0.46,0.47,3574000000.0,3474000000.0,3574000000.0,13055760498.0,204.0,25.302,-315000000.0,-0.589,1.0,885000000.0,0.458,0.0,19000000.0,6155000000.0,5448250000.0,280000000.0,147000000.0,0.0,147000000.0,2713000000.0,420000000.0,2293000000.0,12963760498.0,428000000.0,0.0,-46000000.0,932000000.0,-118000000.0,740000000.0,-821000000.0,-38000000.0,509000000.0,0.0,248000000.0,248000000.0,248000000.0,0.0,0.0,0.128,897000000.0,-12000000.0,335000000.0,0.468,3.627,52.273,51.532,3617000000.0,0.0,24.22,6.71,6.71,58000000.0,-624000000.0,1932000000.0,1932000000.0,141000000.0,0.043,0.071,0.012,0.033,0.0,71000000.0,1.0,535250227.0,535250227.0,,3.61,6287000000.0,0.0,-203000000.0,139000000.0,11.746,1539000000.0
17,GOLD,MRY,2003-12-31,2003-12-31,2003-12-31,2021-08-09,73000000.0,5358000000.0,6465500000.0,1368000000.0,3990000000.0,0.315,6.454,-322000000.0,970000000.0,970000000.0,1069000000.0,200000000.0,3.758,0.533,719000000.0,0.0,719000000.0,719000000.0,0.0,522000000.0,0.0,0.01,0.22,249000000.0,771000000.0,0.379,771000000.0,249000000.0,205000000.0,0.37,0.37,0.37,3494000000.0,4513250000.0,3494000000.0,12010160435.0,48.0,15.577,197000000.0,0.364,1.0,966000000.0,0.475,0.0,44000000.0,4743000000.0,4804250000.0,164000000.0,130000000.0,0.0,130000000.0,1864000000.0,364000000.0,1500000000.0,12295160435.0,-81000000.0,0.0,-154000000.0,-23000000.0,-118000000.0,-266000000.0,-334000000.0,-60000000.0,519000000.0,7000000.0,200000000.0,200000000.0,200000000.0,0.0,0.0,0.098,732000000.0,234000000.0,245000000.0,0.595,3.519,61.476,61.378,3363000000.0,0.0,22.71,6.042,6.042,56000000.0,-694000000.0,2035000000.0,2035000000.0,137000000.0,0.031,0.044,0.052,0.122,0.0,73000000.0,1.0,541398522.0,541398522.0,,3.759,5358000000.0,0.0,5000000.0,317000000.0,9.897,1004000000.0
18,GOLD,MRY,2002-12-31,2002-12-31,2002-12-31,2021-08-09,-125000000.0,5261000000.0,5231500000.0,1322000000.0,3939000000.0,0.376,6.151,-228000000.0,1044000000.0,1044000000.0,1070000000.0,193000000.0,2.737,0.578,761000000.0,0.0,761000000.0,761000000.0,0.0,519000000.0,0.0,0.014,0.22,234000000.0,753000000.0,0.383,753000000.0,234000000.0,177000000.0,0.36,0.36,0.36,3334000000.0,3263000000.0,3334000000.0,8163220000.0,35.0,10.841,360000000.0,0.664,1.0,897000000.0,0.456,0.0,57000000.0,4495000000.0,4716500000.0,159000000.0,41000000.0,0.0,41000000.0,1927000000.0,483000000.0,1444000000.0,8352220000.0,469000000.0,0.0,0.0,-25000000.0,-119000000.0,-61000000.0,-58000000.0,159000000.0,588000000.0,1000000.0,193000000.0,193000000.0,193000000.0,0.0,0.0,0.098,673000000.0,224000000.0,213000000.0,0.611,2.505,43.276,42.806,3583000000.0,0.0,15.41,4.246,4.246,72000000.0,-689000000.0,1967000000.0,1967000000.0,104000000.0,0.037,0.059,0.05,0.119,0.0,50000000.0,1.0,542000000.0,542000000.0,,3.629,5261000000.0,0.0,-16000000.0,155000000.0,9.707,839000000.0
19,GOLD,MRY,2001-12-31,2001-12-31,2001-12-31,2021-08-09,-107000000.0,5202000000.0,,1062000000.0,4140000000.0,,,-474000000.0,574000000.0,574000000.0,1080000000.0,96000000.0,2.199,0.63,793000000.0,0.0,793000000.0,793000000.0,0.0,501000000.0,0.0,0.014,0.22,107000000.0,608000000.0,0.306,608000000.0,107000000.0,82000000.0,0.18,0.18,0.18,3192000000.0,,3192000000.0,,,,114000000.0,,1.0,909000000.0,0.457,0.0,25000000.0,4938000000.0,,223000000.0,205000000.0,205000000.0,0.0,2010000000.0,483000000.0,1527000000.0,,-241000000.0,0.0,0.0,-97000000.0,-93000000.0,-183000000.0,-646000000.0,-153000000.0,588000000.0,-1000000.0,96000000.0,96000000.0,96000000.0,0.0,0.0,0.048,866000000.0,43000000.0,175000000.0,1.222,,,88.611,3922000000.0,0.0,15.95,,,60000000.0,-763000000.0,1989000000.0,1989000000.0,103000000.0,,,,0.054,0.0,86000000.0,1.0,,,,,5202000000.0,0.0,-14000000.0,291000000.0,,579000000.0
20,GOLD,MRY,2000-12-31,2000-12-31,2000-12-31,2021-08-09,,,,,,,,-753000000.0,,,950000000.0,-1189000000.0,,,,,,,,493000000.0,,0.013,0.22,-1372000000.0,-879000000.0,-0.454,-879000000.0,-1372000000.0,-1398000000.0,-2.22,-2.22,-2.22,,,,,,,89000000.0,,1.0,986000000.0,0.509,,26000000.0,,,,,,,,,,,186000000.0,0.0,6000000.0,49000000.0,-94000000.0,-39000000.0,-611000000.0,130000000.0,842000000.0,-6000000.0,-1189000000.0,-1189000000.0,-1189000000.0,0.0,0.0,-0.614,2344000000.0,-1358000000.0,,-0.099,,,-7.378,,0.0,16.38,,,,,1936000000.0,1936000000.0,149000000.0,,,,-0.709,0.0,75000000.0,1.0,,,,,,,-209000000.0,,,
0,GOLD,MRQ,2021-06-30,2021-06-30,2021-06-30,2021-08-09,-20000000.0,46528000000.0,,8039000000.0,38489000000.0,,13.322,-658000000.0,5138000000.0,5138000000.0,1704000000.0,694000000.0,4.471,0.606,5152000000.0,15000000.0,5137000000.0,5152000000.0,0.0,500000000.0,0.0,0.017,0.09,845000000.0,1345000000.0,0.465,1345000000.0,845000000.0,754000000.0,0.23,0.23,0.23,23689000000.0,,23689000000.0,36253967008.0,9.0,5.678,-19000000.0,-0.011,1.0,1189000000.0,0.411,4927000000.0,91000000.0,39817000000.0,,4384000000.0,4715000000.0,0.0,4715000000.0,14354000000.0,1798000000.0,12556000000.0,36772967008.0,-534000000.0,19000000.0,0.0,-4000000.0,-409000000.0,-570000000.0,-603000000.0,35000000.0,639000000.0,0.0,411000000.0,411000000.0,411000000.0,0.0,283000000.0,0.142,158000000.0,1031000000.0,1157000000.0,0.391,1.552,14.616,14.563,24755000000.0,0.0,20.68,2.903,2.903,554000000.0,-7320000000.0,2893000000.0,2893000000.0,77000000.0,,,,,0.0,47000000.0,1.0,1778189894.0,1778189894.0,,1.627,41601000000.0,61000000.0,343000000.0,3508000000.0,23.395,6241000000.0
1,GOLD,MRQ,2021-03-31,2021-03-31,2021-03-31,2021-08-09,-33000000.0,46848000000.0,,8784000000.0,38064000000.0,,13.314,-539000000.0,5672000000.0,5672000000.0,1712000000.0,830000000.0,3.768,0.624,5153000000.0,13000000.0,5140000000.0,5153000000.0,0.0,507000000.0,0.0,0.017,0.09,999000000.0,1506000000.0,0.509,1506000000.0,999000000.0,912000000.0,0.3,0.3,0.3,23674000000.0,,23674000000.0,35175159901.0,9.0,5.581,763000000.0,0.429,1.0,1244000000.0,0.421,4937000000.0,87000000.0,39061000000.0,,4258000000.0,4646000000.0,0.0,4646000000.0,14769000000.0,2331000000.0,12438000000.0,35208159901.0,484000000.0,0.0,0.0,-13000000.0,-158000000.0,-409000000.0,-408000000.0,0.0,1302000000.0,-1000000.0,538000000.0,538000000.0,538000000.0,0.0,292000000.0,0.182,52000000.0,1192000000.0,1168000000.0,0.3,1.487,14.301,14.245,24628000000.0,0.0,19.8,2.744,2.744,530000000.0,-7571000000.0,2956000000.0,2956000000.0,61000000.0,,,,,0.0,38000000.0,1.0,1778189894.0,1778189894.0,,1.662,41911000000.0,58000000.0,374000000.0,3691000000.0,23.569,6453000000.0
2,GOLD,MRQ,2020-12-31,2020-12-31,2020-12-31,2021-08-09,14000000.0,46506000000.0,,8143000000.0,38363000000.0,,13.128,-546000000.0,5188000000.0,5188000000.0,1814000000.0,1058000000.0,3.668,0.634,5155000000.0,20000000.0,5135000000.0,5155000000.0,0.0,544000000.0,0.0,0.014,0.09,1169000000.0,1713000000.0,0.522,1713000000.0,1169000000.0,1089000000.0,0.39,0.39,0.39,23341000000.0,,23341000000.0,40918168199.0,10.0,6.588,1092000000.0,0.614,1.0,1465000000.0,0.447,4938000000.0,80000000.0,39315000000.0,,4444000000.0,4670000000.0,0.0,4670000000.0,14796000000.0,2220000000.0,12576000000.0,40501168199.0,444000000.0,27000000.0,0.0,-8000000.0,-160000000.0,-789000000.0,-405000000.0,12000000.0,1638000000.0,0.0,685000000.0,685000000.0,685000000.0,0.0,373000000.0,0.209,123000000.0,1342000000.0,1458000000.0,0.231,1.735,17.427,17.389,24628000000.0,0.0,22.78,3.216,3.216,558000000.0,-7949000000.0,3279000000.0,3279000000.0,74000000.0,,,,,0.0,24000000.0,1.0,1777926611.0,1777926611.0,,1.844,41568000000.0,98000000.0,404000000.0,3470000000.0,23.38,5923000000.0
3,GOLD,MRQ,2020-09-30,2020-09-30,2020-09-30,2021-08-09,0.0,46116000000.0,,7859000000.0,38257000000.0,,12.823,-548000000.0,4744000000.0,4744000000.0,1927000000.0,1271000000.0,4.488,0.635,5161000000.0,21000000.0,5140000000.0,5161000000.0,0.0,574000000.0,0.0,0.01,0.08,1247000000.0,1821000000.0,0.514,1821000000.0,1247000000.0,1166000000.0,0.5,0.5,0.5,22799000000.0,,22799000000.0,51402517035.0,10.0,6.996,1311000000.0,0.737,1.0,1613000000.0,0.456,4939000000.0,81000000.0,39843000000.0,,4503000000.0,4643000000.0,0.0,4643000000.0,14466000000.0,1751000000.0,12715000000.0,49977517035.0,1001000000.0,0.0,0.0,-8000000.0,-141000000.0,-408000000.0,-454000000.0,2000000.0,1859000000.0,4000000.0,882000000.0,882000000.0,882000000.0,0.0,389000000.0,0.249,134000000.0,1479000000.0,1032000000.0,0.16,2.192,16.516,16.439,24698000000.0,0.0,28.11,4.097,4.097,509000000.0,-8474000000.0,3540000000.0,3540000000.0,72000000.0,,,,,0.0,50000000.0,1.0,1777926611.0,1777926611.0,,1.991,41177000000.0,165000000.0,284000000.0,3403000000.0,23.16,6108000000.0
4,GOLD,MRQ,2020-06-30,2020-06-30,2020-06-30,2021-08-09,-37000000.0,45180000000.0,,6919000000.0,38261000000.0,,12.392,-509000000.0,3743000000.0,3743000000.0,1900000000.0,622000000.0,3.821,0.655,5168000000.0,26000000.0,5142000000.0,5168000000.0,0.0,566000000.0,0.0,0.009,0.07,697000000.0,1263000000.0,0.413,1263000000.0,697000000.0,615000000.0,0.2,0.2,0.2,22032000000.0,,22032000000.0,50119342900.0,7.0,5.402,522000000.0,0.294,1.0,1155000000.0,0.378,4983000000.0,82000000.0,39811000000.0,,4620000000.0,4587000000.0,0.0,4587000000.0,14434000000.0,1811000000.0,12623000000.0,47897342900.0,416000000.0,0.0,0.0,-7000000.0,-124000000.0,-348000000.0,-264000000.0,236000000.0,1031000000.0,-3000000.0,357000000.0,357000000.0,357000000.0,0.0,265000000.0,0.117,252000000.0,903000000.0,1072000000.0,0.35,2.174,10.834,10.733,24727000000.0,0.0,26.94,4.225,4.225,407000000.0,-9214000000.0,3055000000.0,3055000000.0,78000000.0,,,,,0.0,71000000.0,1.0,1777926611.0,1777926611.0,,1.718,40197000000.0,143000000.0,258000000.0,3228000000.0,22.609,5108000000.0
5,GOLD,MRQ,2020-03-31,2020-03-31,2020-03-31,2021-08-09,,,,,,,,-451000000.0,,,1776000000.0,663000000.0,,,,,,,,524000000.0,,0.011,0.07,890000000.0,1414000000.0,0.52,1414000000.0,890000000.0,786000000.0,0.22,0.22,0.22,,,,34793615514.0,5.0,3.939,438000000.0,0.246,1.0,945000000.0,0.347,,104000000.0,,,,,,,,,,32571615514.0,13000000.0,256000000.0,0.0,-356000000.0,-122000000.0,-709000000.0,-163000000.0,0.0,889000000.0,-4000000.0,400000000.0,400000000.0,400000000.0,0.0,263000000.0,0.147,-170000000.0,1115000000.0,,0.318,,7.65,7.57,,0.0,18.32,3.149,3.149,,,2721000000.0,2721000000.0,71000000.0,,,,,0.0,40000000.0,1.0,1777926611.0,1777926611.0,,1.53,,,386000000.0,,,
6,GOLD,MRQ,2019-12-31,2019-12-31,2019-12-31,2021-08-09,-122000000.0,44392000000.0,,6887000000.0,37505000000.0,,12.233,-446000000.0,3314000000.0,3314000000.0,1987000000.0,1776000000.0,2.899,0.68,5536000000.0,375000000.0,5161000000.0,5536000000.0,0.0,572000000.0,0.0,0.007,0.05,2277000000.0,2849000000.0,0.988,2849000000.0,2277000000.0,2171000000.0,0.79,0.79,0.79,21432000000.0,,21432000000.0,35724341643.0,6.0,4.329,429000000.0,0.245,1.0,896000000.0,0.311,4995000000.0,106000000.0,39243000000.0,,4589000000.0,4527000000.0,0.0,4527000000.0,14565000000.0,2376000000.0,12189000000.0,32569341643.0,909000000.0,750000000.0,0.0,-6000000.0,-87000000.0,-328000000.0,362000000.0,0.0,875000000.0,0.0,1387000000.0,1387000000.0,1387000000.0,0.0,389000000.0,0.481,-492000000.0,1388000000.0,1155000000.0,0.063,1.52,8.206,8.226,24141000000.0,0.0,18.59,3.352,3.352,363000000.0,-9722000000.0,2883000000.0,2883000000.0,84000000.0,,,,,0.0,31000000.0,1.0,1751981799.0,1751981799.0,,1.646,39397000000.0,235000000.0,784000000.0,3315000000.0,22.487,4511000000.0
7,GOLD,MRQ,2019-09-30,2019-09-30,2019-09-30,2021-08-09,-102000000.0,43867000000.0,,5510000000.0,38357000000.0,,11.501,-502000000.0,2405000000.0,2405000000.0,1889000000.0,2435000000.0,2.988,0.768,5560000000.0,66000000.0,5494000000.0,5560000000.0,0.0,559000000.0,0.0,0.01,0.04,3193000000.0,3752000000.0,1.401,3752000000.0,3193000000.0,3068000000.0,1.3,1.3,1.3,20149000000.0,,20149000000.0,34015844577.0,,,502000000.0,0.287,1.0,789000000.0,0.295,5025000000.0,125000000.0,40153000000.0,,4699000000.0,4474000000.0,0.0,4474000000.0,15467000000.0,1844000000.0,13623000000.0,30361844577.0,252000000.0,0.0,0.0,-269000000.0,-67000000.0,-369000000.0,-383000000.0,3000000.0,1004000000.0,0.0,2277000000.0,2277000000.0,2277000000.0,0.0,158000000.0,0.85,-713000000.0,1502000000.0,1337000000.0,0.031,1.507,,,24758000000.0,0.0,17.33,,,311000000.0,-11020000000.0,2678000000.0,2678000000.0,86000000.0,,,,,0.0,68000000.0,1.0,1751981799.0,1751981799.0,,1.529,38842000000.0,334000000.0,791000000.0,2825000000.0,22.17,3666000000.0
8,GOLD,MRQ,2019-06-30,2019-06-30,2019-06-30,2021-08-09,-154000000.0,32602000000.0,,4843000000.0,27759000000.0,,8.988,-379000000.0,2153000000.0,2153000000.0,1545000000.0,223000000.0,2.718,0.898,5807000000.0,303000000.0,5504000000.0,5807000000.0,0.0,466000000.0,0.0,0.011,0.04,353000000.0,819000000.0,0.397,819000000.0,353000000.0,235000000.0,0.11,0.11,0.11,15746000000.0,,15746000000.0,31795752970.0,106.0,15.866,55000000.0,0.031,1.0,518000000.0,0.251,3064000000.0,118000000.0,31410000000.0,,3760000000.0,4459000000.0,0.0,4459000000.0,14135000000.0,1782000000.0,12353000000.0,27628752970.0,0.0,0.0,0.0,-6000000.0,-61000000.0,-82000000.0,-351000000.0,-4000000.0,434000000.0,-1000000.0,194000000.0,194000000.0,194000000.0,0.0,29000000.0,0.094,192000000.0,326000000.0,1064000000.0,0.364,1.755,-21.188,-13.142,16890000000.0,0.0,15.77,3.499,3.499,427000000.0,-13227000000.0,2063000000.0,2063000000.0,98000000.0,,,,,0.0,59000000.0,1.0,1751981799.0,1751981799.0,,1.178,29538000000.0,252000000.0,41000000.0,2074000000.0,16.86,3061000000.0
9,GOLD,MRQ,2018-12-31,2018-12-31,2018-12-31,2021-08-09,-158000000.0,22631000000.0,,3978000000.0,18653000000.0,,6.509,-374000000.0,1571000000.0,1571000000.0,1577000000.0,-1165000000.0,2.385,1.745,5738000000.0,43000000.0,5695000000.0,5738000000.0,0.0,441000000.0,0.0,0.014,0.1,-304000000.0,137000000.0,0.072,137000000.0,-304000000.0,-421000000.0,-1.02,-1.02,-1.02,7593000000.0,,7593000000.0,19843459052.0,100.0,11.99,37000000.0,0.032,1.0,327000000.0,0.172,1403000000.0,117000000.0,23727000000.0,,3548000000.0,1234000000.0,0.0,1234000000.0,13246000000.0,1668000000.0,11578000000.0,15795459052.0,-126000000.0,0.0,0.0,-7000000.0,-31000000.0,-57000000.0,-477000000.0,-120000000.0,411000000.0,-3000000.0,-1197000000.0,-1197000000.0,-1197000000.0,0.0,32000000.0,-0.629,578000000.0,-251000000.0,1101000000.0,-0.098,2.08,-10.224,-10.258,12826000000.0,0.0,13.54,2.181,2.181,248000000.0,-13453000000.0,1904000000.0,1904000000.0,124000000.0,,,,,0.0,53000000.0,1.0,1166577478.0,1166577478.0,,1.632,21228000000.0,259000000.0,776000000.0,1439000000.0,18.197,2310000000.0
10,GOLD,MRQ,2018-09-30,2018-09-30,2018-09-30,2021-08-09,-170000000.0,24118000000.0,,4103000000.0,20015000000.0,,7.635,-387000000.0,1697000000.0,1697000000.0,1315000000.0,-386000000.0,2.649,1.508,5745000000.0,49000000.0,5696000000.0,5745000000.0,0.0,363000000.0,0.0,0.011,0.03,-148000000.0,215000000.0,0.117,215000000.0,-148000000.0,-307000000.0,-0.35,-0.35,-0.35,8907000000.0,,8907000000.0,17232678456.0,47.0,9.474,319000000.0,0.273,1.0,522000000.0,0.284,1559000000.0,159000000.0,25058000000.0,,3698000000.0,1233000000.0,0.0,1233000000.0,13432000000.0,1549000000.0,11883000000.0,12925678456.0,-388000000.0,0.0,0.0,-649000000.0,-31000000.0,-704000000.0,-386000000.0,0.0,706000000.0,-4000000.0,-412000000.0,-412000000.0,-412000000.0,0.0,26000000.0,-0.224,585000000.0,-63000000.0,1125000000.0,-0.086,1.451,-19.525,-19.786,13226000000.0,0.0,11.08,1.708,1.708,189000000.0,-12148000000.0,1837000000.0,1837000000.0,89000000.0,,,,,0.0,71000000.0,1.0,1166577478.0,1166577478.0,,1.575,22559000000.0,1070000000.0,105000000.0,1554000000.0,19.338,2554000000.0
11,GOLD,MRQ,2018-06-30,2018-06-30,2018-06-30,2021-08-09,-164000000.0,25122000000.0,,4575000000.0,20547000000.0,,8.02,-313000000.0,2085000000.0,2085000000.0,1176000000.0,-76000000.0,2.118,1.498,6392000000.0,680000000.0,5712000000.0,6392000000.0,0.0,328000000.0,0.0,0.009,0.03,158000000.0,486000000.0,0.284,486000000.0,158000000.0,22000000.0,-0.08,-0.08,-0.08,9356000000.0,,9356000000.0,19334162286.0,18.0,7.627,-172000000.0,-0.147,1.0,536000000.0,0.313,1560000000.0,136000000.0,25709000000.0,,3721000000.0,1214000000.0,0.0,1214000000.0,14016000000.0,2160000000.0,11856000000.0,15317162286.0,-299000000.0,0.0,0.0,-8000000.0,-32000000.0,-92000000.0,-347000000.0,-38000000.0,141000000.0,-1000000.0,-94000000.0,-94000000.0,-94000000.0,0.0,18000000.0,-0.055,296000000.0,240000000.0,944000000.0,-0.375,1.637,-58.686,-59.682,13727000000.0,0.0,13.13,1.983,1.983,194000000.0,-11701000000.0,1712000000.0,1712000000.0,97000000.0,,,,,0.0,93000000.0,1.0,1166577478.0,1166577478.0,,1.468,23562000000.0,1072000000.0,116000000.0,1611000000.0,20.198,2415000000.0
12,GOLD,MRQ,2018-03-31,2018-03-31,2018-03-31,2021-08-09,-167000000.0,25396000000.0,,4796000000.0,20600000000.0,,8.125,-281000000.0,2384000000.0,2384000000.0,1152000000.0,192000000.0,2.824,1.491,6401000000.0,57000000.0,6344000000.0,6401000000.0,0.0,325000000.0,0.0,0.031,0.03,492000000.0,817000000.0,0.456,817000000.0,492000000.0,359000000.0,0.14,0.14,0.14,9479000000.0,,9479000000.0,18712889601.0,8.0,4.691,226000000.0,0.194,1.0,638000000.0,0.356,1585000000.0,133000000.0,26130000000.0,,3598000000.0,1233000000.0,0.0,1233000000.0,14130000000.0,1698000000.0,12432000000.0,14523889601.0,150000000.0,0.0,0.0,-23000000.0,-31000000.0,-72000000.0,-284000000.0,-5000000.0,507000000.0,-1000000.0,158000000.0,158000000.0,158000000.0,0.0,34000000.0,0.088,115000000.0,523000000.0,1046000000.0,0.214,1.532,15.838,15.759,13755000000.0,0.0,12.45,1.777,1.777,173000000.0,-11572000000.0,1790000000.0,1790000000.0,73000000.0,,,,,0.0,48000000.0,1.0,1166577478.0,1166577478.0,,1.534,23811000000.0,1071000000.0,201000000.0,1659000000.0,20.411,3098000000.0
13,GOLD,MRQ,2017-12-31,2017-12-31,2017-12-31,2021-08-09,-169000000.0,25308000000.0,,4684000000.0,20624000000.0,,7.967,-350000000.0,2234000000.0,2234000000.0,1411000000.0,-467000000.0,2.681,1.534,6423000000.0,59000000.0,6364000000.0,6423000000.0,0.0,434000000.0,0.0,0.027,0.03,-133000000.0,301000000.0,0.135,301000000.0,-133000000.0,-263000000.0,-0.27,-0.27,-0.27,9286000000.0,,9286000000.0,21287856807.0,6.0,4.252,240000000.0,0.206,1.0,817000000.0,0.367,1585000000.0,130000000.0,26165000000.0,,3571000000.0,1213000000.0,0.0,1213000000.0,14241000000.0,1747000000.0,12494000000.0,16865856807.0,209000000.0,30000000.0,0.0,-25000000.0,-31000000.0,-126000000.0,-256000000.0,49000000.0,590000000.0,1000000.0,-314000000.0,-314000000.0,-314000000.0,0.0,-153000000.0,-0.141,1113000000.0,-296000000.0,1059000000.0,-0.111,1.816,11.729,11.764,13806000000.0,0.0,14.47,2.014,2.014,239000000.0,-11759000000.0,2228000000.0,2228000000.0,98000000.0,,,,,0.0,62000000.0,1.0,1165574071.0,1165574071.0,,1.912,23723000000.0,1069000000.0,51000000.0,1543000000.0,20.353,2937000000.0
14,GOLD,MRQ,2017-09-30,2017-09-30,2017-09-30,2021-08-09,-168000000.0,25072000000.0,,4742000000.0,20330000000.0,,8.248,-307000000.0,2025000000.0,2025000000.0,1270000000.0,-43000000.0,2.728,1.399,6447000000.0,63000000.0,6384000000.0,6447000000.0,0.0,390000000.0,0.0,0.024,0.03,541000000.0,931000000.0,0.467,931000000.0,541000000.0,303000000.0,-0.01,-0.01,-0.01,9614000000.0,,9614000000.0,23272086802.0,5.0,3.888,225000000.0,0.193,1.0,723000000.0,0.363,1556000000.0,238000000.0,26200000000.0,,3601000000.0,1243000000.0,0.0,1243000000.0,13450000000.0,1738000000.0,11712000000.0,18754086802.0,-901000000.0,0.0,0.0,-1099000000.0,-31000000.0,-1127000000.0,-306000000.0,0.0,532000000.0,0.0,-11000000.0,-11000000.0,-11000000.0,0.0,-32000000.0,-0.006,222000000.0,501000000.0,1118000000.0,-3.0,1.951,8.615,8.651,13961000000.0,0.0,16.09,2.215,2.215,224000000.0,-11428000000.0,1993000000.0,1993000000.0,100000000.0,,,,,0.0,69000000.0,1.0,1165574071.0,1165574071.0,,1.71,23516000000.0,863000000.0,314000000.0,1713000000.0,20.175,3004000000.0
15,GOLD,MRQ,2017-06-30,2017-06-30,2017-06-30,2021-08-09,-182000000.0,25807000000.0,,5503000000.0,20304000000.0,,8.272,-405000000.0,2926000000.0,2926000000.0,1277000000.0,1137000000.0,3.56,1.465,7444000000.0,116000000.0,7328000000.0,7444000000.0,0.0,409000000.0,0.0,0.023,0.3,1531000000.0,1940000000.0,0.898,1940000000.0,1531000000.0,1358000000.0,0.93,0.93,0.93,9642000000.0,,9642000000.0,24020283470.0,5.0,3.911,43000000.0,0.037,1.0,883000000.0,0.409,1586000000.0,173000000.0,27193000000.0,,3430000000.0,1218000000.0,0.0,1218000000.0,14122000000.0,1546000000.0,12576000000.0,18544283470.0,649000000.0,960000000.0,0.0,-331000000.0,-32000000.0,-355000000.0,556000000.0,-4000000.0,448000000.0,0.0,1084000000.0,1084000000.0,1084000000.0,0.0,53000000.0,0.502,-721000000.0,1604000000.0,1044000000.0,0.323,1.923,7.848,7.876,13943000000.0,0.0,15.91,2.115,2.115,190000000.0,-11382000000.0,2160000000.0,2160000000.0,81000000.0,,,,,0.0,45000000.0,1.0,1165574071.0,1165574071.0,,1.853,24221000000.0,869000000.0,274000000.0,1550000000.0,20.78,3957000000.0
16,GOLD,MRQ,2017-03-31,2017-03-31,2017-03-31,2021-08-09,-188000000.0,26411000000.0,,7818000000.0,18593000000.0,,7.365,-334000000.0,2277000000.0,2277000000.0,1342000000.0,889000000.0,2.975,1.786,7753000000.0,120000000.0,7633000000.0,7753000000.0,0.0,414000000.0,0.0,0.005,0.03,1421000000.0,1835000000.0,0.921,1835000000.0,1421000000.0,1271000000.0,0.58,0.58,0.58,8584000000.0,,8584000000.0,27676251608.0,8.0,5.473,161000000.0,0.138,1.0,651000000.0,0.327,1373000000.0,150000000.0,27886000000.0,,3144000000.0,1200000000.0,0.0,1200000000.0,15329000000.0,2628000000.0,12701000000.0,22134251608.0,-112000000.0,0.0,0.0,-180000000.0,-31000000.0,-278000000.0,-331000000.0,-4000000.0,495000000.0,2000000.0,679000000.0,679000000.0,679000000.0,0.0,210000000.0,0.341,-968000000.0,1619000000.0,1022000000.0,0.052,2.579,15.621,15.694,12539000000.0,0.0,18.99,2.567,2.567,231000000.0,-12430000000.0,1993000000.0,1993000000.0,75000000.0,,,,,0.0,72000000.0,1.0,1165574071.0,1165574071.0,,1.71,25038000000.0,1042000000.0,592000000.0,1466000000.0,21.481,5190000000.0
17,GOLD,MRQ,2016-12-31,2016-12-31,2016-12-31,2021-08-09,-189000000.0,25264000000.0,,4874000000.0,20390000000.0,,6.811,-326000000.0,2389000000.0,2389000000.0,1454000000.0,512000000.0,2.679,1.884,7931000000.0,143000000.0,7788000000.0,7931000000.0,0.0,418000000.0,0.0,0.005,0.02,861000000.0,1279000000.0,0.552,1279000000.0,861000000.0,648000000.0,0.36,0.36,0.36,7935000000.0,,7935000000.0,24509000436.0,10.0,6.251,385000000.0,0.33,1.0,865000000.0,0.373,1643000000.0,213000000.0,27344000000.0,,3466000000.0,1185000000.0,0.0,1185000000.0,14951000000.0,1819000000.0,13132000000.0,18618000436.0,-259000000.0,0.0,0.0,-674000000.0,-22000000.0,-681000000.0,-288000000.0,-1000000.0,711000000.0,-1000000.0,425000000.0,425000000.0,425000000.0,0.0,87000000.0,0.183,-81000000.0,946000000.0,1084000000.0,0.056,2.346,28.424,28.536,14103000000.0,0.0,15.98,2.176,2.176,249000000.0,-13074000000.0,2319000000.0,2319000000.0,82000000.0,,,,,0.0,39000000.0,1.0,1165081379.0,1165081379.0,,1.99,23621000000.0,977000000.0,223000000.0,1803000000.0,20.274,3055000000.0
18,GOLD,MRQ,2016-09-30,2016-09-30,2016-09-30,2021-08-09,-196000000.0,25628000000.0,,5224000000.0,20404000000.0,,6.453,-277000000.0,2648000000.0,2648000000.0,1291000000.0,245000000.0,2.667,2.1,8539000000.0,153000000.0,8386000000.0,8539000000.0,0.0,389000000.0,0.0,0.005,0.02,699000000.0,1088000000.0,0.474,1088000000.0,699000000.0,510000000.0,0.15,0.15,0.15,7518000000.0,,7518000000.0,27204242036.0,-20.0,92.847,674000000.0,0.579,1.0,1006000000.0,0.438,1644000000.0,189000000.0,27916000000.0,,3415000000.0,1169000000.0,0.0,1169000000.0,15786000000.0,1959000000.0,13827000000.0,20645242036.0,207000000.0,0.0,0.0,-495000000.0,-21000000.0,-552000000.0,-193000000.0,-2000000.0,951000000.0,1000000.0,175000000.0,175000000.0,175000000.0,0.0,70000000.0,0.076,219000000.0,787000000.0,1238000000.0,0.133,2.746,-8.631,-8.644,14043000000.0,0.0,17.72,2.435,2.435,465000000.0,-13482000000.0,2297000000.0,2297000000.0,44000000.0,,,,,0.0,71000000.0,1.0,1165081379.0,1165081379.0,,1.972,23984000000.0,1014000000.0,335000000.0,1836000000.0,20.586,3265000000.0
19,GOLD,MRQ,2016-06-30,2016-06-30,2016-06-30,2021-08-09,-218000000.0,25604000000.0,,4872000000.0,20732000000.0,,6.302,-253000000.0,2441000000.0,2441000000.0,1336000000.0,176000000.0,2.833,2.172,9000000000.0,175000000.0,8825000000.0,9000000000.0,0.0,382000000.0,0.0,0.004,0.02,473000000.0,855000000.0,0.425,855000000.0,473000000.0,311000000.0,0.12,0.12,0.12,7342000000.0,,7342000000.0,31677487442.0,-16.0,-105.592,274000000.0,0.235,1.0,676000000.0,0.336,1640000000.0,162000000.0,28803000000.0,,3267000000.0,1218000000.0,0.0,1218000000.0,15944000000.0,1720000000.0,14224000000.0,24874487442.0,118000000.0,-22000000.0,0.0,-130000000.0,-21000000.0,-137000000.0,-272000000.0,-3000000.0,527000000.0,0.0,138000000.0,138000000.0,138000000.0,0.0,38000000.0,0.069,144000000.0,532000000.0,1120000000.0,0.167,3.388,-8.786,-8.786,14284000000.0,0.0,21.35,2.928,2.928,491000000.0,-13634000000.0,2012000000.0,2012000000.0,56000000.0,,,,,0.0,88000000.0,1.0,1165081379.0,1165081379.0,,1.727,23964000000.0,1016000000.0,173000000.0,1626000000.0,20.569,3152000000.0
20,GOLD,MRQ,2016-03-31,2016-03-31,2016-03-31,2021-08-09,-270000000.0,25366000000.0,,4520000000.0,20846000000.0,,6.157,-270000000.0,2323000000.0,2323000000.0,1324000000.0,-72000000.0,2.689,2.22,9126000000.0,186000000.0,8940000000.0,9126000000.0,0.0,385000000.0,0.0,0.008,0.02,314000000.0,699000000.0,0.362,699000000.0,314000000.0,103000000.0,-0.07,-0.07,-0.07,7173000000.0,,7173000000.0,23334805127.0,-11.0,-51.855,181000000.0,0.155,1.0,606000000.0,0.314,1641000000.0,211000000.0,28847000000.0,,3193000000.0,1207000000.0,0.0,1207000000.0,15923000000.0,1681000000.0,14242000000.0,15821805127.0,-132000000.0,610000000.0,0.0,-887000000.0,-22000000.0,-927000000.0,341000000.0,-3000000.0,451000000.0,3000000.0,-83000000.0,-83000000.0,-83000000.0,0.0,11000000.0,-0.043,151000000.0,455000000.0,1055000000.0,-0.286,2.206,-5.313,-5.305,14428000000.0,0.0,13.58,1.816,1.816,288000000.0,-13749000000.0,1930000000.0,1930000000.0,55000000.0,,,,,0.0,58000000.0,1.0,1165081379.0,1165081379.0,,1.657,23725000000.0,1018000000.0,186000000.0,1589000000.0,20.363,2839000000.0
21,GOLD,MRQ,2015-12-31,2015-12-31,2015-12-31,2021-08-09,-370000000.0,26308000000.0,,5468000000.0,20840000000.0,,6.163,-311000000.0,2455000000.0,2455000000.0,1768000000.0,-2941000000.0,2.96,2.348,9968000000.0,203000000.0,9765000000.0,9968000000.0,0.0,499000000.0,0.0,0.019,0.02,-2848000000.0,-2349000000.0,-1.05,-2349000000.0,-2848000000.0,-2983000000.0,-2.25,-2.25,-2.25,7178000000.0,,7178000000.0,17599261707.0,-8.0,-47.31,387000000.0,0.332,1.0,470000000.0,0.21,1642000000.0,135000000.0,30332000000.0,,3219000000.0,1199000000.0,0.0,1199000000.0,16853000000.0,1847000000.0,15006000000.0,8595261707.0,-864000000.0,1060000000.0,0.0,-2306000000.0,-21000000.0,-2319000000.0,758000000.0,0.0,698000000.0,-1000000.0,-2622000000.0,-2622000000.0,-2622000000.0,0.0,231000000.0,-1.172,3483000000.0,-3013000000.0,1158000000.0,-0.009,1.197,-3.029,-3.025,14434000000.0,0.0,7.38,0.952,0.952,275000000.0,-13642000000.0,2238000000.0,2238000000.0,86000000.0,,,,,0.0,52000000.0,1.0,1164669608.0,1164669608.0,,1.922,24666000000.0,1040000000.0,-361000000.0,1553000000.0,21.179,3621000000.0
22,GOLD,MRQ,2015-09-30,2015-09-30,2015-09-30,2021-08-09,-411000000.0,32397000000.0,,8460000000.0,23937000000.0,,8.393,-389000000.0,3317000000.0,3317000000.0,1742000000.0,-252000000.0,2.528,2.049,12321000000.0,1038000000.0,11283000000.0,12321000000.0,0.0,432000000.0,0.0,0.027,0.02,63000000.0,495000000.0,0.214,495000000.0,63000000.0,-142000000.0,-0.23,-0.23,-0.23,9775000000.0,,9775000000.0,18108298707.0,-8.0,-29.02,866000000.0,0.744,1.0,573000000.0,0.248,3388000000.0,205000000.0,34667000000.0,,3488000000.0,216000000.0,0.0,216000000.0,20025000000.0,3346000000.0,16679000000.0,7407298707.0,1177000000.0,842000000.0,0.0,-492000000.0,-23000000.0,-531000000.0,458000000.0,0.0,1255000000.0,-5000000.0,-264000000.0,-264000000.0,-264000000.0,0.0,12000000.0,-0.114,529000000.0,44000000.0,1322000000.0,-0.087,0.758,-2.415,-2.409,17150000000.0,0.0,6.36,0.796,0.796,291000000.0,-11001000000.0,2315000000.0,2315000000.0,86000000.0,,,,,0.0,44000000.0,1.0,1164669608.0,1164669608.0,,1.988,29009000000.0,549000000.0,122000000.0,1501000000.0,24.907,5114000000.0
23,GOLD,MRQ,2015-06-30,2015-06-30,2015-06-30,2021-08-09,-303000000.0,33193000000.0,,6790000000.0,26403000000.0,,8.731,-499000000.0,2122000000.0,2122000000.0,1689000000.0,-9000000.0,2.624,2.008,12823000000.0,462000000.0,12361000000.0,12823000000.0,0.0,419000000.0,0.0,0.019,0.05,286000000.0,705000000.0,0.316,705000000.0,286000000.0,94000000.0,-0.01,-0.01,-0.01,10169000000.0,,10169000000.0,22797378021.0,-13.0,-209.15,26000000.0,0.022,1.0,542000000.0,0.243,4596000000.0,192000000.0,36710000000.0,,3853000000.0,220000000.0,0.0,220000000.0,20421000000.0,2588000000.0,17833000000.0,12415378021.0,-116000000.0,0.0,0.0,-85000000.0,-58000000.0,-142000000.0,-498000000.0,0.0,525000000.0,-1000000.0,-9000000.0,-9000000.0,-9000000.0,0.0,0.0,-0.004,215000000.0,327000000.0,1319000000.0,-5.0,1.221,-4.636,-4.635,18331000000.0,0.0,10.66,1.292,1.292,354000000.0,-10714000000.0,2231000000.0,2231000000.0,97000000.0,,,,,0.0,70000000.0,1.0,1164669608.0,1164669608.0,,1.916,28597000000.0,687000000.0,103000000.0,2093000000.0,24.554,4202000000.0
24,GOLD,MRQ,2015-03-31,2015-03-31,2015-03-31,2021-08-09,,,,,,,,-514000000.0,,,1708000000.0,89000000.0,,,,,,,,421000000.0,,0.018,0.05,356000000.0,777000000.0,0.346,777000000.0,356000000.0,162000000.0,0.05,0.05,0.05,,,,23146778904.0,-11.0,-64.297,-198000000.0,-0.17,1.0,537000000.0,0.239,,194000000.0,,,,,,,,,,12764778904.0,-441000000.0,2000000.0,0.0,-182000000.0,-58000000.0,-283000000.0,-468000000.0,33000000.0,316000000.0,-6000000.0,57000000.0,57000000.0,57000000.0,0.0,32000000.0,0.025,148000000.0,389000000.0,,1.0,,-4.345,-4.349,,0.0,10.96,1.298,1.298,,,2245000000.0,2245000000.0,86000000.0,,,,,0.0,67000000.0,1.0,1164669608.0,1164669608.0,,1.928,,,105000000.0,,,
25,GOLD,MRQ,2014-12-31,2014-12-31,2014-12-31,2021-08-09,-199000000.0,33879000000.0,,6150000000.0,27729000000.0,,8.798,-547000000.0,2699000000.0,2699000000.0,1799000000.0,-3040000000.0,2.473,2.051,13081000000.0,333000000.0,12748000000.0,13081000000.0,0.0,434000000.0,0.0,0.019,0.05,-3035000000.0,-2601000000.0,-1.036,-2601000000.0,-3035000000.0,-3232000000.0,-2.45,-2.45,-2.45,10247000000.0,,10247000000.0,22909013580.0,-13.0,-145.917,-176000000.0,-0.151,1.0,711000000.0,0.283,4734000000.0,197000000.0,37040000000.0,,4406000000.0,206000000.0,0.0,206000000.0,21017000000.0,2487000000.0,18530000000.0,12520013580.0,-6000000.0,216000000.0,0.0,-22000000.0,-57000000.0,-50000000.0,-324000000.0,1000000.0,371000000.0,-3000000.0,-2851000000.0,-2851000000.0,-2851000000.0,0.0,-85000000.0,-1.136,3752000000.0,-3041000000.0,1653000000.0,-0.02,1.222,-4.307,-4.3,19193000000.0,0.0,10.75,1.223,1.223,418000000.0,-10739000000.0,2510000000.0,2510000000.0,85000000.0,,,,,0.0,102000000.0,1.0,1164652426.0,1164652426.0,,2.155,29145000000.0,674000000.0,-381000000.0,2120000000.0,25.025,3663000000.0
26,GOLD,MRQ,2014-09-30,2014-09-30,2014-09-30,2021-08-09,-135000000.0,37490000000.0,,6709000000.0,30781000000.0,,11.366,-653000000.0,2705000000.0,2705000000.0,1681000000.0,177000000.0,2.748,1.622,13094000000.0,209000000.0,12885000000.0,13094000000.0,0.0,412000000.0,0.0,0.014,0.05,598000000.0,1010000000.0,0.385,1010000000.0,598000000.0,400000000.0,0.11,0.11,0.11,13237000000.0,,13237000000.0,27684804565.0,-17.0,-1730.3,199000000.0,0.171,1.0,943000000.0,0.359,5829000000.0,198000000.0,39609000000.0,,4385000000.0,61000000.0,0.0,61000000.0,21467000000.0,2441000000.0,19026000000.0,17073804565.0,156000000.0,0.0,0.0,-65000000.0,-59000000.0,-122000000.0,-570000000.0,67000000.0,852000000.0,-4000000.0,125000000.0,125000000.0,125000000.0,0.0,52000000.0,0.048,201000000.0,742000000.0,1661000000.0,0.455,1.29,-5.916,-5.532,21425000000.0,0.0,14.66,1.602,1.602,408000000.0,-7812000000.0,2624000000.0,2624000000.0,102000000.0,,,,,0.0,98000000.0,1.0,1164652426.0,1164652426.0,,2.253,31661000000.0,765000000.0,275000000.0,2785000000.0,27.185,4268000000.0
27,GOLD,MRQ,2014-06-30,2014-06-30,2014-06-30,2021-08-09,-43000000.0,37435000000.0,,6534000000.0,30901000000.0,,11.387,-616000000.0,2549000000.0,2549000000.0,1631000000.0,-223000000.0,2.872,1.617,13160000000.0,187000000.0,12973000000.0,13160000000.0,0.0,400000000.0,0.0,0.011,0.05,54000000.0,454000000.0,0.185,454000000.0,54000000.0,-146000000.0,-0.23,-0.23,-0.23,13262000000.0,,13262000000.0,31812139396.0,-26.0,69.611,-128000000.0,-0.11,1.0,827000000.0,0.336,5830000000.0,200000000.0,39941000000.0,,4348000000.0,131000000.0,0.0,131000000.0,21441000000.0,2275000000.0,19166000000.0,21313139396.0,-127000000.0,86000000.0,0.0,-18000000.0,-58000000.0,-76000000.0,-540000000.0,27000000.0,488000000.0,1000000.0,-269000000.0,-269000000.0,-269000000.0,0.0,46000000.0,-0.109,743000000.0,84000000.0,1659000000.0,-0.217,1.607,-7.507,-7.066,21377000000.0,0.0,18.3,1.935,1.935,377000000.0,-7878000000.0,2458000000.0,2458000000.0,105000000.0,,,,,0.0,82000000.0,1.0,1164652426.0,1164652426.0,,2.111,31605000000.0,774000000.0,123000000.0,2651000000.0,27.137,4259000000.0
28,GOLD,MRQ,2014-03-31,2014-03-31,2014-03-31,2021-08-09,-51000000.0,37810000000.0,,6250000000.0,31560000000.0,,11.667,-616000000.0,2672000000.0,2672000000.0,1692000000.0,127000000.0,2.508,1.585,13171000000.0,180000000.0,12991000000.0,13171000000.0,0.0,402000000.0,0.0,0.02,0.05,578000000.0,980000000.0,0.372,980000000.0,578000000.0,377000000.0,0.08,0.08,0.08,13588000000.0,,13588000000.0,31441752756.0,-3.0,-3.857,-31000000.0,-0.027,1.0,940000000.0,0.357,6147000000.0,201000000.0,39670000000.0,,4384000000.0,142000000.0,0.0,142000000.0,21534000000.0,2492000000.0,19042000000.0,20765752756.0,252000000.0,80000000.0,186000000.0,58000000.0,-58000000.0,188000000.0,-516000000.0,25000000.0,585000000.0,-5000000.0,88000000.0,88000000.0,88000000.0,0.0,39000000.0,0.033,347000000.0,593000000.0,1871000000.0,0.625,1.528,-1.867,-1.634,21910000000.0,0.0,17.83,1.766,1.766,410000000.0,-7551000000.0,2632000000.0,2632000000.0,32000000.0,,,,,0.0,103000000.0,1.0,1164652426.0,1164652426.0,,2.26,31663000000.0,627000000.0,289000000.0,2578000000.0,27.187,3758000000.0
29,GOLD,MRQ,2013-12-31,2013-12-31,2013-12-31,2021-08-09,-69000000.0,37448000000.0,,6212000000.0,31236000000.0,,13.518,-1365000000.0,2404000000.0,2404000000.0,1899000000.0,-2772000000.0,2.154,1.585,13080000000.0,179000000.0,12901000000.0,13080000000.0,0.0,442000000.0,0.0,0.028,0.05,-2902000000.0,-2460000000.0,-0.836,-2460000000.0,-2902000000.0,-3168000000.0,-2.61,-2.63,-2.61,13533000000.0,,13533000000.0,30798533705.0,-3.0,-4.192,-349000000.0,-0.349,1.0,1043000000.0,0.355,6155000000.0,266000000.0,39085000000.0,,4358000000.0,147000000.0,0.0,147000000.0,21447000000.0,2884000000.0,18563000000.0,17649533705.0,141000000.0,105000000.0,2910000000.0,-2396000000.0,-58000000.0,388000000.0,-1258000000.0,0.0,1016000000.0,-5000000.0,-2830000000.0,-2830000000.0,-2830000000.0,0.0,-58000000.0,-0.962,3711000000.0,-2668000000.0,2165000000.0,-0.019,1.304,-1.703,-1.739,21688000000.0,0.0,17.63,1.409,1.409,385000000.0,-7581000000.0,2942000000.0,2942000000.0,526000000.0,,,,,0.0,93000000.0,1.0,1001107981.0,1001107981.0,,2.939,31293000000.0,501000000.0,-338000000.0,2333000000.0,31.258,3328000000.0
30,GOLD,MRQ,2013-09-30,2013-09-30,2013-09-30,2021-08-09,87000000.0,39837000000.0,,5981000000.0,33856000000.0,,13.604,-1205000000.0,2283000000.0,2283000000.0,1788000000.0,9000000.0,1.784,1.75,15432000000.0,861000000.0,14571000000.0,15432000000.0,0.0,441000000.0,0.0,0.035,0.05,1042000000.0,1483000000.0,0.497,1483000000.0,1042000000.0,920000000.0,0.17,0.18,0.17,13619000000.0,,13619000000.0,32011630606.0,-3.0,-3.638,26000000.0,0.026,1.0,1197000000.0,0.401,6738000000.0,122000000.0,42895000000.0,,4370000000.0,191000000.0,0.0,191000000.0,23829000000.0,3353000000.0,20476000000.0,18640630606.0,-147000000.0,417000000.0,0.0,-441000000.0,-50000000.0,-496000000.0,-881000000.0,0.0,1231000000.0,-1000000.0,172000000.0,172000000.0,172000000.0,9000000.0,163000000.0,0.058,330000000.0,867000000.0,1847000000.0,0.294,1.369,-1.767,-1.767,23529000000.0,0.0,18.62,1.357,1.357,430000000.0,-4717000000.0,2985000000.0,2985000000.0,48000000.0,,,,,0.0,100000000.0,1.0,1001107981.0,1001107981.0,,2.982,33099000000.0,541000000.0,748000000.0,3089000000.0,33.062,2628000000.0
31,GOLD,MRQ,2013-06-30,2013-06-30,2013-06-30,2021-08-09,113000000.0,39895000000.0,,6753000000.0,33142000000.0,,13.506,-1552000000.0,2422000000.0,2422000000.0,1832000000.0,-8701000000.0,1.766,1.762,15793000000.0,1370000000.0,14423000000.0,15793000000.0,0.0,453000000.0,0.0,0.051,0.2,-8607000000.0,-8154000000.0,-2.547,-8154000000.0,-8607000000.0,-8768000000.0,-8.55,-8.04,-8.55,13521000000.0,,13521000000.0,28213439621.0,-3.0,-3.227,-645000000.0,-0.644,1.0,1369000000.0,0.428,6801000000.0,161000000.0,42642000000.0,,4365000000.0,54000000.0,0.0,54000000.0,23824000000.0,3823000000.0,20001000000.0,15757439621.0,88000000.0,0.0,0.0,994000000.0,-200000000.0,799000000.0,-1609000000.0,0.0,907000000.0,-9000000.0,-8555000000.0,-8555000000.0,-8555000000.0,505000000.0,146000000.0,-2.673,9632000000.0,-8263000000.0,1840000000.0,-0.023,1.165,-1.564,-1.565,23082000000.0,0.0,15.74,1.114,1.114,424000000.0,-4839000000.0,3201000000.0,3201000000.0,58000000.0,,,,,0.0,99000000.0,1.0,1001107981.0,1001107981.0,,3.197,33094000000.0,483000000.0,-213000000.0,2495000000.0,33.057,2930000000.0
32,GOLD,MRQ,2013-03-31,2013-03-31,2013-03-31,2021-08-09,387000000.0,48997000000.0,,6206000000.0,42791000000.0,,22.521,-1379000000.0,2342000000.0,2342000000.0,1810000000.0,861000000.0,1.956,1.054,14798000000.0,694000000.0,14104000000.0,14798000000.0,0.0,396000000.0,0.0,0.027,0.2,1388000000.0,1784000000.0,0.525,1784000000.0,1388000000.0,1280000000.0,0.85,0.84,0.85,22546000000.0,,22546000000.0,41282574641.0,-59.0,42.385,-294000000.0,-0.294,1.0,1589000000.0,0.467,9288000000.0,108000000.0,48992000000.0,,4393000000.0,70000000.0,0.0,70000000.0,23760000000.0,3173000000.0,20587000000.0,29432574641.0,245000000.0,0.0,1000000.0,845000000.0,-200000000.0,651000000.0,-1489000000.0,18000000.0,1085000000.0,-2000000.0,847000000.0,847000000.0,847000000.0,-8000000.0,14000000.0,0.249,240000000.0,1349000000.0,2202000000.0,0.235,1.305,-40.319,-40.833,30172000000.0,0.0,29.4,2.074,2.074,380000000.0,3916000000.0,3399000000.0,3399000000.0,48000000.0,,,,,0.0,98000000.0,1.0,1001107981.0,1001107981.0,,3.395,39709000000.0,488000000.0,433000000.0,2910000000.0,39.665,3033000000.0
33,GOLD,MRQ,2012-12-31,2012-12-31,2012-12-31,2021-08-09,463000000.0,47478000000.0,,5757000000.0,41721000000.0,,21.963,-2039000000.0,2097000000.0,2097000000.0,2085000000.0,-3043000000.0,1.303,1.04,13943000000.0,1848000000.0,12095000000.0,13943000000.0,0.0,492000000.0,0.0,0.021,0.2,-4405000000.0,-3913000000.0,-0.943,-3913000000.0,-4405000000.0,-4449000000.0,-3.01,-2.85,-3.01,21972000000.0,,21972000000.0,46435783323.0,-100.0,39.186,-194000000.0,-0.194,1.0,2064000000.0,0.497,9290000000.0,44000000.0,45617000000.0,,4140000000.0,98000000.0,0.0,98000000.0,22842000000.0,4417000000.0,18425000000.0,35024783323.0,-439000000.0,-22000000.0,12000000.0,-16000000.0,-200000000.0,-89000000.0,-2194000000.0,-1000000.0,1845000000.0,-1000000.0,-3013000000.0,-3013000000.0,-3013000000.0,161000000.0,30000000.0,-0.726,6442000000.0,-4378000000.0,2267000000.0,-0.066,1.594,-65.102,-64.833,29277000000.0,0.0,35.01,2.433,2.433,449000000.0,3269000000.0,4149000000.0,4149000000.0,108000000.0,,,,,0.0,353000000.0,1.0,1000422260.0,1000422260.0,,4.147,38188000000.0,437000000.0,-1436000000.0,2709000000.0,38.172,1340000000.0
34,GOLD,MRQ,2012-09-30,2012-09-30,2012-09-30,2021-08-09,538000000.0,52084000000.0,,6374000000.0,45710000000.0,,25.161,-1659000000.0,2530000000.0,2530000000.0,1733000000.0,652000000.0,1.608,0.967,13941000000.0,1299000000.0,12642000000.0,13941000000.0,0.0,398000000.0,0.0,0.017,0.2,1143000000.0,1541000000.0,0.453,1541000000.0,1143000000.0,1110000000.0,0.65,0.66,0.65,25172000000.0,,25172000000.0,53370633578.0,10.0,7.491,186000000.0,0.186,1.0,1666000000.0,0.49,10082000000.0,33000000.0,49449000000.0,,4404000000.0,353000000.0,0.0,353000000.0,24334000000.0,3964000000.0,20370000000.0,41777633578.0,200000000.0,0.0,1000000.0,0.0,-200000000.0,70000000.0,-1719000000.0,2000000.0,1845000000.0,4000000.0,649000000.0,649000000.0,649000000.0,10000000.0,-3000000.0,0.191,436000000.0,1230000000.0,2260000000.0,0.308,1.66,12.166,12.14,32412000000.0,0.0,41.76,2.974,2.974,361000000.0,6409000000.0,3399000000.0,3399000000.0,95000000.0,,,,,0.0,45000000.0,1.0,1000422260.0,1000422260.0,,3.398,42002000000.0,378000000.0,461000000.0,4447000000.0,41.984,2410000000.0
35,GOLD,MRQ,2012-06-30,2012-06-30,2012-06-30,2021-08-09,487000000.0,51004000000.0,,6360000000.0,44644000000.0,,24.689,-1716000000.0,2330000000.0,2330000000.0,1729000000.0,792000000.0,1.64,0.966,13923000000.0,1295000000.0,12628000000.0,13923000000.0,0.0,388000000.0,0.0,0.017,0.2,1174000000.0,1562000000.0,0.482,1562000000.0,1174000000.0,1123000000.0,0.79,0.8,0.79,24699000000.0,,24699000000.0,48310864308.0,7.0,6.004,-797000000.0,-0.797,1.0,1515000000.0,0.467,10218000000.0,51000000.0,48500000000.0,,4092000000.0,328000000.0,0.0,328000000.0,23859000000.0,3879000000.0,19980000000.0,37585864308.0,-332000000.0,-15000000.0,1000000.0,630000000.0,-200000000.0,469000000.0,-1716000000.0,130000000.0,919000000.0,-4000000.0,787000000.0,787000000.0,787000000.0,9000000.0,-5000000.0,0.243,294000000.0,1221000000.0,2201000000.0,0.253,1.522,9.057,9.031,31173000000.0,0.0,37.57,2.571,2.571,406000000.0,5991000000.0,3244000000.0,3244000000.0,85000000.0,,,,,0.0,57000000.0,1.0,1000422260.0,1000422260.0,,3.243,40786000000.0,383000000.0,336000000.0,4330000000.0,40.769,2481000000.0
36,GOLD,MRQ,2012-03-31,2012-03-31,2012-03-31,2021-08-09,516000000.0,49877000000.0,,6702000000.0,43175000000.0,,24.16,-1415000000.0,2665000000.0,2665000000.0,1753000000.0,1050000000.0,1.723,0.967,13390000000.0,1245000000.0,12145000000.0,13390000000.0,0.0,399000000.0,0.0,0.012,0.15,1622000000.0,2021000000.0,0.555,2021000000.0,1622000000.0,1574000000.0,1.04,1.04,1.04,24170000000.0,,24170000000.0,54122359865.0,8.0,6.309,-41000000.0,-0.041,1.0,1891000000.0,0.519,10200000000.0,48000000.0,46512000000.0,,3833000000.0,361000000.0,0.0,361000000.0,23369000000.0,3890000000.0,19479000000.0,43498359865.0,-81000000.0,0.0,4000000.0,-7000000.0,-150000000.0,-27000000.0,-1436000000.0,37000000.0,1374000000.0,8000000.0,1039000000.0,1039000000.0,1039000000.0,0.0,11000000.0,0.285,332000000.0,1559000000.0,1960000000.0,0.144,1.8,9.619,9.598,29891000000.0,0.0,43.48,2.94,2.94,446000000.0,5441000000.0,3644000000.0,3644000000.0,73000000.0,,,,,0.0,48000000.0,1.0,1000422260.0,1000422260.0,,3.642,39677000000.0,395000000.0,535000000.0,4704000000.0,39.66,2812000000.0
37,GOLD,MRQ,2011-12-31,2011-12-31,2011-12-31,2021-08-09,595000000.0,48886000000.0,,6549000000.0,42337000000.0,,23.398,-1320000000.0,2749000000.0,2749000000.0,1706000000.0,959000000.0,2.248,0.999,13369000000.0,196000000.0,13173000000.0,13369000000.0,0.0,402000000.0,0.0,0.011,0.15,1599000000.0,2001000000.0,0.532,2001000000.0,1599000000.0,1548000000.0,0.96,0.96,0.96,23363000000.0,,23363000000.0,55600110203.0,8.0,6.628,-96000000.0,-0.096,1.0,2056000000.0,0.547,10195000000.0,51000000.0,46398000000.0,,3651000000.0,502000000.0,0.0,502000000.0,23332000000.0,2913000000.0,20419000000.0,45182110203.0,-220000000.0,0.0,16000000.0,-26000000.0,-150000000.0,-54000000.0,-1395000000.0,0.0,1224000000.0,5000000.0,959000000.0,959000000.0,959000000.0,0.0,0.0,0.255,538000000.0,1518000000.0,2085000000.0,0.156,1.934,10.076,10.078,29076000000.0,0.0,45.25,3.174,3.174,426000000.0,4562000000.0,3762000000.0,3762000000.0,98000000.0,,,,,0.0,43000000.0,1.0,998499673.0,998499673.0,,3.768,38691000000.0,409000000.0,589000000.0,4537000000.0,38.749,3636000000.0
38,GOLD,MRQ,2011-09-30,2011-09-30,2011-09-30,2021-08-09,411000000.0,46827000000.0,,6564000000.0,40263000000.0,,22.409,-1514000000.0,2965000000.0,2965000000.0,1694000000.0,1383000000.0,2.269,0.999,13383000000.0,198000000.0,13185000000.0,13383000000.0,0.0,376000000.0,0.0,0.01,0.12,2087000000.0,2463000000.0,0.62,2463000000.0,2087000000.0,2019000000.0,1.37,1.36,1.37,22375000000.0,,22375000000.0,57076009745.0,8.0,6.99,388000000.0,0.389,1.0,2277000000.0,0.573,10057000000.0,68000000.0,44295000000.0,,2249000000.0,628000000.0,0.0,628000000.0,22363000000.0,2893000000.0,19470000000.0,46580009745.0,102000000.0,-337000000.0,10000000.0,-16000000.0,-119000000.0,130000000.0,-1911000000.0,-54000000.0,1902000000.0,-19000000.0,1365000000.0,1365000000.0,1365000000.0,0.0,18000000.0,0.344,291000000.0,1986000000.0,1890000000.0,0.088,2.082,10.383,10.367,27007000000.0,0.0,46.65,3.454,3.454,444000000.0,3777000000.0,3971000000.0,3971000000.0,94000000.0,,,,,0.0,43000000.0,1.0,998499673.0,998499673.0,,3.977,36770000000.0,537000000.0,654000000.0,3847000000.0,36.825,3671000000.0
39,GOLD,MRQ,2011-06-30,2011-06-30,2011-06-30,2021-08-09,872000000.0,45508000000.0,,6570000000.0,38938000000.0,,21.61,-1068000000.0,2863000000.0,2863000000.0,1486000000.0,1180000000.0,2.243,1.018,13359000000.0,130000000.0,13229000000.0,13359000000.0,0.0,337000000.0,0.0,0.011,0.12,1757000000.0,2094000000.0,0.613,2094000000.0,1757000000.0,1709000000.0,1.16,1.16,1.16,21578000000.0,,21578000000.0,47565050190.0,8.0,6.444,-318000000.0,-0.318,1.0,1930000000.0,0.565,10078000000.0,48000000.0,42997000000.0,,2141000000.0,593000000.0,0.0,593000000.0,21975000000.0,2929000000.0,19046000000.0,45222050190.0,-1580000000.0,-7315000000.0,10000000.0,6153000000.0,-120000000.0,6115000000.0,-8454000000.0,49000000.0,750000000.0,9000000.0,1159000000.0,1159000000.0,1159000000.0,0.0,21000000.0,0.339,258000000.0,1672000000.0,2043000000.0,0.103,2.096,11.13,11.073,25645000000.0,0.0,45.29,3.676,3.676,447000000.0,2531000000.0,3416000000.0,3416000000.0,89000000.0,,,,,0.0,38000000.0,1.0,998499673.0,998499673.0,,3.421,35430000000.0,552000000.0,550000000.0,3791000000.0,35.483,3641000000.0
40,GOLD,MRQ,2011-03-31,2011-03-31,2011-03-31,2021-08-09,834000000.0,36039000000.0,,7691000000.0,28348000000.0,,20.516,-1071000000.0,4443000000.0,4443000000.0,1354000000.0,1015000000.0,3.04,0.671,6786000000.0,14000000.0,6772000000.0,6786000000.0,0.0,304000000.0,0.0,0.011,0.12,1527000000.0,1831000000.0,0.593,1831000000.0,1527000000.0,1495000000.0,1.0,1.0,1.0,20485000000.0,,20485000000.0,54556118025.0,10.0,8.043,368000000.0,0.369,1.0,1733000000.0,0.561,6578000000.0,32000000.0,29274000000.0,,1808000000.0,601000000.0,0.0,601000000.0,13738000000.0,2530000000.0,11208000000.0,51832118025.0,475000000.0,-25000000.0,21000000.0,157000000.0,-120000000.0,100000000.0,-1067000000.0,13000000.0,1439000000.0,3000000.0,1001000000.0,1001000000.0,1001000000.0,0.0,14000000.0,0.324,237000000.0,1496000000.0,1455000000.0,0.12,2.53,13.774,13.661,18772000000.0,0.0,51.91,4.504,4.504,315000000.0,1492000000.0,3087000000.0,3087000000.0,65000000.0,,,,,0.0,42000000.0,1.0,998499673.0,998499673.0,,3.092,29461000000.0,585000000.0,494000000.0,2749000000.0,29.505,5161000000.0
41,GOLD,MRQ,2010-12-31,2010-12-31,2010-12-31,2021-08-09,729000000.0,34637000000.0,,7071000000.0,27566000000.0,,19.782,-1311000000.0,3968000000.0,3968000000.0,1331000000.0,982000000.0,2.839,0.689,6638000000.0,14000000.0,6624000000.0,6638000000.0,0.0,280000000.0,0.0,0.008,0.12,1497000000.0,1777000000.0,0.59,1777000000.0,1497000000.0,1470000000.0,0.97,0.92,0.97,19472000000.0,,19472000000.0,55033553255.0,10.0,8.394,-361000000.0,-0.367,1.0,1680000000.0,0.558,6571000000.0,27000000.0,28245000000.0,,2838000000.0,567000000.0,0.0,567000000.0,13420000000.0,2491000000.0,10929000000.0,52346553255.0,-313000000.0,0.0,78000000.0,-2000000.0,-121000000.0,54000000.0,-1323000000.0,-28000000.0,950000000.0,6000000.0,961000000.0,961000000.0,961000000.0,-42000000.0,21000000.0,0.319,219000000.0,1461000000.0,1511000000.0,0.124,2.688,14.614,14.65,17890000000.0,0.0,53.18,4.758,4.758,370000000.0,609000000.0,3011000000.0,3011000000.0,73000000.0,,,,,0.0,41000000.0,1.0,984327816.0,984327816.0,,3.059,28066000000.0,625000000.0,509000000.0,2521000000.0,28.513,4580000000.0
42,GOLD,MRQ,2010-09-30,2010-09-30,2010-09-30,2021-08-09,331000000.0,32289000000.0,,7018000000.0,25271000000.0,,18.032,-907000000.0,4281000000.0,4281000000.0,1301000000.0,955000000.0,2.856,0.731,6968000000.0,295000000.0,6673000000.0,6968000000.0,0.0,321000000.0,0.0,0.011,0.12,1358000000.0,1679000000.0,0.602,1679000000.0,1358000000.0,1318000000.0,0.96,0.93,0.96,17749000000.0,,17749000000.0,48751534603.0,11.0,8.724,490000000.0,0.498,1.0,1487000000.0,0.533,5421000000.0,40000000.0,27098000000.0,,1800000000.0,414000000.0,0.0,414000000.0,12982000000.0,2457000000.0,10525000000.0,45564534603.0,430000000.0,-61000000.0,18000000.0,-72000000.0,-118000000.0,-11000000.0,-969000000.0,-16000000.0,1397000000.0,13000000.0,942000000.0,942000000.0,942000000.0,-11000000.0,13000000.0,0.338,160000000.0,1327000000.0,1477000000.0,0.125,2.567,16.078,15.177,16669000000.0,0.0,46.29,4.403,4.403,288000000.0,-319000000.0,2788000000.0,2788000000.0,56000000.0,,,,,0.0,37000000.0,1.0,984327816.0,984327816.0,,2.832,26868000000.0,895000000.0,376000000.0,1318000000.0,27.296,4561000000.0
43,GOLD,MRQ,2010-06-30,2010-06-30,2010-06-30,2021-08-09,-94000000.0,30585000000.0,,6296000000.0,24289000000.0,,16.797,-851000000.0,3851000000.0,3851000000.0,1262000000.0,873000000.0,3.409,0.754,7038000000.0,17000000.0,7021000000.0,7038000000.0,0.0,319000000.0,0.0,0.009,0.2,1177000000.0,1496000000.0,0.571,1496000000.0,1177000000.0,1130000000.0,0.87,0.83,0.87,16534000000.0,,16534000000.0,47574326125.0,-22.0,-46.596,257000000.0,0.261,1.0,1359000000.0,0.519,5419000000.0,47000000.0,26506000000.0,,1671000000.0,363000000.0,0.0,363000000.0,12474000000.0,1847000000.0,10627000000.0,44698326125.0,383000000.0,-305000000.0,26000000.0,713000000.0,-197000000.0,450000000.0,-1168000000.0,-1000000.0,1108000000.0,-7000000.0,859000000.0,859000000.0,859000000.0,-36000000.0,14000000.0,0.328,271000000.0,1088000000.0,1285000000.0,0.23,2.703,-12.926,-11.41,16025000000.0,0.0,45.41,4.657,4.657,256000000.0,-1038000000.0,2621000000.0,2621000000.0,56000000.0,,,,,0.0,45000000.0,1.0,984327816.0,984327816.0,,2.663,25166000000.0,898000000.0,271000000.0,1190000000.0,25.567,4449000000.0
44,GOLD,MRQ,2010-03-31,2010-03-31,2010-03-31,2021-08-09,134000000.0,29523000000.0,,5931000000.0,23592000000.0,,16.376,-709000000.0,3468000000.0,3468000000.0,1268000000.0,820000000.0,3.089,0.729,6344000000.0,48000000.0,6296000000.0,6344000000.0,0.0,313000000.0,0.0,0.01,0.0,1291000000.0,1604000000.0,0.621,1604000000.0,1291000000.0,1225000000.0,0.83,0.79,0.83,16119000000.0,,16119000000.0,41510128465.0,-15.0,-26.66,421000000.0,0.428,1.0,1313000000.0,0.509,5268000000.0,66000000.0,25211000000.0,,1535000000.0,361000000.0,0.0,361000000.0,11752000000.0,1920000000.0,9832000000.0,37739128465.0,904000000.0,-447000000.0,5000000.0,-6000000.0,0.0,941000000.0,-1170000000.0,-1000000.0,1130000000.0,3000000.0,820000000.0,820000000.0,820000000.0,-35000000.0,0.0,0.318,122000000.0,1191000000.0,1295000000.0,0.0,2.341,-9.866,-8.937,15347000000.0,0.0,38.34,4.22,4.22,281000000.0,-1624000000.0,2581000000.0,2581000000.0,44000000.0,,,,,0.0,33000000.0,1.0,984327816.0,984327816.0,,2.622,24255000000.0,930000000.0,405000000.0,1225000000.0,24.641,4011000000.0
45,GOLD,MRQ,2009-12-31,2009-12-31,2009-12-31,2021-08-09,232000000.0,26924000000.0,,4929000000.0,21995000000.0,,17.458,-748000000.0,2564000000.0,2564000000.0,978000000.0,215000000.0,2.747,0.733,6178000000.0,54000000.0,6124000000.0,6178000000.0,0.0,272000000.0,0.0,0.01,0.2,537000000.0,809000000.0,0.343,809000000.0,537000000.0,508000000.0,0.39,0.34,0.39,15232000000.0,,15232000000.0,32957938500.0,-9.0,-13.204,-5048000000.0,-5.786,1.0,1380000000.0,0.585,5472000000.0,29000000.0,23272000000.0,,2197000000.0,1186000000.0,0.0,1186000000.0,11170000000.0,1794000000.0,9376000000.0,34357938500.0,-3967000000.0,0.0,34000000.0,1179000000.0,-195000000.0,1085000000.0,-757000000.0,3000000.0,-4300000000.0,5000000.0,213000000.0,213000000.0,213000000.0,-42000000.0,2000000.0,0.09,873000000.0,507000000.0,1221000000.0,0.513,2.256,-8.039,-8.326,13378000000.0,0.0,39.38,4.223,4.223,259000000.0,-2535000000.0,2358000000.0,2358000000.0,34000000.0,,,,,0.0,51000000.0,1.0,872471775.0,872471775.0,,2.703,21452000000.0,601000000.0,295000000.0,1064000000.0,24.588,3135000000.0
46,GOLD,MRQ,2009-09-30,2009-09-30,2009-09-30,2021-08-09,37000000.0,30277000000.0,,8810000000.0,21467000000.0,,17.17,-535000000.0,6531000000.0,6531000000.0,952000000.0,-5348000000.0,0.591,0.994,5131000000.0,5131000000.0,0.0,5131000000.0,0.0,281000000.0,0.0,0.011,0.0,-5211000000.0,-4930000000.0,-2.419,-4930000000.0,-5211000000.0,-5223000000.0,-6.07,-6.1,-6.07,14980000000.0,,14980000000.0,36154680272.0,-8.0,-10.587,376000000.0,0.431,1.0,1086000000.0,0.533,5327000000.0,12000000.0,8655000000.0,,1537000000.0,1216000000.0,0.0,1216000000.0,14895000000.0,14895000000.0,0.0,33066680272.0,4493000000.0,-53000000.0,3895000000.0,4000000.0,0.0,4188000000.0,-619000000.0,3000000.0,911000000.0,13000000.0,-5350000000.0,-5350000000.0,-5350000000.0,-30000000.0,2000000.0,-2.625,6319000000.0,-5233000000.0,1093000000.0,0.0,2.207,-6.673,-6.732,12636000000.0,0.0,37.9,4.358,4.358,210000000.0,-2400000000.0,2038000000.0,2038000000.0,42000000.0,,,,,0.0,40000000.0,1.0,872471775.0,872471775.0,,2.336,24950000000.0,851000000.0,127000000.0,928000000.0,28.597,-6085000000.0
47,GOLD,MRQ,2009-06-30,2009-06-30,2009-06-30,2021-08-09,-96000000.0,25331000000.0,,4336000000.0,20995000000.0,,18.633,-602000000.0,2038000000.0,2038000000.0,949000000.0,492000000.0,3.119,0.538,5126000000.0,67000000.0,5059000000.0,5126000000.0,0.0,265000000.0,0.0,0.012,0.2,695000000.0,960000000.0,0.489,960000000.0,695000000.0,681000000.0,0.56,0.53,0.56,16257000000.0,,16257000000.0,32435428051.0,30.0,15.722,116000000.0,0.133,1.0,1016000000.0,0.517,5335000000.0,14000000.0,21694000000.0,,1474000000.0,1185000000.0,0.0,1185000000.0,8748000000.0,1390000000.0,7358000000.0,29271428051.0,-66000000.0,-48000000.0,11000000.0,-144000000.0,-174000000.0,-251000000.0,-553000000.0,0.0,718000000.0,20000000.0,492000000.0,492000000.0,492000000.0,-22000000.0,0.0,0.25,421000000.0,595000000.0,942000000.0,0.357,1.801,45.102,45.959,12346000000.0,0.0,33.55,3.941,3.941,233000000.0,2950000000.0,1965000000.0,1965000000.0,35000000.0,,,,,0.0,45000000.0,1.0,872471775.0,872471775.0,,2.252,19996000000.0,823000000.0,189000000.0,851000000.0,22.919,2946000000.0
48,GOLD,MRQ,2009-03-31,2009-03-31,2009-03-31,2021-08-09,-468000000.0,24821000000.0,,4539000000.0,20282000000.0,,17.824,-466000000.0,2104000000.0,2104000000.0,928000000.0,373000000.0,2.814,0.579,5268000000.0,190000000.0,5078000000.0,5268000000.0,0.0,255000000.0,0.0,0.012,0.0,410000000.0,665000000.0,0.375,665000000.0,410000000.0,408000000.0,0.42,0.42,0.42,15551000000.0,,15551000000.0,31404534946.0,30.0,15.64,-117000000.0,-0.134,1.0,847000000.0,0.477,5357000000.0,2000000.0,21015000000.0,,1387000000.0,1155000000.0,0.0,1155000000.0,9001000000.0,1613000000.0,7388000000.0,28285534946.0,667000000.0,0.0,10000000.0,718000000.0,0.0,807000000.0,-486000000.0,-2000000.0,349000000.0,-3000000.0,371000000.0,371000000.0,371000000.0,-3000000.0,2000000.0,0.209,416000000.0,431000000.0,908000000.0,0.0,1.819,44.058,44.411,11808000000.0,0.0,32.42,3.807,3.807,210000000.0,2632000000.0,1775000000.0,1775000000.0,30000000.0,,,,,0.0,35000000.0,1.0,872471775.0,872471775.0,,2.034,19464000000.0,814000000.0,37000000.0,609000000.0,22.309,2926000000.0
49,GOLD,MRQ,2008-12-31,2008-12-31,2008-12-31,2021-08-09,-356000000.0,24161000000.0,,4112000000.0,20049000000.0,,17.562,-587000000.0,1437000000.0,1437000000.0,1021000000.0,-474000000.0,2.23,0.57,4556000000.0,206000000.0,4350000000.0,4556000000.0,0.0,190000000.0,0.0,0.011,0.2,-300000000.0,-110000000.0,-0.061,-110000000.0,-300000000.0,-300000000.0,-0.54,-0.41,-0.54,15277000000.0,,15277000000.0,34821731422.0,25.0,14.774,-100000000.0,-0.115,1.0,789000000.0,0.436,5354000000.0,0.0,20082000000.0,,1278000000.0,1145000000.0,0.0,1145000000.0,8702000000.0,1844000000.0,6858000000.0,31985731422.0,-309000000.0,-52000000.0,3000000.0,-30000000.0,-175000000.0,-241000000.0,-563000000.0,-2000000.0,487000000.0,8000000.0,-468000000.0,-468000000.0,-468000000.0,104000000.0,-6000000.0,-0.259,1087000000.0,-298000000.0,953000000.0,-0.37,2.094,40.746,40.856,11505000000.0,0.0,36.77,4.201,4.201,197000000.0,2261000000.0,1810000000.0,1810000000.0,46000000.0,,,,,0.0,45000000.0,1.0,869886631.0,869886631.0,,2.081,18807000000.0,869000000.0,168000000.0,754000000.0,21.62,2268000000.0
50,GOLD,MRQ,2008-09-30,2008-09-30,2008-09-30,2021-08-09,-100000000.0,24360000000.0,,4065000000.0,20295000000.0,,18.577,-571000000.0,1746000000.0,1746000000.0,1028000000.0,264000000.0,2.91,0.495,4582000000.0,200000000.0,4382000000.0,4582000000.0,0.0,262000000.0,0.0,0.01,0.0,286000000.0,548000000.0,0.292,548000000.0,286000000.0,279000000.0,0.29,0.29,0.29,16160000000.0,,16160000000.0,34350634823.0,15.0,10.681,-27000000.0,-0.031,1.0,850000000.0,0.453,6031000000.0,7000000.0,19768000000.0,,1409000000.0,1123000000.0,0.0,1123000000.0,8007000000.0,1397000000.0,6610000000.0,31959634823.0,-188000000.0,-396000000.0,1000000.0,204000000.0,0.0,262000000.0,-979000000.0,19000000.0,544000000.0,-15000000.0,254000000.0,254000000.0,254000000.0,0.0,10000000.0,0.135,471000000.0,379000000.0,989000000.0,0.0,1.978,17.855,17.835,11230000000.0,0.0,36.74,4.318,4.318,238000000.0,2904000000.0,1878000000.0,1878000000.0,55000000.0,,,,,0.0,39000000.0,1.0,869886631.0,869886631.0,,2.159,18329000000.0,0.0,25000000.0,726000000.0,21.071,2668000000.0
51,GOLD,MRQ,2008-06-30,2008-06-30,2008-06-30,2021-08-09,245000000.0,24355000000.0,,4412000000.0,19943000000.0,,18.685,-326000000.0,1934000000.0,1934000000.0,882000000.0,490000000.0,2.973,0.491,4325000000.0,237000000.0,4088000000.0,4325000000.0,0.0,264000000.0,0.0,0.008,0.2,641000000.0,905000000.0,0.46,905000000.0,641000000.0,633000000.0,0.56,0.55,0.56,16254000000.0,,16254000000.0,42019841710.0,18.0,12.276,179000000.0,0.206,1.0,1085000000.0,0.552,5952000000.0,8000000.0,19310000000.0,,1320000000.0,1264000000.0,0.0,1264000000.0,7977000000.0,1484000000.0,6493000000.0,39579841710.0,3000000.0,-4000000.0,0.0,-45000000.0,-174000000.0,-193000000.0,-312000000.0,54000000.0,505000000.0,3000000.0,485000000.0,485000000.0,485000000.0,0.0,5000000.0,0.247,489000000.0,596000000.0,867000000.0,0.357,2.435,21.042,20.968,10483000000.0,0.0,45.5,5.491,5.491,238000000.0,2657000000.0,1967000000.0,1967000000.0,54000000.0,,,,,0.0,38000000.0,1.0,869886631.0,869886631.0,,2.261,18403000000.0,0.0,148000000.0,981000000.0,21.156,2928000000.0
52,GOLD,MRQ,2008-03-31,2008-03-31,2008-03-31,2021-08-09,17000000.0,23893000000.0,,4242000000.0,19651000000.0,,18.061,-265000000.0,1931000000.0,1931000000.0,775000000.0,517000000.0,2.685,0.515,4371000000.0,234000000.0,4137000000.0,4371000000.0,0.0,241000000.0,0.0,0.007,0.0,773000000.0,1014000000.0,0.518,1014000000.0,773000000.0,767000000.0,0.59,0.58,0.59,15711000000.0,,15711000000.0,38975574117.0,17.0,11.793,453000000.0,0.521,1.0,1183000000.0,0.604,5940000000.0,6000000.0,18813000000.0,,1246000000.0,1270000000.0,0.0,1270000000.0,8089000000.0,1580000000.0,6509000000.0,37796574117.0,-276000000.0,-1722000000.0,70000000.0,985000000.0,0.0,1065000000.0,-2066000000.0,-13000000.0,718000000.0,7000000.0,514000000.0,514000000.0,514000000.0,0.0,3000000.0,0.263,416000000.0,767000000.0,874000000.0,0.0,2.406,21.092,20.99,10339000000.0,0.0,43.45,5.491,5.491,291000000.0,2346000000.0,1958000000.0,1958000000.0,43000000.0,,,,,0.0,33000000.0,1.0,869886631.0,869886631.0,,2.251,17953000000.0,0.0,253000000.0,858000000.0,20.638,2662000000.0
53,GOLD,MRQ,2007-12-31,2007-12-31,2007-12-31,2021-08-09,151000000.0,21951000000.0,,4299000000.0,17652000000.0,,17.658,-308000000.0,2207000000.0,2207000000.0,688000000.0,523000000.0,3.317,0.433,3386000000.0,233000000.0,3153000000.0,3386000000.0,0.0,203000000.0,0.0,0.007,0.15,546000000.0,749000000.0,0.468,749000000.0,546000000.0,524000000.0,0.62,0.52,0.62,15256000000.0,,15256000000.0,37037425364.0,24.0,14.61,404000000.0,0.468,1.0,911000000.0,0.57,5915000000.0,22000000.0,15919000000.0,,1129000000.0,1227000000.0,0.0,1227000000.0,6613000000.0,1296000000.0,5317000000.0,36329425364.0,-511000000.0,-863000000.0,20000000.0,-58000000.0,-131000000.0,-169000000.0,-1029000000.0,683000000.0,712000000.0,-4000000.0,537000000.0,537000000.0,537000000.0,-64000000.0,-14000000.0,0.336,449000000.0,462000000.0,808000000.0,0.242,2.381,32.466,32.597,8585000000.0,0.0,42.05,6.041,6.041,256000000.0,1832000000.0,1599000000.0,1599000000.0,50000000.0,,,,,0.0,51000000.0,1.0,863957797.0,863957797.0,,1.851,16036000000.0,722000000.0,-13000000.0,841000000.0,18.561,3003000000.0
54,GOLD,MRQ,2007-09-30,2007-09-30,2007-09-30,2021-08-09,121000000.0,21421000000.0,,4780000000.0,16641000000.0,,17.12,-249000000.0,2718000000.0,2718000000.0,794000000.0,345000000.0,3.864,0.442,3426000000.0,238000000.0,3188000000.0,3426000000.0,0.0,324000000.0,0.0,0.006,0.0,431000000.0,755000000.0,0.448,755000000.0,431000000.0,403000000.0,0.4,0.39,0.4,14791000000.0,,14791000000.0,35653220063.0,23.0,13.814,308000000.0,0.356,1.0,890000000.0,0.529,5975000000.0,28000000.0,14917000000.0,,1064000000.0,470000000.0,0.0,470000000.0,6540000000.0,1237000000.0,5303000000.0,34800220063.0,134000000.0,-259000000.0,81000000.0,-19000000.0,0.0,62000000.0,-514000000.0,-65000000.0,557000000.0,8000000.0,345000000.0,345000000.0,345000000.0,0.0,0.0,0.205,512000000.0,378000000.0,763000000.0,0.0,2.353,34.8,34.427,8518000000.0,0.0,40.28,6.039,6.039,307000000.0,1426000000.0,1684000000.0,1684000000.0,48000000.0,,,,,0.0,38000000.0,1.0,863957797.0,863957797.0,,1.949,15446000000.0,0.0,58000000.0,833000000.0,17.878,3543000000.0
55,GOLD,MRQ,2007-06-30,2007-06-30,2007-06-30,2021-08-09,93000000.0,20794000000.0,,4503000000.0,16291000000.0,,16.586,-230000000.0,2584000000.0,2584000000.0,776000000.0,396000000.0,3.94,0.447,3437000000.0,256000000.0,3181000000.0,3437000000.0,0.0,243000000.0,0.0,0.009,0.15,544000000.0,787000000.0,0.479,787000000.0,544000000.0,517000000.0,0.46,0.44,0.46,14330000000.0,,14330000000.0,26255253159.0,16.0,10.284,106000000.0,0.123,1.0,866000000.0,0.527,5928000000.0,27000000.0,14576000000.0,,981000000.0,476000000.0,0.0,476000000.0,6402000000.0,1143000000.0,5259000000.0,25115253159.0,-375000000.0,0.0,10000000.0,-649000000.0,-130000000.0,-966000000.0,251000000.0,0.0,336000000.0,4000000.0,396000000.0,396000000.0,396000000.0,-9000000.0,0.0,0.241,428000000.0,438000000.0,672000000.0,0.326,1.753,23.694,23.444,8456000000.0,0.0,29.07,4.452,4.452,244000000.0,1081000000.0,1642000000.0,1642000000.0,40000000.0,,,,,0.0,33000000.0,1.0,863957797.0,863957797.0,,1.901,14866000000.0,0.0,121000000.0,830000000.0,17.207,3360000000.0
56,GOLD,MRQ,2007-03-31,2007-03-31,2007-03-31,2021-08-09,126000000.0,21486000000.0,,4761000000.0,16725000000.0,,16.301,-248000000.0,2959000000.0,2959000000.0,740000000.0,-159000000.0,2.455,0.525,4099000000.0,861000000.0,3238000000.0,4099000000.0,0.0,220000000.0,0.0,0.008,0.0,24000000.0,244000000.0,0.224,244000000.0,24000000.0,-12000000.0,-0.18,-0.18,-0.18,14083000000.0,,14083000000.0,25729995104.0,15.0,10.09,-85000000.0,-0.098,1.0,349000000.0,0.32,5929000000.0,36000000.0,14758000000.0,,946000000.0,995000000.0,0.0,995000000.0,7400000000.0,1939000000.0,5461000000.0,24665995104.0,-84000000.0,0.0,31000000.0,-9000000.0,0.0,22000000.0,-270000000.0,-4000000.0,163000000.0,1000000.0,-159000000.0,-159000000.0,-159000000.0,0.0,0.0,-0.146,358000000.0,-9000000.0,738000000.0,0.0,1.751,21.964,21.794,8381000000.0,0.0,28.55,4.46,4.46,211000000.0,815000000.0,1089000000.0,1089000000.0,30000000.0,,,,,0.0,33000000.0,1.0,863957797.0,863957797.0,,1.26,15557000000.0,0.0,147000000.0,849000000.0,18.007,2822000000.0
57,GOLD,MRQ,2006-12-31,2006-12-31,2006-12-31,2021-08-09,119000000.0,21510000000.0,,4796000000.0,16714000000.0,,26.388,-344000000.0,3043000000.0,3043000000.0,731000000.0,418000000.0,2.59,0.511,4107000000.0,863000000.0,3244000000.0,4107000000.0,0.0,265000000.0,0.0,0.007,0.11,530000000.0,795000000.0,0.59,795000000.0,530000000.0,490000000.0,0.49,0.14,0.49,14199000000.0,,14199000000.0,18472113562.0,9.0,6.707,16000000.0,0.03,1.0,617000000.0,0.458,5930000000.0,40000000.0,14792000000.0,,931000000.0,973000000.0,0.0,973000000.0,7255000000.0,1852000000.0,5403000000.0,16519113562.0,1282000000.0,-1544000000.0,13000000.0,389000000.0,-95000000.0,329000000.0,2212000000.0,-297000000.0,360000000.0,0.0,418000000.0,418000000.0,418000000.0,-294000000.0,0.0,0.31,499000000.0,118000000.0,686000000.0,0.224,1.163,10.969,17.151,8390000000.0,0.0,30.7,2.934,2.934,234000000.0,974000000.0,1348000000.0,1348000000.0,45000000.0,,,,,0.0,44000000.0,1.0,538081875.0,538081875.0,,2.505,15580000000.0,0.0,72000000.0,798000000.0,28.955,2944000000.0
58,GOLD,MRQ,2006-09-30,2006-09-30,2006-09-30,2021-08-09,-60000000.0,20689000000.0,,3346000000.0,17343000000.0,,25.418,-209000000.0,1766000000.0,1766000000.0,695000000.0,405000000.0,1.679,0.473,3719000000.0,831000000.0,2888000000.0,3719000000.0,0.0,184000000.0,0.0,0.007,0.0,543000000.0,727000000.0,0.465,727000000.0,543000000.0,506000000.0,0.47,0.45,0.47,13677000000.0,,13677000000.0,19822875200.0,12.0,8.752,539000000.0,1.002,1.0,867000000.0,0.555,7711000000.0,37000000.0,12938000000.0,,1289000000.0,464000000.0,0.0,464000000.0,6464000000.0,1993000000.0,4471000000.0,16529875200.0,331000000.0,-145000000.0,11000000.0,1000000.0,0.0,-139000000.0,-277000000.0,0.0,748000000.0,-1000000.0,405000000.0,405000000.0,405000000.0,-9000000.0,0.0,0.259,371000000.0,496000000.0,635000000.0,0.0,1.209,13.088,18.963,6927000000.0,0.0,30.72,3.269,3.269,286000000.0,651000000.0,1562000000.0,1562000000.0,49000000.0,,,,,0.0,33000000.0,1.0,538081875.0,538081875.0,,2.903,12978000000.0,0.0,101000000.0,706000000.0,24.119,1353000000.0
59,GOLD,MRQ,2006-06-30,2006-06-30,2006-06-30,2021-08-09,,,,,,,,-289000000.0,,,628000000.0,459000000.0,,,,,,,,160000000.0,,0.007,0.11,624000000.0,784000000.0,0.512,784000000.0,624000000.0,590000000.0,0.53,0.53,0.53,,,,19220223500.0,16.0,10.69,369000000.0,0.686,1.0,904000000.0,0.59,,34000000.0,,,,,,,,,,15927223500.0,185000000.0,1641000000.0,23000000.0,-821000000.0,-96000000.0,-1776000000.0,-323000000.0,-21000000.0,658000000.0,-3000000.0,459000000.0,459000000.0,459000000.0,4000000.0,0.0,0.3,285000000.0,619000000.0,,0.208,,16.403,21.765,,0.0,29.6,3.865,3.865,,,1532000000.0,1532000000.0,44000000.0,,,,,0.0,31000000.0,1.0,538081875.0,538081875.0,,2.847,,,131000000.0,,,
60,GOLD,MRQ,2006-03-31,2006-03-31,2006-03-31,2021-08-09,-59000000.0,21228000000.0,,4189000000.0,17039000000.0,,23.902,-245000000.0,1245000000.0,1245000000.0,656000000.0,224000000.0,1.206,0.612,4538000000.0,1571000000.0,2967000000.0,4538000000.0,0.0,165000000.0,0.0,0.008,0.0,283000000.0,448000000.0,0.377,448000000.0,283000000.0,268000000.0,0.29,0.29,0.29,12861000000.0,,12861000000.0,15421350275.0,23.0,13.192,140000000.0,0.26,1.0,532000000.0,0.448,7604000000.0,15000000.0,13444000000.0,,1115000000.0,408000000.0,0.0,408000000.0,7865000000.0,3473000000.0,4392000000.0,14657350275.0,208000000.0,-160000000.0,27000000.0,1039000000.0,0.0,250000000.0,-417000000.0,-5000000.0,385000000.0,0.0,224000000.0,224000000.0,224000000.0,2000000.0,0.0,0.189,280000000.0,252000000.0,636000000.0,0.0,1.14,25.942,29.29,7729000000.0,0.0,27.24,4.803,4.803,197000000.0,-117000000.0,1188000000.0,1188000000.0,52000000.0,,,,,0.0,34000000.0,1.0,538081875.0,538081875.0,,2.208,13624000000.0,0.0,44000000.0,620000000.0,25.32,716000000.0
61,GOLD,MRQ,2005-12-31,2005-12-31,2005-12-31,2021-08-09,-31000000.0,6862000000.0,,1748000000.0,5114000000.0,,7.215,-269000000.0,1037000000.0,1037000000.0,351000000.0,175000000.0,3.121,0.782,1801000000.0,80000000.0,1721000000.0,1801000000.0,0.0,129000000.0,0.0,0.008,0.11,177000000.0,306000000.0,0.395,306000000.0,177000000.0,175000000.0,0.33,0.32,0.33,3850000000.0,,3850000000.0,15528740406.0,33.0,17.428,0.0,0.0,1.0,423000000.0,0.547,0.0,2000000.0,7066000000.0,,402000000.0,200000000.0,0.0,200000000.0,3012000000.0,560000000.0,2452000000.0,14870740406.0,-68000000.0,0.0,4000000.0,-12000000.0,-59000000.0,-67000000.0,-268000000.0,7000000.0,269000000.0,-2000000.0,175000000.0,175000000.0,175000000.0,0.0,0.0,0.226,297000000.0,126000000.0,386000000.0,0.333,3.863,37.084,37.16,4146000000.0,0.0,27.87,6.333,6.333,54000000.0,-341000000.0,774000000.0,774000000.0,14000000.0,,,,,0.0,18000000.0,1.0,533575185.0,533575185.0,,1.451,6862000000.0,0.0,0.0,114000000.0,12.86,1188000000.0
62,GOLD,MRQ,2005-09-30,2005-09-30,2005-09-30,2021-08-09,41000000.0,6790000000.0,,1840000000.0,4950000000.0,,7.129,-323000000.0,1105000000.0,1105000000.0,310000000.0,113000000.0,3.608,0.785,1763000000.0,0.0,1763000000.0,1763000000.0,0.0,111000000.0,0.0,0.008,0.0,149000000.0,260000000.0,0.415,260000000.0,149000000.0,149000000.0,0.21,0.21,0.21,3804000000.0,,3804000000.0,16143359124.0,65.0,25.028,-91000000.0,-0.171,1.0,317000000.0,0.506,0.0,0.0,6938000000.0,,361000000.0,215000000.0,0.0,215000000.0,2986000000.0,510000000.0,2476000000.0,15500359124.0,-26000000.0,0.0,50000000.0,9000000.0,0.0,59000000.0,-322000000.0,-3000000.0,232000000.0,5000000.0,113000000.0,113000000.0,113000000.0,0.0,0.0,0.18,165000000.0,152000000.0,421000000.0,0.0,4.075,39.949,39.795,3982000000.0,0.0,29.05,7.47,7.47,50000000.0,-455000000.0,627000000.0,627000000.0,27000000.0,,,,,0.0,17000000.0,1.0,533575185.0,533575185.0,,1.175,6790000000.0,0.0,36000000.0,148000000.0,12.725,1330000000.0
63,GOLD,MRQ,2005-06-30,2005-06-30,2005-06-30,2021-08-09,32000000.0,6483000000.0,,1830000000.0,4653000000.0,,6.807,-270000000.0,1131000000.0,1131000000.0,266000000.0,53000000.0,4.067,0.785,1774000000.0,0.0,1774000000.0,1774000000.0,0.0,94000000.0,0.0,0.009,0.11,61000000.0,155000000.0,0.335,155000000.0,61000000.0,60000000.0,0.1,0.1,0.1,3632000000.0,,3632000000.0,13723386881.0,97.0,25.181,-169000000.0,-0.317,1.0,197000000.0,0.425,0.0,1000000.0,6676000000.0,,336000000.0,199000000.0,0.0,199000000.0,2851000000.0,450000000.0,2401000000.0,13355386881.0,-197000000.0,15000000.0,10000000.0,75000000.0,-59000000.0,25000000.0,-323000000.0,-55000000.0,101000000.0,-2000000.0,53000000.0,53000000.0,53000000.0,0.0,0.0,0.114,150000000.0,47000000.0,367000000.0,1.1,3.677,43.503,43.155,3732000000.0,0.0,25.03,6.856,6.856,62000000.0,-568000000.0,463000000.0,463000000.0,37000000.0,,,,,0.0,19000000.0,1.0,533575185.0,533575185.0,,0.868,6483000000.0,0.0,7000000.0,130000000.0,12.15,1380000000.0
64,GOLD,MRQ,2005-03-31,2005-03-31,2005-03-31,2021-08-09,49000000.0,6451000000.0,,1946000000.0,4505000000.0,,6.809,-242000000.0,1330000000.0,1330000000.0,271000000.0,66000000.0,4.277,0.776,1698000000.0,0.0,1698000000.0,1698000000.0,0.0,93000000.0,0.0,0.009,0.0,83000000.0,176000000.0,0.364,176000000.0,83000000.0,83000000.0,0.12,0.12,0.12,3633000000.0,,3633000000.0,13041461433.0,132.0,24.888,-120000000.0,-0.225,1.0,213000000.0,0.44,0.0,0.0,6364000000.0,,235000000.0,141000000.0,0.0,141000000.0,2818000000.0,455000000.0,2363000000.0,12784461433.0,-67000000.0,0.0,28000000.0,48000000.0,0.0,76000000.0,-265000000.0,-28000000.0,122000000.0,-1000000.0,66000000.0,66000000.0,66000000.0,0.0,0.0,0.136,148000000.0,65000000.0,365000000.0,0.0,3.519,44.39,44.37,3773000000.0,0.0,23.96,6.593,6.593,52000000.0,-573000000.0,484000000.0,484000000.0,31000000.0,,,,,0.0,17000000.0,1.0,533575185.0,533575185.0,,0.907,6451000000.0,0.0,17000000.0,137000000.0,12.09,1491000000.0
65,GOLD,MRQ,2004-12-31,2004-12-31,2004-12-31,2021-08-09,69000000.0,6287000000.0,,1959000000.0,4328000000.0,,6.677,-288000000.0,1398000000.0,1398000000.0,252000000.0,156000000.0,4.664,0.759,1686000000.0,31000000.0,1655000000.0,1686000000.0,0.0,100000000.0,0.0,0.009,0.11,-46000000.0,54000000.0,0.108,54000000.0,-46000000.0,-47000000.0,0.3,0.29,0.3,3574000000.0,,3574000000.0,13055760498.0,204.0,25.302,-165000000.0,-0.308,1.0,249000000.0,0.497,0.0,1000000.0,6155000000.0,,280000000.0,147000000.0,0.0,147000000.0,2713000000.0,420000000.0,2293000000.0,12963760498.0,623000000.0,0.0,20000000.0,792000000.0,-59000000.0,741000000.0,-244000000.0,7000000.0,123000000.0,3000000.0,156000000.0,156000000.0,156000000.0,0.0,0.0,0.311,353000000.0,-104000000.0,335000000.0,0.367,3.627,52.273,51.532,3617000000.0,0.0,24.22,6.71,6.71,58000000.0,-624000000.0,501000000.0,501000000.0,40000000.0,,,,,0.0,21000000.0,1.0,535250227.0,535250227.0,,0.936,6287000000.0,0.0,-203000000.0,139000000.0,11.746,1539000000.0
66,GOLD,MRQ,2004-09-30,2004-09-30,2004-09-30,2021-08-09,69000000.0,6287000000.0,,1957000000.0,4330000000.0,,6.681,-218000000.0,1398000000.0,1398000000.0,279000000.0,32000000.0,4.682,0.758,1655000000.0,0.0,1655000000.0,1655000000.0,0.0,117000000.0,0.0,0.01,0.0,43000000.0,160000000.0,0.32,160000000.0,43000000.0,37000000.0,0.06,0.06,0.06,3576000000.0,,3576000000.0,11272664776.0,59.0,16.7,-66000000.0,-0.123,1.0,221000000.0,0.442,0.0,6000000.0,6126000000.0,,215000000.0,147000000.0,0.0,147000000.0,2711000000.0,418000000.0,2293000000.0,11261664776.0,90000000.0,0.0,3000000.0,167000000.0,0.0,154000000.0,-219000000.0,0.0,152000000.0,3000000.0,32000000.0,32000000.0,32000000.0,0.0,0.0,0.064,183000000.0,38000000.0,335000000.0,0.0,3.149,66.637,67.871,3617000000.0,0.0,21.04,5.725,5.725,58000000.0,-622000000.0,500000000.0,500000000.0,38000000.0,,,,,0.0,16000000.0,1.0,535250227.0,535250227.0,,0.934,6287000000.0,0.0,5000000.0,139000000.0,11.746,1539000000.0
67,GOLD,MRQ,2004-06-30,2004-06-30,2004-06-30,2021-08-09,-44000000.0,5066000000.0,,1028000000.0,4038000000.0,,6.182,-189000000.0,685000000.0,685000000.0,266000000.0,34000000.0,2.691,0.531,696000000.0,0.0,696000000.0,696000000.0,0.0,115000000.0,0.0,0.011,0.11,19000000.0,134000000.0,0.295,134000000.0,19000000.0,15000000.0,0.06,0.06,0.06,3309000000.0,,3309000000.0,10442191983.0,48.0,14.543,-81000000.0,-0.151,1.0,188000000.0,0.414,0.0,4000000.0,4695000000.0,,183000000.0,139000000.0,0.0,139000000.0,1757000000.0,382000000.0,1375000000.0,10571191983.0,-159000000.0,0.0,13000000.0,-27000000.0,-59000000.0,-73000000.0,-194000000.0,-8000000.0,108000000.0,-6000000.0,34000000.0,34000000.0,34000000.0,0.0,0.0,0.075,167000000.0,21000000.0,277000000.0,1.833,3.195,61.46,61.719,3450000000.0,0.0,19.75,5.244,5.244,74000000.0,-753000000.0,454000000.0,454000000.0,34000000.0,,,,,0.0,18000000.0,1.0,535250227.0,535250227.0,,0.848,5066000000.0,0.0,-19000000.0,143000000.0,9.465,646000000.0
68,GOLD,MRQ,2004-03-31,2004-03-31,2004-03-31,2021-08-09,72000000.0,5295000000.0,,1209000000.0,4086000000.0,,6.421,-129000000.0,850000000.0,850000000.0,254000000.0,26000000.0,3.464,0.541,721000000.0,0.0,721000000.0,721000000.0,0.0,120000000.0,0.0,0.009,0.0,48000000.0,168000000.0,0.352,168000000.0,48000000.0,40000000.0,0.05,0.05,0.05,3437000000.0,,3437000000.0,12477250398.0,49.0,16.204,-3000000.0,-0.006,1.0,223000000.0,0.468,0.0,8000000.0,4817000000.0,,162000000.0,166000000.0,0.0,166000000.0,1858000000.0,349000000.0,1509000000.0,12728250398.0,-120000000.0,0.0,-82000000.0,0.0,0.0,-82000000.0,-164000000.0,-41000000.0,126000000.0,0.0,26000000.0,26000000.0,26000000.0,0.0,0.0,0.055,165000000.0,58000000.0,261000000.0,0.0,3.703,64.61,64.27,3383000000.0,0.0,23.78,6.2,6.2,72000000.0,-728000000.0,477000000.0,477000000.0,29000000.0,,,,,0.0,16000000.0,1.0,535250227.0,535250227.0,,0.891,5295000000.0,0.0,14000000.0,217000000.0,9.893,860000000.0
69,GOLD,MRQ,2003-12-31,2003-12-31,2003-12-31,2021-08-09,73000000.0,5358000000.0,,1368000000.0,3990000000.0,,6.454,-106000000.0,970000000.0,970000000.0,245000000.0,77000000.0,3.758,0.533,719000000.0,0.0,719000000.0,719000000.0,0.0,132000000.0,0.0,0.01,0.11,81000000.0,213000000.0,0.397,213000000.0,81000000.0,73000000.0,0.14,0.05,0.14,3494000000.0,,3494000000.0,12010160435.0,48.0,15.577,34000000.0,0.063,1.0,291000000.0,0.543,0.0,8000000.0,4743000000.0,,164000000.0,130000000.0,0.0,130000000.0,1864000000.0,364000000.0,1500000000.0,12295160435.0,-70000000.0,0.0,0.0,-14000000.0,-58000000.0,-54000000.0,-156000000.0,-60000000.0,140000000.0,1000000.0,77000000.0,77000000.0,77000000.0,0.0,0.0,0.144,178000000.0,113000000.0,245000000.0,0.786,3.519,61.476,61.378,3363000000.0,0.0,22.71,6.042,6.042,56000000.0,-694000000.0,536000000.0,536000000.0,36000000.0,,,,,0.0,10000000.0,1.0,541398522.0,541398522.0,,0.99,5358000000.0,0.0,-4000000.0,317000000.0,9.897,1004000000.0
70,GOLD,MRQ,2003-09-30,2003-09-30,2003-09-30,2021-08-09,-26000000.0,7604000000.0,,1329000000.0,6275000000.0,,10.266,-81000000.0,1039000000.0,1039000000.0,290000000.0,35000000.0,2.621,0.368,754000000.0,0.0,754000000.0,754000000.0,0.0,134000000.0,0.0,0.012,0.0,69000000.0,203000000.0,0.37,203000000.0,69000000.0,57000000.0,0.07,0.07,0.07,5558000000.0,,5558000000.0,9909534169.0,40.0,12.903,106000000.0,0.196,1.0,259000000.0,0.472,1942000000.0,12000000.0,4870000000.0,,166000000.0,48000000.0,27000000.0,21000000.0,2046000000.0,507000000.0,1539000000.0,10194534169.0,46000000.0,0.0,-91000000.0,0.0,0.0,-83000000.0,-58000000.0,0.0,187000000.0,1000000.0,35000000.0,35000000.0,35000000.0,0.0,0.0,0.064,193000000.0,66000000.0,198000000.0,0.0,1.834,51.488,50.892,4033000000.0,0.0,18.83,4.997,4.997,67000000.0,614000000.0,549000000.0,549000000.0,38000000.0,,,,,0.0,21000000.0,1.0,541398522.0,541398522.0,,1.014,5662000000.0,0.0,22000000.0,488000000.0,10.458,822000000.0
71,GOLD,MRQ,2003-06-30,2003-06-30,2003-06-30,2021-08-09,-22000000.0,7549000000.0,,1264000000.0,6285000000.0,,10.338,-69000000.0,992000000.0,992000000.0,271000000.0,59000000.0,4.359,0.349,707000000.0,0.0,707000000.0,707000000.0,0.0,131000000.0,0.0,0.012,0.11,55000000.0,186000000.0,0.379,186000000.0,55000000.0,44000000.0,0.11,0.11,0.11,5597000000.0,,5597000000.0,9337033544.0,40.0,12.383,-7000000.0,-0.013,1.0,220000000.0,0.448,1952000000.0,11000000.0,5022000000.0,,177000000.0,28000000.0,28000000.0,0.0,1952000000.0,290000000.0,1662000000.0,9691033544.0,-127000000.0,0.0,-63000000.0,-9000000.0,-60000000.0,-130000000.0,-59000000.0,0.0,62000000.0,4000000.0,59000000.0,59000000.0,59000000.0,0.0,0.0,0.12,185000000.0,35000000.0,155000000.0,1.0,1.731,48.214,48.378,4072000000.0,0.0,17.9,4.947,4.947,67000000.0,608000000.0,491000000.0,491000000.0,34000000.0,,,,,0.0,20000000.0,1.0,541398522.0,541398522.0,,0.907,5597000000.0,0.0,-15000000.0,545000000.0,10.338,974000000.0
72,GOLD,MRQ,2003-03-31,2003-03-31,2003-03-31,2021-08-09,-85000000.0,5351000000.0,,1404000000.0,3947000000.0,,6.28,-66000000.0,1115000000.0,1115000000.0,263000000.0,29000000.0,3.383,0.572,761000000.0,0.0,761000000.0,761000000.0,0.0,125000000.0,0.0,0.014,0.0,44000000.0,169000000.0,0.368,169000000.0,44000000.0,31000000.0,0.05,0.05,0.05,3404000000.0,,3404000000.0,8244520000.0,33.0,11.022,65000000.0,0.12,1.0,196000000.0,0.427,0.0,13000000.0,4582000000.0,,189000000.0,28000000.0,28000000.0,0.0,1947000000.0,415000000.0,1532000000.0,8433520000.0,71000000.0,0.0,0.0,0.0,0.0,1000000.0,-61000000.0,0.0,131000000.0,0.0,29000000.0,29000000.0,29000000.0,0.0,0.0,0.063,176000000.0,20000000.0,163000000.0,0.0,2.478,43.472,43.222,3529000000.0,0.0,15.56,4.323,4.323,72000000.0,-660000000.0,459000000.0,459000000.0,29000000.0,,,,,0.0,22000000.0,1.0,542000000.0,542000000.0,,0.847,5351000000.0,0.0,2000000.0,299000000.0,9.873,989000000.0
73,GOLD,MRQ,2002-12-31,2002-12-31,2002-12-31,2021-08-09,-125000000.0,5261000000.0,,1322000000.0,3939000000.0,,6.151,-28000000.0,1044000000.0,1044000000.0,277000000.0,75000000.0,2.737,0.578,761000000.0,0.0,761000000.0,761000000.0,0.0,133000000.0,0.0,0.014,0.11,77000000.0,210000000.0,0.388,210000000.0,77000000.0,71000000.0,0.14,0.14,0.14,3334000000.0,,3334000000.0,8163220000.0,35.0,10.841,132000000.0,0.244,1.0,264000000.0,0.488,0.0,6000000.0,4495000000.0,,159000000.0,41000000.0,0.0,41000000.0,1927000000.0,483000000.0,1444000000.0,8352220000.0,55000000.0,0.0,-83000000.0,-22000000.0,-59000000.0,-81000000.0,-24000000.0,0.0,160000000.0,1000000.0,75000000.0,75000000.0,75000000.0,0.0,0.0,0.139,195000000.0,69000000.0,213000000.0,0.786,2.505,43.276,42.806,3583000000.0,0.0,15.41,4.246,4.246,72000000.0,-689000000.0,541000000.0,541000000.0,61000000.0,,,,,0.0,1000000.0,1.0,542000000.0,542000000.0,,0.998,5261000000.0,0.0,-4000000.0,155000000.0,9.707,839000000.0
74,GOLD,MRQ,2002-09-30,2002-09-30,2002-09-30,2021-08-09,-136000000.0,5210000000.0,,1223000000.0,3987000000.0,,6.137,-69000000.0,988000000.0,988000000.0,254000000.0,38000000.0,2.718,0.566,799000000.0,33000000.0,766000000.0,799000000.0,0.0,132000000.0,0.0,0.014,0.0,57000000.0,189000000.0,0.404,189000000.0,57000000.0,40000000.0,0.07,0.07,0.07,3326000000.0,,3326000000.0,8342100000.0,160.0,9.127,68000000.0,0.125,1.0,214000000.0,0.457,0.0,17000000.0,4571000000.0,,172000000.0,0.0,0.0,0.0,1884000000.0,450000000.0,1434000000.0,8428100000.0,101000000.0,0.0,2000000.0,-2000000.0,0.0,0.0,-36000000.0,29000000.0,137000000.0,0.0,38000000.0,38000000.0,38000000.0,0.0,0.0,0.081,167000000.0,47000000.0,417000000.0,0.0,2.534,301.004,259.167,3688000000.0,0.0,15.55,4.356,4.356,63000000.0,-684000000.0,468000000.0,468000000.0,19000000.0,,,,,0.0,16000000.0,1.0,542000000.0,542000000.0,,0.863,5210000000.0,0.0,2000000.0,235000000.0,9.613,773000000.0
75,GOLD,MRQ,2002-06-30,2002-06-30,2002-06-30,2021-08-09,-109000000.0,5218000000.0,,1171000000.0,4047000000.0,,6.124,-75000000.0,887000000.0,887000000.0,273000000.0,52000000.0,2.46,0.572,801000000.0,20000000.0,781000000.0,801000000.0,0.0,106000000.0,0.0,0.012,0.11,74000000.0,180000000.0,0.373,180000000.0,74000000.0,53000000.0,0.1,0.1,0.1,3319000000.0,,3319000000.0,,,,87000000.0,0.161,1.0,210000000.0,0.435,0.0,21000000.0,4656000000.0,,192000000.0,29000000.0,29000000.0,0.0,1899000000.0,476000000.0,1423000000.0,10292580000.0,134000000.0,0.0,46000000.0,0.0,-60000000.0,-14000000.0,-14000000.0,58000000.0,162000000.0,0.0,52000000.0,52000000.0,52000000.0,0.0,0.0,0.108,135000000.0,75000000.0,456000000.0,1.1,3.101,210.053,189.9,3766000000.0,0.0,18.99,5.325,5.325,63000000.0,-718000000.0,483000000.0,483000000.0,13000000.0,,,,,0.0,16000000.0,1.0,542000000.0,542000000.0,,0.891,5218000000.0,0.0,1000000.0,232000000.0,9.627,695000000.0
76,GOLD,MRQ,2002-03-31,2002-03-31,2002-03-31,2021-08-09,,,,,,,,-51000000.0,,,266000000.0,46000000.0,,,,,,,,123000000.0,,0.012,0.0,60000000.0,183000000.0,0.383,183000000.0,60000000.0,47000000.0,0.09,0.09,0.09,,,,,,,73000000.0,,1.0,212000000.0,0.444,,13000000.0,,,,,,,,,,,179000000.0,0.0,35000000.0,-1000000.0,0.0,34000000.0,21000000.0,72000000.0,124000000.0,0.0,46000000.0,46000000.0,46000000.0,0.0,0.0,0.096,160000000.0,52000000.0,,0.0,,,168.727,,0.0,18.56,,,,,478000000.0,478000000.0,20000000.0,,,,,0.0,17000000.0,1.0,,,,,,,1000000.0,,,
77,GOLD,MRQ,2001-12-31,2001-12-31,2001-12-31,2021-08-09,-107000000.0,5202000000.0,,1062000000.0,4140000000.0,,,11000000.0,574000000.0,574000000.0,278000000.0,-108000000.0,2.199,0.63,793000000.0,0.0,793000000.0,793000000.0,0.0,501000000.0,0.0,0.014,0.11,-139000000.0,362000000.0,0.715,362000000.0,-139000000.0,-146000000.0,-0.2,-0.2,-0.2,3192000000.0,,3192000000.0,,,,20000000.0,,1.0,228000000.0,0.451,0.0,7000000.0,4938000000.0,,223000000.0,205000000.0,205000000.0,0.0,2010000000.0,483000000.0,1527000000.0,,-52000000.0,0.0,-6000000.0,-125000000.0,-49000000.0,-173000000.0,112000000.0,107000000.0,9000000.0,-1000000.0,-108000000.0,-108000000.0,-108000000.0,0.0,0.0,-0.213,367000000.0,-139000000.0,175000000.0,-0.55,,,88.611,3922000000.0,0.0,15.95,,,60000000.0,-763000000.0,506000000.0,506000000.0,27000000.0,,,,,0.0,20000000.0,1.0,,,,,5202000000.0,0.0,-38000000.0,291000000.0,,579000000.0
78,GOLD,MRQ,2001-09-30,2001-09-30,2001-09-30,2021-08-09,,,,,,,,-155000000.0,,,253000000.0,59000000.0,,,,,,,,0.0,,0.013,0.0,59000000.0,59000000.0,0.127,59000000.0,59000000.0,51000000.0,0.11,0.11,0.11,,,,,,,26000000.0,,1.0,213000000.0,0.457,,8000000.0,,,,,,,,,,,57000000.0,0.0,0.0,-20000000.0,0.0,-20000000.0,-103000000.0,58000000.0,181000000.0,-1000000.0,59000000.0,59000000.0,59000000.0,0.0,0.0,0.127,163000000.0,50000000.0,,0.0,,,,,0.0,17.35,,,,,466000000.0,466000000.0,22000000.0,,,,,0.0,21000000.0,1.0,,,,,,,-8000000.0,,,
79,GOLD,MRQ,2001-06-30,2001-06-30,2001-06-30,2021-08-09,,,,,,,,-140000000.0,,,284000000.0,58000000.0,,,,,,,,0.0,,0.015,0.11,69000000.0,69000000.0,0.133,69000000.0,69000000.0,63000000.0,0.11,0.11,0.11,,,,,,,56000000.0,,1.0,234000000.0,0.452,,6000000.0,,,,,,,,,,,-164000000.0,0.0,6000000.0,17000000.0,-44000000.0,-21000000.0,-341000000.0,-200000000.0,196000000.0,2000000.0,58000000.0,58000000.0,58000000.0,0.0,0.0,0.112,167000000.0,67000000.0,,1.0,,,,,0.0,15.15,,,,,518000000.0,518000000.0,25000000.0,,,,,0.0,23000000.0,1.0,,,,,,,5000000.0,,,
0,GOLD,MRT,2021-06-30,2021-06-30,2021-06-30,2021-08-09,-20000000.0,46528000000.0,46499500000.0,8039000000.0,38489000000.0,0.272,13.322,-2291000000.0,5138000000.0,5138000000.0,7157000000.0,3853000000.0,4.471,0.606,5152000000.0,15000000.0,5137000000.0,5152000000.0,0.0,2125000000.0,0.0,0.017,0.35,4260000000.0,6385000000.0,0.504,6385000000.0,4260000000.0,3921000000.0,1.42,1.42,1.42,23689000000.0,23375750000.0,23689000000.0,36253967008.0,9.0,5.678,3147000000.0,1.77,1.0,5511000000.0,0.435,4927000000.0,339000000.0,39817000000.0,39509000000.0,4384000000.0,4715000000.0,0.0,4715000000.0,14354000000.0,1798000000.0,12556000000.0,36772967008.0,1395000000.0,46000000.0,0.0,-33000000.0,-868000000.0,-2176000000.0,-1870000000.0,49000000.0,5438000000.0,3000000.0,2516000000.0,2516000000.0,2516000000.0,0.0,1337000000.0,0.199,467000000.0,5044000000.0,1157000000.0,0.246,1.552,14.616,14.563,24755000000.0,0.0,20.68,2.903,2.903,554000000.0,-7320000000.0,12668000000.0,12668000000.0,284000000.0,0.054,0.108,0.108,0.336,0.0,159000000.0,1.0,1778189894.0,1778189894.0,,7.124,41601000000.0,61000000.0,1405000000.0,3508000000.0,23.395,6241000000.0
1,GOLD,MRT,2021-03-31,2021-03-31,2021-03-31,2021-08-09,-33000000.0,46848000000.0,46162500000.0,8784000000.0,38064000000.0,0.278,13.314,-2142000000.0,5672000000.0,5672000000.0,7353000000.0,3781000000.0,3.768,0.624,5153000000.0,13000000.0,5140000000.0,5153000000.0,0.0,2191000000.0,0.0,0.017,0.33,4112000000.0,6303000000.0,0.491,6303000000.0,4112000000.0,3782000000.0,1.39,1.39,1.39,23674000000.0,22961500000.0,23674000000.0,35175159901.0,9.0,5.581,3688000000.0,2.074,1.0,5477000000.0,0.427,4937000000.0,330000000.0,39061000000.0,39507500000.0,4258000000.0,4646000000.0,0.0,4646000000.0,14769000000.0,2331000000.0,12438000000.0,35208159901.0,2345000000.0,27000000.0,0.0,-36000000.0,-583000000.0,-1954000000.0,-1531000000.0,250000000.0,5830000000.0,0.0,2462000000.0,2462000000.0,2462000000.0,0.0,1319000000.0,0.192,561000000.0,4916000000.0,1168000000.0,0.237,1.487,14.301,14.245,24628000000.0,0.0,19.8,2.744,2.744,530000000.0,-7571000000.0,12830000000.0,12830000000.0,285000000.0,0.053,0.107,0.104,0.32,0.0,183000000.0,1.0,1778189894.0,1778189894.0,,7.215,41911000000.0,58000000.0,1320000000.0,3691000000.0,23.569,6453000000.0
2,GOLD,MRT,2020-12-31,2020-12-31,2020-12-31,2021-08-09,14000000.0,46506000000.0,45449000000.0,8143000000.0,38363000000.0,0.277,13.128,-2054000000.0,5188000000.0,5188000000.0,7417000000.0,3614000000.0,3.668,0.634,5155000000.0,20000000.0,5135000000.0,5155000000.0,0.0,2208000000.0,0.0,0.014,0.31,4003000000.0,6211000000.0,0.493,6211000000.0,4003000000.0,3656000000.0,1.31,1.31,1.31,23341000000.0,22386500000.0,23341000000.0,40918168199.0,10.0,6.588,3363000000.0,1.892,1.0,5178000000.0,0.411,4938000000.0,347000000.0,39315000000.0,39279000000.0,4444000000.0,4670000000.0,0.0,4670000000.0,14796000000.0,2220000000.0,12576000000.0,40501168199.0,1874000000.0,283000000.0,0.0,-379000000.0,-547000000.0,-2254000000.0,-1286000000.0,220000000.0,5417000000.0,-3000000.0,2324000000.0,2324000000.0,2324000000.0,0.0,1290000000.0,0.185,301000000.0,4877000000.0,1458000000.0,0.237,1.735,17.427,17.389,24628000000.0,0.0,22.78,3.216,3.216,558000000.0,-7949000000.0,12595000000.0,12595000000.0,295000000.0,0.051,0.104,0.102,0.318,0.0,185000000.0,1.0,1777926611.0,1777926611.0,,7.084,41568000000.0,98000000.0,1332000000.0,3470000000.0,23.38,5923000000.0
3,GOLD,MRT,2020-09-30,2020-09-30,2020-09-30,2021-08-09,0.0,46116000000.0,44991500000.0,7859000000.0,38257000000.0,0.271,12.823,-1954000000.0,4744000000.0,4744000000.0,7590000000.0,4332000000.0,4.488,0.635,5161000000.0,21000000.0,5140000000.0,5161000000.0,0.0,2236000000.0,0.0,0.01,0.27,5111000000.0,7347000000.0,0.602,7347000000.0,5111000000.0,4738000000.0,1.71,1.71,1.71,22799000000.0,21474000000.0,22799000000.0,51402517035.0,10.0,6.996,2700000000.0,1.519,1.0,4609000000.0,0.378,4939000000.0,373000000.0,39843000000.0,39998000000.0,4503000000.0,4643000000.0,0.0,4643000000.0,14466000000.0,1751000000.0,12715000000.0,49977517035.0,2339000000.0,1006000000.0,0.0,-377000000.0,-474000000.0,-1793000000.0,-519000000.0,238000000.0,4654000000.0,-3000000.0,3026000000.0,3026000000.0,3026000000.0,0.0,1306000000.0,0.248,-276000000.0,4885000000.0,1032000000.0,0.158,2.192,16.516,16.439,24698000000.0,0.0,28.11,4.097,4.097,509000000.0,-8474000000.0,12199000000.0,12199000000.0,305000000.0,0.067,0.141,0.128,0.419,0.0,192000000.0,1.0,1777926611.0,1777926611.0,,6.861,41177000000.0,165000000.0,1712000000.0,3403000000.0,23.16,6108000000.0
4,GOLD,MRT,2020-06-30,2020-06-30,2020-06-30,2021-08-09,-37000000.0,45180000000.0,38891000000.0,6919000000.0,38261000000.0,0.292,12.392,-1908000000.0,3743000000.0,3743000000.0,7552000000.0,5496000000.0,3.821,0.655,5168000000.0,26000000.0,5142000000.0,5168000000.0,0.0,2221000000.0,0.0,0.009,0.23,7057000000.0,9278000000.0,0.818,9278000000.0,7057000000.0,6640000000.0,2.51,2.51,2.51,22032000000.0,18889000000.0,22032000000.0,50119342900.0,7.0,5.402,1891000000.0,1.064,1.0,3785000000.0,0.334,4983000000.0,417000000.0,39811000000.0,35610500000.0,4620000000.0,4587000000.0,0.0,4587000000.0,14434000000.0,1811000000.0,12623000000.0,47897342900.0,1590000000.0,1006000000.0,0.0,-638000000.0,-400000000.0,-1754000000.0,-448000000.0,239000000.0,3799000000.0,-7000000.0,4421000000.0,4421000000.0,4421000000.0,0.0,1075000000.0,0.39,-1123000000.0,4908000000.0,1072000000.0,0.092,2.174,10.834,10.733,24727000000.0,0.0,26.94,4.225,4.225,407000000.0,-9214000000.0,11337000000.0,11337000000.0,319000000.0,0.114,0.234,0.198,0.622,0.0,210000000.0,1.0,1777926611.0,1777926611.0,,6.377,40197000000.0,143000000.0,2219000000.0,3228000000.0,22.609,5108000000.0
5,GOLD,MRT,2020-03-31,2020-03-31,2020-03-31,2021-08-09,,,,,,,,-1778000000.0,,,7197000000.0,5097000000.0,,,,,,,,2121000000.0,,0.011,0.2,6713000000.0,8834000000.0,0.854,8834000000.0,6713000000.0,6260000000.0,2.42,2.42,2.42,,,,34793615514.0,5.0,3.939,1424000000.0,0.801,1.0,3148000000.0,0.304,,453000000.0,,,,,,,,,,32571615514.0,1174000000.0,1006000000.0,0.0,-637000000.0,-337000000.0,-1488000000.0,-535000000.0,-1000000.0,3202000000.0,-5000000.0,4258000000.0,4258000000.0,4258000000.0,0.0,839000000.0,0.412,-1183000000.0,4331000000.0,,0.083,,7.65,7.57,,0.0,18.32,3.149,3.149,,,10345000000.0,10345000000.0,339000000.0,,,,0.649,0.0,198000000.0,1.0,1777926611.0,1777926611.0,,5.819,,,2002000000.0,,,
6,GOLD,MRT,2019-12-31,2019-12-31,2019-12-31,2021-08-09,-122000000.0,44392000000.0,33511500000.0,6887000000.0,37505000000.0,0.29,12.233,-1701000000.0,3314000000.0,3314000000.0,6911000000.0,4574000000.0,2.899,0.68,5536000000.0,375000000.0,5161000000.0,5536000000.0,0.0,2032000000.0,0.0,0.007,0.13,6221000000.0,8253000000.0,0.849,8253000000.0,6221000000.0,5752000000.0,2.26,2.26,2.26,21432000000.0,14512500000.0,21432000000.0,35724341643.0,6.0,4.329,1132000000.0,0.646,1.0,2806000000.0,0.289,4995000000.0,469000000.0,39243000000.0,31485000000.0,4589000000.0,4527000000.0,0.0,4527000000.0,14565000000.0,2376000000.0,12189000000.0,32569341643.0,1743000000.0,1501000000.0,0.0,-309000000.0,-548000000.0,-1139000000.0,50000000.0,-4000000.0,2833000000.0,-1000000.0,3969000000.0,3969000000.0,3969000000.0,0.0,605000000.0,0.408,-864000000.0,3670000000.0,1155000000.0,0.058,1.52,8.206,8.226,24141000000.0,0.0,18.59,3.352,3.352,363000000.0,-9722000000.0,9717000000.0,9717000000.0,342000000.0,0.118,0.273,0.198,0.64,0.0,212000000.0,1.0,1751981799.0,1751981799.0,,5.546,39397000000.0,235000000.0,1783000000.0,3315000000.0,22.487,4511000000.0
7,GOLD,MRT,2019-09-30,2019-09-30,2019-09-30,2021-08-09,-102000000.0,43867000000.0,33992500000.0,5510000000.0,38357000000.0,,11.501,,2405000000.0,2405000000.0,,,2.988,0.768,5560000000.0,66000000.0,5494000000.0,5560000000.0,0.0,,0.0,0.01,0.18,,,,,,,,,,20149000000.0,14528000000.0,20149000000.0,34015844577.0,,,,,1.0,,,5025000000.0,,40153000000.0,32605500000.0,4699000000.0,4474000000.0,0.0,4474000000.0,15467000000.0,1844000000.0,13623000000.0,30361844577.0,,,,,,,,,,,,,,,,,,,1337000000.0,,1.507,,,24758000000.0,,17.33,,,311000000.0,-11020000000.0,,,,,,,,,,1.0,1751981799.0,1751981799.0,,,38842000000.0,334000000.0,,2825000000.0,22.17,3666000000.0
8,GOLD,MRT,2019-06-30,2019-06-30,2019-06-30,2021-08-09,-154000000.0,32602000000.0,28862000000.0,4843000000.0,27759000000.0,0.274,8.988,-1514000000.0,2153000000.0,2153000000.0,5927000000.0,-1188000000.0,2.718,0.898,5807000000.0,303000000.0,5504000000.0,5807000000.0,0.0,1705000000.0,0.0,0.011,0.17,299000000.0,2004000000.0,0.254,2004000000.0,299000000.0,-215000000.0,-1.2,-1.2,-1.2,15746000000.0,12551000000.0,15746000000.0,31795752970.0,106.0,15.866,557000000.0,0.318,1.0,1970000000.0,0.249,3064000000.0,514000000.0,31410000000.0,28559500000.0,3760000000.0,4459000000.0,0.0,4459000000.0,14135000000.0,1782000000.0,12353000000.0,27628752970.0,68000000.0,751000000.0,0.0,-690000000.0,-456000000.0,-1203000000.0,-792000000.0,-127000000.0,2071000000.0,-8000000.0,-1304000000.0,-1304000000.0,-1304000000.0,0.0,116000000.0,-0.165,1498000000.0,472000000.0,1064000000.0,-0.142,1.755,-21.188,-13.142,16890000000.0,0.0,15.77,3.499,3.499,427000000.0,-13227000000.0,7897000000.0,7897000000.0,385000000.0,-0.045,-0.104,0.01,0.038,0.0,237000000.0,1.0,1751981799.0,1751981799.0,,4.507,29538000000.0,252000000.0,1089000000.0,2074000000.0,16.86,3061000000.0
9,GOLD,MRT,2018-12-31,2018-12-31,2018-12-31,2021-08-09,-158000000.0,22631000000.0,24316750000.0,3978000000.0,18653000000.0,0.298,6.509,-1400000000.0,1571000000.0,1571000000.0,5220000000.0,-1435000000.0,2.385,1.745,5738000000.0,43000000.0,5695000000.0,5738000000.0,0.0,1457000000.0,0.0,0.014,0.19,198000000.0,1655000000.0,0.228,1655000000.0,198000000.0,-347000000.0,-1.32,-1.32,-1.32,7593000000.0,8833750000.0,7593000000.0,19843459052.0,100.0,11.99,365000000.0,0.313,1.0,2023000000.0,0.279,1403000000.0,545000000.0,23727000000.0,25156000000.0,3548000000.0,1234000000.0,0.0,1234000000.0,13246000000.0,1668000000.0,11578000000.0,15795459052.0,-663000000.0,0.0,0.0,-687000000.0,-125000000.0,-925000000.0,-1494000000.0,-159000000.0,1765000000.0,-9000000.0,-1545000000.0,-1545000000.0,-1545000000.0,0.0,110000000.0,-0.213,1535000000.0,488000000.0,1101000000.0,-0.144,2.08,-10.224,-10.258,12826000000.0,0.0,13.54,2.181,2.181,248000000.0,-13453000000.0,7243000000.0,7243000000.0,383000000.0,-0.064,-0.175,0.008,0.027,0.0,265000000.0,1.0,1166577478.0,1166577478.0,,6.209,21228000000.0,259000000.0,1198000000.0,1439000000.0,18.197,2310000000.0
10,GOLD,MRT,2018-09-30,2018-09-30,2018-09-30,2021-08-09,-170000000.0,24118000000.0,24986000000.0,4103000000.0,20015000000.0,0.303,7.635,-1331000000.0,1697000000.0,1697000000.0,5054000000.0,-737000000.0,2.649,1.508,5745000000.0,49000000.0,5696000000.0,5745000000.0,0.0,1450000000.0,0.0,0.011,0.12,369000000.0,1819000000.0,0.24,1819000000.0,369000000.0,-189000000.0,-0.56,-0.56,-0.56,8907000000.0,9257000000.0,8907000000.0,17232678456.0,47.0,9.474,613000000.0,0.525,1.0,2513000000.0,0.332,1559000000.0,558000000.0,25058000000.0,25765500000.0,3698000000.0,1233000000.0,0.0,1233000000.0,13432000000.0,1549000000.0,11883000000.0,12925678456.0,-328000000.0,30000000.0,0.0,-705000000.0,-125000000.0,-994000000.0,-1273000000.0,6000000.0,1944000000.0,-5000000.0,-662000000.0,-662000000.0,-662000000.0,0.0,-75000000.0,-0.087,2109000000.0,404000000.0,1125000000.0,-0.214,1.451,-19.525,-19.786,13226000000.0,0.0,11.08,1.708,1.708,189000000.0,-12148000000.0,7567000000.0,7567000000.0,357000000.0,-0.026,-0.072,0.014,0.049,0.0,274000000.0,1.0,1166577478.0,1166577478.0,,6.486,22559000000.0,1070000000.0,473000000.0,1554000000.0,19.338,2554000000.0
11,GOLD,MRT,2018-06-30,2018-06-30,2018-06-30,2021-08-09,-164000000.0,25122000000.0,25224500000.0,4575000000.0,20547000000.0,0.306,8.02,-1251000000.0,2085000000.0,2085000000.0,5009000000.0,-394000000.0,2.118,1.498,6392000000.0,680000000.0,5712000000.0,6392000000.0,0.0,1477000000.0,0.0,0.009,0.12,1058000000.0,2535000000.0,0.328,2535000000.0,1058000000.0,421000000.0,-0.22,-0.22,-0.22,9356000000.0,9433750000.0,9356000000.0,19334162286.0,18.0,7.627,519000000.0,0.445,1.0,2714000000.0,0.351,1560000000.0,637000000.0,25709000000.0,26051000000.0,3721000000.0,1214000000.0,0.0,1214000000.0,14016000000.0,2160000000.0,11856000000.0,15317162286.0,-841000000.0,30000000.0,0.0,-1155000000.0,-125000000.0,-1417000000.0,-1193000000.0,6000000.0,1770000000.0,-1000000.0,-261000000.0,-261000000.0,-261000000.0,0.0,-133000000.0,-0.034,1746000000.0,968000000.0,944000000.0,-0.545,1.637,-58.686,-59.682,13727000000.0,0.0,13.13,1.983,1.983,194000000.0,-11701000000.0,7723000000.0,7723000000.0,368000000.0,-0.01,-0.028,0.041,0.137,0.0,272000000.0,1.0,1166577478.0,1166577478.0,,6.62,23562000000.0,1072000000.0,682000000.0,1611000000.0,20.198,2415000000.0
12,GOLD,MRT,2018-03-31,2018-03-31,2018-03-31,2021-08-09,-167000000.0,25396000000.0,25395750000.0,4796000000.0,20600000000.0,0.322,8.125,-1343000000.0,2384000000.0,2384000000.0,5110000000.0,819000000.0,2.824,1.491,6401000000.0,57000000.0,6344000000.0,6401000000.0,0.0,1558000000.0,0.0,0.031,0.39,2431000000.0,3989000000.0,0.488,3989000000.0,2431000000.0,1757000000.0,0.79,0.79,0.79,9479000000.0,9505250000.0,9479000000.0,18712889601.0,8.0,4.691,734000000.0,0.629,1.0,3061000000.0,0.375,1585000000.0,674000000.0,26130000000.0,26422000000.0,3598000000.0,1233000000.0,0.0,1233000000.0,14130000000.0,1698000000.0,12432000000.0,14523889601.0,107000000.0,990000000.0,0.0,-1478000000.0,-125000000.0,-1680000000.0,-290000000.0,40000000.0,2077000000.0,0.0,917000000.0,917000000.0,917000000.0,0.0,-98000000.0,0.112,729000000.0,2332000000.0,1046000000.0,0.494,1.532,15.838,15.759,13755000000.0,0.0,12.45,1.777,1.777,173000000.0,-11572000000.0,8171000000.0,8171000000.0,352000000.0,0.036,0.096,0.092,0.298,0.0,224000000.0,1.0,1166577478.0,1166577478.0,,7.004,23811000000.0,1071000000.0,840000000.0,1659000000.0,20.411,3098000000.0
13,GOLD,MRT,2017-12-31,2017-12-31,2017-12-31,2021-08-09,-169000000.0,25308000000.0,25649500000.0,4684000000.0,20624000000.0,0.326,7.967,-1396000000.0,2234000000.0,2234000000.0,5300000000.0,1516000000.0,2.681,1.534,6423000000.0,59000000.0,6364000000.0,6423000000.0,0.0,1647000000.0,0.0,0.027,0.39,3360000000.0,5007000000.0,0.598,5007000000.0,3360000000.0,2669000000.0,1.23,1.23,1.23,9286000000.0,9281500000.0,9286000000.0,21287856807.0,6.0,4.252,669000000.0,0.574,1.0,3074000000.0,0.367,1585000000.0,691000000.0,26165000000.0,26861000000.0,3571000000.0,1213000000.0,0.0,1213000000.0,14241000000.0,1747000000.0,12494000000.0,16865856807.0,-155000000.0,990000000.0,0.0,-1635000000.0,-125000000.0,-1886000000.0,-337000000.0,41000000.0,2065000000.0,3000000.0,1438000000.0,1438000000.0,1438000000.0,0.0,78000000.0,0.172,-354000000.0,3428000000.0,1059000000.0,0.317,1.816,11.729,11.764,13806000000.0,0.0,14.47,2.014,2.014,239000000.0,-11759000000.0,8374000000.0,8374000000.0,354000000.0,0.056,0.155,0.125,0.401,0.0,248000000.0,1.0,1165574071.0,1165574071.0,,7.184,23723000000.0,1069000000.0,1231000000.0,1543000000.0,20.353,2937000000.0
14,GOLD,MRT,2017-09-30,2017-09-30,2017-09-30,2021-08-09,-168000000.0,25072000000.0,25638500000.0,4742000000.0,20330000000.0,0.33,8.248,-1372000000.0,2025000000.0,2025000000.0,5343000000.0,2495000000.0,2.728,1.399,6447000000.0,63000000.0,6384000000.0,6447000000.0,0.0,1631000000.0,0.0,0.024,0.38,4354000000.0,5985000000.0,0.707,5985000000.0,4354000000.0,3580000000.0,1.86,1.86,1.86,9614000000.0,8943750000.0,9614000000.0,23272086802.0,5.0,3.888,814000000.0,0.698,1.0,3122000000.0,0.369,1556000000.0,774000000.0,26200000000.0,27155750000.0,3601000000.0,1243000000.0,0.0,1243000000.0,13450000000.0,1738000000.0,11712000000.0,18754086802.0,-623000000.0,960000000.0,0.0,-2284000000.0,-116000000.0,-2441000000.0,-369000000.0,-9000000.0,2186000000.0,1000000.0,2177000000.0,2177000000.0,2177000000.0,0.0,318000000.0,0.257,-1548000000.0,4670000000.0,1118000000.0,0.204,1.951,8.615,8.651,13961000000.0,0.0,16.09,2.215,2.215,224000000.0,-11428000000.0,8465000000.0,8465000000.0,338000000.0,0.085,0.243,0.16,0.514,0.0,225000000.0,1.0,1165574071.0,1165574071.0,,7.263,23516000000.0,863000000.0,1403000000.0,1713000000.0,20.175,3004000000.0
15,GOLD,MRT,2017-06-30,2017-06-30,2017-06-30,2021-08-09,-182000000.0,25807000000.0,25777500000.0,5503000000.0,20304000000.0,0.34,8.272,-1342000000.0,2926000000.0,2926000000.0,5364000000.0,2783000000.0,3.56,1.465,7444000000.0,116000000.0,7328000000.0,7444000000.0,0.0,1630000000.0,0.0,0.023,0.37,4512000000.0,6142000000.0,0.7,6142000000.0,4512000000.0,3787000000.0,2.02,2.02,2.02,9642000000.0,8419750000.0,9642000000.0,24020283470.0,5.0,3.911,1263000000.0,1.084,1.0,3405000000.0,0.388,1586000000.0,725000000.0,27193000000.0,27584750000.0,3430000000.0,1218000000.0,0.0,1218000000.0,14122000000.0,1546000000.0,12576000000.0,18544283470.0,485000000.0,960000000.0,0.0,-1680000000.0,-106000000.0,-1866000000.0,-256000000.0,-11000000.0,2605000000.0,2000000.0,2363000000.0,2363000000.0,2363000000.0,0.0,420000000.0,0.269,-1551000000.0,4956000000.0,1044000000.0,0.183,1.923,7.848,7.876,13943000000.0,0.0,15.91,2.115,2.115,190000000.0,-11382000000.0,8769000000.0,8769000000.0,282000000.0,0.092,0.281,0.164,0.515,0.0,227000000.0,1.0,1165574071.0,1165574071.0,,7.523,24221000000.0,869000000.0,1424000000.0,1550000000.0,20.78,3957000000.0
16,GOLD,MRT,2017-03-31,2017-03-31,2017-03-31,2021-08-09,-188000000.0,26411000000.0,25726750000.0,7818000000.0,18593000000.0,0.335,7.365,-1190000000.0,2277000000.0,2277000000.0,5423000000.0,1822000000.0,2.975,1.786,7753000000.0,120000000.0,7633000000.0,7753000000.0,0.0,1603000000.0,0.0,0.005,0.09,3454000000.0,5057000000.0,0.587,5057000000.0,3454000000.0,2740000000.0,1.21,1.21,1.21,8584000000.0,7844750000.0,8584000000.0,27676251608.0,8.0,5.473,1494000000.0,1.282,1.0,3198000000.0,0.371,1373000000.0,714000000.0,27886000000.0,27987250000.0,3144000000.0,1200000000.0,0.0,1200000000.0,15329000000.0,2628000000.0,12701000000.0,22134251608.0,-46000000.0,-22000000.0,0.0,-1479000000.0,-95000000.0,-1648000000.0,-1084000000.0,-10000000.0,2684000000.0,2000000.0,1417000000.0,1417000000.0,1417000000.0,0.0,405000000.0,0.164,-686000000.0,3884000000.0,1022000000.0,0.074,2.579,15.621,15.694,12539000000.0,0.0,18.99,2.567,2.567,231000000.0,-12430000000.0,8621000000.0,8621000000.0,257000000.0,0.055,0.181,0.123,0.401,0.0,270000000.0,1.0,1165574071.0,1165574071.0,,7.396,25038000000.0,1042000000.0,1323000000.0,1466000000.0,21.481,5190000000.0
17,GOLD,MRT,2016-12-31,2016-12-31,2016-12-31,2021-08-09,-189000000.0,25264000000.0,25465500000.0,4874000000.0,20390000000.0,0.336,6.811,-1126000000.0,2389000000.0,2389000000.0,5405000000.0,861000000.0,2.679,1.884,7931000000.0,143000000.0,7788000000.0,7931000000.0,0.0,1574000000.0,0.0,0.005,0.08,2347000000.0,3921000000.0,0.458,3921000000.0,2347000000.0,1572000000.0,0.56,0.56,0.56,7935000000.0,7492000000.0,7935000000.0,24509000436.0,10.0,6.251,1514000000.0,1.299,1.0,3153000000.0,0.368,1643000000.0,775000000.0,27344000000.0,28227500000.0,3466000000.0,1185000000.0,0.0,1185000000.0,14951000000.0,1819000000.0,13132000000.0,18618000436.0,-66000000.0,588000000.0,0.0,-2186000000.0,-86000000.0,-2297000000.0,-412000000.0,-9000000.0,2640000000.0,3000000.0,655000000.0,655000000.0,655000000.0,0.0,206000000.0,0.077,433000000.0,2720000000.0,1084000000.0,0.143,2.346,28.424,28.536,14103000000.0,0.0,15.98,2.176,2.176,249000000.0,-13074000000.0,8558000000.0,8558000000.0,237000000.0,0.026,0.087,0.083,0.274,0.0,256000000.0,1.0,1165081379.0,1165081379.0,,7.345,23621000000.0,977000000.0,917000000.0,1803000000.0,20.274,3055000000.0
18,GOLD,MRT,2016-09-30,2016-09-30,2016-09-30,2021-08-09,-196000000.0,25628000000.0,25726500000.0,5224000000.0,20404000000.0,0.33,6.453,-1111000000.0,2648000000.0,2648000000.0,5719000000.0,-2592000000.0,2.667,2.1,8539000000.0,153000000.0,8386000000.0,8539000000.0,0.0,1655000000.0,0.0,0.005,0.08,-1362000000.0,293000000.0,0.035,293000000.0,-1362000000.0,-2059000000.0,-2.05,-2.05,-2.05,7518000000.0,7302750000.0,7518000000.0,27204242036.0,-20.0,92.847,1516000000.0,1.301,1.0,2758000000.0,0.325,1644000000.0,697000000.0,27916000000.0,28974500000.0,3415000000.0,1169000000.0,0.0,1169000000.0,15786000000.0,1959000000.0,13827000000.0,20645242036.0,-671000000.0,1648000000.0,0.0,-3818000000.0,-85000000.0,-3935000000.0,634000000.0,-8000000.0,2627000000.0,3000000.0,-2392000000.0,-2392000000.0,-2392000000.0,0.0,350000000.0,-0.282,3997000000.0,-1239000000.0,1238000000.0,-0.039,2.746,-8.631,-8.644,14043000000.0,0.0,17.72,2.435,2.435,465000000.0,-13482000000.0,8477000000.0,8477000000.0,241000000.0,-0.093,-0.328,-0.047,-0.161,0.0,269000000.0,1.0,1165081379.0,1165081379.0,,7.276,23984000000.0,1014000000.0,333000000.0,1836000000.0,20.586,3265000000.0
19,GOLD,MRT,2016-06-30,2016-06-30,2016-06-30,2021-08-09,-218000000.0,25604000000.0,27418750000.0,4872000000.0,20732000000.0,0.31,6.302,-1223000000.0,2441000000.0,2441000000.0,6170000000.0,-3089000000.0,2.833,2.172,9000000000.0,175000000.0,8825000000.0,9000000000.0,0.0,1698000000.0,0.0,0.004,0.08,-1998000000.0,-300000000.0,-0.035,-300000000.0,-1998000000.0,-2711000000.0,-2.43,-2.43,-2.43,7342000000.0,7867000000.0,7342000000.0,31677487442.0,-16.0,-105.592,1708000000.0,1.466,1.0,2325000000.0,0.274,1640000000.0,713000000.0,28803000000.0,30662250000.0,3267000000.0,1218000000.0,0.0,1218000000.0,15944000000.0,1720000000.0,14224000000.0,24874487442.0,299000000.0,2490000000.0,0.0,-3815000000.0,-87000000.0,-3914000000.0,1285000000.0,-6000000.0,2931000000.0,-3000000.0,-2831000000.0,-2831000000.0,-2831000000.0,0.0,292000000.0,-0.333,4307000000.0,-1982000000.0,1120000000.0,-0.033,3.388,-8.786,-8.786,14284000000.0,0.0,21.35,2.928,2.928,491000000.0,-13634000000.0,8495000000.0,8495000000.0,283000000.0,-0.103,-0.36,-0.065,-0.235,0.0,242000000.0,1.0,1165081379.0,1165081379.0,,7.291,23964000000.0,1016000000.0,120000000.0,1626000000.0,20.569,3152000000.0
20,GOLD,MRT,2016-03-31,2016-03-31,2016-03-31,2021-08-09,-270000000.0,25366000000.0,29316000000.0,4520000000.0,20846000000.0,0.297,6.157,-1469000000.0,2323000000.0,2323000000.0,6523000000.0,-3274000000.0,2.689,2.22,9126000000.0,186000000.0,8940000000.0,9126000000.0,0.0,1735000000.0,0.0,0.008,0.11,-2185000000.0,-450000000.0,-0.052,-450000000.0,-2185000000.0,-2928000000.0,-2.56,-2.56,-2.56,7173000000.0,8573750000.0,7173000000.0,23334805127.0,-11.0,-51.855,1460000000.0,1.253,1.0,2191000000.0,0.251,1641000000.0,743000000.0,28847000000.0,32639000000.0,3193000000.0,1207000000.0,0.0,1207000000.0,15923000000.0,1681000000.0,14242000000.0,15821805127.0,65000000.0,2512000000.0,0.0,-3770000000.0,-124000000.0,-3919000000.0,1059000000.0,-3000000.0,2929000000.0,-4000000.0,-2978000000.0,-2978000000.0,-2978000000.0,0.0,254000000.0,-0.342,4378000000.0,-2187000000.0,1055000000.0,-0.043,2.206,-5.313,-5.305,14428000000.0,0.0,13.58,1.816,1.816,288000000.0,-13749000000.0,8714000000.0,8714000000.0,324000000.0,-0.102,-0.347,-0.067,-0.251,0.0,224000000.0,1.0,1165081379.0,1165081379.0,,7.479,23725000000.0,1018000000.0,50000000.0,1589000000.0,20.363,2839000000.0
21,GOLD,MRT,2015-12-31,2015-12-31,2015-12-31,2021-08-09,-370000000.0,26308000000.0,30093500000.0,5468000000.0,20840000000.0,0.3,6.163,-1713000000.0,2455000000.0,2455000000.0,6907000000.0,-3113000000.0,2.96,2.348,9968000000.0,203000000.0,9765000000.0,9968000000.0,0.0,1771000000.0,0.0,0.019,0.14,-2143000000.0,-372000000.0,-0.041,-372000000.0,-2143000000.0,-2869000000.0,-2.44,-2.44,-2.44,7178000000.0,8712500000.0,7178000000.0,17599261707.0,-8.0,-47.31,1081000000.0,0.928,1.0,2122000000.0,0.235,1642000000.0,726000000.0,30332000000.0,33686000000.0,3219000000.0,1199000000.0,0.0,1199000000.0,16853000000.0,1847000000.0,15006000000.0,8595261707.0,-244000000.0,1904000000.0,0.0,-3065000000.0,-160000000.0,-3275000000.0,250000000.0,33000000.0,2794000000.0,-13000000.0,-2838000000.0,-2838000000.0,-2838000000.0,0.0,275000000.0,-0.314,4375000000.0,-2253000000.0,1158000000.0,-0.057,1.197,-3.029,-3.025,14434000000.0,0.0,7.38,0.952,0.952,275000000.0,-13642000000.0,9029000000.0,9029000000.0,355000000.0,-0.094,-0.326,-0.064,-0.237,0.0,233000000.0,1.0,1164669608.0,1164669608.0,,7.752,24666000000.0,1040000000.0,-31000000.0,1553000000.0,21.179,3621000000.0
22,GOLD,MRT,2015-09-30,2015-09-30,2015-09-30,2021-08-09,-411000000.0,32397000000.0,34943500000.0,8460000000.0,23937000000.0,0.266,8.393,-1949000000.0,3317000000.0,3317000000.0,6938000000.0,-3212000000.0,2.528,2.049,12321000000.0,1038000000.0,11283000000.0,12321000000.0,0.0,1706000000.0,0.0,0.027,0.17,-2330000000.0,-624000000.0,-0.067,-624000000.0,-2330000000.0,-3118000000.0,-2.64,-2.64,-2.64,9775000000.0,11506000000.0,9775000000.0,18108298707.0,-8.0,-29.02,518000000.0,0.445,1.0,2363000000.0,0.254,3388000000.0,788000000.0,34667000000.0,37138000000.0,3488000000.0,216000000.0,0.0,216000000.0,20025000000.0,3346000000.0,16679000000.0,7407298707.0,614000000.0,1060000000.0,0.0,-781000000.0,-196000000.0,-1006000000.0,-832000000.0,34000000.0,2467000000.0,-15000000.0,-3067000000.0,-3067000000.0,-3067000000.0,0.0,-41000000.0,-0.33,4644000000.0,-2281000000.0,1322000000.0,-0.064,0.758,-2.415,-2.409,17150000000.0,0.0,6.36,0.796,0.796,291000000.0,-11001000000.0,9301000000.0,9301000000.0,354000000.0,-0.088,-0.267,-0.063,-0.251,0.0,283000000.0,1.0,1164669608.0,1164669608.0,,7.986,29009000000.0,549000000.0,-51000000.0,1501000000.0,24.907,5114000000.0
23,GOLD,MRT,2015-06-30,2015-06-30,2015-06-30,2021-08-09,-303000000.0,33193000000.0,35314000000.0,6790000000.0,26403000000.0,0.272,8.731,-2213000000.0,2122000000.0,2122000000.0,6877000000.0,-2783000000.0,2.624,2.008,12823000000.0,462000000.0,12361000000.0,12823000000.0,0.0,1686000000.0,0.0,0.019,0.2,-1795000000.0,-109000000.0,-0.011,-109000000.0,-1795000000.0,-2576000000.0,-2.3,-2.3,-2.3,10169000000.0,11715500000.0,10169000000.0,22797378021.0,-13.0,-209.15,-149000000.0,-0.128,1.0,2733000000.0,0.284,4596000000.0,781000000.0,36710000000.0,38325500000.0,3853000000.0,220000000.0,0.0,220000000.0,20421000000.0,2588000000.0,17833000000.0,12415378021.0,-407000000.0,218000000.0,0.0,-354000000.0,-232000000.0,-597000000.0,-1860000000.0,101000000.0,2064000000.0,-14000000.0,-2678000000.0,-2678000000.0,-2678000000.0,0.0,-1000000.0,-0.279,4316000000.0,-1583000000.0,1319000000.0,-0.087,1.221,-4.636,-4.635,18331000000.0,0.0,10.66,1.292,1.292,354000000.0,-10714000000.0,9610000000.0,9610000000.0,370000000.0,-0.076,-0.229,-0.047,-0.187,0.0,337000000.0,1.0,1164669608.0,1164669608.0,,8.251,28597000000.0,687000000.0,102000000.0,2093000000.0,24.554,4202000000.0
24,GOLD,MRT,2015-03-31,2015-03-31,2015-03-31,2021-08-09,,,,,,,,-2330000000.0,,,6819000000.0,-2997000000.0,,,,,,,,1667000000.0,,0.018,0.2,-2027000000.0,-360000000.0,-0.037,-360000000.0,-2027000000.0,-2816000000.0,-2.52,-2.52,-2.52,,,,23146778904.0,-11.0,-64.297,-303000000.0,-0.26,1.0,3018000000.0,0.307,,789000000.0,,,,,,,,,,12764778904.0,-418000000.0,304000000.0,0.0,-287000000.0,-232000000.0,-531000000.0,-1902000000.0,128000000.0,2027000000.0,-12000000.0,-2938000000.0,-2938000000.0,-2938000000.0,0.0,45000000.0,-0.299,4844000000.0,-1826000000.0,,-0.079,,-4.345,-4.349,,0.0,10.96,1.298,1.298,,,9837000000.0,9837000000.0,378000000.0,,,,-0.206,0.0,349000000.0,1.0,1164669608.0,1164669608.0,,8.446,,,122000000.0,,,
25,GOLD,MRT,2014-12-31,2014-12-31,2014-12-31,2021-08-09,-199000000.0,33879000000.0,36653500000.0,6150000000.0,27729000000.0,0.279,8.798,-2432000000.0,2699000000.0,2699000000.0,6830000000.0,-2959000000.0,2.473,2.051,13081000000.0,333000000.0,12748000000.0,13081000000.0,0.0,1648000000.0,0.0,0.019,0.2,-1805000000.0,-157000000.0,-0.015,-157000000.0,-1805000000.0,-2601000000.0,-2.5,-2.5,-2.5,10247000000.0,12583500000.0,10247000000.0,22909013580.0,-13.0,-145.917,-136000000.0,-0.117,1.0,3409000000.0,0.333,4734000000.0,796000000.0,37040000000.0,39065000000.0,4406000000.0,206000000.0,0.0,206000000.0,21017000000.0,2487000000.0,18530000000.0,12520013580.0,275000000.0,382000000.0,0.0,-47000000.0,-232000000.0,-60000000.0,-1950000000.0,120000000.0,2296000000.0,-11000000.0,-2907000000.0,-2907000000.0,-2907000000.0,0.0,52000000.0,-0.284,4952000000.0,-1543000000.0,1653000000.0,-0.08,1.222,-4.307,-4.3,19193000000.0,0.0,10.75,1.223,1.223,418000000.0,-10739000000.0,10239000000.0,10239000000.0,392000000.0,-0.079,-0.231,-0.046,-0.176,0.0,385000000.0,1.0,1164652426.0,1164652426.0,,8.791,29145000000.0,674000000.0,306000000.0,2120000000.0,25.025,3663000000.0
26,GOLD,MRT,2014-09-30,2014-09-30,2014-09-30,2021-08-09,-135000000.0,37490000000.0,37545750000.0,6709000000.0,30781000000.0,0.284,11.366,-3250000000.0,2705000000.0,2705000000.0,6903000000.0,-2691000000.0,2.748,1.622,13094000000.0,209000000.0,12885000000.0,13094000000.0,0.0,1656000000.0,0.0,0.014,0.2,-1672000000.0,-16000000.0,-0.002,-16000000.0,-1672000000.0,-2537000000.0,-2.65,-2.67,-2.65,13237000000.0,13405000000.0,13237000000.0,27684804565.0,-17.0,-1730.3,-309000000.0,-0.265,1.0,3753000000.0,0.352,5829000000.0,865000000.0,39609000000.0,39576250000.0,4385000000.0,61000000.0,0.0,61000000.0,21467000000.0,2441000000.0,19026000000.0,17073804565.0,422000000.0,271000000.0,3096000000.0,-2421000000.0,-233000000.0,378000000.0,-2884000000.0,119000000.0,2941000000.0,-13000000.0,-2886000000.0,-2886000000.0,-2886000000.0,0.0,79000000.0,-0.271,5002000000.0,-1249000000.0,1661000000.0,-0.075,1.29,-5.916,-5.532,21425000000.0,0.0,14.66,1.602,1.602,408000000.0,-7812000000.0,10656000000.0,10656000000.0,765000000.0,-0.077,-0.215,-0.042,-0.157,0.0,376000000.0,1.0,1164652426.0,1164652426.0,,9.15,31661000000.0,765000000.0,349000000.0,2785000000.0,27.185,4268000000.0
27,GOLD,MRT,2014-06-30,2014-06-30,2014-06-30,2021-08-09,-43000000.0,37435000000.0,38132500000.0,6534000000.0,30901000000.0,0.289,11.387,-3802000000.0,2549000000.0,2549000000.0,7010000000.0,-2859000000.0,2.872,1.617,13160000000.0,187000000.0,12973000000.0,13160000000.0,0.0,1685000000.0,0.0,0.011,0.2,-1228000000.0,457000000.0,0.041,457000000.0,-1228000000.0,-2017000000.0,-2.59,-2.6,-2.59,13262000000.0,13500500000.0,13262000000.0,31812139396.0,-26.0,69.611,-482000000.0,-0.414,1.0,4007000000.0,0.364,5830000000.0,789000000.0,39941000000.0,40397750000.0,4348000000.0,131000000.0,0.0,131000000.0,21441000000.0,2275000000.0,19166000000.0,21313139396.0,119000000.0,688000000.0,3096000000.0,-2797000000.0,-224000000.0,4000000.0,-3195000000.0,52000000.0,3320000000.0,-10000000.0,-2839000000.0,-2839000000.0,-2839000000.0,9000000.0,190000000.0,-0.258,5131000000.0,-1124000000.0,1659000000.0,-0.077,1.607,-7.507,-7.066,21377000000.0,0.0,18.3,1.935,1.935,377000000.0,-7878000000.0,11017000000.0,11017000000.0,711000000.0,-0.074,-0.21,-0.03,-0.111,0.0,378000000.0,1.0,1164652426.0,1164652426.0,,9.459,31605000000.0,774000000.0,822000000.0,2651000000.0,27.137,4259000000.0
28,GOLD,MRT,2014-03-31,2014-03-31,2014-03-31,2021-08-09,-51000000.0,37810000000.0,38747500000.0,6250000000.0,31560000000.0,0.304,11.667,-4738000000.0,2672000000.0,2672000000.0,7211000000.0,-11337000000.0,2.508,1.585,13171000000.0,180000000.0,12991000000.0,13171000000.0,0.0,1738000000.0,0.0,0.02,0.35,-9889000000.0,-8151000000.0,-0.693,-8151000000.0,-9889000000.0,-10639000000.0,-10.91,-10.41,-10.91,13588000000.0,13565250000.0,13588000000.0,31441752756.0,-3.0,-3.857,-999000000.0,-0.858,1.0,4549000000.0,0.387,6147000000.0,750000000.0,39670000000.0,41073000000.0,4384000000.0,142000000.0,0.0,142000000.0,21534000000.0,2492000000.0,19042000000.0,20765752756.0,334000000.0,602000000.0,3096000000.0,-1785000000.0,-366000000.0,879000000.0,-4264000000.0,25000000.0,3739000000.0,-20000000.0,-11125000000.0,-11125000000.0,-11125000000.0,514000000.0,290000000.0,-0.946,14020000000.0,-9471000000.0,1871000000.0,-0.032,1.528,-1.867,-1.634,21910000000.0,0.0,17.83,1.766,1.766,410000000.0,-7551000000.0,11760000000.0,11760000000.0,664000000.0,-0.287,-0.82,-0.241,-0.841,0.0,395000000.0,1.0,1164652426.0,1164652426.0,,10.097,31663000000.0,627000000.0,486000000.0,2578000000.0,27.187,3758000000.0
29,GOLD,MRT,2013-12-31,2013-12-31,2013-12-31,2021-08-09,-69000000.0,37448000000.0,41544250000.0,6212000000.0,31236000000.0,0.302,13.518,-5501000000.0,2404000000.0,2404000000.0,7329000000.0,-10603000000.0,2.154,1.585,13080000000.0,179000000.0,12901000000.0,13080000000.0,0.0,1732000000.0,0.0,0.028,0.5,-9079000000.0,-7347000000.0,-0.586,-7347000000.0,-9079000000.0,-9736000000.0,-10.14,-9.65,-10.14,13533000000.0,15804750000.0,13533000000.0,30798533705.0,-3.0,-4.192,-1262000000.0,-1.261,1.0,5198000000.0,0.415,6155000000.0,657000000.0,39085000000.0,43403500000.0,4358000000.0,147000000.0,0.0,147000000.0,21447000000.0,2884000000.0,18563000000.0,17649533705.0,327000000.0,522000000.0,2911000000.0,-998000000.0,-508000000.0,1342000000.0,-5237000000.0,18000000.0,4239000000.0,-17000000.0,-10366000000.0,-10366000000.0,-10366000000.0,506000000.0,237000000.0,-0.827,13913000000.0,-8715000000.0,2165000000.0,-0.049,1.304,-1.703,-1.739,21688000000.0,0.0,17.63,1.409,1.409,385000000.0,-7581000000.0,12527000000.0,12527000000.0,680000000.0,-0.25,-0.656,-0.209,-0.725,0.0,390000000.0,1.0,1001107981.0,1001107981.0,,12.513,31293000000.0,501000000.0,630000000.0,2333000000.0,31.258,3328000000.0
30,GOLD,MRT,2013-09-30,2013-09-30,2013-09-30,2021-08-09,87000000.0,39837000000.0,44051750000.0,5981000000.0,33856000000.0,0.312,13.604,-6175000000.0,2283000000.0,2283000000.0,7515000000.0,-10874000000.0,1.784,1.75,15432000000.0,861000000.0,14571000000.0,15432000000.0,0.0,1782000000.0,0.0,0.035,0.65,-10582000000.0,-8800000000.0,-0.641,-8800000000.0,-10582000000.0,-11017000000.0,-10.54,-9.87,-10.54,13619000000.0,17914500000.0,13619000000.0,32011630606.0,-3.0,-3.638,-1107000000.0,-1.106,1.0,6219000000.0,0.453,6738000000.0,435000000.0,42895000000.0,45036500000.0,4370000000.0,191000000.0,0.0,191000000.0,23829000000.0,3353000000.0,20476000000.0,18640630606.0,-253000000.0,395000000.0,13000000.0,1382000000.0,-650000000.0,865000000.0,-6173000000.0,17000000.0,5068000000.0,-13000000.0,-10549000000.0,-10549000000.0,-10549000000.0,667000000.0,353000000.0,-0.768,16644000000.0,-10425000000.0,1847000000.0,-0.062,1.369,-1.767,-1.767,23529000000.0,0.0,18.62,1.357,1.357,430000000.0,-4717000000.0,13734000000.0,13734000000.0,262000000.0,-0.239,-0.589,-0.235,-0.77,0.0,650000000.0,1.0,1001107981.0,1001107981.0,,13.719,33099000000.0,541000000.0,-468000000.0,3089000000.0,33.062,2628000000.0
31,GOLD,MRT,2013-06-30,2013-06-30,2013-06-30,2021-08-09,113000000.0,39895000000.0,47113500000.0,6753000000.0,33142000000.0,0.3,13.506,-6629000000.0,2422000000.0,2422000000.0,7460000000.0,-10231000000.0,1.766,1.762,15793000000.0,1370000000.0,14423000000.0,15793000000.0,0.0,1739000000.0,0.0,0.051,0.8,-10481000000.0,-8742000000.0,-0.618,-8742000000.0,-10481000000.0,-10827000000.0,-10.06,-9.39,-10.06,13521000000.0,20802750000.0,13521000000.0,28213439621.0,-3.0,-3.227,-947000000.0,-0.946,1.0,6688000000.0,0.473,6801000000.0,346000000.0,42642000000.0,46675000000.0,4365000000.0,54000000.0,0.0,54000000.0,23824000000.0,3823000000.0,20001000000.0,15757439621.0,94000000.0,-22000000.0,14000000.0,1823000000.0,-800000000.0,1431000000.0,-7011000000.0,19000000.0,5682000000.0,-8000000.0,-10072000000.0,-10072000000.0,-10072000000.0,668000000.0,187000000.0,-0.712,16750000000.0,-10062000000.0,1840000000.0,-0.08,1.165,-1.564,-1.565,23082000000.0,0.0,15.74,1.114,1.114,424000000.0,-4839000000.0,14148000000.0,14148000000.0,309000000.0,-0.214,-0.484,-0.225,-0.741,0.0,595000000.0,1.0,1001107981.0,1001107981.0,,14.132,33094000000.0,483000000.0,-755000000.0,2495000000.0,33.057,2930000000.0
32,GOLD,MRT,2013-03-31,2013-03-31,2013-03-31,2021-08-09,387000000.0,48997000000.0,49890750000.0,6206000000.0,42791000000.0,0.284,22.521,-6793000000.0,2342000000.0,2342000000.0,7357000000.0,-738000000.0,1.956,1.054,14798000000.0,694000000.0,14104000000.0,14798000000.0,0.0,1674000000.0,0.0,0.027,0.8,-700000000.0,974000000.0,0.069,974000000.0,-700000000.0,-936000000.0,-0.72,-0.55,-0.72,22546000000.0,23597250000.0,22546000000.0,41282574641.0,-59.0,42.385,-1099000000.0,-1.098,1.0,6834000000.0,0.482,9288000000.0,236000000.0,48992000000.0,48139500000.0,4393000000.0,70000000.0,0.0,70000000.0,23760000000.0,3173000000.0,20587000000.0,29432574641.0,-326000000.0,-37000000.0,15000000.0,1459000000.0,-800000000.0,1101000000.0,-7118000000.0,149000000.0,5694000000.0,-3000000.0,-730000000.0,-730000000.0,-730000000.0,172000000.0,36000000.0,-0.051,7412000000.0,-578000000.0,2202000000.0,-1.111,1.305,-40.319,-40.833,30172000000.0,0.0,29.4,2.074,2.074,380000000.0,3916000000.0,14191000000.0,14191000000.0,336000000.0,-0.015,-0.031,-0.015,-0.049,0.0,553000000.0,1.0,1001107981.0,1001107981.0,,14.175,39709000000.0,488000000.0,-206000000.0,2910000000.0,39.665,3033000000.0
33,GOLD,MRT,2012-12-31,2012-12-31,2012-12-31,2021-08-09,463000000.0,47478000000.0,50110750000.0,5757000000.0,41721000000.0,0.287,21.963,-6773000000.0,2097000000.0,2097000000.0,7257000000.0,-549000000.0,1.303,1.04,13943000000.0,1848000000.0,12095000000.0,13943000000.0,0.0,1651000000.0,0.0,0.021,0.75,-466000000.0,1185000000.0,0.082,1185000000.0,-466000000.0,-640000000.0,-0.54,-0.35,-0.54,21972000000.0,24003250000.0,21972000000.0,46435783323.0,-100.0,39.186,-790000000.0,-0.79,1.0,7137000000.0,0.496,9290000000.0,174000000.0,45617000000.0,47519500000.0,4140000000.0,98000000.0,0.0,98000000.0,22842000000.0,4417000000.0,18425000000.0,35024783323.0,-652000000.0,-37000000.0,18000000.0,607000000.0,-750000000.0,423000000.0,-7065000000.0,168000000.0,5983000000.0,7000000.0,-538000000.0,-538000000.0,-538000000.0,185000000.0,11000000.0,-0.037,7459000000.0,-322000000.0,2267000000.0,-1.389,1.594,-65.102,-64.833,29277000000.0,0.0,35.01,2.433,2.433,449000000.0,3269000000.0,14394000000.0,14394000000.0,359000000.0,-0.011,-0.022,-0.01,-0.032,0.0,503000000.0,1.0,1000422260.0,1000422260.0,,14.388,38188000000.0,437000000.0,-102000000.0,2709000000.0,38.172,1340000000.0
34,GOLD,MRT,2012-09-30,2012-09-30,2012-09-30,2021-08-09,538000000.0,52084000000.0,50462750000.0,6374000000.0,45710000000.0,0.278,25.161,-6110000000.0,2530000000.0,2530000000.0,6921000000.0,3453000000.0,1.608,0.967,13941000000.0,1299000000.0,12642000000.0,13941000000.0,0.0,1587000000.0,0.0,0.017,0.7,5538000000.0,7125000000.0,0.507,7125000000.0,5538000000.0,5355000000.0,3.44,3.46,3.44,25172000000.0,24351000000.0,25172000000.0,53370633578.0,10.0,7.491,-748000000.0,-0.748,1.0,7128000000.0,0.507,10082000000.0,183000000.0,49449000000.0,47714750000.0,4404000000.0,353000000.0,0.0,353000000.0,24334000000.0,3964000000.0,20370000000.0,41777633578.0,-433000000.0,-15000000.0,22000000.0,597000000.0,-700000000.0,458000000.0,-6266000000.0,169000000.0,5362000000.0,13000000.0,3434000000.0,3434000000.0,3434000000.0,19000000.0,3000000.0,0.244,1600000000.0,5528000000.0,2260000000.0,0.203,1.66,12.166,12.14,32412000000.0,0.0,41.76,2.974,2.974,361000000.0,6409000000.0,14049000000.0,14049000000.0,351000000.0,0.068,0.141,0.116,0.394,0.0,193000000.0,1.0,1000422260.0,1000422260.0,,14.043,42002000000.0,378000000.0,1921000000.0,4447000000.0,41.984,2410000000.0
35,GOLD,MRT,2012-06-30,2012-06-30,2012-06-30,2021-08-09,487000000.0,51004000000.0,49148500000.0,6360000000.0,44644000000.0,0.297,24.689,-5965000000.0,2330000000.0,2330000000.0,6882000000.0,4184000000.0,1.64,0.966,13923000000.0,1295000000.0,12628000000.0,13923000000.0,0.0,1565000000.0,0.0,0.017,0.62,6482000000.0,8047000000.0,0.55,8047000000.0,6482000000.0,6264000000.0,4.16,4.16,4.16,24699000000.0,23651750000.0,24699000000.0,48310864308.0,7.0,6.004,-546000000.0,-0.546,1.0,7739000000.0,0.529,10218000000.0,218000000.0,48500000000.0,46426250000.0,4092000000.0,328000000.0,0.0,328000000.0,23859000000.0,3879000000.0,19980000000.0,37585864308.0,-531000000.0,-352000000.0,31000000.0,581000000.0,-619000000.0,518000000.0,-6458000000.0,113000000.0,5419000000.0,-10000000.0,4150000000.0,4150000000.0,4150000000.0,9000000.0,24000000.0,0.284,1455000000.0,6284000000.0,2201000000.0,0.149,1.522,9.057,9.031,31173000000.0,0.0,37.57,2.571,2.571,406000000.0,5991000000.0,14621000000.0,14621000000.0,350000000.0,0.084,0.175,0.14,0.443,0.0,191000000.0,1.0,1000422260.0,1000422260.0,,14.615,40786000000.0,383000000.0,2114000000.0,4330000000.0,40.769,2481000000.0
36,GOLD,MRT,2012-03-31,2012-03-31,2012-03-31,2021-08-09,516000000.0,49877000000.0,47774500000.0,6702000000.0,43175000000.0,0.31,24.16,-5317000000.0,2665000000.0,2665000000.0,6639000000.0,4572000000.0,1.723,0.967,13390000000.0,1245000000.0,12145000000.0,13390000000.0,0.0,1514000000.0,0.0,0.012,0.54,7065000000.0,8579000000.0,0.58,8579000000.0,7065000000.0,6850000000.0,4.53,4.52,4.53,24170000000.0,22871500000.0,24170000000.0,54122359865.0,8.0,6.309,-67000000.0,-0.067,1.0,8154000000.0,0.551,10200000000.0,215000000.0,46512000000.0,45050500000.0,3833000000.0,361000000.0,0.0,361000000.0,23369000000.0,3890000000.0,19479000000.0,43498359865.0,-1779000000.0,-7652000000.0,40000000.0,6104000000.0,-539000000.0,6164000000.0,-13196000000.0,32000000.0,5250000000.0,3000000.0,4522000000.0,4522000000.0,4522000000.0,0.0,50000000.0,0.306,1419000000.0,6735000000.0,1960000000.0,0.119,1.8,9.619,9.598,29891000000.0,0.0,43.48,2.94,2.94,446000000.0,5441000000.0,14793000000.0,14793000000.0,354000000.0,0.095,0.198,0.157,0.478,0.0,172000000.0,1.0,1000422260.0,1000422260.0,,14.787,39677000000.0,395000000.0,2328000000.0,4704000000.0,39.66,2812000000.0
37,GOLD,MRT,2011-12-31,2011-12-31,2011-12-31,2021-08-09,595000000.0,48886000000.0,44315000000.0,6549000000.0,42337000000.0,0.321,23.398,-4973000000.0,2749000000.0,2749000000.0,6240000000.0,4537000000.0,2.248,0.999,13369000000.0,196000000.0,13173000000.0,13369000000.0,0.0,1419000000.0,0.0,0.011,0.51,6970000000.0,8389000000.0,0.589,8389000000.0,6970000000.0,6771000000.0,4.49,4.48,4.49,23363000000.0,21950250000.0,23363000000.0,55600110203.0,8.0,6.628,342000000.0,0.343,1.0,7996000000.0,0.562,10195000000.0,199000000.0,46398000000.0,40741000000.0,3651000000.0,502000000.0,0.0,502000000.0,23332000000.0,2913000000.0,20419000000.0,45182110203.0,-1223000000.0,-7677000000.0,57000000.0,6268000000.0,-509000000.0,6291000000.0,-12827000000.0,8000000.0,5315000000.0,-2000000.0,4484000000.0,4484000000.0,4484000000.0,0.0,53000000.0,0.315,1323000000.0,6673000000.0,2085000000.0,0.114,1.934,10.076,10.078,29076000000.0,0.0,45.25,3.174,3.174,426000000.0,4562000000.0,14236000000.0,14236000000.0,346000000.0,0.101,0.204,0.171,0.49,0.0,166000000.0,1.0,998499673.0,998499673.0,,14.257,38691000000.0,409000000.0,2287000000.0,4537000000.0,38.749,3636000000.0
38,GOLD,MRT,2011-09-30,2011-09-30,2011-09-30,2021-08-09,411000000.0,46827000000.0,40752750000.0,6564000000.0,40263000000.0,0.331,22.409,-4964000000.0,2965000000.0,2965000000.0,5865000000.0,4560000000.0,2.269,0.999,13383000000.0,198000000.0,13185000000.0,13383000000.0,0.0,1297000000.0,0.0,0.01,0.48,6868000000.0,8165000000.0,0.605,8165000000.0,6868000000.0,6693000000.0,4.5,4.44,4.5,22375000000.0,20977500000.0,22375000000.0,57076009745.0,8.0,6.99,77000000.0,0.077,1.0,7620000000.0,0.565,10057000000.0,175000000.0,44295000000.0,36202750000.0,2249000000.0,628000000.0,0.0,628000000.0,22363000000.0,2893000000.0,19470000000.0,46580009745.0,-1316000000.0,-7677000000.0,119000000.0,6292000000.0,-480000000.0,6399000000.0,-12755000000.0,-20000000.0,5041000000.0,-1000000.0,4486000000.0,4486000000.0,4486000000.0,-42000000.0,74000000.0,0.333,1005000000.0,6615000000.0,1890000000.0,0.107,2.082,10.383,10.367,27007000000.0,0.0,46.65,3.454,3.454,444000000.0,3777000000.0,13485000000.0,13485000000.0,321000000.0,0.11,0.214,0.19,0.509,0.0,164000000.0,1.0,998499673.0,998499673.0,,13.505,36770000000.0,537000000.0,2207000000.0,3847000000.0,36.825,3671000000.0
39,GOLD,MRT,2011-06-30,2011-06-30,2011-06-30,2021-08-09,872000000.0,45508000000.0,37118250000.0,6570000000.0,38938000000.0,0.331,21.61,-4357000000.0,2863000000.0,2863000000.0,5472000000.0,4132000000.0,2.243,1.018,13359000000.0,130000000.0,13229000000.0,13359000000.0,0.0,1242000000.0,0.0,0.011,0.48,6139000000.0,7381000000.0,0.6,7381000000.0,6139000000.0,5992000000.0,4.09,4.01,4.09,21578000000.0,19821000000.0,21578000000.0,47565050190.0,8.0,6.444,179000000.0,0.179,1.0,6830000000.0,0.555,10078000000.0,147000000.0,42997000000.0,31903500000.0,2141000000.0,593000000.0,0.0,593000000.0,21975000000.0,2929000000.0,19046000000.0,45222050190.0,-988000000.0,-7401000000.0,127000000.0,6236000000.0,-479000000.0,6258000000.0,-11813000000.0,18000000.0,4536000000.0,31000000.0,4063000000.0,4063000000.0,4063000000.0,-53000000.0,69000000.0,0.33,874000000.0,5956000000.0,2043000000.0,0.117,2.096,11.13,11.073,25645000000.0,0.0,45.29,3.676,3.676,447000000.0,2531000000.0,12302000000.0,12302000000.0,283000000.0,0.109,0.205,0.192,0.499,0.0,158000000.0,1.0,998499673.0,998499673.0,,12.32,35430000000.0,552000000.0,1929000000.0,3791000000.0,35.483,3641000000.0
40,GOLD,MRT,2011-03-31,2011-03-31,2011-03-31,2021-08-09,834000000.0,36039000000.0,33387500000.0,7691000000.0,28348000000.0,0.345,20.516,-4140000000.0,4443000000.0,4443000000.0,5248000000.0,3825000000.0,3.04,0.671,6786000000.0,14000000.0,6772000000.0,6786000000.0,0.0,1224000000.0,0.0,0.011,0.56,5559000000.0,6783000000.0,0.589,6783000000.0,5559000000.0,5413000000.0,3.8,3.68,3.8,20485000000.0,18560000000.0,20485000000.0,54556118025.0,10.0,8.043,754000000.0,0.755,1.0,6259000000.0,0.544,6578000000.0,146000000.0,29274000000.0,27780750000.0,1808000000.0,601000000.0,0.0,601000000.0,13738000000.0,2530000000.0,11208000000.0,51832118025.0,975000000.0,-391000000.0,143000000.0,796000000.0,-556000000.0,593000000.0,-4527000000.0,-32000000.0,4894000000.0,15000000.0,3763000000.0,3763000000.0,3763000000.0,-89000000.0,62000000.0,0.327,887000000.0,5372000000.0,1455000000.0,0.147,2.53,13.774,13.661,18772000000.0,0.0,51.91,4.504,4.504,315000000.0,1492000000.0,11507000000.0,11507000000.0,250000000.0,0.113,0.203,0.2,0.483,0.0,165000000.0,1.0,998499673.0,998499673.0,,11.524,29461000000.0,585000000.0,1650000000.0,2749000000.0,29.505,5161000000.0
41,GOLD,MRT,2010-12-31,2010-12-31,2010-12-31,2021-08-09,729000000.0,34637000000.0,31758500000.0,7071000000.0,27566000000.0,0.346,19.782,-3778000000.0,3968000000.0,3968000000.0,5162000000.0,3630000000.0,2.839,0.689,6638000000.0,14000000.0,6624000000.0,6638000000.0,0.0,1233000000.0,0.0,0.008,0.44,5323000000.0,6556000000.0,0.596,6556000000.0,5323000000.0,5143000000.0,3.63,3.47,3.63,19472000000.0,17468500000.0,19472000000.0,55033553255.0,10.0,8.394,807000000.0,0.82,1.0,5839000000.0,0.531,6571000000.0,180000000.0,28245000000.0,26765000000.0,2838000000.0,567000000.0,0.0,567000000.0,13420000000.0,2491000000.0,10929000000.0,52346553255.0,1404000000.0,-813000000.0,127000000.0,633000000.0,-436000000.0,1434000000.0,-4630000000.0,-46000000.0,4585000000.0,15000000.0,3582000000.0,3582000000.0,3582000000.0,-124000000.0,48000000.0,0.326,767000000.0,5072000000.0,1511000000.0,0.121,2.688,14.614,14.65,17890000000.0,0.0,53.18,4.758,4.758,370000000.0,609000000.0,11001000000.0,11001000000.0,229000000.0,0.113,0.205,0.199,0.484,0.0,156000000.0,1.0,984327816.0,984327816.0,,11.176,28066000000.0,625000000.0,1561000000.0,2521000000.0,28.513,4580000000.0
42,GOLD,MRT,2010-09-30,2010-09-30,2010-09-30,2021-08-09,331000000.0,32289000000.0,29830250000.0,7018000000.0,25271000000.0,0.347,18.032,-3215000000.0,4281000000.0,4281000000.0,4809000000.0,2863000000.0,2.856,0.731,6968000000.0,295000000.0,6673000000.0,6968000000.0,0.0,1225000000.0,0.0,0.011,0.52,4363000000.0,5588000000.0,0.54,5588000000.0,4363000000.0,4181000000.0,3.05,2.89,3.05,17749000000.0,16408500000.0,17749000000.0,48751534603.0,11.0,8.724,-3880000000.0,-3.942,1.0,5539000000.0,0.535,5421000000.0,182000000.0,27098000000.0,25521750000.0,1800000000.0,414000000.0,0.0,414000000.0,12982000000.0,2457000000.0,10525000000.0,45564534603.0,-2250000000.0,-813000000.0,83000000.0,1814000000.0,-510000000.0,2465000000.0,-4064000000.0,-15000000.0,-665000000.0,14000000.0,2834000000.0,2834000000.0,2834000000.0,-124000000.0,29000000.0,0.274,1426000000.0,4113000000.0,1477000000.0,0.17,2.567,16.078,15.177,16669000000.0,0.0,46.29,4.403,4.403,288000000.0,-319000000.0,10348000000.0,10348000000.0,190000000.0,0.095,0.173,0.171,0.422,0.0,166000000.0,1.0,984327816.0,984327816.0,,10.513,26868000000.0,895000000.0,1347000000.0,1318000000.0,27.296,4561000000.0
43,GOLD,MRT,2010-06-30,2010-06-30,2010-06-30,2021-08-09,-94000000.0,30585000000.0,29327250000.0,6296000000.0,24289000000.0,0.327,16.797,-2843000000.0,3851000000.0,3851000000.0,4460000000.0,-3440000000.0,3.409,0.754,7038000000.0,17000000.0,7021000000.0,7038000000.0,0.0,1185000000.0,0.0,0.009,0.4,-2206000000.0,-1021000000.0,-0.106,-1021000000.0,-2206000000.0,-2360000000.0,-3.98,-4.14,-3.98,16534000000.0,15716250000.0,16534000000.0,47574326125.0,-22.0,-46.596,-3994000000.0,-4.058,1.0,5138000000.0,0.535,5419000000.0,154000000.0,26506000000.0,20911000000.0,1671000000.0,363000000.0,0.0,363000000.0,12474000000.0,1847000000.0,10627000000.0,44698326125.0,1813000000.0,-805000000.0,3960000000.0,1890000000.0,-392000000.0,6664000000.0,-3714000000.0,4000000.0,-1151000000.0,14000000.0,-3458000000.0,-3458000000.0,-3458000000.0,-143000000.0,18000000.0,-0.36,7585000000.0,-2447000000.0,1285000000.0,-0.101,2.703,-12.926,-11.41,16025000000.0,0.0,45.41,4.657,4.657,256000000.0,-1038000000.0,9598000000.0,9598000000.0,176000000.0,-0.118,-0.22,-0.105,-0.23,0.0,169000000.0,1.0,984327816.0,984327816.0,,9.751,25166000000.0,898000000.0,1098000000.0,1190000000.0,25.567,4449000000.0
44,GOLD,MRT,2010-03-31,2010-03-31,2010-03-31,2021-08-09,134000000.0,29523000000.0,28013750000.0,5931000000.0,23592000000.0,0.319,16.376,-2594000000.0,3468000000.0,3468000000.0,4147000000.0,-3821000000.0,3.089,0.729,6344000000.0,48000000.0,6296000000.0,6344000000.0,0.0,1131000000.0,0.0,0.01,0.4,-2688000000.0,-1557000000.0,-0.174,-1557000000.0,-2688000000.0,-2809000000.0,-4.29,-4.44,-4.29,16119000000.0,15647000000.0,16119000000.0,41510128465.0,-15.0,-26.66,-4135000000.0,-4.201,1.0,4795000000.0,0.536,5268000000.0,121000000.0,25211000000.0,19708000000.0,1535000000.0,361000000.0,0.0,361000000.0,11752000000.0,1920000000.0,9832000000.0,37739128465.0,1364000000.0,-548000000.0,3945000000.0,1033000000.0,-369000000.0,5963000000.0,-3099000000.0,5000000.0,-1541000000.0,41000000.0,-3825000000.0,-3825000000.0,-3825000000.0,-129000000.0,4000000.0,-0.428,7735000000.0,-2940000000.0,1295000000.0,-0.093,2.341,-9.866,-8.937,15347000000.0,0.0,38.34,4.22,4.22,281000000.0,-1624000000.0,8942000000.0,8942000000.0,155000000.0,-0.137,-0.244,-0.136,-0.301,0.0,169000000.0,1.0,984327816.0,984327816.0,,9.084,24255000000.0,930000000.0,1016000000.0,1225000000.0,24.641,4011000000.0
45,GOLD,MRT,2009-12-31,2009-12-31,2009-12-31,2021-08-09,232000000.0,26924000000.0,26838250000.0,4929000000.0,21995000000.0,0.303,17.458,-2351000000.0,2564000000.0,2564000000.0,3807000000.0,-4268000000.0,2.747,0.733,6178000000.0,54000000.0,6124000000.0,6178000000.0,0.0,1073000000.0,0.0,0.01,0.4,-3569000000.0,-2496000000.0,-0.307,-2496000000.0,-3569000000.0,-3626000000.0,-4.73,-4.84,-4.73,15232000000.0,15505000000.0,15232000000.0,32957938500.0,-9.0,-13.204,-4673000000.0,-5.356,1.0,4329000000.0,0.532,5472000000.0,57000000.0,23272000000.0,18659000000.0,2197000000.0,1186000000.0,0.0,1186000000.0,11170000000.0,1794000000.0,9376000000.0,34357938500.0,1127000000.0,-101000000.0,3950000000.0,1757000000.0,-369000000.0,5829000000.0,-2415000000.0,4000000.0,-2322000000.0,35000000.0,-4274000000.0,-4274000000.0,-4274000000.0,-97000000.0,6000000.0,-0.525,8023000000.0,-3694000000.0,1221000000.0,-0.085,2.256,-8.039,-8.326,13378000000.0,0.0,39.38,4.223,4.223,259000000.0,-2535000000.0,8136000000.0,8136000000.0,141000000.0,-0.159,-0.276,-0.191,-0.439,0.0,171000000.0,1.0,872471775.0,872471775.0,,9.325,21452000000.0,601000000.0,648000000.0,1064000000.0,24.588,3135000000.0
46,GOLD,MRT,2009-09-30,2009-09-30,2009-09-30,2021-08-09,37000000.0,30277000000.0,26147500000.0,8810000000.0,21467000000.0,0.29,17.17,-2190000000.0,6531000000.0,6531000000.0,3850000000.0,-4957000000.0,0.591,0.994,5131000000.0,5131000000.0,0.0,5131000000.0,0.0,991000000.0,0.0,0.011,0.4,-4406000000.0,-3415000000.0,-0.45,-3415000000.0,-4406000000.0,-4434000000.0,-5.63,-5.56,-5.63,14980000000.0,15516250000.0,14980000000.0,36154680272.0,-8.0,-10.587,275000000.0,0.315,1.0,3738000000.0,0.493,5327000000.0,28000000.0,8655000000.0,17861500000.0,1537000000.0,1216000000.0,0.0,1216000000.0,14895000000.0,14895000000.0,0.0,33066680272.0,4785000000.0,-153000000.0,3919000000.0,548000000.0,-349000000.0,4503000000.0,-2221000000.0,-1000000.0,2465000000.0,38000000.0,-4955000000.0,-4955000000.0,-4955000000.0,49000000.0,-2000000.0,-0.653,8243000000.0,-4505000000.0,1093000000.0,-0.071,2.207,-6.673,-6.732,12636000000.0,0.0,37.9,4.358,4.358,210000000.0,-2400000000.0,7588000000.0,7588000000.0,153000000.0,-0.19,-0.319,-0.247,-0.581,0.0,165000000.0,1.0,872471775.0,872471775.0,,8.697,24950000000.0,851000000.0,521000000.0,928000000.0,28.597,-6085000000.0
47,GOLD,MRT,2009-06-30,2009-06-30,2009-06-30,2021-08-09,-96000000.0,25331000000.0,24668250000.0,4336000000.0,20995000000.0,0.301,18.633,-2226000000.0,2038000000.0,2038000000.0,3926000000.0,655000000.0,3.119,0.538,5126000000.0,67000000.0,5059000000.0,5126000000.0,0.0,972000000.0,0.0,0.012,0.4,1091000000.0,2063000000.0,0.278,2063000000.0,1091000000.0,1068000000.0,0.73,0.83,0.73,16257000000.0,15811250000.0,16257000000.0,32435428051.0,30.0,15.722,-128000000.0,-0.147,1.0,3502000000.0,0.471,5335000000.0,23000000.0,21694000000.0,20639750000.0,1474000000.0,1185000000.0,0.0,1185000000.0,8748000000.0,1390000000.0,7358000000.0,29271428051.0,104000000.0,-496000000.0,25000000.0,748000000.0,-349000000.0,577000000.0,-2581000000.0,15000000.0,2098000000.0,10000000.0,649000000.0,649000000.0,649000000.0,79000000.0,6000000.0,0.087,2395000000.0,1107000000.0,942000000.0,0.548,1.801,45.102,45.959,12346000000.0,0.0,33.55,3.941,3.941,233000000.0,2950000000.0,7428000000.0,7428000000.0,166000000.0,0.026,0.041,0.053,0.147,0.0,164000000.0,1.0,872471775.0,872471775.0,,8.514,19996000000.0,823000000.0,419000000.0,851000000.0,22.919,2946000000.0
48,GOLD,MRT,2009-03-31,2009-03-31,2009-03-31,2021-08-09,-468000000.0,24821000000.0,24424250000.0,4539000000.0,20282000000.0,0.304,17.824,-1950000000.0,2104000000.0,2104000000.0,3859000000.0,653000000.0,2.814,0.579,5268000000.0,190000000.0,5078000000.0,5268000000.0,0.0,971000000.0,0.0,0.012,0.4,1037000000.0,2008000000.0,0.27,2008000000.0,1037000000.0,1020000000.0,0.73,0.85,0.73,15551000000.0,15810500000.0,15551000000.0,31404534946.0,30.0,15.64,-65000000.0,-0.075,1.0,3571000000.0,0.481,5357000000.0,17000000.0,21015000000.0,20043750000.0,1387000000.0,1155000000.0,0.0,1155000000.0,9001000000.0,1613000000.0,7388000000.0,28285534946.0,173000000.0,-452000000.0,14000000.0,847000000.0,-349000000.0,635000000.0,-2340000000.0,69000000.0,1885000000.0,-7000000.0,642000000.0,642000000.0,642000000.0,101000000.0,11000000.0,0.086,2463000000.0,1108000000.0,908000000.0,0.548,1.819,44.058,44.411,11808000000.0,0.0,32.42,3.807,3.807,210000000.0,2632000000.0,7430000000.0,7430000000.0,185000000.0,0.026,0.041,0.052,0.14,0.0,157000000.0,1.0,872471775.0,872471775.0,,8.516,19464000000.0,814000000.0,378000000.0,609000000.0,22.309,2926000000.0
49,GOLD,MRT,2008-12-31,2008-12-31,2008-12-31,2021-08-09,-356000000.0,24161000000.0,24192250000.0,4112000000.0,20049000000.0,0.315,17.562,-1749000000.0,1437000000.0,1437000000.0,3706000000.0,797000000.0,2.23,0.57,4556000000.0,206000000.0,4350000000.0,4556000000.0,0.0,957000000.0,0.0,0.011,0.4,1400000000.0,2357000000.0,0.31,2357000000.0,1400000000.0,1379000000.0,0.9,1.01,0.9,15277000000.0,15850500000.0,15277000000.0,34821731422.0,25.0,14.774,505000000.0,0.581,1.0,3907000000.0,0.513,5354000000.0,21000000.0,20082000000.0,19493250000.0,1278000000.0,1145000000.0,0.0,1145000000.0,8702000000.0,1844000000.0,6858000000.0,31985731422.0,-770000000.0,-2174000000.0,74000000.0,1114000000.0,-349000000.0,893000000.0,-3920000000.0,58000000.0,2254000000.0,3000000.0,785000000.0,785000000.0,785000000.0,104000000.0,12000000.0,0.103,2452000000.0,1455000000.0,953000000.0,0.444,2.094,40.746,40.856,11505000000.0,0.0,36.77,4.201,4.201,197000000.0,2261000000.0,7613000000.0,7613000000.0,198000000.0,0.032,0.05,0.072,0.184,0.0,155000000.0,1.0,869886631.0,869886631.0,,8.752,18807000000.0,869000000.0,594000000.0,754000000.0,21.62,2268000000.0
50,GOLD,MRT,2008-09-30,2008-09-30,2008-09-30,2021-08-09,-100000000.0,24360000000.0,23639750000.0,4065000000.0,20295000000.0,0.313,18.577,-1470000000.0,1746000000.0,1746000000.0,3373000000.0,1794000000.0,2.91,0.495,4582000000.0,200000000.0,4382000000.0,4582000000.0,0.0,970000000.0,0.0,0.01,0.35,2246000000.0,3216000000.0,0.434,3216000000.0,2246000000.0,2203000000.0,2.06,1.94,2.06,16160000000.0,15845250000.0,16160000000.0,34350634823.0,15.0,10.681,1009000000.0,1.16,1.0,4029000000.0,0.544,6031000000.0,43000000.0,19768000000.0,18452500000.0,1409000000.0,1123000000.0,0.0,1123000000.0,8007000000.0,1397000000.0,6610000000.0,31959634823.0,-972000000.0,-2985000000.0,91000000.0,1086000000.0,-305000000.0,965000000.0,-4386000000.0,743000000.0,2479000000.0,-9000000.0,1790000000.0,1790000000.0,1790000000.0,-64000000.0,4000000.0,0.242,1825000000.0,2204000000.0,989000000.0,0.17,1.978,17.855,17.835,11230000000.0,0.0,36.74,4.318,4.318,238000000.0,2904000000.0,7402000000.0,7402000000.0,202000000.0,0.076,0.113,0.122,0.303,0.0,161000000.0,1.0,869886631.0,869886631.0,,8.509,18329000000.0,0.0,413000000.0,726000000.0,21.071,2668000000.0
51,GOLD,MRT,2008-06-30,2008-06-30,2008-06-30,2021-08-09,245000000.0,24355000000.0,22905000000.0,4412000000.0,19943000000.0,0.315,18.685,-1148000000.0,1934000000.0,1934000000.0,3139000000.0,1875000000.0,2.973,0.491,4325000000.0,237000000.0,4088000000.0,4325000000.0,0.0,1032000000.0,0.0,0.008,0.35,2391000000.0,3423000000.0,0.475,3423000000.0,2391000000.0,2327000000.0,2.17,2.04,2.17,16254000000.0,15503000000.0,16254000000.0,42019841710.0,18.0,12.276,1344000000.0,1.545,1.0,4069000000.0,0.565,5952000000.0,64000000.0,19310000000.0,17239750000.0,1320000000.0,1264000000.0,0.0,1264000000.0,7977000000.0,1484000000.0,6493000000.0,39579841710.0,-650000000.0,-2848000000.0,171000000.0,863000000.0,-305000000.0,765000000.0,-3921000000.0,659000000.0,2492000000.0,14000000.0,1881000000.0,1881000000.0,1881000000.0,-64000000.0,-6000000.0,0.261,1866000000.0,2203000000.0,867000000.0,0.161,2.435,21.042,20.968,10483000000.0,0.0,45.5,5.491,5.491,238000000.0,2657000000.0,7208000000.0,7208000000.0,195000000.0,0.082,0.121,0.139,0.332,0.0,160000000.0,1.0,869886631.0,869886631.0,,8.286,18403000000.0,0.0,446000000.0,981000000.0,21.156,2928000000.0
52,GOLD,MRT,2008-03-31,2008-03-31,2008-03-31,2021-08-09,17000000.0,23893000000.0,22014750000.0,4242000000.0,19651000000.0,0.313,18.061,-1052000000.0,1931000000.0,1931000000.0,3033000000.0,1781000000.0,2.685,0.515,4371000000.0,234000000.0,4137000000.0,4371000000.0,0.0,1011000000.0,0.0,0.007,0.3,2294000000.0,3305000000.0,0.48,3305000000.0,2294000000.0,2211000000.0,2.07,1.93,2.07,15711000000.0,15022000000.0,15711000000.0,38975574117.0,17.0,11.793,1271000000.0,1.461,1.0,3850000000.0,0.559,5940000000.0,83000000.0,18813000000.0,16056250000.0,1246000000.0,1270000000.0,0.0,1270000000.0,8089000000.0,1580000000.0,6509000000.0,37796574117.0,-1028000000.0,-2844000000.0,181000000.0,259000000.0,-261000000.0,-8000000.0,-3358000000.0,605000000.0,2323000000.0,15000000.0,1792000000.0,1792000000.0,1792000000.0,-73000000.0,-11000000.0,0.26,1805000000.0,2045000000.0,874000000.0,0.145,2.406,21.092,20.99,10339000000.0,0.0,43.45,5.491,5.491,291000000.0,2346000000.0,6883000000.0,6883000000.0,181000000.0,0.081,0.119,0.143,0.333,0.0,155000000.0,1.0,869886631.0,869886631.0,,7.913,17953000000.0,0.0,419000000.0,858000000.0,20.638,2662000000.0
53,GOLD,MRT,2007-12-31,2007-12-31,2007-12-31,2021-08-09,151000000.0,21951000000.0,21413000000.0,4299000000.0,17652000000.0,0.281,17.658,-1035000000.0,2207000000.0,2207000000.0,2998000000.0,1105000000.0,3.317,0.433,3386000000.0,233000000.0,3153000000.0,3386000000.0,0.0,990000000.0,0.0,0.007,0.3,1545000000.0,2535000000.0,0.422,2535000000.0,1545000000.0,1432000000.0,1.29,1.19,1.29,15256000000.0,14615000000.0,15256000000.0,37037425364.0,24.0,14.61,733000000.0,0.848,1.0,3016000000.0,0.501,5915000000.0,113000000.0,15919000000.0,15042500000.0,1129000000.0,1227000000.0,0.0,1227000000.0,6613000000.0,1296000000.0,5317000000.0,36329425364.0,-836000000.0,-1122000000.0,142000000.0,-735000000.0,-261000000.0,-1051000000.0,-1562000000.0,614000000.0,1768000000.0,9000000.0,1119000000.0,1119000000.0,1119000000.0,-73000000.0,-14000000.0,0.186,1743000000.0,1273000000.0,808000000.0,0.233,2.381,32.466,32.597,8585000000.0,0.0,42.05,6.041,6.041,256000000.0,1832000000.0,6014000000.0,6014000000.0,168000000.0,0.052,0.077,0.103,0.257,0.0,155000000.0,1.0,863957797.0,863957797.0,,6.961,16036000000.0,722000000.0,313000000.0,841000000.0,18.561,3003000000.0
54,GOLD,MRT,2007-09-30,2007-09-30,2007-09-30,2021-08-09,121000000.0,21421000000.0,21302750000.0,4780000000.0,16641000000.0,0.271,17.12,-1071000000.0,2718000000.0,2718000000.0,3041000000.0,1000000000.0,3.864,0.442,3426000000.0,238000000.0,3188000000.0,3426000000.0,0.0,1052000000.0,0.0,0.006,0.26,1529000000.0,2581000000.0,0.448,2581000000.0,1529000000.0,1398000000.0,1.17,0.79,1.17,14791000000.0,14350750000.0,14791000000.0,35653220063.0,23.0,13.814,345000000.0,0.399,1.0,2722000000.0,0.472,5975000000.0,131000000.0,14917000000.0,14760750000.0,1064000000.0,470000000.0,0.0,470000000.0,6540000000.0,1237000000.0,5303000000.0,34800220063.0,957000000.0,-1803000000.0,135000000.0,-288000000.0,-225000000.0,-553000000.0,1679000000.0,-366000000.0,1416000000.0,13000000.0,1000000000.0,1000000000.0,1000000000.0,-303000000.0,0.0,0.174,1797000000.0,925000000.0,763000000.0,0.222,2.353,34.8,34.427,8518000000.0,0.0,40.28,6.039,6.039,307000000.0,1426000000.0,5763000000.0,5763000000.0,163000000.0,0.047,0.07,0.104,0.265,0.0,148000000.0,1.0,863957797.0,863957797.0,,6.67,15446000000.0,0.0,398000000.0,833000000.0,17.878,3543000000.0
55,GOLD,MRT,2007-06-30,2007-06-30,2007-06-30,2021-08-09,93000000.0,20794000000.0,21119750000.0,4503000000.0,16291000000.0,0.267,16.586,-1031000000.0,2584000000.0,2584000000.0,2942000000.0,1060000000.0,3.94,0.447,3437000000.0,256000000.0,3181000000.0,3437000000.0,0.0,912000000.0,0.0,0.009,0.26,1641000000.0,2553000000.0,0.453,2553000000.0,1641000000.0,1501000000.0,1.24,0.85,1.24,14330000000.0,14072250000.0,14330000000.0,26255253159.0,16.0,10.284,576000000.0,0.667,1.0,2699000000.0,0.478,5928000000.0,140000000.0,14576000000.0,14266000000.0,981000000.0,476000000.0,0.0,476000000.0,6402000000.0,1143000000.0,5259000000.0,25115253159.0,1154000000.0,-1689000000.0,65000000.0,-268000000.0,-225000000.0,-754000000.0,1916000000.0,-301000000.0,1607000000.0,4000000.0,1060000000.0,1060000000.0,1060000000.0,-312000000.0,0.0,0.188,1656000000.0,1043000000.0,672000000.0,0.21,1.753,23.694,23.444,8456000000.0,0.0,29.07,4.452,4.452,244000000.0,1081000000.0,5641000000.0,5641000000.0,164000000.0,0.05,0.075,0.115,0.291,0.0,143000000.0,1.0,863957797.0,863957797.0,,6.529,14866000000.0,0.0,441000000.0,830000000.0,17.207,3360000000.0
56,GOLD,MRT,2007-03-31,2007-03-31,2007-03-31,2021-08-09,126000000.0,21486000000.0,21357000000.0,4761000000.0,16725000000.0,0.259,16.301,-1090000000.0,2959000000.0,2959000000.0,2794000000.0,1123000000.0,2.455,0.525,4099000000.0,861000000.0,3238000000.0,4099000000.0,0.0,829000000.0,0.0,0.008,0.22,1721000000.0,2550000000.0,0.461,2550000000.0,1721000000.0,1574000000.0,1.31,0.94,1.31,14083000000.0,13472000000.0,14083000000.0,25729995104.0,15.0,10.09,839000000.0,0.971,1.0,2737000000.0,0.495,5929000000.0,147000000.0,14758000000.0,14101000000.0,946000000.0,995000000.0,0.0,995000000.0,7400000000.0,1939000000.0,5461000000.0,24665995104.0,1714000000.0,-48000000.0,78000000.0,-440000000.0,-191000000.0,-1564000000.0,1342000000.0,-322000000.0,1929000000.0,-3000000.0,1123000000.0,1123000000.0,1123000000.0,-299000000.0,0.0,0.203,1513000000.0,1224000000.0,738000000.0,0.168,1.751,21.964,21.794,8381000000.0,0.0,28.55,4.46,4.46,211000000.0,815000000.0,5531000000.0,5531000000.0,168000000.0,0.053,0.083,0.122,0.311,0.0,141000000.0,1.0,863957797.0,863957797.0,,6.402,15557000000.0,0.0,451000000.0,849000000.0,18.007,2822000000.0
57,GOLD,MRT,2006-12-31,2006-12-31,2006-12-31,2021-08-09,119000000.0,21510000000.0,14186000000.0,4796000000.0,16714000000.0,0.397,26.388,-1087000000.0,3043000000.0,3043000000.0,2710000000.0,1506000000.0,2.59,0.511,4107000000.0,863000000.0,3244000000.0,4107000000.0,0.0,774000000.0,0.0,0.007,0.22,1980000000.0,2754000000.0,0.489,2754000000.0,1980000000.0,1854000000.0,1.79,1.42,1.79,14199000000.0,9024500000.0,14199000000.0,18472113562.0,9.0,6.707,1064000000.0,1.977,1.0,2920000000.0,0.519,5930000000.0,126000000.0,14792000000.0,10929000000.0,931000000.0,973000000.0,0.0,973000000.0,7255000000.0,1852000000.0,5403000000.0,16519113562.0,2006000000.0,-208000000.0,74000000.0,608000000.0,-191000000.0,-1336000000.0,1195000000.0,-323000000.0,2151000000.0,-4000000.0,1506000000.0,1506000000.0,1506000000.0,-297000000.0,0.0,0.267,1435000000.0,1485000000.0,686000000.0,0.123,1.163,10.969,17.151,8390000000.0,0.0,30.7,2.934,2.934,234000000.0,974000000.0,5630000000.0,5630000000.0,171000000.0,0.106,0.167,0.181,0.352,0.0,142000000.0,1.0,538081875.0,538081875.0,,10.463,15580000000.0,0.0,348000000.0,798000000.0,28.955,2944000000.0
58,GOLD,MRT,2006-09-30,2006-09-30,2006-09-30,2021-08-09,-60000000.0,20689000000.0,13739500000.0,3346000000.0,17343000000.0,0.368,25.418,-1012000000.0,1766000000.0,1766000000.0,2330000000.0,1263000000.0,1.679,0.473,3719000000.0,831000000.0,2888000000.0,3719000000.0,0.0,638000000.0,0.0,0.007,0.22,1627000000.0,2265000000.0,0.448,2265000000.0,1627000000.0,1539000000.0,1.62,1.59,1.62,13677000000.0,8740500000.0,13677000000.0,19822875200.0,12.0,8.752,1048000000.0,1.948,1.0,2726000000.0,0.539,7711000000.0,88000000.0,12938000000.0,9938000000.0,1289000000.0,464000000.0,0.0,464000000.0,6464000000.0,1993000000.0,4471000000.0,16529875200.0,656000000.0,1336000000.0,65000000.0,207000000.0,-155000000.0,-1732000000.0,-1285000000.0,-19000000.0,2060000000.0,-6000000.0,1263000000.0,1263000000.0,1263000000.0,-3000000.0,0.0,0.25,1233000000.0,1493000000.0,635000000.0,0.136,1.209,13.088,18.963,6927000000.0,0.0,30.72,3.269,3.269,286000000.0,651000000.0,5056000000.0,5056000000.0,159000000.0,0.092,0.144,0.164,0.322,0.0,116000000.0,1.0,538081875.0,538081875.0,,9.396,12978000000.0,0.0,276000000.0,706000000.0,24.119,1353000000.0
59,GOLD,MRT,2006-06-30,2006-06-30,2006-06-30,2021-08-09,,,,,,,,-1126000000.0,,,1945000000.0,971000000.0,,,,,,,,565000000.0,,0.007,0.22,1233000000.0,1798000000.0,0.436,1798000000.0,1233000000.0,1182000000.0,1.36,1.35,1.36,,,,19220223500.0,16.0,10.69,418000000.0,0.777,1.0,2176000000.0,0.528,,51000000.0,,,,,,,,,,15927223500.0,299000000.0,1481000000.0,104000000.0,215000000.0,-155000000.0,-1534000000.0,-1330000000.0,-22000000.0,1544000000.0,0.0,971000000.0,971000000.0,971000000.0,6000000.0,0.0,0.236,1027000000.0,1149000000.0,,0.162,,16.403,21.765,,0.0,29.6,3.865,3.865,,,4121000000.0,4121000000.0,137000000.0,,,,0.299,0.0,100000000.0,1.0,538081875.0,538081875.0,,7.659,,,211000000.0,,,
60,GOLD,MRT,2006-03-31,2006-03-31,2006-03-31,2021-08-09,-59000000.0,21228000000.0,10340750000.0,4189000000.0,17039000000.0,0.295,23.902,-1107000000.0,1245000000.0,1245000000.0,1583000000.0,565000000.0,1.206,0.612,4538000000.0,1571000000.0,2967000000.0,4538000000.0,0.0,499000000.0,0.0,0.008,0.22,670000000.0,1169000000.0,0.383,1169000000.0,670000000.0,652000000.0,0.93,0.92,0.93,12861000000.0,6036750000.0,12861000000.0,15421350275.0,23.0,13.192,-120000000.0,-0.223,1.0,1469000000.0,0.481,7604000000.0,18000000.0,13444000000.0,8531000000.0,1115000000.0,408000000.0,0.0,408000000.0,7865000000.0,3473000000.0,4392000000.0,14657350275.0,-83000000.0,-145000000.0,91000000.0,1111000000.0,-118000000.0,267000000.0,-1330000000.0,-56000000.0,987000000.0,1000000.0,565000000.0,565000000.0,565000000.0,2000000.0,0.0,0.185,892000000.0,577000000.0,636000000.0,0.237,1.14,25.942,29.29,7729000000.0,0.0,27.24,4.803,4.803,197000000.0,-117000000.0,3052000000.0,3052000000.0,130000000.0,0.055,0.094,0.079,0.22,0.0,88000000.0,1.0,538081875.0,538081875.0,,5.672,13624000000.0,0.0,87000000.0,620000000.0,25.32,716000000.0
61,GOLD,MRT,2005-12-31,2005-12-31,2005-12-31,2021-08-09,-31000000.0,6862000000.0,6646500000.0,1748000000.0,5114000000.0,0.353,7.215,-1104000000.0,1037000000.0,1037000000.0,1198000000.0,401000000.0,3.121,0.782,1801000000.0,80000000.0,1721000000.0,1801000000.0,0.0,427000000.0,0.0,0.008,0.22,464000000.0,891000000.0,0.379,891000000.0,464000000.0,461000000.0,0.75,0.73,0.75,3850000000.0,3729750000.0,3850000000.0,15528740406.0,33.0,17.428,-378000000.0,-0.708,1.0,1150000000.0,0.49,0.0,3000000.0,7066000000.0,6761000000.0,402000000.0,200000000.0,0.0,200000000.0,3012000000.0,560000000.0,2452000000.0,14870740406.0,-361000000.0,0.0,92000000.0,120000000.0,-118000000.0,93000000.0,-1180000000.0,-79000000.0,726000000.0,0.0,401000000.0,401000000.0,401000000.0,0.0,0.0,0.171,769000000.0,381000000.0,386000000.0,0.293,3.863,37.084,37.16,4146000000.0,0.0,27.87,6.333,6.333,54000000.0,-341000000.0,2348000000.0,2348000000.0,109000000.0,0.06,0.108,0.069,0.198,0.0,71000000.0,1.0,533575185.0,533575185.0,,4.401,6862000000.0,0.0,60000000.0,114000000.0,12.86,1188000000.0
62,GOLD,MRT,2005-09-30,2005-09-30,2005-09-30,2021-08-09,41000000.0,6790000000.0,6502750000.0,1840000000.0,4950000000.0,0.319,7.129,-1123000000.0,1105000000.0,1105000000.0,1099000000.0,388000000.0,3.608,0.785,1763000000.0,0.0,1763000000.0,1763000000.0,0.0,398000000.0,0.0,0.008,0.22,247000000.0,645000000.0,0.311,645000000.0,247000000.0,245000000.0,0.73,0.72,0.73,3804000000.0,3660750000.0,3804000000.0,16143359124.0,65.0,25.028,-545000000.0,-1.021,1.0,976000000.0,0.47,0.0,2000000.0,6938000000.0,6533250000.0,361000000.0,215000000.0,0.0,215000000.0,2986000000.0,510000000.0,2476000000.0,15500359124.0,333000000.0,15000000.0,108000000.0,924000000.0,-118000000.0,901000000.0,-1154000000.0,-79000000.0,578000000.0,5000000.0,388000000.0,388000000.0,388000000.0,0.0,0.0,0.187,816000000.0,160000000.0,421000000.0,0.301,4.075,39.949,39.795,3982000000.0,0.0,29.05,7.47,7.47,50000000.0,-455000000.0,2075000000.0,2075000000.0,135000000.0,0.06,0.106,0.038,0.119,0.0,74000000.0,1.0,533575185.0,533575185.0,,3.889,6790000000.0,0.0,-143000000.0,148000000.0,12.725,1330000000.0
63,GOLD,MRT,2005-06-30,2005-06-30,2005-06-30,2021-08-09,32000000.0,6483000000.0,6377000000.0,1830000000.0,4653000000.0,0.305,6.807,-1018000000.0,1131000000.0,1131000000.0,1068000000.0,307000000.0,4.067,0.785,1774000000.0,0.0,1774000000.0,1774000000.0,0.0,404000000.0,0.0,0.009,0.22,141000000.0,545000000.0,0.28,545000000.0,141000000.0,133000000.0,0.58,0.57,0.58,3632000000.0,3603750000.0,3632000000.0,13723386881.0,97.0,25.181,-520000000.0,-0.975,1.0,880000000.0,0.452,0.0,8000000.0,6676000000.0,6330250000.0,336000000.0,199000000.0,0.0,199000000.0,2851000000.0,450000000.0,2401000000.0,13355386881.0,449000000.0,15000000.0,61000000.0,1082000000.0,-118000000.0,996000000.0,-1051000000.0,-76000000.0,498000000.0,3000000.0,307000000.0,307000000.0,307000000.0,0.0,0.0,0.158,834000000.0,46000000.0,367000000.0,0.379,3.677,43.503,43.155,3732000000.0,0.0,25.03,6.856,6.856,62000000.0,-568000000.0,1948000000.0,1948000000.0,146000000.0,0.048,0.085,0.022,0.072,0.0,73000000.0,1.0,533575185.0,533575185.0,,3.651,6483000000.0,0.0,-174000000.0,130000000.0,12.15,1380000000.0
64,GOLD,MRT,2005-03-31,2005-03-31,2005-03-31,2021-08-09,49000000.0,6451000000.0,6022750000.0,1946000000.0,4505000000.0,0.322,6.809,-937000000.0,1330000000.0,1330000000.0,1068000000.0,288000000.0,4.277,0.776,1698000000.0,0.0,1698000000.0,1698000000.0,0.0,425000000.0,0.0,0.009,0.22,99000000.0,524000000.0,0.27,524000000.0,99000000.0,88000000.0,0.54,0.53,0.54,3633000000.0,3523000000.0,3633000000.0,13041461433.0,132.0,24.888,-432000000.0,-0.81,1.0,871000000.0,0.449,0.0,11000000.0,6364000000.0,5835000000.0,235000000.0,141000000.0,0.0,141000000.0,2818000000.0,455000000.0,2363000000.0,12784461433.0,487000000.0,0.0,64000000.0,980000000.0,-118000000.0,898000000.0,-922000000.0,-29000000.0,505000000.0,-1000000.0,288000000.0,288000000.0,288000000.0,0.0,0.0,0.149,851000000.0,20000000.0,365000000.0,0.407,3.519,44.39,44.37,3773000000.0,0.0,23.96,6.593,6.593,52000000.0,-573000000.0,1939000000.0,1939000000.0,143000000.0,0.048,0.082,0.017,0.051,0.0,72000000.0,1.0,533575185.0,533575185.0,,3.634,6451000000.0,0.0,-200000000.0,137000000.0,12.09,1491000000.0
65,GOLD,MRT,2004-12-31,2004-12-31,2004-12-31,2021-08-09,69000000.0,6287000000.0,5733750000.0,1959000000.0,4328000000.0,0.337,6.677,-824000000.0,1398000000.0,1398000000.0,1047000000.0,248000000.0,4.664,0.759,1686000000.0,31000000.0,1655000000.0,1686000000.0,0.0,452000000.0,0.0,0.009,0.22,64000000.0,516000000.0,0.267,516000000.0,64000000.0,45000000.0,0.47,0.46,0.47,3574000000.0,3474000000.0,3574000000.0,13055760498.0,204.0,25.302,-315000000.0,-0.589,1.0,885000000.0,0.458,0.0,19000000.0,6155000000.0,5448250000.0,280000000.0,147000000.0,0.0,147000000.0,2713000000.0,420000000.0,2293000000.0,12963760498.0,428000000.0,0.0,-46000000.0,932000000.0,-118000000.0,740000000.0,-821000000.0,-38000000.0,509000000.0,0.0,248000000.0,248000000.0,248000000.0,0.0,0.0,0.128,897000000.0,-12000000.0,335000000.0,0.468,3.627,52.273,51.532,3617000000.0,0.0,24.22,6.71,6.71,58000000.0,-624000000.0,1932000000.0,1932000000.0,141000000.0,0.043,0.071,0.012,0.033,0.0,71000000.0,1.0,535250227.0,535250227.0,,3.61,6287000000.0,0.0,-203000000.0,139000000.0,11.746,1539000000.0
66,GOLD,MRT,2004-09-30,2004-09-30,2004-09-30,2021-08-09,69000000.0,6287000000.0,5501500000.0,1957000000.0,4330000000.0,0.358,6.681,-642000000.0,1398000000.0,1398000000.0,1044000000.0,169000000.0,4.682,0.758,1655000000.0,0.0,1655000000.0,1655000000.0,0.0,484000000.0,0.0,0.01,0.22,191000000.0,675000000.0,0.343,675000000.0,191000000.0,165000000.0,0.31,0.22,0.31,3576000000.0,3454000000.0,3576000000.0,11272664776.0,59.0,16.7,-116000000.0,-0.217,1.0,923000000.0,0.469,0.0,26000000.0,6126000000.0,5095250000.0,215000000.0,147000000.0,0.0,147000000.0,2711000000.0,418000000.0,2293000000.0,11261664776.0,-259000000.0,0.0,-66000000.0,126000000.0,-117000000.0,-55000000.0,-733000000.0,-109000000.0,526000000.0,-2000000.0,169000000.0,169000000.0,169000000.0,0.0,0.0,0.086,693000000.0,230000000.0,335000000.0,0.71,3.149,66.637,67.871,3617000000.0,0.0,21.04,5.725,5.725,58000000.0,-622000000.0,1967000000.0,1967000000.0,137000000.0,0.031,0.049,0.037,0.097,0.0,60000000.0,1.0,535250227.0,535250227.0,,3.675,6287000000.0,0.0,-4000000.0,139000000.0,11.746,1539000000.0
67,GOLD,MRT,2004-06-30,2004-06-30,2004-06-30,2021-08-09,-44000000.0,5066000000.0,5830750000.0,1028000000.0,4038000000.0,0.346,6.182,-505000000.0,685000000.0,685000000.0,1055000000.0,172000000.0,2.691,0.531,696000000.0,0.0,696000000.0,696000000.0,0.0,501000000.0,0.0,0.011,0.22,217000000.0,718000000.0,0.356,718000000.0,217000000.0,185000000.0,0.32,0.23,0.32,3309000000.0,3949500000.0,3309000000.0,10442191983.0,48.0,14.543,56000000.0,0.105,1.0,961000000.0,0.477,0.0,32000000.0,4695000000.0,4781250000.0,183000000.0,139000000.0,0.0,139000000.0,1757000000.0,382000000.0,1375000000.0,10571191983.0,-303000000.0,0.0,-160000000.0,-41000000.0,-117000000.0,-292000000.0,-572000000.0,-109000000.0,561000000.0,-4000000.0,172000000.0,172000000.0,172000000.0,0.0,0.0,0.085,703000000.0,258000000.0,277000000.0,0.688,3.195,61.46,61.719,3450000000.0,0.0,19.75,5.244,5.244,74000000.0,-753000000.0,2016000000.0,2016000000.0,137000000.0,0.029,0.044,0.045,0.108,0.0,65000000.0,1.0,535250227.0,535250227.0,,3.766,5066000000.0,0.0,13000000.0,143000000.0,9.465,646000000.0
68,GOLD,MRT,2004-03-31,2004-03-31,2004-03-31,2021-08-09,72000000.0,5295000000.0,6451500000.0,1209000000.0,4086000000.0,0.318,6.421,-385000000.0,850000000.0,850000000.0,1060000000.0,197000000.0,3.464,0.541,721000000.0,0.0,721000000.0,721000000.0,0.0,517000000.0,0.0,0.009,0.22,253000000.0,770000000.0,0.375,770000000.0,253000000.0,214000000.0,0.37,0.28,0.37,3437000000.0,4521500000.0,3437000000.0,12477250398.0,49.0,16.204,130000000.0,0.243,1.0,993000000.0,0.484,0.0,39000000.0,4817000000.0,4863000000.0,162000000.0,166000000.0,0.0,166000000.0,1858000000.0,349000000.0,1509000000.0,12728250398.0,-271000000.0,0.0,-236000000.0,-23000000.0,-118000000.0,-349000000.0,-437000000.0,-101000000.0,515000000.0,6000000.0,197000000.0,197000000.0,197000000.0,0.0,0.0,0.096,721000000.0,272000000.0,261000000.0,0.595,3.703,64.61,64.27,3383000000.0,0.0,23.78,6.2,6.2,72000000.0,-728000000.0,2053000000.0,2053000000.0,137000000.0,0.031,0.044,0.052,0.123,0.0,67000000.0,1.0,535250227.0,535250227.0,,3.836,5295000000.0,0.0,17000000.0,217000000.0,9.893,860000000.0
69,GOLD,MRT,2003-12-31,2003-12-31,2003-12-31,2021-08-09,73000000.0,5358000000.0,6465500000.0,1368000000.0,3990000000.0,0.315,6.454,-322000000.0,970000000.0,970000000.0,1069000000.0,200000000.0,3.758,0.533,719000000.0,0.0,719000000.0,719000000.0,0.0,522000000.0,0.0,0.01,0.22,249000000.0,771000000.0,0.379,771000000.0,249000000.0,205000000.0,0.37,0.37,0.37,3494000000.0,4513250000.0,3494000000.0,12010160435.0,48.0,15.577,197000000.0,0.364,1.0,966000000.0,0.475,0.0,44000000.0,4743000000.0,4804250000.0,164000000.0,130000000.0,0.0,130000000.0,1864000000.0,364000000.0,1500000000.0,12295160435.0,-81000000.0,0.0,-154000000.0,-23000000.0,-118000000.0,-266000000.0,-334000000.0,-60000000.0,519000000.0,7000000.0,200000000.0,200000000.0,200000000.0,0.0,0.0,0.098,732000000.0,234000000.0,245000000.0,0.595,3.519,61.476,61.378,3363000000.0,0.0,22.71,6.042,6.042,56000000.0,-694000000.0,2035000000.0,2035000000.0,137000000.0,0.031,0.044,0.052,0.122,0.0,73000000.0,1.0,541398522.0,541398522.0,,3.759,5358000000.0,0.0,5000000.0,317000000.0,9.897,1004000000.0
70,GOLD,MRT,2003-09-30,2003-09-30,2003-09-30,2021-08-09,-26000000.0,7604000000.0,6441250000.0,1329000000.0,6275000000.0,0.317,10.266,-244000000.0,1039000000.0,1039000000.0,1101000000.0,198000000.0,2.621,0.368,754000000.0,0.0,754000000.0,754000000.0,0.0,523000000.0,0.0,0.012,0.22,245000000.0,768000000.0,0.376,768000000.0,245000000.0,203000000.0,0.37,0.37,0.37,5558000000.0,4473250000.0,5558000000.0,9909534169.0,40.0,12.903,296000000.0,0.547,1.0,939000000.0,0.46,1942000000.0,42000000.0,4870000000.0,4742250000.0,166000000.0,48000000.0,27000000.0,21000000.0,2046000000.0,507000000.0,1539000000.0,10194534169.0,45000000.0,0.0,-237000000.0,-31000000.0,-119000000.0,-293000000.0,-202000000.0,0.0,540000000.0,6000000.0,198000000.0,198000000.0,198000000.0,0.0,0.0,0.097,749000000.0,190000000.0,198000000.0,0.595,1.834,51.488,50.892,4033000000.0,0.0,18.83,4.997,4.997,67000000.0,614000000.0,2040000000.0,2040000000.0,162000000.0,0.031,0.044,0.052,0.12,0.0,64000000.0,1.0,541398522.0,541398522.0,,3.768,5662000000.0,0.0,5000000.0,488000000.0,10.458,822000000.0
71,GOLD,MRT,2003-06-30,2003-06-30,2003-06-30,2021-08-09,-22000000.0,7549000000.0,5842750000.0,1264000000.0,6285000000.0,0.335,10.338,-232000000.0,992000000.0,992000000.0,1065000000.0,201000000.0,4.359,0.349,707000000.0,0.0,707000000.0,707000000.0,0.0,521000000.0,0.0,0.012,0.22,233000000.0,754000000.0,0.385,754000000.0,233000000.0,186000000.0,0.37,0.37,0.37,5597000000.0,3915250000.0,5597000000.0,9337033544.0,40.0,12.383,258000000.0,0.477,1.0,894000000.0,0.456,1952000000.0,47000000.0,5022000000.0,4667500000.0,177000000.0,28000000.0,28000000.0,0.0,1952000000.0,290000000.0,1662000000.0,9691033544.0,100000000.0,0.0,-144000000.0,-33000000.0,-119000000.0,-210000000.0,-180000000.0,29000000.0,490000000.0,5000000.0,201000000.0,201000000.0,201000000.0,0.0,0.0,0.103,723000000.0,171000000.0,155000000.0,0.595,1.731,48.214,48.378,4072000000.0,0.0,17.9,4.947,4.947,67000000.0,608000000.0,1959000000.0,1959000000.0,143000000.0,0.034,0.051,0.05,0.119,0.0,59000000.0,1.0,541398522.0,541398522.0,,3.618,5597000000.0,0.0,-15000000.0,545000000.0,10.338,974000000.0
72,GOLD,MRT,2003-03-31,2003-03-31,2003-03-31,2021-08-09,-85000000.0,5351000000.0,5260000000.0,1404000000.0,3947000000.0,0.371,6.28,-238000000.0,1115000000.0,1115000000.0,1067000000.0,194000000.0,3.383,0.572,761000000.0,0.0,761000000.0,761000000.0,0.0,496000000.0,0.0,0.014,0.22,252000000.0,748000000.0,0.383,748000000.0,252000000.0,195000000.0,0.36,0.36,0.36,3404000000.0,3345750000.0,3404000000.0,8244520000.0,33.0,11.022,352000000.0,0.649,1.0,884000000.0,0.453,0.0,57000000.0,4582000000.0,4576000000.0,189000000.0,28000000.0,28000000.0,0.0,1947000000.0,415000000.0,1532000000.0,8433520000.0,361000000.0,0.0,-35000000.0,-24000000.0,-119000000.0,-94000000.0,-135000000.0,87000000.0,590000000.0,1000000.0,194000000.0,194000000.0,194000000.0,0.0,0.0,0.099,673000000.0,211000000.0,163000000.0,0.611,2.478,43.472,43.222,3529000000.0,0.0,15.56,4.323,4.323,72000000.0,-660000000.0,1951000000.0,1951000000.0,122000000.0,0.037,0.058,0.055,0.129,0.0,55000000.0,1.0,542000000.0,542000000.0,,3.6,5351000000.0,0.0,1000000.0,299000000.0,9.873,989000000.0
73,GOLD,MRT,2002-12-31,2002-12-31,2002-12-31,2021-08-09,-125000000.0,5261000000.0,5231500000.0,1322000000.0,3939000000.0,0.376,6.151,-228000000.0,1044000000.0,1044000000.0,1070000000.0,193000000.0,2.737,0.578,761000000.0,0.0,761000000.0,761000000.0,0.0,519000000.0,0.0,0.014,0.22,234000000.0,753000000.0,0.383,753000000.0,234000000.0,177000000.0,0.36,0.36,0.36,3334000000.0,3263000000.0,3334000000.0,8163220000.0,35.0,10.841,360000000.0,0.664,1.0,897000000.0,0.456,0.0,57000000.0,4495000000.0,4716500000.0,159000000.0,41000000.0,0.0,41000000.0,1927000000.0,483000000.0,1444000000.0,8352220000.0,469000000.0,0.0,0.0,-25000000.0,-119000000.0,-61000000.0,-58000000.0,159000000.0,588000000.0,1000000.0,193000000.0,193000000.0,193000000.0,0.0,0.0,0.098,673000000.0,224000000.0,213000000.0,0.611,2.505,43.276,42.806,3583000000.0,0.0,15.41,4.246,4.246,72000000.0,-689000000.0,1967000000.0,1967000000.0,104000000.0,0.037,0.059,0.05,0.119,0.0,50000000.0,1.0,542000000.0,542000000.0,,3.629,5261000000.0,0.0,-16000000.0,155000000.0,9.707,839000000.0
74,GOLD,MRT,2002-09-30,2002-09-30,2002-09-30,2021-08-09,-136000000.0,5210000000.0,,1223000000.0,3987000000.0,,6.137,-184000000.0,988000000.0,988000000.0,1071000000.0,28000000.0,2.718,0.566,799000000.0,33000000.0,766000000.0,799000000.0,0.0,862000000.0,0.0,0.014,0.22,52000000.0,914000000.0,0.472,914000000.0,52000000.0,-6000000.0,0.06,0.06,0.06,3326000000.0,,3326000000.0,8342100000.0,160.0,9.127,248000000.0,0.458,1.0,864000000.0,0.447,0.0,58000000.0,4571000000.0,,172000000.0,0.0,0.0,0.0,1884000000.0,450000000.0,1434000000.0,8428100000.0,362000000.0,0.0,77000000.0,-128000000.0,-109000000.0,-153000000.0,83000000.0,266000000.0,432000000.0,-1000000.0,28000000.0,28000000.0,28000000.0,0.0,0.0,0.014,829000000.0,35000000.0,417000000.0,3.667,2.534,301.004,259.167,3688000000.0,0.0,15.55,4.356,4.356,63000000.0,-684000000.0,1935000000.0,1935000000.0,79000000.0,,,,0.027,0.0,69000000.0,1.0,542000000.0,542000000.0,,3.57,5210000000.0,0.0,-34000000.0,235000000.0,9.613,773000000.0
75,GOLD,MRT,2002-06-30,2002-06-30,2002-06-30,2021-08-09,-109000000.0,5218000000.0,,1171000000.0,4047000000.0,,6.124,-270000000.0,887000000.0,887000000.0,1070000000.0,49000000.0,2.46,0.572,801000000.0,20000000.0,781000000.0,801000000.0,0.0,730000000.0,0.0,0.012,0.22,54000000.0,784000000.0,0.406,784000000.0,54000000.0,5000000.0,0.1,0.1,0.1,3319000000.0,,3319000000.0,,,,206000000.0,0.38,1.0,863000000.0,0.446,0.0,49000000.0,4656000000.0,,192000000.0,29000000.0,29000000.0,0.0,1899000000.0,476000000.0,1423000000.0,10292580000.0,318000000.0,0.0,75000000.0,-146000000.0,-109000000.0,-173000000.0,16000000.0,295000000.0,476000000.0,-2000000.0,49000000.0,49000000.0,49000000.0,0.0,0.0,0.025,825000000.0,38000000.0,456000000.0,2.2,3.101,210.053,189.9,3766000000.0,0.0,18.99,5.325,5.325,63000000.0,-718000000.0,1933000000.0,1933000000.0,82000000.0,,,,0.028,0.0,74000000.0,1.0,542000000.0,542000000.0,,3.566,5218000000.0,0.0,-44000000.0,232000000.0,9.627,695000000.0
76,GOLD,MRT,2002-03-31,2002-03-31,2002-03-31,2021-08-09,,,,,,,,-335000000.0,,,1081000000.0,55000000.0,,,,,,,,624000000.0,,0.012,0.22,49000000.0,673000000.0,0.342,673000000.0,49000000.0,15000000.0,0.11,0.11,0.11,,,,,,,175000000.0,,1.0,887000000.0,0.451,,34000000.0,,,,,,,,,,,20000000.0,0.0,35000000.0,-129000000.0,-93000000.0,-180000000.0,-311000000.0,37000000.0,510000000.0,0.0,55000000.0,55000000.0,55000000.0,0.0,0.0,0.028,857000000.0,30000000.0,,2.0,,,168.727,,0.0,18.56,,,,,1968000000.0,1968000000.0,94000000.0,,,,0.025,0.0,81000000.0,1.0,,,,,,,-40000000.0,,,
77,GOLD,MRT,2001-12-31,2001-12-31,2001-12-31,2021-08-09,-107000000.0,5202000000.0,,1062000000.0,4140000000.0,,,-474000000.0,574000000.0,574000000.0,1080000000.0,96000000.0,2.199,0.63,793000000.0,0.0,793000000.0,793000000.0,0.0,501000000.0,0.0,0.014,0.22,107000000.0,608000000.0,0.306,608000000.0,107000000.0,82000000.0,0.18,0.18,0.18,3192000000.0,,3192000000.0,,,,114000000.0,,1.0,909000000.0,0.457,0.0,25000000.0,4938000000.0,,223000000.0,205000000.0,205000000.0,0.0,2010000000.0,483000000.0,1527000000.0,,-241000000.0,0.0,0.0,-97000000.0,-93000000.0,-183000000.0,-646000000.0,-153000000.0,588000000.0,-1000000.0,96000000.0,96000000.0,96000000.0,0.0,0.0,0.048,866000000.0,43000000.0,175000000.0,1.222,,,88.611,3922000000.0,0.0,15.95,,,60000000.0,-763000000.0,1989000000.0,1989000000.0,103000000.0,,,,0.054,0.0,86000000.0,1.0,,,,,5202000000.0,0.0,-14000000.0,291000000.0,,579000000.0
78,GOLD,MRT,2001-09-30,2001-09-30,2001-09-30,2021-08-09,,,,,,,,,,,,,,,,,,,,,,0.013,0.22,,,,,,,,,,,,,,,,,,1.0,,,,,,,,,,,,,,,,,,,,,,,,,,,,,,,,,,,,,,,,17.35,,,,,,,,,,,,,,1.0,,,,,,,,,,
79,GOLD,MRT,2001-06-30,2001-06-30,2001-06-30,2021-08-09,,,,,,,,,,,,,,,,,,,,,,0.015,0.22,,,,,,,,,,,,,,,,,,1.0,,,,,,,,,,,,,,,,,,,,,,,,,,,,,,,,,,,,,,,,15.15,,,,,,,,,,,,,,1.0,,,,,,,,,,
80,GOLD,MRT,2000-12-31,2000-12-31,2000-12-31,2021-08-09,,,,,,,,-753000000.0,,,950000000.0,-1189000000.0,,,,,,,,493000000.0,,0.013,0.22,-1372000000.0,-879000000.0,-0.454,-879000000.0,-1372000000.0,-1398000000.0,-2.22,-2.22,-2.22,,,,,,,89000000.0,,1.0,986000000.0,0.509,,26000000.0,,,,,,,,,,,186000000.0,0.0,6000000.0,49000000.0,-94000000.0,-39000000.0,-611000000.0,130000000.0,842000000.0,-6000000.0,-1189000000.0,-1189000000.0,-1189000000.0,0.0,0.0,-0.614,2344000000.0,-1358000000.0,,-0.099,,,-7.378,,0.0,16.38,,,,,1936000000.0,1936000000.0,149000000.0,,,,-0.709,0.0,75000000.0,1.0,,,,,,,-209000000.0,,,
