None,ticker,dimension,calendardate,datekey,reportperiod,lastupdated,accoci,assets,assetsavg,assetsc,assetsnc,assetturnover,bvps,capex,cashneq,cashnequsd,cor,consolinc,currentratio,de,debt,debtc,debtnc,debtusd,deferredrev,depamor,deposits,divyield,dps,ebit,ebitda,ebitdamargin,ebitdausd,ebitusd,ebt,eps,epsdil,epsusd,equity,equityavg,equityusd,ev,evebit,evebitda,fcf,fcfps,fxusd,gp,grossmargin,intangibles,intexp,invcap,invcapavg,inventory,investments,investmentsc,investmentsnc,liabilities,liabilitiesc,liabilitiesnc,marketcap,ncf,ncfbus,ncfcommon,ncfdebt,ncfdiv,ncff,ncfi,ncfinv,ncfo,ncfx,netinc,netinccmn,netinccmnusd,netincdis,netincnci,netmargin,opex,opinc,payables,payoutratio,pb,pe,pe1,ppnenet,prefdivis,price,ps,ps1,receivables,retearn,revenue,revenueusd,rnd,roa,roe,roic,ros,sbcomp,sgna,sharefactor,sharesbas,shareswa,shareswadil,sps,tangibles,taxassets,taxexp,taxliabilities,tbvps,workingcapital
0,WOR,MRY,2021-12-31,2021-05-31,2021-05-31,2021-10-12,45387000.0,3373245000.0,3167389000.0,1967992000.0,1405253000.0,1.001,26.531,-82178000.0,640311000.0,640311000.0,2532351000.0,741450000.0,2.498,1.303,747810000.0,10405000.0,737405000.0,747810000.0,0.0,87654000.0,0.0,0.015,0.99,930408000.0,1018062000.0,0.321,1018062000.0,930408000.0,900062000.0,13.73,13.73,13.73,1398193000.0,1342416750.0,1398193000.0,3613302427.0,4.0,3.549,192201000.0,3.647,1.0,639078000.0,0.202,591443000.0,30346000.0,2101400000.0,2068255250.0,564754000.0,233126000.0,0.0,233126000.0,1821550000.0,787901000.0,1033649000.0,3517007427.0,493113000.0,504834000.0,-185473000.0,-622000.0,-52991000.0,-249776000.0,468510000.0,0.0,274379000.0,0.0,723795000.0,723795000.0,723795000.0,0.0,17655000.0,0.228,471605000.0,167473000.0,567392000.0,0.072,2.515,4.859,4.834,550118000.0,0.0,66.37,1.109,1.103,639964000.0,1070016000.0,3171429000.0,3171429000.0,0.0,0.229,0.539,0.45,0.293,19129000.0,351145000.0,1.0,52990921.0,52701000,53917000.0,60.178,2781802000.0,1958000.0,176267000.0,117371000.0,52.785,1180091000.0
1,WOR,MRY,2020-12-31,2020-05-31,2020-05-31,2021-10-12,-35217000.0,2331515000.0,2388047750.0,983179000.0,1348336000.0,1.281,14.935,-95503000.0,147198000.0,147198000.0,2615782000.0,84444000.0,2.532,1.663,736279000.0,11000000.0,725279000.0,736279000.0,0.0,92678000.0,0.0,0.032,0.95,136754000.0,229432000.0,0.075,229432000.0,136754000.0,105138000.0,1.43,1.43,1.43,820821000.0,816545000.0,820821000.0,2295990947.0,17.0,10.007,241223000.0,4.389,1.0,443337000.0,0.145,505850000.0,31616000.0,2026508000.0,2057328750.0,405101000.0,203329000.0,0.0,203329000.0,1365082000.0,388238000.0,976844000.0,1661974947.0,54835000.0,-30748000.0,-57485000.0,-53449000.0,-53289000.0,-165676000.0,-116215000.0,0.0,336726000.0,0.0,78796000.0,78796000.0,78796000.0,0.0,5648000.0,0.026,420848000.0,22489000.0,247017000.0,0.664,2.025,21.092,20.923,604201000.0,0.0,29.92,0.543,0.538,341038000.0,572262000.0,3059119000.0,3059119000.0,0.0,0.033,0.096,0.066,0.045,11883000.0,328110000.0,1.0,55547291.0,54958000,55983000.0,55.663,1825665000.0,8376000.0,26342000.0,72891000.0,33.219,594941000.0
2,WOR,MRY,2019-12-31,2019-05-31,2019-05-31,2021-10-12,-43464000.0,2510796000.0,2562675250.0,1165913000.0,1344883000.0,1.467,14.533,-84499000.0,92363000.0,92363000.0,3279601000.0,163273000.0,1.67,1.88,749299000.0,150943000.0,598356000.0,749299000.0,0.0,95602000.0,0.0,0.026,0.9,234701000.0,330303000.0,0.088,330303000.0,234701000.0,196638000.0,2.68,2.68,2.68,831246000.0,869014750.0,831246000.0,2593010352.0,11.0,7.85,113360000.0,1.982,1.0,479955000.0,0.128,530666000.0,38063000.0,1939046000.0,2062297000.0,484280000.0,214930000.0,0.0,214930000.0,1562402000.0,698020000.0,864382000.0,1956640352.0,-29604000.0,46291000.0,-174484000.0,-1394000.0,-52334000.0,-238938000.0,11475000.0,0.0,197859000.0,0.0,153455000.0,153455000.0,153455000.0,0.0,9818000.0,0.041,335191000.0,144764000.0,393517000.0,0.336,2.354,12.751,12.739,578664000.0,0.0,34.14,0.52,0.519,501944000.0,591533000.0,3759556000.0,3759556000.0,0.0,0.06,0.177,0.114,0.062,11733000.0,338392000.0,1.0,57312254.0,57196000,58823000.0,65.731,1980130000.0,10894000.0,43183000.0,75266000.0,34.62,467893000.0
3,WOR,MRY,2018-12-31,2018-05-31,2018-05-31,2021-10-12,-14580000.0,2621787000.0,2609697500.0,1241122000.0,1380665000.0,1.372,15.081,-54777000.0,121967000.0,121967000.0,3018763000.0,200850000.0,1.919,1.726,750368000.0,1474000.0,748894000.0,750368000.0,0.0,103359000.0,0.0,0.017,0.83,241689000.0,345048000.0,0.096,345048000.0,241689000.0,203014000.0,3.2,3.2,3.2,918769000.0,936850250.0,918769000.0,3542551530.0,15.0,10.267,226568000.0,3.719,1.0,562857000.0,0.157,559209000.0,38675000.0,2044084000.0,2081092000.0,454027000.0,216010000.0,0.0,216010000.0,1585412000.0,646895000.0,938517000.0,2907709530.0,-156114000.0,-282628000.0,-206387000.0,165607000.0,-51359000.0,-100054000.0,-337405000.0,0.0,281345000.0,0.0,194794000.0,194794000.0,194794000.0,0.0,6056000.0,0.054,421247000.0,141610000.0,473485000.0,0.259,3.165,14.927,14.984,584970000.0,0.0,47.95,0.812,0.816,572689000.0,637757000.0,3581620000.0,3581620000.0,0.0,0.075,0.208,0.116,0.067,13758000.0,367460000.0,1.0,60640449.0,60923000,63042000.0,58.789,2062578000.0,1650000.0,8220000.0,64781000.0,33.855,594227000.0
4,WOR,MRY,2017-12-31,2017-05-31,2017-05-31,2021-10-12,-27775000.0,2325344000.0,2224299000.0,1190969000.0,1134375000.0,1.355,15.24,-62964000.0,278081000.0,278081000.0,2478203000.0,217937000.0,2.287,1.315,578610000.0,6814000.0,571796000.0,578610000.0,0.0,86793000.0,0.0,0.019,0.79,313501000.0,400294000.0,0.133,400294000.0,313501000.0,283705000.0,3.28,3.28,3.28,951635000.0,897751250.0,951635000.0,3022439691.0,10.0,7.551,272708000.0,4.367,1.0,535905000.0,0.178,330454000.0,29796000.0,1774636000.0,1781229500.0,353934000.0,208591000.0,0.0,208591000.0,1251415000.0,520783000.0,730632000.0,2672673691.0,193893000.0,0.0,-9075000.0,-3402000.0,-50716000.0,-78815000.0,-62964000.0,0.0,335672000.0,0.0,204515000.0,204515000.0,204515000.0,0.0,13422000.0,0.068,322784000.0,213121000.0,368071000.0,0.241,2.809,13.068,12.796,570489000.0,0.0,41.97,0.887,0.869,486730000.0,676019000.0,3014108000.0,3014108000.0,0.0,0.092,0.228,0.176,0.104,14349000.0,316373000.0,1.0,63680574.0,62443000,64874000.0,48.27,1994890000.0,7164000.0,79190000.0,38748000.0,31.947,670186000.0
5,WOR,MRY,2016-12-31,2016-05-31,2016-05-31,2021-10-12,-28565000.0,2061264000.0,2007026750.0,915115000.0,1146149000.0,1.405,12.7,-97036000.0,84188000.0,84188000.0,2367121000.0,157628000.0,2.128,1.439,581004000.0,3513000.0,577491000.0,581004000.0,0.0,84699000.0,0.0,0.02,0.75,234372000.0,319071000.0,0.113,319071000.0,234372000.0,202702000.0,2.3,2.3,2.3,793371000.0,744009250.0,793371000.0,2918849096.0,12.0,9.148,316348000.0,5.064,1.0,452593000.0,0.161,342231000.0,31670000.0,1785771000.0,1782029750.0,319335000.0,191826000.0,0.0,191826000.0,1141418000.0,430078000.0,711340000.0,2333143096.0,53121000.0,-34206000.0,-91140000.0,-85784000.0,-47193000.0,-233223000.0,-127040000.0,0.0,413384000.0,0.0,143715000.0,143715000.0,143715000.0,0.0,13913000.0,0.051,330541000.0,122052000.0,290432000.0,0.326,2.941,16.235,16.243,582838000.0,0.0,37.36,0.827,0.828,439688000.0,522952000.0,2819714000.0,2819714000.0,0.0,0.072,0.193,0.132,0.083,15836000.0,297402000.0,1.0,62450297.0,62469000,64755000.0,45.138,1719033000.0,10535000.0,58987000.0,19880000.0,27.518,485037000.0
6,WOR,MRY,2015-12-31,2015-05-31,2015-05-31,2021-10-12,-50704000.0,2085142000.0,2242157500.0,992193000.0,1092949000.0,1.509,11.297,-96255000.0,31067000.0,31067000.0,2920701000.0,87256000.0,1.892,1.662,670743000.0,91391000.0,579352000.0,670743000.0,0.0,85089000.0,0.0,0.032,0.87,138357000.0,223446000.0,0.066,223446000.0,138357000.0,102557000.0,1.16,1.16,1.16,749112000.0,812055750.0,749112000.0,2435961970.0,18.0,10.902,118120000.0,1.781,1.0,463533000.0,0.137,358116000.0,35800000.0,1842310000.0,1849631000.0,374975000.0,196776000.0,0.0,196776000.0,1245093000.0,524392000.0,720701000.0,1778572970.0,-159012000.0,-113521000.0,-124450000.0,6767000.0,-46434000.0,-170318000.0,-203069000.0,-7300000.0,214375000.0,0.0,76785000.0,76785000.0,76785000.0,0.0,10471000.0,0.023,402976000.0,60557000.0,294129000.0,0.75,2.374,23.163,23.457,513190000.0,0.0,27.21,0.526,0.533,474292000.0,510738000.0,3384234000.0,3384234000.0,0.0,0.034,0.095,0.075,0.041,10738000.0,295920000.0,1.0,65364681.0,66309000,68483000.0,51.037,1727026000.0,34153000.0,25772000.0,24340000.0,26.045,467801000.0
7,WOR,MRY,2014-12-31,2014-05-31,2014-05-31,2021-10-12,-3581000.0,2296381000.0,2139187250.0,1198922000.0,1097459000.0,1.462,12.341,-71338000.0,190079000.0,190079000.0,2633907000.0,160152000.0,2.033,1.588,666325000.0,111535000.0,554790000.0,666325000.0,0.0,79730000.0,0.0,0.011,0.45,235320000.0,315050000.0,0.101,315050000.0,235320000.0,208649000.0,2.19,2.19,2.19,850812000.0,858302250.0,850812000.0,3185731927.0,14.0,10.112,157708000.0,2.287,1.0,492519000.0,0.158,397086000.0,26671000.0,1785878000.0,1605758000.0,410002000.0,179113000.0,0.0,179113000.0,1351499000.0,589663000.0,761836000.0,2796777927.0,138694000.0,-11517000.0,-123600000.0,142729000.0,-31198000.0,-44158000.0,-46194000.0,0.0,229046000.0,0.0,151300000.0,151300000.0,151300000.0,0.0,8852000.0,0.048,356766000.0,135753000.0,333744000.0,0.205,3.287,18.485,18.402,498861000.0,0.0,40.3,0.895,0.889,493127000.0,591783000.0,3126426000.0,3126426000.0,0.0,0.071,0.176,0.147,0.075,13137000.0,300396000.0,1.0,69398956.0,68944000,71664000.0,45.347,1899295000.0,29710000.0,57349000.0,76286000.0,27.548,609259000.0
8,WOR,MRY,2013-12-31,2013-05-31,2013-05-31,2021-10-12,-12036000.0,1950857000.0,1865595000.0,866883000.0,1083974000.0,1.4,11.989,-44588000.0,51385000.0,51385000.0,2215601000.0,136835000.0,1.931,1.298,521056000.0,114820000.0,406236000.0,521056000.0,0.0,66469000.0,0.0,0.019,0.64,224825000.0,291294000.0,0.112,291294000.0,224825000.0,200907000.0,1.97,1.97,1.97,830822000.0,791237000.0,830822000.0,2845335252.0,13.0,9.768,228389000.0,3.296,1.0,396643000.0,0.152,361002000.0,23918000.0,1610612000.0,1598248000.0,356768000.0,246125000.0,0.0,246125000.0,1078620000.0,448914000.0,629706000.0,2444472252.0,10357000.0,-174362000.0,7497000.0,-19926000.0,-44144000.0,-60644000.0,-201976000.0,0.0,272977000.0,0.0,136442000.0,136442000.0,136442000.0,0.0,393000.0,0.052,268105000.0,128538000.0,222696000.0,0.325,2.942,17.916,17.452,459430000.0,0.0,34.38,0.936,0.912,394327000.0,597994000.0,2612244000.0,2612244000.0,0.0,0.073,0.172,0.141,0.086,8087000.0,258324000.0,1.0,71101578.0,69301000,71314000.0,37.694,1589855000.0,22652000.0,64465000.0,95669000.0,22.941,417969000.0
9,WOR,MRY,2012-12-31,2012-05-31,2012-05-31,2021-10-12,-20387000.0,1877797000.0,1748053000.0,914239000.0,963558000.0,1.45,10.01,-31713000.0,41028000.0,41028000.0,2201833000.0,125353000.0,1.389,1.621,533714000.0,276252000.0,257462000.0,533714000.0,0.0,55873000.0,0.0,0.028,0.46,186996000.0,242869000.0,0.096,242869000.0,186996000.0,167499000.0,1.66,1.66,1.66,697174000.0,683381000.0,697174000.0,1640139294.0,9.0,6.753,141936000.0,2.038,1.0,332868000.0,0.131,257014000.0,19497000.0,1455206000.0,1430586000.0,401940000.0,240882000.0,0.0,240882000.0,1130360000.0,658263000.0,472097000.0,1136510294.0,-15139000.0,-239851000.0,-62302000.0,103164000.0,-32138000.0,-192000.0,-188596000.0,0.0,173649000.0,0.0,115595000.0,115595000.0,115595000.0,0.0,9758000.0,0.046,231408000.0,101460000.0,252334000.0,0.277,1.63,9.832,9.789,443077000.0,0.0,16.25,0.448,0.447,400869000.0,525223000.0,2534701000.0,2534701000.0,0.0,0.066,0.169,0.131,0.074,11164000.0,225069000.0,1.0,69939095.0,69651000,70252000.0,36.391,1620783000.0,21798000.0,51904000.0,84796000.0,23.27,255976000.0
10,WOR,MRY,2011-12-31,2011-05-31,2011-05-31,2021-10-12,3975000.0,1667249000.0,1582541250.0,891635000.0,775614000.0,1.543,9.223,-1411000.0,56167000.0,56167000.0,2086467000.0,124034000.0,1.698,1.343,383210000.0,132956000.0,250254000.0,383210000.0,0.0,61058000.0,0.0,0.018,0.4,192318000.0,253376000.0,0.104,253376000.0,192318000.0,173562000.0,1.54,1.54,1.54,689910000.0,678232500.0,689910000.0,1902585844.0,10.0,7.509,70484000.0,0.942,1.0,356157000.0,0.146,113591000.0,18756000.0,1355699000.0,1321314500.0,370830000.0,232149000.0,0.0,232149000.0,926546000.0,525002000.0,401544000.0,1621283844.0,-2849000.0,-37866000.0,-127937000.0,132956000.0,-30168000.0,-35467000.0,-39277000.0,0.0,71895000.0,0.0,115066000.0,115066000.0,115066000.0,0.0,8968000.0,0.047,242237000.0,113920000.0,253404000.0,0.26,2.35,14.09,14.175,405334000.0,0.0,21.83,0.664,0.669,388550000.0,504410000.0,2442624000.0,2442624000.0,0.0,0.073,0.17,0.146,0.079,5499000.0,235198000.0,1.0,74268614.0,74803000,75409000.0,32.654,1553658000.0,29653000.0,58496000.0,91113000.0,20.77,366633000.0
11,WOR,MRY,2010-12-31,2010-05-31,2010-05-31,2021-10-12,-10631000.0,1520347000.0,1408522500.0,782285000.0,738062000.0,1.379,8.991,-18369000.0,59016000.0,59016000.0,1663104000.0,51507000.0,2.06,1.083,250238000.0,0.0,250238000.0,250238000.0,0.0,64653000.0,0.0,0.027,0.4,81425000.0,146078000.0,0.075,146078000.0,81425000.0,71891000.0,0.57,0.57,0.57,711413000.0,711946250.0,711413000.0,1332330234.0,16.0,9.121,92050000.0,1.163,1.0,279930000.0,0.144,103507000.0,9534000.0,1228260000.0,1058810000.0,364331000.0,113001000.0,0.0,113001000.0,770313000.0,379802000.0,390511000.0,1166620234.0,2697000.0,-63581000.0,2313000.0,7949000.0,-31660000.0,-25772000.0,-81950000.0,0.0,110419000.0,0.0,45241000.0,45241000.0,45241000.0,0.0,6266000.0,0.023,257967000.0,21963000.0,258730000.0,0.702,1.64,25.787,25.825,506163000.0,0.0,14.72,0.6,0.599,301455000.0,532126000.0,1943034000.0,1943034000.0,0.0,0.032,0.064,0.077,0.042,4405000.0,218315000.0,1.0,79254092.0,79127000,79143000.0,24.556,1416840000.0,23407000.0,26650000.0,80985000.0,17.906,402483000.0
12,WOR,MRY,2009-12-31,2009-05-31,2009-05-31,2021-10-12,4457000.0,1363829000.0,1662348750.0,598935000.0,764894000.0,1.583,8.949,-57271000.0,56319000.0,56319000.0,2456533000.0,-103685000.0,1.61,0.879,239393000.0,138993000.0,100400000.0,239393000.0,0.0,64073000.0,0.0,0.049,0.68,-125234000.0,-61161000.0,-0.023,-61161000.0,-125234000.0,-145968000.0,-1.37,-1.37,-1.37,706069000.0,766988250.0,706069000.0,1325740866.0,-11.0,-21.676,197055000.0,2.497,1.0,174734000.0,0.066,124985000.0,20734000.0,1049838000.0,1307966250.0,270572000.0,100395000.0,0.0,100395000.0,620866000.0,372080000.0,248786000.0,1104443866.0,-17453000.0,-21837000.0,-8503000.0,-149626000.0,-53686000.0,-218534000.0,-53245000.0,25863000.0,254326000.0,0.0,-108214000.0,-108214000.0,-108214000.0,0.0,4529000.0,-0.041,350030000.0,-175296000.0,136215000.0,-0.496,1.564,-10.206,-10.212,521505000.0,0.0,13.99,0.42,0.42,182881000.0,518561000.0,2631267000.0,2631267000.0,0.0,-0.065,-0.141,-0.096,-0.048,5334000.0,210046000.0,1.0,78945237.0,78903000,78903000.0,33.348,1238844000.0,54617000.0,-37754000.0,87951000.0,15.701,226855000.0
13,WOR,MRY,2008-12-31,2008-05-31,2008-05-31,2021-10-12,24633000.0,1988031000.0,1875468000.0,1104970000.0,883061000.0,1.635,10.899,-46495000.0,73772000.0,73772000.0,2711414000.0,114045000.0,1.662,1.198,380450000.0,135450000.0,245000000.0,380450000.0,0.0,63413000.0,0.0,0.034,0.68,167145000.0,230558000.0,0.075,230558000.0,167145000.0,145693000.0,1.32,1.32,1.32,885377000.0,864293250.0,885377000.0,1935190877.0,12.0,8.394,134026000.0,1.65,1.0,355747000.0,0.116,197232000.0,21452000.0,1432582000.0,1429889000.0,592961000.0,119808000.0,0.0,119808000.0,1060491000.0,664895000.0,395596000.0,1581322877.0,35495000.0,-49823000.0,-112614000.0,103800000.0,-55587000.0,-74270000.0,-70756000.0,25562000.0,180521000.0,0.0,107077000.0,107077000.0,107077000.0,0.0,6968000.0,0.035,249713000.0,106034000.0,356129000.0,0.515,1.786,14.768,15.106,549944000.0,0.0,19.94,0.516,0.528,384354000.0,685844000.0,3067161000.0,3067161000.0,0.0,0.057,0.124,0.117,0.054,2138000.0,231602000.0,1.0,79304056.0,81232000,81898000.0,37.758,1790799000.0,17966000.0,38616000.0,132476000.0,22.045,440075000.0
14,WOR,MRY,2007-12-31,2007-05-31,2007-05-31,2021-10-12,23181000.0,1814182000.0,1885396250.0,969383000.0,844799000.0,1.576,10.839,-39454000.0,38277000.0,38277000.0,2610176000.0,113905000.0,2.305,0.886,276650000.0,31650000.0,245000000.0,276650000.0,0.0,61469000.0,0.0,0.032,0.68,187912000.0,249381000.0,0.084,249381000.0,187912000.0,166017000.0,1.32,1.31,1.32,936001000.0,932797500.0,936001000.0,2108535074.0,11.0,8.455,140977000.0,1.633,1.0,361632000.0,0.122,179441000.0,21895000.0,1452620000.0,1549975750.0,447864000.0,83102000.0,25562000.0,57540000.0,828860000.0,420494000.0,408366000.0,1782939074.0,-17939000.0,-32727000.0,-66751000.0,23959000.0,-59018000.0,-102800000.0,-95570000.0,-23389000.0,180431000.0,0.0,113905000.0,113905000.0,113905000.0,0.0,0.0,0.038,232487000.0,129145000.0,263665000.0,0.515,1.905,15.653,15.992,564265000.0,0.0,21.11,0.6,0.613,400916000.0,745912000.0,2971808000.0,2971808000.0,0.0,0.06,0.122,0.121,0.063,1110000.0,232487000.0,1.0,84459454.0,86351000,87002000.0,34.415,1634741000.0,13067000.0,52112000.0,124966000.0,18.931,548889000.0
15,WOR,MRY,2006-12-31,2006-05-31,2006-05-31,2021-10-12,27116000.0,1900397000.0,1882948250.0,996241000.0,904156000.0,1.539,10.707,-73338000.0,56216000.0,56216000.0,2525545000.0,145990000.0,2.03,0.958,252684000.0,7684000.0,245000000.0,252684000.0,0.0,59116000.0,0.0,0.04,0.68,239028000.0,298144000.0,0.103,298144000.0,239028000.0,212749000.0,1.65,1.64,1.65,945306000.0,882264500.0,945306000.0,1824702926.0,8.0,6.12,153728000.0,1.741,1.0,371634000.0,0.128,177771000.0,26279000.0,1428308000.0,1436521500.0,459357000.0,125921000.0,2173000.0,123748000.0,905645000.0,490786000.0,414859000.0,1508663926.0,-1033000.0,37828000.0,9138000.0,-135732000.0,-59982000.0,-190416000.0,-37683000.0,-2173000.0,227066000.0,0.0,145990000.0,145990000.0,145990000.0,0.0,0.0,0.05,214030000.0,157604000.0,362883000.0,0.412,1.596,10.334,10.321,546904000.0,0.0,17.03,0.521,0.519,404553000.0,758862000.0,2897179000.0,2897179000.0,0.0,0.078,0.165,0.166,0.083,0.0,214030000.0,1.0,88588604.0,88288000,88976000.0,32.815,1722626000.0,15854000.0,66759000.0,133484000.0,19.511,505455000.0
16,WOR,MRY,2005-12-31,2005-05-31,2005-05-31,2021-10-12,-1313000.0,1830005000.0,1758260250.0,938333000.0,891672000.0,1.751,9.365,43170000.0,57249000.0,57249000.0,2580011000.0,179412000.0,1.72,1.229,388432000.0,143432000.0,245000000.0,388432000.0,0.0,57874000.0,0.0,0.039,0.65,313230000.0,371104000.0,0.121,371104000.0,313230000.0,288469000.0,2.05,2.03,2.05,820836000.0,780765250.0,820836000.0,1855291952.0,6.0,4.999,75441000.0,0.861,1.0,498873000.0,0.162,168267000.0,24761000.0,1447478000.0,1441488750.0,425723000.0,136856000.0,0.0,136856000.0,1009169000.0,545443000.0,463726000.0,1472919952.0,55272000.0,-66619000.0,14673000.0,97028000.0,-56891000.0,46450000.0,-23449000.0,0.0,32271000.0,0.0,179412000.0,179412000.0,179412000.0,0.0,0.0,0.058,231523000.0,267350000.0,280181000.0,0.317,1.794,8.21,8.176,552956000.0,0.0,16.76,0.478,0.477,404506000.0,672982000.0,3078884000.0,3078884000.0,0.0,0.102,0.23,0.217,0.102,0.0,225915000.0,1.0,87883052.0,87646000,88503000.0,35.129,1661738000.0,19490000.0,109057000.0,123702000.0,18.96,392890000.0
17,WOR,MRY,2004-12-31,2004-05-31,2004-05-31,2021-10-12,-2393000.0,1643139000.0,1530394000.0,833110000.0,810029000.0,1.555,7.883,-23937000.0,1977000.0,1977000.0,2003734000.0,86752000.0,1.754,1.415,289768000.0,1346000.0,288422000.0,289768000.0,0.0,67302000.0,0.0,0.033,0.64,149662000.0,216964000.0,0.091,216964000.0,149662000.0,127464000.0,1.01,1.0,1.01,680374000.0,649165250.0,680374000.0,1946447889.0,13.0,8.971,55430000.0,0.642,1.0,375370000.0,0.158,117769000.0,22198000.0,1338101000.0,1334955000.0,362906000.0,109040000.0,0.0,109040000.0,962765000.0,475060000.0,487705000.0,1659639889.0,838000.0,-490000.0,10644000.0,-2379000.0,-55167000.0,-54102000.0,-24427000.0,0.0,79367000.0,0.0,86752000.0,86752000.0,86752000.0,0.0,0.0,0.036,265183000.0,110187000.0,313909000.0,0.634,2.439,19.131,18.95,555394000.0,0.0,19.14,0.698,0.694,348833000.0,551512000.0,2379104000.0,2379104000.0,0.0,0.057,0.134,0.112,0.063,0.0,195785000.0,1.0,86710548.0,86312000,86950000.0,27.564,1525370000.0,3963000.0,40712000.0,155573000.0,17.673,358050000.0
18,WOR,MRY,2003-12-31,2003-05-31,2003-05-31,2021-10-12,-5168000.0,1478069000.0,1523848000.0,506246000.0,971823000.0,1.457,7.417,2844000.0,1139000.0,1139000.0,1916990000.0,75183000.0,1.591,1.323,292028000.0,2339000.0,289689000.0,292028000.0,0.0,69419000.0,0.0,0.054,0.8,143164000.0,212583000.0,0.096,212583000.0,143164000.0,118398000.0,0.88,0.87,0.88,636294000.0,631504250.0,636294000.0,1627840529.0,11.0,7.657,183565000.0,2.14,1.0,302901000.0,0.136,116781000.0,24766000.0,1334006000.0,1364279750.0,268983000.0,81221000.0,0.0,81221000.0,841775000.0,318171000.0,523604000.0,1282940529.0,643000.0,-114703000.0,5419000.0,-13488000.0,-54869000.0,-68219000.0,-111859000.0,0.0,180721000.0,0.0,75183000.0,75183000.0,75183000.0,0.0,0.0,0.034,177070000.0,125831000.0,222987000.0,0.909,2.016,17.064,16.966,743044000.0,0.0,14.93,0.578,0.577,169967000.0,520072000.0,2219891000.0,2219891000.0,0.0,0.049,0.119,0.105,0.064,0.0,182692000.0,1.0,85930377.0,85785000,86537000.0,25.877,1361288000.0,32087000.0,43215000.0,143444000.0,15.869,188075000.0
19,WOR,MRY,2002-12-31,2002-05-31,2002-05-31,2021-10-12,-5055000.0,1457314000.0,1429897500.0,490340000.0,966974000.0,1.22,7.098,-28641000.0,496000.0,496000.0,1480184000.0,6502000.0,1.445,1.404,295613000.0,6363000.0,289250000.0,295613000.0,0.0,68887000.0,0.0,0.042,0.64,32980000.0,101867000.0,0.058,101867000.0,32980000.0,10240000.0,0.08,0.08,0.08,606256000.0,622474250.0,606256000.0,1624404781.0,49.0,15.946,106616000.0,1.248,1.0,264777000.0,0.152,75400000.0,22740000.0,1337680000.0,1352317750.0,219950000.0,91759000.0,0.0,91759000.0,851058000.0,339351000.0,511707000.0,1302923781.0,302000.0,-21000000.0,1628000.0,-29385000.0,-54655000.0,-85314000.0,-49641000.0,0.0,135257000.0,0.0,6502000.0,6502000.0,6502000.0,0.0,0.0,0.004,230460000.0,34317000.0,233181000.0,8.0,2.149,200.388,190.625,766596000.0,0.0,15.25,0.747,0.746,197240000.0,499827000.0,1744961000.0,1744961000.0,0.0,0.005,0.01,0.024,0.019,0.0,165885000.0,1.0,85437625.0,85408000,85929000.0,20.431,1381914000.0,43538000.0,3738000.0,152220000.0,16.18,150989000.0
20,WOR,MRY,2001-12-31,2001-05-31,2001-05-31,2021-10-12,-8024000.0,1475862000.0,1536285750.0,449719000.0,1026143000.0,1.189,7.59,-61870000.0,194000.0,194000.0,1581178000.0,35565000.0,1.467,1.272,324750000.0,15542000.0,309208000.0,324750000.0,0.0,70582000.0,0.0,0.07,0.8,89457000.0,160039000.0,0.088,160039000.0,89457000.0,56008000.0,0.42,0.42,0.42,649665000.0,658704750.0,649665000.0,1385111388.0,15.0,8.655,259584000.0,3.033,1.0,244922000.0,0.134,76439000.0,33449000.0,1417360000.0,1615302000.0,227506000.0,58638000.0,0.0,58638000.0,826197000.0,306619000.0,519578000.0,981817388.0,-344000.0,-2043000.0,-3406000.0,-194980000.0,-54822000.0,-257885000.0,-63913000.0,0.0,321454000.0,0.0,35565000.0,35565000.0,35565000.0,0.0,0.0,0.019,179738000.0,65184000.0,207568000.0,1.905,1.511,27.606,27.381,836749000.0,0.0,11.5,0.538,0.539,169330000.0,548004000.0,1826100000.0,1826100000.0,0.0,0.023,0.054,0.055,0.049,0.0,173264000.0,1.0,85375425.0,85590000,85623000.0,21.335,1399423000.0,21407000.0,20443000.0,142934000.0,16.35,143100000.0
21,WOR,MRY,2000-12-31,2000-05-31,2000-05-31,2021-10-12,-5806000.0,1673873000.0,1697994750.0,624229000.0,1049644000.0,1.156,7.616,-68869000.0,538000.0,538000.0,1629455000.0,94151000.0,1.441,1.486,525072000.0,162882000.0,362190000.0,525072000.0,0.0,70997000.0,0.0,0.05,0.6,190421000.0,261418000.0,0.133,261418000.0,190421000.0,150642000.0,1.06,1.06,1.06,673354000.0,681845750.0,673354000.0,1646785727.0,9.0,6.299,70041000.0,0.792,1.0,333151000.0,0.17,80213000.0,39779000.0,1684924000.0,1750568000.0,291204000.0,50197000.0,0.0,50197000.0,1000519000.0,433270000.0,567249000.0,1044746727.0,-7103000.0,-1108000.0,-58985000.0,32320000.0,-53161000.0,-76036000.0,-69977000.0,0.0,138910000.0,0.0,94151000.0,94151000.0,94151000.0,0.0,0.0,0.048,163662000.0,169489000.0,157998000.0,0.566,1.552,11.097,11.434,862512000.0,0.0,12.12,0.532,0.546,301175000.0,569384000.0,1962606000.0,1962606000.0,0.0,0.055,0.138,0.109,0.097,0.0,163662000.0,1.0,86200225.0,88411000,88598000.0,22.199,1593660000.0,0.0,56491000.0,157641000.0,18.026,190959000.0
22,WOR,MRY,1999-12-31,1999-05-31,1999-05-31,2021-10-12,-8484000.0,1686951000.0,1820891500.0,624255000.0,1062696000.0,0.968,7.414,91236000.0,7641000.0,7641000.0,1468886000.0,54912000.0,1.459,1.446,545810000.0,180008000.0,365802000.0,545810000.0,0.0,78490000.0,0.0,0.044,0.56,147156000.0,225646000.0,0.128,225646000.0,147156000.0,104030000.0,0.59,0.59,0.59,689649000.0,717220000.0,689649000.0,1750185317.0,12.0,7.756,194960000.0,2.096,1.0,294186000.0,0.167,83402000.0,43126000.0,1713993000.0,1828690250.0,257010000.0,116440000.0,52497000.0,63943000.0,997302000.0,427725000.0,569577000.0,1176587317.0,3853000.0,-34054000.0,-93083000.0,-19084000.0,-52383000.0,-157053000.0,57182000.0,0.0,103724000.0,0.0,54912000.0,54912000.0,54912000.0,20885000.0,0.0,0.031,147990000.0,146196000.0,161264000.0,0.949,1.706,21.427,21.712,871347000.0,0.0,12.81,0.667,0.676,281706000.0,586659000.0,1763072000.0,1763072000.0,0.0,0.03,0.077,0.08,0.083,0.0,147990000.0,1.0,91849127.0,93016000,93106000.0,18.955,1603549000.0,0.0,49118000.0,124736000.0,17.239,196530000.0
23,WOR,MRY,1998-12-31,1998-05-31,1998-05-31,2021-10-12,-8375000.0,1842342000.0,1720683750.0,642995000.0,1199347000.0,0.944,8.065,-309412000.0,3788000.0,3788000.0,1371841000.0,118412000.0,1.568,1.361,577695000.0,138080000.0,439615000.0,577695000.0,0.0,61459000.0,0.0,0.03,0.52,192327000.0,253786000.0,0.156,253786000.0,192327000.0,166750000.0,1.22,1.22,1.22,780273000.0,752275500.0,780273000.0,2265488030.0,12.0,8.927,-108509000.0,-1.122,1.0,252608000.0,0.156,95725000.0,25577000.0,1910493000.0,1848021500.0,288911000.0,137439000.0,0.0,137439000.0,1062069000.0,410031000.0,652038000.0,1704279030.0,-3424000.0,0.0,-1435000.0,84067000.0,-50311000.0,66402000.0,-270729000.0,0.0,200903000.0,0.0,118412000.0,118412000.0,118412000.0,-17337000.0,0.0,0.073,117101000.0,135507000.0,176752000.0,0.426,2.184,14.393,14.443,933158000.0,0.0,17.62,1.049,1.049,310155000.0,670984000.0,1624449000.0,1624449000.0,0.0,0.069,0.157,0.104,0.118,0.0,117101000.0,1.0,96724122.0,96751000,96949000.0,16.79,1746617000.0,5429000.0,48338000.0,145230000.0,18.053,232964000.0
24,WOR,MRY,1997-12-31,1997-05-31,1997-05-31,2021-10-12,-7424000.0,1561186000.0,1421805000.0,594128000.0,967058000.0,1.005,7.41,-172905000.0,7212000.0,7212000.0,1221078000.0,93318000.0,2.407,1.182,506377000.0,55984000.0,450393000.0,506377000.0,0.0,51388000.0,0.0,0.019,0.36,152589000.0,203977000.0,0.143,203977000.0,152589000.0,134162000.0,0.97,0.96,0.97,715518000.0,691418000.0,715518000.0,2289792000.0,15.0,11.226,-94542000.0,-0.979,1.0,207268000.0,0.145,98132000.0,18427000.0,1715425000.0,1532712500.0,296888000.0,145534000.0,0.0,145534000.0,845668000.0,246794000.0,598874000.0,1787562000.0,-10368000.0,-75362000.0,2800000.0,192126000.0,-44294000.0,159536000.0,-248267000.0,0.0,78363000.0,0.0,93318000.0,93318000.0,93318000.0,-26708000.0,0.0,0.065,96252000.0,111016000.0,117910000.0,0.371,2.498,19.156,19.072,691027000.0,0.0,18.5,1.251,1.251,0.0,607922000.0,1428346000.0,1428346000.0,0.0,0.066,0.135,0.1,0.107,0.0,96252000.0,1.0,96624973.0,96557000,96841000.0,14.793,1463054000.0,0.0,40844000.0,122791000.0,15.152,347334000.0
25,WOR,MRY,1996-12-31,1996-05-31,1996-05-31,2021-10-12,-1437000.0,1282424000.0,,505104000.0,777320000.0,,6.916,-119286000.0,17580000.0,17580000.0,948505000.0,100973000.0,3.014,0.922,317997000.0,2475000.0,315522000.0,317997000.0,0.0,41458000.0,0.0,0.028,0.56,155790000.0,197248000.0,0.175,197248000.0,155790000.0,147103000.0,1.05,1.04,1.05,667318000.0,,667318000.0,,,,26907000.0,0.279,1.0,177987000.0,0.158,65256000.0,8687000.0,1350000000.0,,216159000.0,138212000.0,0.0,138212000.0,615106000.0,167585000.0,447521000.0,,15687000.0,-177706000.0,-852000.0,207301000.0,-39963000.0,166486000.0,-296992000.0,0.0,146193000.0,0.0,100973000.0,100973000.0,100973000.0,0.0,0.0,0.09,78852000.0,99135000.0,88718000.0,0.533,,,19.162,544052000.0,0.0,20.12,,1.723,244256000.0,561711000.0,1126492000.0,1126492000.0,0.0,,,,0.138,0.0,78852000.0,1.0,,96487000,96487000.0,11.675,1217168000.0,0.0,46130000.0,121907000.0,12.615,337519000.0
26,WOR,MRY,1995-12-31,1995-05-31,1995-05-31,2021-10-12,,,,,,,,-71314000.0,,,1310184000.0,123129000.0,,,,,,,,36384000.0,,0.014,0.3,204225000.0,240609000.0,0.154,240609000.0,204225000.0,197552000.0,1.28,,1.28,,,,,,,6999000.0,0.073,1.0,255491000.0,0.163,,6673000.0,,,,,,,,,,,-10289000.0,-10857000.0,4235000.0,35610000.0,-46276000.0,-6431000.0,-82171000.0,0.0,78313000.0,0.0,123129000.0,123129000.0,123129000.0,0.0,0.0,0.079,90241000.0,165250000.0,,0.234,,,16.312,,0.0,20.88,,1.286,,,1565675000.0,1565675000.0,0.0,,,,0.13,0.0,90241000.0,1.0,,96405000,,16.241,,,74423000.0,,,
0,WOR,MRQ,2021-06-30,2021-05-31,2021-05-31,2021-10-12,45387000.0,3373245000.0,,1967992000.0,1405253000.0,,27.109,-16857000.0,640311000.0,640311000.0,752171000.0,118542000.0,2.498,1.303,747810000.0,10405000.0,737405000.0,747810000.0,0.0,21990000.0,0.0,0.015,0.25,148654000.0,170644000.0,0.174,170644000.0,148654000.0,141004000.0,2.23,2.23,2.23,1398193000.0,,1398193000.0,3613302427.0,4.0,3.549,23450000.0,0.455,1.0,226148000.0,0.231,591443000.0,7650000.0,2101400000.0,,564754000.0,233126000.0,0.0,233126000.0,1821550000.0,787901000.0,1033649000.0,3517007427.0,-9194000.0,-20392000.0,-41932000.0,-330000.0,-12964000.0,-58106000.0,8605000.0,0.0,40307000.0,0.0,113555000.0,113555000.0,113555000.0,0.0,4987000.0,0.116,115690000.0,110458000.0,567392000.0,0.112,2.515,4.859,4.834,550118000.0,0.0,66.37,1.109,1.103,639964000.0,1070016000.0,978319000.0,978319000.0,0.0,,,,,4692000.0,99925000.0,1.0,52990921.0,51576000,53437000.0,18.968,2781802000.0,1958000.0,27449000.0,117371000.0,53.936,1180091000.0
1,WOR,MRQ,2021-03-31,2021-02-28,2021-02-28,2021-10-12,0.0,3137873000.0,,1686916000.0,1450957000.0,,25.155,-16377000.0,649505000.0,649505000.0,595011000.0,72682000.0,2.647,1.277,745800000.0,10849000.0,734951000.0,745800000.0,0.0,21893000.0,0.0,0.015,0.25,79652000.0,101545000.0,0.134,101545000.0,79652000.0,72094000.0,1.3,1.3,1.3,1311790000.0,,1311790000.0,3364149707.0,4.0,3.738,-7121000.0,-0.137,1.0,164098000.0,0.216,604086000.0,7558000.0,1992821000.0,,413181000.0,220415000.0,0.0,220415000.0,1674688000.0,637261000.0,1037427000.0,3335130707.0,-63625000.0,15862000.0,-51802000.0,-99000.0,-13215000.0,-72366000.0,-515000.0,0.0,9256000.0,0.0,67609000.0,67609000.0,67609000.0,0.0,5073000.0,0.089,114326000.0,49772000.0,412793000.0,0.192,2.542,5.324,5.508,593470000.0,0.0,63.89,1.189,1.188,525768000.0,,759109000.0,759109000.0,0.0,,,,,4727000.0,86895000.0,1.0,52201138.0,52149000,53217000.0,14.557,2533787000.0,3351000.0,4485000.0,148182000.0,48.587,1049655000.0
2,WOR,MRQ,2020-12-31,2020-11-30,2020-11-30,2021-10-12,0.0,3027385000.0,,1687870000.0,1339515000.0,,24.098,5507000.0,713130000.0,713130000.0,595618000.0,-68512000.0,3.029,1.251,742149000.0,11114000.0,731035000.0,742149000.0,0.0,21560000.0,0.0,0.019,0.25,-85941000.0,-64381000.0,-0.088,-64381000.0,-85941000.0,-93489000.0,-1.4,-1.4,-1.4,1276899000.0,,1276899000.0,2903867687.0,4.0,3.421,112935000.0,2.131,1.0,135474000.0,0.185,494390000.0,7548000.0,2004840000.0,,304443000.0,353802000.0,143850000.0,209952000.0,1596914000.0,557174000.0,1039740000.0,2812313687.0,63062000.0,-75000.0,-36269000.0,-96000.0,-13433000.0,-49798000.0,5432000.0,0.0,107428000.0,0.0,-74044000.0,-74044000.0,-74044000.0,0.0,5532000.0,-0.101,98110000.0,37364000.0,337976000.0,-0.179,2.202,4.899,4.888,602331000.0,0.0,51.72,1.001,0.975,441936000.0,,731092000.0,731092000.0,0.0,,,,,4854000.0,82129000.0,1.0,54375748.0,52988000,52988000.0,13.797,2532995000.0,3247000.0,-19445000.0,155639000.0,47.803,1130696000.0
3,WOR,MRQ,2020-09-30,2020-08-31,2020-08-31,2021-10-12,0.0,3131053000.0,,1766457000.0,1364596000.0,,25.574,-32871000.0,650068000.0,650068000.0,589551000.0,618738000.0,3.258,1.158,741622000.0,10411000.0,731211000.0,741622000.0,0.0,22211000.0,0.0,0.023,0.24,788043000.0,810254000.0,1.153,810254000.0,788043000.0,780453000.0,11.41,11.41,11.41,1382785000.0,,1382785000.0,2877081994.0,3.0,2.846,84517000.0,1.563,1.0,113358000.0,0.161,506463000.0,7590000.0,2173960000.0,,319478000.0,496025000.0,287630000.0,208395000.0,1601153000.0,542184000.0,1058969000.0,2288000994.0,502870000.0,487859000.0,-55470000.0,-97000.0,-13379000.0,-69506000.0,454988000.0,0.0,117388000.0,0.0,616675000.0,616675000.0,616675000.0,0.0,2063000.0,0.877,143479000.0,-30121000.0,294172000.0,0.021,1.655,3.267,3.212,615197000.0,0.0,41.53,0.787,0.773,423138000.0,,702909000.0,702909000.0,0.0,,,,,4856000.0,82196000.0,1.0,55092728.0,54070000,54942000.0,13.0,2624590000.0,2287000.0,163778000.0,227691000.0,48.541,1224273000.0
4,WOR,MRQ,2020-06-30,2020-05-31,2020-05-31,2021-10-12,-35217000.0,2331515000.0,,983179000.0,1348336000.0,,15.034,-23729000.0,147198000.0,147198000.0,521737000.0,11089000.0,2.532,1.663,736279000.0,11000000.0,725279000.0,736279000.0,0.0,23125000.0,0.0,0.032,0.24,29470000.0,52595000.0,0.086,52595000.0,29470000.0,22011000.0,0.29,0.29,0.29,820821000.0,,820821000.0,2295990947.0,17.0,10.007,57147000.0,1.047,1.0,89890000.0,0.147,505850000.0,7459000.0,2026508000.0,,405101000.0,203329000.0,0.0,203329000.0,1365082000.0,388238000.0,976844000.0,1661974947.0,43768000.0,-10283000.0,82000.0,-102000.0,-13112000.0,-13132000.0,-23976000.0,0.0,80876000.0,0.0,16175000.0,16175000.0,16175000.0,0.0,-5086000.0,0.026,83545000.0,6345000.0,247017000.0,0.828,2.025,21.092,20.923,604201000.0,0.0,29.92,0.543,0.538,341038000.0,572262000.0,611627000.0,611627000.0,0.0,,,,,1883000.0,67816000.0,1.0,55547291.0,54598000,55440000.0,11.202,1825665000.0,8376000.0,5836000.0,72891000.0,33.438,594941000.0
5,WOR,MRQ,2020-03-31,2020-02-29,2020-02-29,2021-10-12,0.0,2429083000.0,,1053200000.0,1375883000.0,,14.955,-21219000.0,103430000.0,103430000.0,648451000.0,18888000.0,2.15,1.773,737446000.0,11053000.0,726393000.0,737446000.0,0.0,22780000.0,0.0,0.03,0.24,27501000.0,50281000.0,0.066,50281000.0,27501000.0,20139000.0,0.28,0.28,0.28,821495000.0,,821495000.0,2450741762.0,15.0,9.528,66102000.0,1.203,1.0,115545000.0,0.151,512180000.0,7362000.0,2061076000.0,,376871000.0,222724000.0,0.0,222724000.0,1456890000.0,489843000.0,967047000.0,1782932762.0,31170000.0,-381000.0,-20944000.0,-344000.0,-13263000.0,-34551000.0,-21600000.0,0.0,87321000.0,0.0,15311000.0,15311000.0,15311000.0,0.0,3577000.0,0.02,116931000.0,-1386000.0,361356000.0,0.857,2.17,17.766,17.569,607500000.0,0.0,31.8,0.527,0.516,472741000.0,,763996000.0,763996000.0,0.0,,,,,2725000.0,80928000.0,1.0,56067068.0,54930000,55898000.0,13.909,1916903000.0,11152000.0,4828000.0,73971000.0,34.897,563357000.0
6,WOR,MRQ,2019-12-31,2019-11-30,2019-11-30,2021-10-12,0.0,2408961000.0,,1010646000.0,1398315000.0,,15.182,-28358000.0,72260000.0,72260000.0,707026000.0,56922000.0,2.133,1.735,740069000.0,11473000.0,728596000.0,740069000.0,0.0,22596000.0,0.0,0.024,0.24,75264000.0,97860000.0,0.118,97860000.0,75264000.0,67949000.0,0.95,0.95,0.95,835891000.0,,835891000.0,2835397383.0,16.0,10.308,75802000.0,1.377,1.0,120611000.0,0.146,532553000.0,7315000.0,2070354000.0,,379787000.0,225791000.0,0.0,225791000.0,1450218000.0,473863000.0,976355000.0,2141882383.0,26677000.0,-29283000.0,-3811000.0,-624000.0,-13954000.0,-19842000.0,-57641000.0,0.0,104160000.0,0.0,52086000.0,52086000.0,52086000.0,0.0,4836000.0,0.063,88493000.0,32118000.0,330959000.0,0.253,2.562,19.155,19.15,606359000.0,0.0,38.3,0.613,0.603,477228000.0,,827637000.0,827637000.0,0.0,,,,,3280000.0,88543000.0,1.0,55923822.0,55059000,56072000.0,15.032,1876408000.0,12557000.0,15863000.0,77910000.0,34.08,536783000.0
7,WOR,MRQ,2019-09-30,2019-08-31,2019-08-31,2021-10-12,0.0,2382632000.0,,1030092000.0,1352540000.0,,14.264,-12998000.0,45583000.0,45583000.0,738568000.0,-2455000.0,2.134,1.872,739098000.0,11362000.0,727736000.0,739098000.0,0.0,24177000.0,0.0,0.027,0.23,4519000.0,28696000.0,0.034,28696000.0,4519000.0,-4961000.0,-0.09,-0.09,-0.09,787973000.0,,787973000.0,2612509187.0,16.0,10.232,51371000.0,0.93,1.0,117291000.0,0.137,522096000.0,9480000.0,2071377000.0,,422163000.0,212982000.0,0.0,212982000.0,1475191000.0,482674000.0,992517000.0,1955573187.0,-46780000.0,0.0,-32812000.0,-52379000.0,-12960000.0,-98151000.0,-12998000.0,0.0,64369000.0,0.0,-4776000.0,-4776000.0,-4776000.0,0.0,2321000.0,-0.006,131879000.0,-14588000.0,351363000.0,-2.556,2.482,20.862,21.159,587700000.0,0.0,34.7,0.539,0.528,472441000.0,,855859000.0,855859000.0,0.0,,,,,3995000.0,90823000.0,1.0,56356576.0,55241000,55241000.0,15.493,1860536000.0,8198000.0,-185000.0,70360000.0,33.68,547418000.0
8,WOR,MRQ,2019-06-30,2019-05-31,2019-05-31,2021-10-12,-43464000.0,2510796000.0,,1165913000.0,1344883000.0,,14.888,-72235000.0,92363000.0,92363000.0,812839000.0,38975000.0,1.67,1.88,749299000.0,150943000.0,598356000.0,749299000.0,0.0,23959000.0,0.0,0.026,0.23,56411000.0,80370000.0,0.086,80370000.0,56411000.0,46889000.0,0.67,0.67,0.67,831246000.0,,831246000.0,2593010352.0,11.0,7.85,-1563000.0,-0.028,1.0,126003000.0,0.134,530666000.0,9522000.0,1939046000.0,,484280000.0,214930000.0,0.0,214930000.0,1562402000.0,698020000.0,864382000.0,1956640352.0,-20753000.0,-10402000.0,-40819000.0,-290000.0,-12963000.0,-58471000.0,-32954000.0,0.0,70672000.0,0.0,37738000.0,37738000.0,37738000.0,0.0,1237000.0,0.04,93991000.0,32012000.0,393517000.0,0.343,2.354,12.751,12.739,578664000.0,0.0,34.14,0.52,0.519,501944000.0,591533000.0,938842000.0,938842000.0,0.0,,,,,3978000.0,87863000.0,1.0,57312254.0,55834000,57125000.0,16.815,1980130000.0,10894000.0,9151000.0,75266000.0,35.465,467893000.0
9,WOR,MRQ,2019-03-31,2019-02-28,2019-02-28,2021-10-12,0.0,2567293000.0,,1205113000.0,1362180000.0,,15.167,8464000.0,113116000.0,113116000.0,784360000.0,29548000.0,2.132,1.856,749486000.0,1167000.0,748319000.0,749486000.0,0.0,23625000.0,0.0,0.022,0.23,44529000.0,68154000.0,0.078,68154000.0,44529000.0,35188000.0,0.47,0.47,0.47,856622000.0,,856622000.0,2926393273.0,13.0,9.196,60502000.0,1.071,1.0,90021000.0,0.103,536899000.0,9341000.0,2101426000.0,,486074000.0,222865000.0,0.0,222865000.0,1590285000.0,565338000.0,1024947000.0,2269641273.0,20089000.0,1492000.0,-28483000.0,-303000.0,-13119000.0,-41905000.0,9956000.0,0.0,52038000.0,0.0,26773000.0,26773000.0,26773000.0,0.0,2775000.0,0.031,64044000.0,25977000.0,424480000.0,0.489,2.65,15.494,15.538,580941000.0,0.0,39.31,0.591,0.578,512739000.0,,874381000.0,874381000.0,0.0,,,,,1143000.0,75220000.0,1.0,57736995.0,56478000,57974000.0,15.482,2030394000.0,17534000.0,8415000.0,80140000.0,35.95,639775000.0
10,WOR,MRQ,2018-12-31,2018-11-30,2018-11-30,2021-10-12,0.0,2562437000.0,,1187616000.0,1374821000.0,,15.051,-21571000.0,93027000.0,93027000.0,837292000.0,37792000.0,2.156,1.814,749779000.0,1387000.0,748392000.0,749779000.0,0.0,23525000.0,0.0,0.021,0.23,54593000.0,78118000.0,0.082,78118000.0,54593000.0,45121000.0,0.59,0.59,0.59,868672000.0,,868672000.0,3103856803.0,13.0,9.123,23133000.0,0.401,1.0,120934000.0,0.126,547268000.0,9472000.0,2120991000.0,,488742000.0,221701000.0,0.0,221701000.0,1576182000.0,550930000.0,1025252000.0,2450641803.0,-3816000.0,55201000.0,-64239000.0,-371000.0,-13533000.0,-82150000.0,33630000.0,0.0,44704000.0,0.0,34002000.0,34002000.0,34002000.0,0.0,3790000.0,0.035,85070000.0,35864000.0,406444000.0,0.39,2.821,12.327,12.291,584282000.0,0.0,41.42,0.643,0.628,518006000.0,,958226000.0,958226000.0,0.0,,,,,3456000.0,84668000.0,1.0,59165664.0,57716000,59338000.0,16.602,2015169000.0,18079000.0,11119000.0,82277000.0,34.915,636686000.0
11,WOR,MRQ,2018-09-30,2018-08-31,2018-08-31,2021-10-12,0.0,2610175000.0,,1230421000.0,1379754000.0,,15.656,843000.0,96843000.0,96843000.0,845110000.0,56958000.0,1.979,1.71,750058000.0,1327000.0,748731000.0,750058000.0,0.0,24493000.0,0.0,0.018,0.21,79168000.0,103661000.0,0.105,103661000.0,79168000.0,69440000.0,0.94,0.94,0.94,919519000.0,,919519000.0,3415737859.0,13.0,9.595,31288000.0,0.533,1.0,142997000.0,0.145,554069000.0,9728000.0,2087725000.0,,494116000.0,221144000.0,0.0,221144000.0,1572801000.0,621596000.0,951205000.0,2787336859.0,-25124000.0,0.0,-40943000.0,-430000.0,-12719000.0,-56412000.0,843000.0,0.0,30445000.0,0.0,54942000.0,54942000.0,54942000.0,0.0,2016000.0,0.056,92086000.0,50911000.0,478205000.0,0.223,3.031,13.65,13.62,584063000.0,0.0,46.58,0.749,0.735,564612000.0,,988107000.0,988107000.0,0.0,,,,,3156000.0,90641000.0,1.0,59839778.0,58731000,60621000.0,16.824,2056106000.0,6349000.0,14498000.0,81158000.0,35.009,608825000.0
12,WOR,MRQ,2018-06-30,2018-05-31,2018-05-31,2021-10-12,-14580000.0,2621787000.0,,1241122000.0,1380665000.0,,15.483,-16200000.0,121967000.0,121967000.0,857514000.0,32857000.0,1.919,1.726,750368000.0,1474000.0,748894000.0,750368000.0,0.0,26373000.0,0.0,0.017,0.21,41920000.0,68293000.0,0.067,68293000.0,41920000.0,31865000.0,0.53,0.53,0.53,918769000.0,,918769000.0,3542551530.0,15.0,10.267,62488000.0,1.053,1.0,162946000.0,0.16,559209000.0,10055000.0,2044084000.0,,454027000.0,216010000.0,0.0,216010000.0,1585412000.0,646895000.0,938517000.0,2907709530.0,-25457000.0,2400000.0,-43030000.0,-30757000.0,-12559000.0,-90345000.0,-13800000.0,0.0,78688000.0,0.0,30769000.0,30769000.0,30769000.0,0.0,2088000.0,0.03,158383000.0,4563000.0,473485000.0,0.396,3.165,14.927,14.984,584970000.0,0.0,47.95,0.812,0.816,572689000.0,637757000.0,1020460000.0,1020460000.0,0.0,,,,,3682000.0,105492000.0,1.0,60640449.0,59339000,61647000.0,17.197,2062578000.0,1650000.0,1096000.0,64781000.0,34.759,594227000.0
13,WOR,MRQ,2018-03-31,2018-02-28,2018-02-28,2021-10-12,0.0,2614736000.0,,1158642000.0,1456094000.0,,15.752,-13625000.0,147424000.0,147424000.0,714603000.0,78297000.0,2.053,1.62,782266000.0,14138000.0,768128000.0,782266000.0,0.0,25338000.0,0.0,0.019,0.21,64824000.0,90162000.0,0.107,90162000.0,64824000.0,55049000.0,1.31,1.31,1.31,951171000.0,,951171000.0,3383294120.0,12.0,8.628,86295000.0,1.429,1.0,127054000.0,0.151,588793000.0,9775000.0,2096546000.0,,431406000.0,212131000.0,0.0,212131000.0,1540749000.0,564239000.0,976510000.0,2724855120.0,25210000.0,0.0,-46837000.0,-1482000.0,-12766000.0,-61085000.0,-13625000.0,0.0,99920000.0,0.0,79088000.0,79088000.0,79088000.0,0.0,-791000.0,0.094,84291000.0,42763000.0,403990000.0,0.16,2.865,12.357,12.323,625199000.0,0.0,44.24,0.8,0.784,507968000.0,,841657000.0,841657000.0,0.0,,,,,2882000.0,84294000.0,1.0,61592566.0,60383000,62345000.0,13.939,2025943000.0,9711000.0,-24039000.0,78813000.0,33.552,594403000.0
14,WOR,MRQ,2017-12-31,2017-11-30,2017-11-30,2021-10-12,0.0,2571713000.0,,1111728000.0,1459985000.0,,14.947,-7366000.0,122214000.0,122214000.0,731187000.0,41622000.0,2.112,1.663,780653000.0,13916000.0,766737000.0,780653000.0,0.0,26283000.0,0.0,0.019,0.21,67606000.0,93889000.0,0.108,93889000.0,67606000.0,57568000.0,0.64,0.64,0.64,919287000.0,,919287000.0,3204308579.0,11.0,8.469,12016000.0,0.195,1.0,140079000.0,0.161,590051000.0,10038000.0,2113652000.0,,416008000.0,213814000.0,0.0,213814000.0,1528930000.0,526449000.0,1002481000.0,2619580579.0,-73641000.0,-523000.0,-68170000.0,-512000.0,-13256000.0,-85134000.0,-7889000.0,0.0,19382000.0,0.0,39403000.0,39403000.0,39403000.0,0.0,2219000.0,0.045,88020000.0,52059000.0,363032000.0,0.328,2.85,14.773,14.596,627751000.0,0.0,41.6,0.802,0.783,507704000.0,,871266000.0,871266000.0,0.0,,,,,3787000.0,89425000.0,1.0,62970687.0,61503000,63468000.0,14.166,1981662000.0,10858000.0,18165000.0,108014000.0,32.221,585279000.0
15,WOR,MRQ,2017-09-30,2017-08-31,2017-08-31,2021-10-12,0.0,2630554000.0,,1161165000.0,1469389000.0,,15.345,-17586000.0,195855000.0,195855000.0,715459000.0,48074000.0,2.142,1.615,780583000.0,7493000.0,773090000.0,780583000.0,0.0,25365000.0,0.0,0.016,0.2,67339000.0,92704000.0,0.109,92704000.0,67339000.0,58532000.0,0.73,0.73,0.73,958174000.0,,958174000.0,3460531624.0,12.0,9.257,65769000.0,1.053,1.0,132778000.0,0.157,603212000.0,8807000.0,2070086000.0,,425879000.0,212670000.0,0.0,212670000.0,1547827000.0,541984000.0,1005843000.0,3160002624.0,-82226000.0,-284505000.0,-48350000.0,198358000.0,-12778000.0,136510000.0,-302091000.0,0.0,83355000.0,0.0,45534000.0,45534000.0,45534000.0,0.0,2540000.0,0.054,90553000.0,42225000.0,384486000.0,0.274,3.298,17.129,16.878,625590000.0,0.0,49.96,1.011,0.998,465113000.0,,848237000.0,848237000.0,0.0,,,,,3407000.0,88249000.0,1.0,63250653.0,62444000,64590000.0,13.584,2027342000.0,2105000.0,12998000.0,115774000.0,32.467,619181000.0
16,WOR,MRQ,2017-06-30,2017-05-31,2017-05-31,2021-10-12,-27775000.0,2325344000.0,,1190969000.0,1134375000.0,,15.154,-11748000.0,278081000.0,278081000.0,690513000.0,60583000.0,2.287,1.315,578610000.0,6814000.0,571796000.0,578610000.0,0.0,21639000.0,0.0,0.019,0.2,93723000.0,115362000.0,0.136,115362000.0,93723000.0,87129000.0,0.91,0.91,0.91,951635000.0,,951635000.0,3022439691.0,10.0,7.551,69014000.0,1.099,1.0,154830000.0,0.183,330454000.0,6594000.0,1774636000.0,,353934000.0,208591000.0,0.0,208591000.0,1251415000.0,520783000.0,730632000.0,2672673691.0,50800000.0,0.0,150000.0,-263000.0,-12620000.0,-18214000.0,-11748000.0,0.0,80762000.0,0.0,56494000.0,56494000.0,56494000.0,0.0,4089000.0,0.067,83971000.0,70859000.0,368071000.0,0.22,2.809,13.068,12.796,570489000.0,0.0,41.97,0.887,0.869,486730000.0,676019000.0,845343000.0,845343000.0,0.0,,,,,3085000.0,83554000.0,1.0,63680574.0,62797000,65222000.0,13.462,1994890000.0,7164000.0,30635000.0,38748000.0,31.767,670186000.0
17,WOR,MRQ,2017-03-31,2017-02-28,2017-02-28,2021-10-12,0.0,2247175000.0,,1116941000.0,1130234000.0,,14.318,-21126000.0,227281000.0,227281000.0,592446000.0,38951000.0,2.28,1.364,577047000.0,1045000.0,576002000.0,577047000.0,0.0,21677000.0,0.0,0.016,0.2,54704000.0,76381000.0,0.109,76381000.0,54704000.0,47030000.0,0.57,0.57,0.57,898468000.0,,898468000.0,3525420729.0,11.0,8.85,81580000.0,1.3,1.0,110990000.0,0.158,330230000.0,7674000.0,1776931000.0,,340204000.0,205008000.0,0.0,205008000.0,1225128000.0,489780000.0,735348000.0,3123192729.0,52101000.0,0.0,-12197000.0,-548000.0,-13374000.0,-29479000.0,-21126000.0,0.0,102706000.0,0.0,35889000.0,35889000.0,35889000.0,0.0,3062000.0,0.051,76670000.0,34320000.0,351998000.0,0.351,3.476,15.121,14.774,570020000.0,0.0,49.05,1.083,1.067,466689000.0,,703436000.0,703436000.0,0.0,,,,,4304000.0,75276000.0,1.0,63673654.0,62750000,64977000.0,11.21,1916945000.0,15554000.0,11141000.0,29691000.0,30.549,627161000.0
18,WOR,MRQ,2016-12-31,2016-11-30,2016-11-30,2021-10-12,0.0,2142724000.0,,1007481000.0,1135243000.0,,14.194,-13931000.0,175180000.0,175180000.0,604977000.0,49867000.0,2.492,1.279,577408000.0,1370000.0,576038000.0,577408000.0,0.0,21645000.0,0.0,0.014,0.2,67738000.0,89383000.0,0.123,89383000.0,67738000.0,60080000.0,0.75,0.75,0.75,884940000.0,,884940000.0,3971844114.0,13.0,10.137,17368000.0,0.279,1.0,122803000.0,0.169,332506000.0,7658000.0,1808215000.0,,337858000.0,203508000.0,0.0,203508000.0,1131962000.0,404231000.0,727731000.0,3573560114.0,-6345000.0,0.0,-2849000.0,-1255000.0,-12828000.0,-23713000.0,-13931000.0,0.0,31299000.0,0.0,46565000.0,46565000.0,46565000.0,0.0,3302000.0,0.064,79759000.0,43044000.0,278192000.0,0.267,4.038,17.823,17.424,571315000.0,0.0,56.28,1.264,1.241,429011000.0,,727780000.0,727780000.0,0.0,,,,,3824000.0,76487000.0,1.0,63496093.0,62348000,64725000.0,11.673,1810218000.0,7997000.0,13515000.0,23631000.0,29.034,603250000.0
19,WOR,MRQ,2016-09-30,2016-08-31,2016-08-31,2021-10-12,0.0,2181953000.0,,1032466000.0,1149487000.0,,13.831,-16159000.0,181525000.0,181525000.0,590267000.0,68536000.0,2.168,1.403,579809000.0,2401000.0,577408000.0,579809000.0,0.0,21831000.0,0.0,0.018,0.19,97336000.0,119167000.0,0.162,119167000.0,97336000.0,89466000.0,1.06,1.06,1.06,855962000.0,,855962000.0,3239796237.0,12.0,8.929,104746000.0,1.693,1.0,147282000.0,0.2,338893000.0,7870000.0,1765136000.0,,369733000.0,200048000.0,0.0,200048000.0,1200873000.0,476208000.0,724665000.0,2740489237.0,97337000.0,0.0,5821000.0,-1336000.0,-11894000.0,-7409000.0,-16159000.0,0.0,120905000.0,0.0,65567000.0,65567000.0,65567000.0,0.0,2969000.0,0.089,82384000.0,64898000.0,325299000.0,0.179,3.202,15.456,15.053,580771000.0,0.0,42.9,0.979,0.948,416529000.0,,737549000.0,737549000.0,0.0,,,,,3136000.0,81056000.0,1.0,63880868.0,61885000,64337000.0,11.918,1843060000.0,2498000.0,23899000.0,33475000.0,29.782,556258000.0
20,WOR,MRQ,2016-06-30,2016-05-31,2016-05-31,2021-10-12,-28565000.0,2061264000.0,,915115000.0,1146149000.0,,12.912,-31458000.0,84188000.0,84188000.0,580196000.0,62739000.0,2.128,1.439,581004000.0,3513000.0,577491000.0,581004000.0,0.0,21951000.0,0.0,0.02,0.19,91485000.0,113436000.0,0.159,113436000.0,91485000.0,83354000.0,0.94,0.94,0.94,793371000.0,,793371000.0,2918849096.0,12.0,9.148,86058000.0,1.401,1.0,134475000.0,0.188,342231000.0,8131000.0,1785771000.0,,319335000.0,191826000.0,0.0,191826000.0,1141418000.0,430078000.0,711340000.0,2333143096.0,58756000.0,5596000.0,2897000.0,-28333000.0,-11664000.0,-37100000.0,-21660000.0,0.0,117516000.0,0.0,58524000.0,58524000.0,58524000.0,0.0,4215000.0,0.082,80463000.0,54012000.0,290432000.0,0.202,2.941,16.235,16.243,582838000.0,0.0,37.36,0.827,0.828,439688000.0,522952000.0,714671000.0,714671000.0,0.0,,,,,4552000.0,78580000.0,1.0,62450297.0,61446000,64251000.0,11.631,1719033000.0,10535000.0,24830000.0,19880000.0,27.976,485037000.0
21,WOR,MRQ,2016-03-31,2016-02-29,2016-02-29,2021-10-12,0.0,1959928000.0,,847658000.0,1112270000.0,,11.657,-14542000.0,25432000.0,25432000.0,551157000.0,34143000.0,1.982,1.592,611138000.0,31623000.0,579515000.0,611138000.0,0.0,20761000.0,0.0,0.024,0.19,49075000.0,69836000.0,0.108,69836000.0,49075000.0,41189000.0,0.48,0.48,0.48,719776000.0,,719776000.0,2569078373.0,14.0,9.49,91673000.0,1.485,1.0,95923000.0,0.148,338749000.0,7886000.0,1779237000.0,,321227000.0,208898000.0,0.0,208898000.0,1146114000.0,427648000.0,718466000.0,1967027373.0,-1922000.0,-34939000.0,-25605000.0,-16932000.0,-11913000.0,-58656000.0,-49481000.0,0.0,106215000.0,0.0,29847000.0,29847000.0,29847000.0,0.0,4296000.0,0.046,70851000.0,25072000.0,262405000.0,0.396,2.733,17.246,17.38,539020000.0,0.0,31.11,0.667,0.651,399138000.0,,647080000.0,647080000.0,0.0,,,,,3627000.0,70149000.0,1.0,63228138.0,61747000,63871000.0,10.48,1621179000.0,34643000.0,11342000.0,20432000.0,26.255,420010000.0
22,WOR,MRQ,2015-12-31,2015-11-30,2015-11-30,2021-10-12,0.0,1961005000.0,,871896000.0,1089109000.0,,11.376,-12670000.0,27354000.0,27354000.0,590637000.0,25751000.0,1.93,1.623,629405000.0,50389000.0,579016000.0,629405000.0,0.0,20547000.0,0.0,0.03,0.19,39840000.0,60387000.0,0.086,60387000.0,39840000.0,32041000.0,0.37,0.37,0.37,713006000.0,,713006000.0,2561941237.0,25.0,13.69,38356000.0,0.612,1.0,109179000.0,0.156,329229000.0,7799000.0,1782057000.0,,351153000.0,210116000.0,0.0,210116000.0,1157231000.0,451770000.0,705461000.0,1976927237.0,8582000.0,-3176000.0,-40248000.0,27279000.0,-12065000.0,-26598000.0,-15846000.0,0.0,51026000.0,0.0,23376000.0,23376000.0,23376000.0,0.0,2375000.0,0.033,97207000.0,11972000.0,265984000.0,0.514,2.773,33.794,33.446,524088000.0,0.0,30.77,0.636,0.62,407371000.0,,699816000.0,699816000.0,0.0,,,,,3880000.0,72722000.0,1.0,64248529.0,62676000,64663000.0,11.166,1631776000.0,24847000.0,8665000.0,6851000.0,26.035,420126000.0
23,WOR,MRQ,2015-09-30,2015-08-31,2015-08-31,2021-10-12,0.0,2045910000.0,,934836000.0,1111074000.0,,11.718,-38366000.0,18772000.0,18772000.0,645131000.0,34995000.0,1.887,1.61,603786000.0,22885000.0,580901000.0,603786000.0,0.0,21440000.0,0.0,0.035,0.18,53972000.0,75412000.0,0.099,75412000.0,53972000.0,46118000.0,0.5,0.5,0.5,749884000.0,,749884000.0,2313488855.0,20.0,11.414,100261000.0,1.567,1.0,113016000.0,0.149,354431000.0,7854000.0,1781054000.0,,382799000.0,201383000.0,0.0,201383000.0,1207019000.0,495439000.0,711580000.0,1673812855.0,-12295000.0,-1687000.0,-28184000.0,-67798000.0,-11551000.0,-110869000.0,-40053000.0,0.0,138627000.0,0.0,31968000.0,31968000.0,31968000.0,0.0,3027000.0,0.042,82020000.0,30996000.0,317552000.0,0.36,2.232,25.916,25.848,530760000.0,0.0,25.59,0.51,0.499,431586000.0,,758147000.0,758147000.0,0.0,,,,,3777000.0,75951000.0,1.0,65408865.0,63993000,66065000.0,11.847,1691479000.0,24599000.0,14150000.0,26593000.0,26.432,439397000.0
24,WOR,MRQ,2015-06-30,2015-05-31,2015-05-31,2021-10-12,-50704000.0,2085142000.0,,992193000.0,1092949000.0,,11.669,-22990000.0,31067000.0,31067000.0,735711000.0,30226000.0,1.892,1.662,670743000.0,91391000.0,579352000.0,670743000.0,0.0,21760000.0,0.0,0.032,0.18,43324000.0,65084000.0,0.077,65084000.0,43324000.0,35097000.0,0.44,0.44,0.44,749112000.0,,749112000.0,2435961970.0,18.0,10.902,51721000.0,0.806,1.0,110312000.0,0.13,358116000.0,8227000.0,1842310000.0,,374975000.0,196776000.0,0.0,196776000.0,1245093000.0,524392000.0,720701000.0,1778572970.0,-11401000.0,191000.0,-31662000.0,-29628000.0,-11667000.0,-73507000.0,-12605000.0,0.0,74711000.0,0.0,28865000.0,28865000.0,28865000.0,0.0,1361000.0,0.034,83099000.0,27213000.0,294129000.0,0.409,2.374,23.163,23.457,513190000.0,0.0,27.21,0.526,0.533,474292000.0,510738000.0,846023000.0,846023000.0,0.0,,,,,4243000.0,76593000.0,1.0,65364681.0,64197000,66029000.0,13.179,1727026000.0,34153000.0,6232000.0,24340000.0,26.902,467801000.0
25,WOR,MRQ,2015-03-31,2015-02-28,2015-02-28,2021-10-12,0.0,2221401000.0,,1125930000.0,1095471000.0,,11.464,-26119000.0,42468000.0,42468000.0,706294000.0,-23245000.0,1.727,1.801,699857000.0,123889000.0,575968000.0,699857000.0,0.0,21762000.0,0.0,0.031,0.36,-35502000.0,-13740000.0,-0.017,-13740000.0,-35502000.0,-43883000.0,-0.39,-0.39,-0.39,760740000.0,,760740000.0,2425889999.0,16.0,10.198,56757000.0,0.855,1.0,98491000.0,0.122,367296000.0,8381000.0,1859527000.0,,478097000.0,195788000.0,0.0,195788000.0,1369728000.0,651967000.0,717761000.0,1836783999.0,-54069000.0,-58948000.0,-50714000.0,16369000.0,-12517000.0,-55399000.0,-81546000.0,0.0,82876000.0,0.0,-25710000.0,-25710000.0,-25710000.0,0.0,2465000.0,-0.032,150541000.0,-52050000.0,386408000.0,-0.923,2.414,22.653,22.881,511690000.0,0.0,27.0,0.536,0.522,495861000.0,,804785000.0,804785000.0,0.0,,,,,3395000.0,66764000.0,1.0,68029037.0,66359000,66359000.0,12.128,1854105000.0,33272000.0,-18173000.0,25036000.0,27.941,473963000.0
26,WOR,MRQ,2014-12-31,2014-11-30,2014-11-30,2021-10-12,0.0,2307391000.0,,1154394000.0,1152997000.0,,13.002,-23273000.0,96537000.0,96537000.0,745789000.0,31455000.0,1.997,1.532,685643000.0,111909000.0,573734000.0,685643000.0,0.0,21200000.0,0.0,0.017,0.18,54738000.0,75938000.0,0.087,75938000.0,54738000.0,45062000.0,0.44,0.44,0.44,872502000.0,,872502000.0,3102030697.0,12.0,9.255,-21864000.0,-0.326,1.0,125223000.0,0.144,433952000.0,9676000.0,1884398000.0,,454775000.0,194686000.0,0.0,194686000.0,1336383000.0,578147000.0,758236000.0,2582310697.0,-50384000.0,-14543000.0,-20983000.0,19773000.0,-12138000.0,-12727000.0,-39066000.0,-2300000.0,1409000.0,0.0,29462000.0,29462000.0,29462000.0,0.0,1993000.0,0.034,92031000.0,33192000.0,324886000.0,0.409,2.96,17.52,17.458,501909000.0,0.0,37.71,0.76,0.745,491687000.0,,871012000.0,871012000.0,0.0,,,,,3877000.0,77308000.0,1.0,68478141.0,67105000,69181000.0,12.98,1873439000.0,36821000.0,15600000.0,67025000.0,27.918,576247000.0
27,WOR,MRQ,2014-09-30,2014-08-31,2014-08-31,2021-10-12,0.0,2354696000.0,,1204544000.0,1150152000.0,,12.815,-23873000.0,146921000.0,146921000.0,732907000.0,48820000.0,1.883,1.612,666641000.0,112147000.0,554494000.0,666641000.0,0.0,20367000.0,0.0,0.015,0.15,75797000.0,96164000.0,0.112,96164000.0,75797000.0,66281000.0,0.65,0.65,0.65,865869000.0,,865869000.0,3253498789.0,14.0,10.263,30612000.0,0.453,1.0,129507000.0,0.15,422375000.0,9516000.0,1812289000.0,,467562000.0,196373000.0,0.0,196373000.0,1395962000.0,639752000.0,756210000.0,2777252789.0,-43158000.0,-40350000.0,-21091000.0,253000.0,-10112000.0,-28685000.0,-68958000.0,-5000000.0,54485000.0,0.0,44168000.0,44168000.0,44168000.0,0.0,4652000.0,0.051,77305000.0,52202000.0,369273000.0,0.231,3.207,19.709,19.727,504140000.0,0.0,40.44,0.842,0.829,486005000.0,,862414000.0,862414000.0,0.0,,,,,-777000.0,75255000.0,1.0,68675885.0,67567000,69738000.0,12.764,1932321000.0,26675000.0,22113000.0,87602000.0,28.599,564792000.0
28,WOR,MRQ,2014-06-30,2014-05-31,2014-05-31,2021-10-12,-3581000.0,2296381000.0,,1198922000.0,1097459000.0,,12.517,-19181000.0,190079000.0,190079000.0,760169000.0,31248000.0,2.033,1.588,666325000.0,111535000.0,554790000.0,666325000.0,0.0,19967000.0,0.0,0.011,0.15,59541000.0,79508000.0,0.089,79508000.0,59541000.0,51564000.0,0.48,0.48,0.48,850812000.0,,850812000.0,3185731927.0,14.0,10.112,-10742000.0,-0.158,1.0,130836000.0,0.147,397086000.0,7977000.0,1785878000.0,,410002000.0,179113000.0,0.0,179113000.0,1351499000.0,589663000.0,761836000.0,2796777927.0,137193000.0,-29151000.0,-37768000.0,222208000.0,-10246000.0,173961000.0,-45207000.0,0.0,8439000.0,0.0,33163000.0,33163000.0,33163000.0,0.0,-1915000.0,0.037,99557000.0,31279000.0,333744000.0,0.312,3.287,18.485,18.402,498861000.0,0.0,40.3,0.895,0.889,493127000.0,591783000.0,891005000.0,891005000.0,0.0,,,,,7224000.0,74781000.0,1.0,69398956.0,67972000,70926000.0,13.108,1899295000.0,29710000.0,18401000.0,76286000.0,27.942,609259000.0
29,WOR,MRQ,2014-03-31,2014-02-28,2014-02-28,2021-10-12,0.0,2125907000.0,,1043600000.0,1082307000.0,,12.498,-21743000.0,52886000.0,52886000.0,650743000.0,44211000.0,1.608,1.357,441840000.0,136470000.0,305370000.0,441840000.0,0.0,20208000.0,0.0,0.008,0.15,63355000.0,83563000.0,0.108,83563000.0,63355000.0,57159000.0,0.59,0.59,0.59,861020000.0,,861020000.0,3147798912.0,14.0,10.144,75081000.0,1.09,1.0,122487000.0,0.158,378999000.0,6196000.0,1486765000.0,,441344000.0,175454000.0,0.0,175454000.0,1167994000.0,649097000.0,518897000.0,2806635912.0,-56169000.0,-35599000.0,-42003000.0,-8633000.0,-10545000.0,-96231000.0,-56762000.0,0.0,96824000.0,0.0,40603000.0,40603000.0,40603000.0,0.0,3608000.0,0.053,77078000.0,45409000.0,379230000.0,0.254,3.26,18.506,18.284,510978000.0,0.0,39.86,0.955,0.934,467927000.0,,773230000.0,773230000.0,0.0,,,,,3243000.0,75680000.0,1.0,70412341.0,68895000,71528000.0,11.223,1746908000.0,33330000.0,16556000.0,82552000.0,25.356,394503000.0
30,WOR,MRQ,2013-12-31,2013-11-30,2013-11-30,2021-10-12,0.0,2041401000.0,,1004615000.0,1036786000.0,,12.464,-17060000.0,109055000.0,109055000.0,641668000.0,28340000.0,2.225,1.227,450218000.0,44558000.0,405660000.0,450218000.0,0.0,20095000.0,0.0,0.013,0.15,37694000.0,57789000.0,0.075,57789000.0,37694000.0,31436000.0,0.33,0.33,0.33,863789000.0,,863789000.0,3309756415.0,14.0,10.912,12259000.0,0.177,1.0,128232000.0,0.167,340648000.0,6258000.0,1590464000.0,,392407000.0,174546000.0,0.0,174546000.0,1060008000.0,451452000.0,608556000.0,2961571415.0,-11994000.0,276000.0,-15514000.0,-19021000.0,-10407000.0,-44283000.0,2970000.0,0.0,29319000.0,0.0,22977000.0,22977000.0,22977000.0,0.0,5363000.0,0.03,107947000.0,20285000.0,283019000.0,0.455,3.429,19.985,19.778,505008000.0,0.0,41.93,1.063,1.043,433995000.0,,769900000.0,769900000.0,0.0,,,,,3188000.0,78395000.0,1.0,70631324.0,69304000,71826000.0,11.109,1700753000.0,25274000.0,8459000.0,77648000.0,24.54,553163000.0
31,WOR,MRQ,2013-09-30,2013-08-31,2013-08-31,2021-10-12,0.0,2093060000.0,,1010242000.0,1082818000.0,,12.321,-13354000.0,121049000.0,121049000.0,581327000.0,56353000.0,2.003,1.309,469234000.0,63286000.0,405948000.0,469234000.0,0.0,19460000.0,0.0,0.016,0.0,74730000.0,94190000.0,0.136,94190000.0,74730000.0,68490000.0,0.78,0.78,0.78,857588000.0,,857588000.0,2787835694.0,11.0,8.845,81110000.0,1.165,1.0,110964000.0,0.16,377012000.0,6240000.0,1559925000.0,,376657000.0,184449000.0,0.0,184449000.0,1122672000.0,504308000.0,618364000.0,2318164694.0,69664000.0,52957000.0,-28315000.0,-51825000.0,0.0,-77605000.0,52805000.0,0.0,94464000.0,0.0,54557000.0,54557000.0,54557000.0,0.0,1796000.0,0.079,72184000.0,38780000.0,311204000.0,0.0,2.703,14.762,14.813,503869000.0,0.0,33.33,0.879,0.879,439365000.0,,692291000.0,692291000.0,0.0,,,,,-518000.0,71540000.0,1.0,69551896.0,69601000,72083000.0,9.947,1716048000.0,25433000.0,13933000.0,106123000.0,24.656,505934000.0
32,WOR,MRQ,2013-06-30,2013-05-31,2013-05-31,2021-10-12,-12036000.0,1950857000.0,,866883000.0,1083974000.0,,11.833,-26413000.0,51385000.0,51385000.0,592950000.0,32017000.0,1.931,1.298,521056000.0,114820000.0,406236000.0,521056000.0,0.0,18333000.0,0.0,0.019,0.0,56434000.0,74767000.0,0.106,74767000.0,56434000.0,50267000.0,0.48,0.48,0.48,830822000.0,,830822000.0,2845335252.0,13.0,9.768,50881000.0,0.725,1.0,111110000.0,0.158,361002000.0,6167000.0,1610612000.0,,356768000.0,246125000.0,0.0,246125000.0,1078620000.0,448914000.0,629706000.0,2444472252.0,14026000.0,-112252000.0,-25463000.0,82830000.0,0.0,58423000.0,-121691000.0,0.0,77294000.0,0.0,33523000.0,33523000.0,33523000.0,0.0,-1506000.0,0.048,77030000.0,34080000.0,222696000.0,0.0,2.942,17.916,17.452,459430000.0,0.0,34.38,0.936,0.912,394327000.0,597994000.0,704060000.0,704060000.0,0.0,,,,,956000.0,70580000.0,1.0,71101578.0,70210000,73753000.0,10.028,1589855000.0,22652000.0,16744000.0,95669000.0,22.644,417969000.0
33,WOR,MRQ,2013-03-31,2013-02-28,2013-02-28,2021-10-12,0.0,1885182000.0,,863580000.0,1021602000.0,,11.705,-9234000.0,37359000.0,37359000.0,522501000.0,37331000.0,2.268,1.254,438222000.0,31699000.0,406523000.0,438222000.0,0.0,17048000.0,0.0,0.027,0.39,59518000.0,76566000.0,0.124,76566000.0,59518000.0,53360000.0,0.53,0.53,0.53,816875000.0,,816875000.0,2417568986.0,10.0,7.747,27070000.0,0.388,1.0,97026000.0,0.157,291845000.0,6158000.0,1613491000.0,,373382000.0,256262000.0,0.0,256262000.0,1024387000.0,380709000.0,643678000.0,1998485986.0,4470000.0,0.0,17332000.0,-13755000.0,-27040000.0,-22600000.0,-9234000.0,0.0,36304000.0,0.0,37131000.0,37131000.0,37131000.0,0.0,200000.0,0.06,63367000.0,33659000.0,245862000.0,0.736,2.447,12.894,12.652,454640000.0,0.0,28.34,0.75,0.743,376534000.0,,619527000.0,619527000.0,0.0,,,,,198000.0,63221000.0,1.0,70518207.0,69791000,71914000.0,8.877,1593337000.0,35303000.0,16229000.0,103190000.0,22.83,482871000.0
34,WOR,MRQ,2012-12-31,2012-11-30,2012-11-30,2021-10-12,0.0,1820835000.0,,795114000.0,1025721000.0,,11.259,1179000.0,32889000.0,32889000.0,527766000.0,32622000.0,2.191,1.286,451972000.0,45161000.0,406811000.0,451972000.0,0.0,16101000.0,0.0,0.021,0.13,53550000.0,69651000.0,0.112,69651000.0,53550000.0,47216000.0,0.46,0.46,0.46,776146000.0,,776146000.0,2075467868.0,9.0,7.146,89560000.0,1.299,1.0,94856000.0,0.152,294644000.0,6334000.0,1582450000.0,,358224000.0,252347000.0,0.0,252347000.0,998359000.0,362824000.0,635535000.0,1646361868.0,2408000.0,-62110000.0,4773000.0,-14871000.0,-8954000.0,-25042000.0,-60931000.0,0.0,88381000.0,0.0,31826000.0,31826000.0,31826000.0,0.0,796000.0,0.051,66313000.0,28543000.0,218971000.0,0.283,2.121,11.453,11.273,460081000.0,0.0,23.56,0.62,0.612,334912000.0,,622622000.0,622622000.0,0.0,,,,,3740000.0,65101000.0,1.0,69879536.0,68934000,70411000.0,9.032,1526191000.0,26832000.0,15390000.0,92566000.0,22.14,432290000.0
35,WOR,MRQ,2012-09-30,2012-08-31,2012-08-31,2021-10-12,0.0,1805506000.0,,846185000.0,959321000.0,,10.854,-10120000.0,30481000.0,30481000.0,572384000.0,34865000.0,2.155,1.367,459587000.0,52490000.0,407097000.0,459587000.0,0.0,14987000.0,0.0,0.023,0.12,55323000.0,70310000.0,0.106,70310000.0,55323000.0,50064000.0,0.5,0.5,0.5,741105000.0,,741105000.0,1941643144.0,10.0,7.563,60878000.0,0.892,1.0,93651000.0,0.141,255449000.0,5259000.0,1586439000.0,,383582000.0,244087000.0,0.0,244087000.0,1013124000.0,392724000.0,620400000.0,1448957144.0,-10547000.0,0.0,10855000.0,-74130000.0,-8150000.0,-71425000.0,-10120000.0,0.0,70998000.0,0.0,33962000.0,33962000.0,33962000.0,0.0,903000.0,0.051,61395000.0,32256000.0,237885000.0,0.24,1.955,11.694,11.611,440885000.0,0.0,20.9,0.558,0.549,359660000.0,,666035000.0,666035000.0,0.0,,,,,3193000.0,59422000.0,1.0,69328093.0,68278000,69571000.0,9.755,1550057000.0,21791000.0,16102000.0,85852000.0,22.702,453461000.0
36,WOR,MRQ,2012-06-30,2012-05-31,2012-05-31,2021-10-12,-20387000.0,1877797000.0,,914239000.0,963558000.0,,10.141,-30438000.0,41028000.0,41028000.0,633939000.0,54414000.0,1.389,1.621,533714000.0,276252000.0,257462000.0,533714000.0,0.0,15247000.0,0.0,0.028,0.12,80289000.0,95536000.0,0.126,95536000.0,80289000.0,75309000.0,0.75,0.75,0.75,697174000.0,,697174000.0,1640139294.0,9.0,6.753,6258000.0,0.091,1.0,121468000.0,0.161,257014000.0,4980000.0,1455206000.0,,401940000.0,240882000.0,0.0,240882000.0,1130360000.0,658263000.0,472097000.0,1136510294.0,5762000.0,-50918000.0,-19891000.0,-5201000.0,-8282000.0,-32546000.0,1612000.0,0.0,36696000.0,0.0,52078000.0,52078000.0,52078000.0,0.0,2336000.0,0.069,65950000.0,55518000.0,252334000.0,0.16,1.63,9.832,9.789,443077000.0,0.0,16.25,0.448,0.447,400869000.0,525223000.0,755407000.0,755407000.0,0.0,,,,,2588000.0,64318000.0,1.0,69939095.0,68748000,69565000.0,10.988,1620783000.0,21798000.0,23231000.0,84796000.0,23.576,255976000.0
37,WOR,MRQ,2012-03-31,2012-02-29,2012-02-29,2021-10-12,0.0,1859370000.0,,888629000.0,970741000.0,,10.016,-2591000.0,35266000.0,35266000.0,527923000.0,28398000.0,1.353,1.624,538895000.0,286354000.0,252541000.0,538895000.0,0.0,14653000.0,0.0,0.026,0.12,40290000.0,54943000.0,0.09,54943000.0,40290000.0,35217000.0,0.38,0.38,0.38,690833000.0,,690833000.0,1594174470.0,8.0,6.464,84847000.0,1.23,1.0,83332000.0,0.136,254414000.0,5073000.0,1451560000.0,,395117000.0,237968000.0,0.0,237968000.0,1121683000.0,657025000.0,464658000.0,1171631470.0,-18540000.0,-108366000.0,1186000.0,15234000.0,-8273000.0,4979000.0,-110957000.0,0.0,87438000.0,0.0,25880000.0,25880000.0,25880000.0,0.0,2518000.0,0.042,63445000.0,19887000.0,264273000.0,0.316,1.696,10.15,10.478,455130000.0,0.0,16.87,0.477,0.474,373487000.0,,611255000.0,611255000.0,0.0,,,,,2797000.0,62489000.0,1.0,69450591.0,68972000,69509000.0,8.862,1604956000.0,28587000.0,9337000.0,89367000.0,23.27,231604000.0
38,WOR,MRQ,2011-12-31,2011-11-30,2011-11-30,2021-10-12,0.0,1609624000.0,,808684000.0,800940000.0,,9.568,2747000.0,53806000.0,53806000.0,509046000.0,14201000.0,1.652,1.355,476349000.0,226086000.0,250263000.0,476349000.0,0.0,13119000.0,0.0,0.024,0.12,22824000.0,35943000.0,0.064,35943000.0,22824000.0,18068000.0,0.17,0.17,0.17,663562000.0,,663562000.0,1664380453.0,9.0,6.651,67102000.0,0.968,1.0,56606000.0,0.1,145614000.0,4756000.0,1397182000.0,,335120000.0,233187000.0,0.0,233187000.0,899282000.0,489371000.0,409911000.0,1241792453.0,16931000.0,-38782000.0,-16400000.0,16881000.0,-8414000.0,-11389000.0,-36035000.0,0.0,64355000.0,0.0,11985000.0,11985000.0,11985000.0,0.0,2216000.0,0.021,54949000.0,1657000.0,177194000.0,0.706,1.871,10.716,11.133,398989000.0,0.0,17.59,0.515,0.506,328638000.0,,565652000.0,565652000.0,0.0,,,,,2578000.0,52901000.0,1.0,70596501.0,69350000,69356000.0,8.156,1464010000.0,35415000.0,6083000.0,88628000.0,21.11,319313000.0
39,WOR,MRQ,2011-09-30,2011-08-31,2011-08-31,2021-10-12,0.0,1645421000.0,,858642000.0,786779000.0,,9.535,-1431000.0,36875000.0,36875000.0,530925000.0,28341000.0,1.676,1.34,459463000.0,209205000.0,250258000.0,459463000.0,0.0,12854000.0,0.0,0.025,0.1,43593000.0,56447000.0,0.094,56447000.0,43593000.0,38905000.0,0.36,0.36,0.36,681955000.0,,681955000.0,1534878622.0,8.0,5.982,-16271000.0,-0.228,1.0,71462000.0,0.119,137236000.0,4688000.0,1418396000.0,,377772000.0,234767000.0,0.0,234767000.0,913926000.0,512377000.0,401549000.0,1207835622.0,-19292000.0,-41785000.0,-27197000.0,76250000.0,-7169000.0,38764000.0,-43216000.0,0.0,-14840000.0,0.0,25653000.0,25653000.0,25653000.0,0.0,2688000.0,0.043,47064000.0,24398000.0,219481000.0,0.278,1.771,10.204,10.093,391349000.0,0.0,16.25,0.497,0.479,353247000.0,,602387000.0,602387000.0,0.0,,,,,3201000.0,45361000.0,1.0,74328346.0,71518000,72418000.0,8.423,1508185000.0,24761000.0,13252000.0,86415000.0,21.088,346265000.0
40,WOR,MRQ,2011-06-30,2011-05-31,2011-05-31,2021-10-12,3975000.0,1667249000.0,,891635000.0,775614000.0,,9.413,7810000.0,56167000.0,56167000.0,556523000.0,54564000.0,1.698,1.343,383210000.0,132956000.0,250254000.0,383210000.0,0.0,13799000.0,0.0,0.018,0.1,85508000.0,99307000.0,0.147,99307000.0,85508000.0,80831000.0,0.7,0.7,0.7,689910000.0,,689910000.0,1902585844.0,10.0,7.509,24366000.0,0.332,1.0,119170000.0,0.176,113591000.0,4677000.0,1355699000.0,,370830000.0,232149000.0,0.0,232149000.0,926546000.0,525002000.0,401544000.0,1621283844.0,6441000.0,-6176000.0,-55260000.0,52178000.0,-7421000.0,-11749000.0,1634000.0,0.0,16556000.0,0.0,51917000.0,51917000.0,51917000.0,0.0,2647000.0,0.077,67267000.0,51903000.0,253404000.0,0.143,2.35,14.09,14.175,405334000.0,0.0,21.83,0.664,0.669,388550000.0,504410000.0,675693000.0,675693000.0,0.0,,,,,864000.0,61680000.0,1.0,74268614.0,73294000,74575000.0,9.219,1553658000.0,29653000.0,28914000.0,91113000.0,21.198,366633000.0
41,WOR,MRQ,2011-03-31,2011-02-28,2011-02-28,2021-10-12,0.0,1593043000.0,,836543000.0,756500000.0,,9.374,-4918000.0,49726000.0,49726000.0,481185000.0,28334000.0,1.858,1.219,331028000.0,80778000.0,250250000.0,331028000.0,0.0,15789000.0,0.0,0.021,0.1,42752000.0,58541000.0,0.103,58541000.0,42752000.0,38219000.0,0.35,0.35,0.35,695250000.0,,695250000.0,1749365473.0,11.0,7.632,60160000.0,0.811,1.0,88254000.0,0.155,119212000.0,4533000.0,1304930000.0,,372571000.0,125069000.0,0.0,125069000.0,847767000.0,450203000.0,397564000.0,1436254473.0,-11144000.0,-19515000.0,1077000.0,-42957000.0,-7413000.0,-51789000.0,-24433000.0,0.0,65078000.0,0.0,26326000.0,26326000.0,26326000.0,0.0,2008000.0,0.046,60233000.0,28021000.0,265803000.0,0.286,2.066,14.929,15.365,495628000.0,0.0,19.36,0.6,0.6,345209000.0,,569439000.0,569439000.0,0.0,,,,,1603000.0,59769000.0,1.0,74186698.0,74171000,75001000.0,7.677,1473831000.0,33640000.0,11893000.0,77463000.0,19.871,386340000.0
42,WOR,MRQ,2010-12-31,2010-11-30,2010-11-30,2021-10-12,0.0,1512312000.0,,777710000.0,734602000.0,,8.999,-111000.0,60870000.0,60870000.0,510868000.0,16883000.0,1.853,1.215,373981000.0,123735000.0,250246000.0,373981000.0,0.0,15646000.0,0.0,0.025,0.1,26639000.0,42285000.0,0.073,42285000.0,26639000.0,21801000.0,0.2,0.2,0.2,666470000.0,,666470000.0,1536774568.0,15.0,9.355,59346000.0,0.801,1.0,69819000.0,0.12,109981000.0,4838000.0,1295844000.0,,341054000.0,122199000.0,0.0,122199000.0,809485000.0,419598000.0,389887000.0,1186287568.0,-3995000.0,0.0,-11101000.0,-41375000.0,-7408000.0,-63341000.0,-111000.0,0.0,59457000.0,0.0,14469000.0,14469000.0,14469000.0,0.0,2414000.0,0.025,56895000.0,12924000.0,196854000.0,0.5,1.78,22.752,23.217,487839000.0,0.0,16.02,0.521,0.522,315140000.0,,580687000.0,580687000.0,0.0,,,,,1579000.0,56971000.0,1.0,74050410.0,74062000,74077000.0,7.841,1402331000.0,28372000.0,7332000.0,66562000.0,18.935,358112000.0
43,WOR,MRQ,2010-09-30,2010-08-31,2010-08-31,2021-10-12,0.0,1557561000.0,,822262000.0,735299000.0,,8.516,-4192000.0,64865000.0,64865000.0,537891000.0,24253000.0,1.753,1.299,415352000.0,165110000.0,250242000.0,415352000.0,0.0,15823000.0,0.0,0.028,0.1,37419000.0,53242000.0,0.086,53242000.0,37419000.0,32711000.0,0.29,0.29,0.29,661300000.0,,661300000.0,1298853976.0,12.0,7.598,-73387000.0,-0.945,1.0,78914000.0,0.128,110178000.0,4708000.0,1328785000.0,,372852000.0,113314000.0,0.0,113314000.0,858861000.0,469085000.0,389776000.0,1107631976.0,5849000.0,-12175000.0,-62653000.0,165110000.0,-7926000.0,91411000.0,-16367000.0,0.0,-69195000.0,0.0,22354000.0,22354000.0,22354000.0,0.0,1899000.0,0.036,57842000.0,21072000.0,204221000.0,0.345,1.675,18.182,18.231,497117000.0,0.0,14.22,0.517,0.515,324031000.0,,616805000.0,616805000.0,0.0,,,,,1454000.0,56778000.0,1.0,77892544.0,77658000,77680000.0,7.943,1447383000.0,23555000.0,10357000.0,75553000.0,18.638,353177000.0
44,WOR,MRQ,2010-06-30,2010-05-31,2010-05-31,2021-10-12,-10631000.0,1520347000.0,,782285000.0,738062000.0,,8.982,-6440000.0,59016000.0,59016000.0,520630000.0,35393000.0,2.06,1.083,250238000.0,0.0,250238000.0,250238000.0,0.0,16222000.0,0.0,0.027,0.1,58921000.0,75143000.0,0.12,75143000.0,58921000.0,55835000.0,0.42,0.42,0.42,711413000.0,,711413000.0,1332330234.0,16.0,9.121,-16002000.0,-0.202,1.0,105783000.0,0.169,103507000.0,3086000.0,1228260000.0,,364331000.0,113001000.0,0.0,113001000.0,770313000.0,379802000.0,390511000.0,1166620234.0,4323000.0,887000.0,253000.0,26939000.0,-7919000.0,19438000.0,-5553000.0,0.0,-9562000.0,0.0,33057000.0,33057000.0,33057000.0,0.0,2336000.0,0.053,63176000.0,42607000.0,258730000.0,0.238,1.64,25.787,25.825,506163000.0,0.0,14.72,0.6,0.599,301455000.0,532126000.0,626413000.0,626413000.0,0.0,,,,,1001000.0,62673000.0,1.0,79254092.0,79202000,79224000.0,7.909,1416840000.0,23407000.0,22778000.0,80985000.0,17.889,402483000.0
45,WOR,MRQ,2010-03-31,2010-02-28,2010-02-28,2021-10-12,0.0,1402973000.0,,652977000.0,749996000.0,,8.809,-5453000.0,54693000.0,54693000.0,393399000.0,-16099000.0,1.528,0.96,220403000.0,120003000.0,100400000.0,220403000.0,0.0,16103000.0,0.0,0.03,0.1,-22501000.0,-6398000.0,-0.014,-6398000.0,-22501000.0,-24390000.0,-0.22,-0.22,-0.22,697185000.0,,697185000.0,1360742160.0,133.0,18.266,-19573000.0,-0.247,1.0,57714000.0,0.128,105734000.0,1889000.0,1035653000.0,,321872000.0,109126000.0,0.0,109126000.0,669503000.0,427296000.0,242207000.0,1254101160.0,-14748000.0,-30668000.0,720000.0,44320000.0,-7928000.0,35493000.0,-36121000.0,0.0,-14120000.0,0.0,-17740000.0,-17740000.0,-17740000.0,0.0,1641000.0,-0.039,93000000.0,-35286000.0,216829000.0,-0.455,1.799,-807.015,-792.0,521304000.0,0.0,15.84,0.701,0.701,200149000.0,,451113000.0,451113000.0,0.0,,,,,1254000.0,57519000.0,1.0,79173053.0,79146000,79146000.0,5.7,1297239000.0,42174000.0,-6650000.0,73098000.0,16.39,225681000.0
46,WOR,MRQ,2009-12-31,2009-11-30,2009-11-30,2021-10-12,0.0,1356680000.0,,581711000.0,774969000.0,,9.225,1254000.0,69441000.0,69441000.0,380748000.0,24618000.0,1.72,0.81,176082000.0,75682000.0,100400000.0,176082000.0,0.0,16432000.0,0.0,0.046,0.1,32537000.0,48969000.0,0.109,48969000.0,32537000.0,30489000.0,0.29,0.29,0.29,729647000.0,,729647000.0,1039506838.0,60.0,12.772,39128000.0,0.495,1.0,67233000.0,0.15,138049000.0,2048000.0,987053000.0,,266375000.0,105129000.0,0.0,105129000.0,590770000.0,338219000.0,252551000.0,926602838.0,-32960000.0,-24351000.0,248000.0,-39222000.0,-7907000.0,-47737000.0,-23097000.0,0.0,37874000.0,0.0,23249000.0,23249000.0,23249000.0,0.0,1369000.0,0.052,48140000.0,19093000.0,168448000.0,0.345,1.27,52.232,53.227,518014000.0,0.0,11.71,0.504,0.504,182558000.0,,447981000.0,447981000.0,0.0,,,,,1176000.0,48098000.0,1.0,79129192.0,79096000,79109000.0,5.664,1218631000.0,31572000.0,7240000.0,85598000.0,15.407,243492000.0
47,WOR,MRQ,2009-09-30,2009-08-31,2009-08-31,2021-10-12,0.0,1354090000.0,,595175000.0,758915000.0,,8.974,-7730000.0,102401000.0,102401000.0,368327000.0,7595000.0,1.661,0.858,215305000.0,114905000.0,100400000.0,215305000.0,0.0,15896000.0,0.0,0.046,0.1,12468000.0,28364000.0,0.068,28364000.0,12468000.0,9957000.0,0.08,0.08,0.08,709540000.0,,709540000.0,1224724530.0,-6.0,-7.982,88497000.0,1.119,1.0,49200000.0,0.118,124444000.0,2511000.0,984274000.0,,232937000.0,101091000.0,0.0,101091000.0,608800000.0,358276000.0,250524000.0,1041650530.0,46082000.0,-9824000.0,1092000.0,-24088000.0,-7906000.0,-32966000.0,-17179000.0,0.0,96227000.0,0.0,6675000.0,6675000.0,6675000.0,0.0,920000.0,0.016,53651000.0,-4451000.0,154019000.0,1.25,1.468,-6.121,-6.097,515330000.0,0.0,13.17,0.488,0.488,178508000.0,,417527000.0,417527000.0,0.0,,,,,974000.0,50025000.0,1.0,79092675.0,79065000,79081000.0,5.281,1229646000.0,46167000.0,3282000.0,89056000.0,15.552,236899000.0
48,WOR,MRQ,2009-06-30,2009-05-31,2009-05-31,2021-10-12,4457000.0,1363829000.0,,598935000.0,764894000.0,,8.945,-13335000.0,56319000.0,56319000.0,434240000.0,-12952000.0,1.61,0.879,239393000.0,138993000.0,100400000.0,239393000.0,0.0,15846000.0,0.0,0.049,0.17,-12287000.0,3559000.0,0.008,3559000.0,-12287000.0,-16613000.0,-0.17,-0.17,-0.17,706069000.0,,706069000.0,1325740866.0,-11.0,-21.676,37310000.0,0.473,1.0,37330000.0,0.079,124985000.0,4326000.0,1049838000.0,,270572000.0,100395000.0,0.0,100395000.0,620866000.0,372080000.0,248786000.0,1104443866.0,24376000.0,14996000.0,1371000.0,-13849000.0,-13412000.0,-29748000.0,3479000.0,1818000.0,50645000.0,0.0,-13738000.0,-13738000.0,-13738000.0,0.0,786000.0,-0.029,56570000.0,-19240000.0,136215000.0,-1.0,1.564,-10.206,-10.212,521505000.0,0.0,13.99,0.42,0.42,182881000.0,518561000.0,471570000.0,471570000.0,0.0,,,,,1638000.0,50526000.0,1.0,78945237.0,78936000,78936000.0,5.974,1238844000.0,54617000.0,-2875000.0,87951000.0,15.694,226855000.0
49,WOR,MRQ,2009-03-31,2009-02-28,2009-02-28,2021-10-12,0.0,1488944000.0,,729880000.0,759064000.0,,9.044,-17155000.0,31943000.0,31943000.0,461204000.0,3735000.0,2.127,1.032,253240000.0,7840000.0,245400000.0,253240000.0,0.0,15848000.0,0.0,0.083,0.17,-15348000.0,500000.0,0.001,500000.0,-15348000.0,-19637000.0,0.02,0.02,0.02,713138000.0,,713138000.0,991557553.0,-27.0,35.554,107531000.0,1.364,1.0,39921000.0,0.08,98293000.0,4289000.0,1268817000.0,,365522000.0,102440000.0,0.0,102440000.0,735762000.0,343131000.0,392631000.0,646621553.0,5500000.0,6530000.0,785000.0,-118143000.0,-13398000.0,-130756000.0,11570000.0,22195000.0,124686000.0,0.0,1554000.0,1554000.0,1554000.0,0.0,2181000.0,0.003,64087000.0,-24166000.0,212189000.0,8.5,0.907,-15.923,-15.472,519697000.0,0.0,8.2,0.214,0.214,215050000.0,,501125000.0,501125000.0,0.0,,,,,1448000.0,47778000.0,1.0,78856287.0,78856000,78856000.0,6.355,1390651000.0,80069000.0,-21191000.0,116870000.0,17.635,386749000.0
50,WOR,MRQ,2008-12-31,2008-11-30,2008-11-30,2021-10-12,0.0,1694965000.0,,889111000.0,805854000.0,,9.208,-13597000.0,26443000.0,26443000.0,799769000.0,-163746000.0,1.605,1.284,371379000.0,125979000.0,245400000.0,371379000.0,0.0,16011000.0,0.0,0.051,0.17,-201865000.0,-185854000.0,-0.249,-185854000.0,-201865000.0,-208415000.0,-2.09,-2.09,-2.09,725607000.0,,725607000.0,1416960328.0,123.0,18.63,43055000.0,0.546,1.0,-54419000.0,-0.073,97808000.0,6550000.0,1388300000.0,,459856000.0,137518000.0,0.0,137518000.0,931465000.0,553793000.0,377672000.0,1046767328.0,-48332000.0,-2850000.0,-19000.0,-73589000.0,-13393000.0,-88537000.0,-16447000.0,0.0,56652000.0,0.0,-164654000.0,-164654000.0,-164654000.0,0.0,908000.0,-0.221,157219000.0,-211638000.0,266228000.0,-0.081,1.443,-43.869,-41.5,529724000.0,0.0,13.28,0.322,0.322,312019000.0,,745350000.0,745350000.0,0.0,,,,,1319000.0,48340000.0,1.0,78822841.0,78802000,78802000.0,9.459,1597157000.0,53086000.0,-43761000.0,106108000.0,20.268,335318000.0
51,WOR,MRQ,2008-09-30,2008-08-31,2008-08-31,2021-10-12,0.0,2101657000.0,,1178977000.0,922680000.0,,11.683,-11334000.0,74775000.0,74775000.0,761320000.0,69278000.0,1.581,1.235,444968000.0,199568000.0,245400000.0,444968000.0,0.0,16368000.0,0.0,0.039,0.17,104266000.0,120634000.0,0.132,120634000.0,104266000.0,98697000.0,0.87,0.86,0.87,923139000.0,,923139000.0,1693021165.0,7.0,5.613,11009000.0,0.139,1.0,151902000.0,0.166,201333000.0,5569000.0,1524910000.0,,669981000.0,130040000.0,0.0,130040000.0,1139667000.0,745607000.0,394060000.0,1386343165.0,1003000.0,-40513000.0,-10640000.0,55955000.0,-13483000.0,30507000.0,-51847000.0,0.0,22343000.0,0.0,68624000.0,68624000.0,68624000.0,0.0,654000.0,0.075,72154000.0,79748000.0,360515000.0,0.195,1.502,8.913,9.026,549747000.0,0.0,17.6,0.43,0.432,378645000.0,,913222000.0,913222000.0,0.0,,,,,929000.0,63402000.0,1.0,78769498.0,79017000,79498000.0,11.557,1900324000.0,18330000.0,30073000.0,141823000.0,24.05,433370000.0
52,WOR,MRQ,2008-06-30,2008-05-31,2008-05-31,2021-10-12,24633000.0,1988031000.0,,1104970000.0,883061000.0,,11.166,-10064000.0,73772000.0,73772000.0,737650000.0,60835000.0,1.662,1.198,380450000.0,135450000.0,245000000.0,380450000.0,0.0,16423000.0,0.0,0.034,0.17,76186000.0,92609000.0,0.107,92609000.0,76186000.0,70444000.0,0.67,0.67,0.67,885377000.0,,885377000.0,1935190877.0,12.0,8.394,62277000.0,0.785,1.0,131225000.0,0.151,197232000.0,5742000.0,1432582000.0,,592961000.0,119808000.0,0.0,119808000.0,1060491000.0,664895000.0,395596000.0,1581322877.0,19340000.0,-29000.0,25000.0,-27850000.0,-13482000.0,-42908000.0,-10093000.0,0.0,72341000.0,0.0,53867000.0,53867000.0,53867000.0,0.0,6968000.0,0.062,74730000.0,56495000.0,356129000.0,0.254,1.786,14.768,15.106,549944000.0,0.0,19.94,0.516,0.528,384354000.0,685844000.0,868875000.0,868875000.0,0.0,,,,,1465000.0,69836000.0,1.0,79304056.0,79291000,80152000.0,10.958,1790799000.0,17966000.0,16577000.0,132476000.0,22.585,440075000.0
53,WOR,MRQ,2008-03-31,2008-02-29,2008-02-29,2021-10-12,0.0,1894932000.0,,1017196000.0,877736000.0,,10.475,-10102000.0,54432000.0,54432000.0,649940000.0,18302000.0,1.67,1.205,408300000.0,163300000.0,245000000.0,408300000.0,0.0,15768000.0,0.0,0.039,0.17,32901000.0,48669000.0,0.067,48669000.0,32901000.0,27199000.0,0.23,0.23,0.23,839956000.0,,839956000.0,1712612979.0,12.0,8.18,1329000.0,0.017,1.0,75727000.0,0.104,182952000.0,5702000.0,1456666000.0,,490702000.0,110701000.0,0.0,110701000.0,1012366000.0,609182000.0,403184000.0,1413966979.0,14878000.0,-510000.0,-38377000.0,70100000.0,-13868000.0,14059000.0,-10612000.0,0.0,11431000.0,0.0,18302000.0,18302000.0,18302000.0,0.0,0.0,0.025,57673000.0,18054000.0,314874000.0,0.739,1.683,15.465,15.991,552444000.0,0.0,17.59,0.474,0.473,408322000.0,,725667000.0,725667000.0,0.0,,,,,1159000.0,53494000.0,1.0,80384706.0,80184000,80214000.0,9.05,1711980000.0,18161000.0,8897000.0,108554000.0,21.351,408014000.0
54,WOR,MRQ,2007-12-31,2007-11-30,2007-11-30,2021-10-12,0.0,1814240000.0,,933452000.0,880788000.0,,10.725,-9870000.0,39554000.0,39554000.0,643654000.0,14740000.0,1.914,1.027,338200000.0,93200000.0,245000000.0,338200000.0,0.0,15736000.0,0.0,0.032,0.17,23977000.0,39713000.0,0.056,39713000.0,23977000.0,18607000.0,0.18,0.18,0.18,872662000.0,,872662000.0,1973842958.0,15.0,10.349,12046000.0,0.148,1.0,70010000.0,0.098,181903000.0,5370000.0,1443347000.0,,447849000.0,106832000.0,0.0,106832000.0,896503000.0,487636000.0,408867000.0,1720528958.0,-39132000.0,-49284000.0,8314000.0,6200000.0,-13776000.0,-1894000.0,-59154000.0,0.0,21916000.0,0.0,14740000.0,14740000.0,14740000.0,0.0,0.0,0.021,58529000.0,11481000.0,266007000.0,0.944,1.972,21.878,22.543,558477000.0,0.0,21.19,0.586,0.587,370031000.0,,713664000.0,713664000.0,0.0,,,,,-860000.0,53928000.0,1.0,81195326.0,81366000,82358000.0,8.771,1632337000.0,28338000.0,3867000.0,107283000.0,20.062,445816000.0
55,WOR,MRQ,2007-09-30,2007-08-31,2007-08-31,2021-10-12,0.0,1804669000.0,,966205000.0,838464000.0,,10.221,-16459000.0,78686000.0,78686000.0,680170000.0,20168000.0,1.967,1.045,332000000.0,87000000.0,245000000.0,332000000.0,0.0,15486000.0,0.0,0.032,0.17,34081000.0,49567000.0,0.065,49567000.0,34081000.0,29443000.0,0.24,0.24,0.24,859178000.0,,859178000.0,2040029054.0,14.0,9.651,58374000.0,0.694,1.0,78785000.0,0.104,179839000.0,4638000.0,1386961000.0,,445162000.0,58178000.0,0.0,58178000.0,897592000.0,491183000.0,406409000.0,1801656054.0,40409000.0,0.0,-82576000.0,55350000.0,-14461000.0,-43527000.0,9103000.0,25562000.0,74833000.0,0.0,20168000.0,20168000.0,20168000.0,0.0,0.0,0.027,58781000.0,20004000.0,284309000.0,0.708,2.097,19.832,19.776,563753000.0,0.0,21.16,0.61,0.603,384224000.0,,758955000.0,758955000.0,0.0,,,,,374000.0,54345000.0,1.0,85144426.0,84063000,85001000.0,9.028,1624830000.0,13259000.0,9275000.0,106803000.0,19.329,475022000.0
56,WOR,MRQ,2007-06-30,2007-05-31,2007-05-31,2021-10-12,23181000.0,1814182000.0,,969383000.0,844799000.0,,11.057,-13411000.0,38277000.0,38277000.0,686712000.0,38223000.0,2.305,0.886,276650000.0,31650000.0,245000000.0,276650000.0,0.0,15597000.0,0.0,0.032,0.17,55832000.0,71429000.0,0.091,71429000.0,55832000.0,50940000.0,0.45,0.44,0.45,936001000.0,,936001000.0,2108535074.0,11.0,8.455,118621000.0,1.401,1.0,99864000.0,0.127,179441000.0,4892000.0,1452620000.0,,447864000.0,83102000.0,25562000.0,57540000.0,828860000.0,420494000.0,408366000.0,1782939074.0,-691000.0,0.0,7308000.0,-87914000.0,-14354000.0,-93750000.0,-38973000.0,-25562000.0,132032000.0,0.0,38223000.0,38223000.0,38223000.0,0.0,0.0,0.049,58171000.0,41693000.0,263665000.0,0.378,1.905,15.653,15.992,564265000.0,0.0,21.11,0.6,0.613,400916000.0,745912000.0,786576000.0,786576000.0,0.0,,,,,-1243000.0,58171000.0,1.0,84459454.0,84650000,85589000.0,9.292,1634741000.0,13067000.0,12717000.0,124966000.0,19.312,548889000.0
57,WOR,MRQ,2007-03-31,2007-02-28,2007-02-28,2021-10-12,0.0,1828462000.0,,954978000.0,873484000.0,,10.605,-10492000.0,38968000.0,38968000.0,620931000.0,5510000.0,2.041,0.981,364564000.0,119564000.0,245000000.0,364564000.0,0.0,15251000.0,0.0,0.034,0.17,14776000.0,30027000.0,0.044,30027000.0,14776000.0,8140000.0,0.07,0.06,0.07,898599000.0,,898599000.0,2122870524.0,9.0,7.228,130686000.0,1.542,1.0,56319000.0,0.083,178556000.0,6636000.0,1507660000.0,,483227000.0,85356000.0,0.0,85356000.0,881156000.0,467842000.0,413314000.0,1696897524.0,16441000.0,0.0,-13416000.0,-83941000.0,-14488000.0,-114245000.0,-10492000.0,0.0,141178000.0,0.0,5510000.0,5510000.0,5510000.0,0.0,0.0,0.008,54159000.0,2160000.0,256880000.0,2.429,1.888,12.562,12.929,565265000.0,0.0,19.91,0.564,0.561,371360000.0,,677250000.0,677250000.0,0.0,,,,,904000.0,54159000.0,1.0,85228404.0,84733000,85309000.0,7.993,1649906000.0,16550000.0,2630000.0,119653000.0,19.472,487136000.0
58,WOR,MRQ,2006-12-31,2006-11-30,2006-11-30,2021-10-12,0.0,1918120000.0,,994010000.0,924110000.0,,10.59,388000.0,22527000.0,22527000.0,645164000.0,26945000.0,1.886,1.02,448500000.0,203500000.0,245000000.0,448500000.0,0.0,15690000.0,0.0,0.037,0.17,44665000.0,60355000.0,0.083,60355000.0,44665000.0,38643000.0,0.31,0.31,0.31,923766000.0,,923766000.0,2001879324.0,8.0,6.433,11326000.0,0.13,1.0,84098000.0,0.115,178703000.0,6022000.0,1638457000.0,,531391000.0,126135000.0,0.0,126135000.0,942073000.0,526933000.0,415140000.0,1643105324.0,5518000.0,-941000.0,-62493000.0,72724000.0,-15098000.0,-4867000.0,-553000.0,0.0,10938000.0,0.0,26945000.0,26945000.0,26945000.0,0.0,0.0,0.037,53531000.0,30567000.0,218467000.0,0.548,1.779,11.048,10.947,570302000.0,0.0,18.5,0.546,0.536,379219000.0,,729262000.0,729262000.0,0.0,,,,,859000.0,53531000.0,1.0,88816504.0,87234000,87611000.0,8.36,1739417000.0,15451000.0,11698000.0,119943000.0,19.94,467077000.0
59,WOR,MRQ,2006-09-30,2006-08-31,2006-08-31,2021-10-12,0.0,1980821000.0,,1048095000.0,932726000.0,,10.96,-15939000.0,17009000.0,17009000.0,657369000.0,43227000.0,1.922,0.985,375783000.0,130782000.0,245001000.0,375783000.0,0.0,14931000.0,0.0,0.036,0.17,72639000.0,87570000.0,0.112,87570000.0,72639000.0,68294000.0,0.49,0.48,0.49,972824000.0,,972824000.0,1893576535.0,7.0,5.734,-119656000.0,-1.348,1.0,121351000.0,0.156,193238000.0,4345000.0,1601166000.0,,555024000.0,135575000.0,0.0,135575000.0,957909000.0,545191000.0,412718000.0,1697108535.0,-39207000.0,-31786000.0,1850000.0,123090000.0,-15078000.0,110062000.0,-45552000.0,2173000.0,-103717000.0,0.0,43227000.0,43227000.0,43227000.0,0.0,0.0,0.056,66626000.0,54725000.0,288942000.0,0.347,1.745,10.554,10.5,555057000.0,0.0,19.11,0.569,0.569,399993000.0,,778720000.0,778720000.0,0.0,,,,,591000.0,66626000.0,1.0,88807354.0,88765000,89415000.0,8.773,1787583000.0,15563000.0,25067000.0,140356000.0,20.138,502904000.0
60,WOR,MRQ,2006-06-30,2006-05-31,2006-05-31,2021-10-12,27116000.0,1900397000.0,,996241000.0,904156000.0,,10.666,-17041000.0,56216000.0,56216000.0,707996000.0,59398000.0,2.03,0.958,252684000.0,7684000.0,245000000.0,252684000.0,0.0,14983000.0,0.0,0.04,0.17,100760000.0,115743000.0,0.141,115743000.0,100760000.0,94638000.0,0.67,0.67,0.67,945306000.0,,945306000.0,1824702926.0,8.0,6.12,48109000.0,0.543,1.0,113972000.0,0.139,177771000.0,6122000.0,1428308000.0,,459357000.0,125921000.0,2173000.0,123748000.0,905645000.0,490786000.0,414859000.0,1508663926.0,-15154000.0,44604000.0,2006000.0,-134721000.0,-15050000.0,-147765000.0,67461000.0,39898000.0,65150000.0,0.0,59398000.0,59398000.0,59398000.0,0.0,0.0,0.072,59131000.0,54841000.0,362883000.0,0.254,1.596,10.334,10.321,546904000.0,0.0,17.03,0.521,0.519,404553000.0,758862000.0,821968000.0,821968000.0,0.0,,,,,0.0,59131000.0,1.0,88588604.0,88630000,89294000.0,9.274,1722626000.0,15854000.0,35240000.0,133484000.0,19.436,505455000.0
61,WOR,MRQ,2006-03-31,2006-02-28,2006-02-28,2021-10-12,0.0,1909234000.0,,997115000.0,912119000.0,,9.923,-34066000.0,71370000.0,71370000.0,602646000.0,19157000.0,1.752,1.178,387409000.0,142409000.0,245000000.0,387409000.0,0.0,14024000.0,0.0,0.035,0.17,33480000.0,47504000.0,0.07,47504000.0,33480000.0,26605000.0,0.22,0.21,0.22,876763000.0,,876763000.0,2010048178.0,10.0,7.566,-78025000.0,-0.883,1.0,78902000.0,0.116,176298000.0,6875000.0,1479897000.0,,445639000.0,185066000.0,42071000.0,142995000.0,1032471000.0,569078000.0,463393000.0,1730871178.0,-37352000.0,-6000.0,3029000.0,-521000.0,-15012000.0,-12504000.0,19111000.0,53183000.0,-43959000.0,0.0,19157000.0,19157000.0,19157000.0,0.0,0.0,0.028,53345000.0,25557000.0,321047000.0,0.773,1.974,13.586,13.517,549061000.0,0.0,19.6,0.598,0.599,363900000.0,,681548000.0,681548000.0,0.0,,,,,0.0,53345000.0,1.0,88309754.0,88361000,89152000.0,7.713,1732936000.0,19289000.0,7448000.0,117500000.0,19.612,428037000.0
62,WOR,MRQ,2005-12-31,2005-11-30,2005-11-30,2021-10-12,0.0,1905948000.0,,999108000.0,906840000.0,,9.845,-10289000.0,108722000.0,108722000.0,596108000.0,39028000.0,1.72,1.195,387899000.0,142899000.0,245000000.0,387899000.0,0.0,15749000.0,0.0,0.033,0.17,63673000.0,79422000.0,0.114,79422000.0,63673000.0,57118000.0,0.44,0.44,0.44,868314000.0,,868314000.0,2064409850.0,9.0,6.854,74058000.0,0.84,1.0,103408000.0,0.148,175690000.0,6555000.0,1428699000.0,,389504000.0,240394000.0,95254000.0,145140000.0,1037634000.0,580736000.0,456898000.0,1789235850.0,-4026000.0,-6770000.0,2808000.0,23000.0,-14970000.0,-14059000.0,-74314000.0,-57255000.0,84347000.0,0.0,39028000.0,39028000.0,39028000.0,0.0,0.0,0.056,53747000.0,49661000.0,314696000.0,0.386,2.061,12.657,12.602,544820000.0,0.0,20.29,0.605,0.605,348820000.0,,699516000.0,699516000.0,0.0,,,,,0.0,53747000.0,1.0,88183137.0,88194000,88986000.0,7.932,1730258000.0,19190000.0,18090000.0,118211000.0,19.619,418372000.0
63,WOR,MRQ,2005-09-30,2005-08-31,2005-08-31,2021-10-12,0.0,1816214000.0,,922476000.0,893738000.0,,9.534,-11942000.0,112748000.0,112748000.0,618795000.0,28407000.0,1.796,1.166,387922000.0,142922000.0,245000000.0,387922000.0,0.0,14360000.0,0.0,0.036,0.17,41115000.0,55475000.0,0.08,55475000.0,41115000.0,34388000.0,0.32,0.32,0.32,838675000.0,,838675000.0,1923297951.0,8.0,6.135,109586000.0,1.246,1.0,75352000.0,0.109,168619000.0,6727000.0,1409182000.0,,370384000.0,175429000.0,37999000.0,137430000.0,977539000.0,513587000.0,463952000.0,1592114951.0,55499000.0,0.0,1295000.0,-513000.0,-14950000.0,-16088000.0,-49941000.0,-37999000.0,121528000.0,0.0,28407000.0,28407000.0,28407000.0,0.0,0.0,0.041,47807000.0,27545000.0,258833000.0,0.531,1.898,10.617,10.585,551203000.0,0.0,18.1,0.53,0.53,349567000.0,,694147000.0,694147000.0,0.0,,,,,0.0,47807000.0,1.0,87962152.0,87971000,88470000.0,7.891,1647595000.0,19386000.0,5981000.0,116702000.0,18.729,408889000.0
64,WOR,MRQ,2005-06-30,2005-05-31,2005-05-31,2021-10-12,-1313000.0,1830005000.0,,938333000.0,891672000.0,,9.338,-9927000.0,57249000.0,57249000.0,711403000.0,40808000.0,1.72,1.229,388432000.0,143432000.0,245000000.0,388432000.0,0.0,15295000.0,0.0,0.039,0.17,67981000.0,83276000.0,0.102,83276000.0,67981000.0,61343000.0,0.47,0.46,0.47,820836000.0,,820836000.0,1855291952.0,6.0,4.999,55622000.0,0.633,1.0,105559000.0,0.129,168267000.0,6638000.0,1447478000.0,,425723000.0,136856000.0,0.0,136856000.0,1009169000.0,545443000.0,463726000.0,1472919952.0,51112000.0,-149000.0,14673000.0,108000.0,-14938000.0,-13761000.0,-676000.0,9400000.0,65549000.0,0.0,40808000.0,40808000.0,40808000.0,0.0,0.0,0.05,50794000.0,54765000.0,280181000.0,0.362,1.794,8.21,8.176,552956000.0,0.0,16.76,0.478,0.477,404506000.0,672982000.0,816962000.0,816962000.0,0.0,,,,,0.0,50794000.0,1.0,87883052.0,87904000,88536000.0,9.294,1661738000.0,19490000.0,20535000.0,123702000.0,18.904,392890000.0
65,WOR,MRQ,2005-03-31,2005-02-28,2005-02-28,2021-10-12,0.0,1822579000.0,,933597000.0,888982000.0,,9.056,-11376000.0,6137000.0,6137000.0,638262000.0,33122000.0,2.074,1.291,388509000.0,1100000.0,387409000.0,388509000.0,0.0,14072000.0,0.0,0.031,0.16,68952000.0,83024000.0,0.111,83024000.0,68952000.0,62203000.0,0.38,0.37,0.38,795512000.0,,795512000.0,2118131578.0,7.0,5.808,-75298000.0,-0.857,1.0,109152000.0,0.146,168503000.0,6749000.0,1586210000.0,,480139000.0,138058000.0,9400000.0,128658000.0,1027067000.0,450238000.0,576829000.0,1840209578.0,-5006000.0,-81000.0,0.0,98938000.0,-14052000.0,79773000.0,-20857000.0,-9400000.0,-63922000.0,0.0,33122000.0,33122000.0,33122000.0,0.0,0.0,0.044,54160000.0,54992000.0,312833000.0,0.421,2.313,10.337,10.27,558680000.0,0.0,20.95,0.604,0.604,399447000.0,,747414000.0,747414000.0,0.0,,,,,0.0,54160000.0,1.0,87838166.0,87841000,88698000.0,8.509,1654076000.0,2001000.0,29081000.0,92643000.0,18.83,483359000.0
66,WOR,MRQ,2004-12-31,2004-11-30,2004-11-30,2021-10-12,0.0,1712523000.0,,814652000.0,897871000.0,,8.867,-6003000.0,11143000.0,11143000.0,620650000.0,47623000.0,1.778,1.203,289065000.0,1104000.0,287961000.0,289065000.0,0.0,14448000.0,0.0,0.03,0.16,77255000.0,91703000.0,0.123,91703000.0,77255000.0,71603000.0,0.54,0.54,0.54,777198000.0,,777198000.0,2161950167.0,8.0,6.305,73722000.0,0.841,1.0,124518000.0,0.167,168441000.0,5652000.0,1363911000.0,,465459000.0,136855000.0,0.0,136855000.0,935325000.0,458093000.0,477232000.0,1883954167.0,211000.0,-66389000.0,0.0,-167000.0,-13986000.0,-7122000.0,-72392000.0,0.0,79725000.0,0.0,47623000.0,47623000.0,47623000.0,0.0,0.0,0.064,56130000.0,68388000.0,305895000.0,0.296,2.424,11.119,11.088,561116000.0,0.0,21.51,0.66,0.66,300051000.0,,745168000.0,745168000.0,0.0,,,,,0.0,56130000.0,1.0,87585038.0,87654000,88665000.0,8.501,1544082000.0,3589000.0,23980000.0,89526000.0,17.616,356559000.0
67,WOR,MRQ,2004-09-30,2004-08-31,2004-08-31,2021-10-12,0.0,1667934000.0,,847697000.0,820237000.0,,8.367,70476000.0,10932000.0,10932000.0,609696000.0,57859000.0,1.844,1.286,288928000.0,1013000.0,287915000.0,288928000.0,0.0,14059000.0,0.0,0.031,0.16,99042000.0,113101000.0,0.147,113101000.0,99042000.0,93320000.0,0.66,0.66,0.66,729515000.0,,729515000.0,2064531653.0,9.0,6.923,21395000.0,0.245,1.0,159644000.0,0.208,117882000.0,5722000.0,1368356000.0,,445070000.0,122265000.0,0.0,122265000.0,938419000.0,459692000.0,478727000.0,1776740653.0,8955000.0,0.0,0.0,-1851000.0,-13915000.0,-12440000.0,70476000.0,0.0,-49081000.0,0.0,57859000.0,57859000.0,57859000.0,0.0,0.0,0.075,70439000.0,89205000.0,299143000.0,0.242,2.436,12.811,12.719,552356000.0,0.0,20.35,0.67,0.669,355023000.0,,769340000.0,769340000.0,0.0,,,,,0.0,64831000.0,1.0,87309123.0,87188000,88112000.0,8.824,1550052000.0,3869000.0,35461000.0,91212000.0,17.778,388005000.0
68,WOR,MRQ,2004-06-30,2004-05-31,2004-05-31,2021-10-12,-2393000.0,1643139000.0,,833110000.0,810029000.0,,7.845,-5349000.0,1977000.0,1977000.0,610312000.0,39423000.0,1.754,1.415,289768000.0,1346000.0,288422000.0,289768000.0,0.0,16921000.0,0.0,0.033,0.16,59959000.0,76880000.0,0.098,76880000.0,59959000.0,54498000.0,0.46,0.45,0.46,680374000.0,,680374000.0,1946447889.0,13.0,8.971,11765000.0,0.136,1.0,172612000.0,0.22,117769000.0,5461000.0,1338101000.0,,362906000.0,109040000.0,0.0,109040000.0,962765000.0,475060000.0,487705000.0,1659639889.0,-5189000.0,0.0,10644000.0,-4114000.0,-13845000.0,-16954000.0,-5349000.0,0.0,17114000.0,0.0,39423000.0,39423000.0,39423000.0,0.0,0.0,0.05,129274000.0,43338000.0,313909000.0,0.348,2.439,19.131,18.95,555394000.0,0.0,19.14,0.698,0.694,348833000.0,551512000.0,782924000.0,782924000.0,0.0,,,,,0.0,59876000.0,1.0,86710548.0,86729000,87592000.0,9.027,1525370000.0,3963000.0,15075000.0,155573000.0,17.588,358050000.0
69,WOR,MRQ,2004-03-31,2004-02-29,2004-02-29,2021-10-12,0.0,1557307000.0,,596067000.0,961240000.0,,7.562,-7257000.0,7166000.0,7166000.0,471534000.0,24529000.0,1.579,1.383,293974000.0,5526000.0,288448000.0,293974000.0,0.0,16675000.0,0.0,0.046,0.16,44517000.0,61192000.0,0.11,61192000.0,44517000.0,38936000.0,0.28,0.28,0.28,653460000.0,,653460000.0,1786260741.0,15.0,9.557,11088000.0,0.128,1.0,86533000.0,0.155,118275000.0,5581000.0,1348271000.0,,299480000.0,93519000.0,0.0,93519000.0,903847000.0,377569000.0,526278000.0,1497682741.0,5158000.0,0.0,0.0,3239000.0,-13797000.0,-5930000.0,-7257000.0,0.0,18345000.0,0.0,24529000.0,24529000.0,24529000.0,0.0,0.0,0.044,49046000.0,37487000.0,268925000.0,0.571,2.292,23.794,23.419,715973000.0,0.0,17.33,0.685,0.685,237104000.0,,558067000.0,558067000.0,0.0,,,,,0.0,49046000.0,1.0,86421393.0,86414000,87191000.0,6.458,1439032000.0,21345000.0,14407000.0,142593000.0,16.653,218498000.0
70,WOR,MRQ,2003-12-31,2003-11-30,2003-11-30,2021-10-12,0.0,1479907000.0,,520522000.0,959385000.0,,7.381,-8395000.0,2008000.0,2008000.0,472836000.0,16883000.0,1.627,1.329,290586000.0,1464000.0,289122000.0,290586000.0,0.0,16754000.0,0.0,0.056,0.16,30276000.0,47030000.0,0.087,47030000.0,30276000.0,24711000.0,0.2,0.2,0.2,635470000.0,,635470000.0,1522505339.0,15.0,9.097,18477000.0,0.215,1.0,67242000.0,0.125,117249000.0,5565000.0,1331237000.0,,262701000.0,87997000.0,0.0,87997000.0,844437000.0,319999000.0,524438000.0,1232944339.0,1410000.0,0.0,0.0,129000.0,-13771000.0,-17067000.0,-8395000.0,0.0,26872000.0,0.0,16883000.0,16883000.0,16883000.0,0.0,0.0,0.031,45243000.0,21999000.0,234422000.0,0.8,1.94,24.785,24.271,722548000.0,0.0,14.32,0.57,0.57,204228000.0,,540078000.0,540078000.0,0.0,,,,,0.0,45243000.0,1.0,86099465.0,86101000,86503000.0,6.273,1362658000.0,20643000.0,7828000.0,141010000.0,15.826,200523000.0
71,WOR,MRQ,2003-09-30,2003-08-31,2003-08-31,2021-10-12,0.0,1441223000.0,,483141000.0,958082000.0,,7.294,-2936000.0,598000.0,598000.0,449052000.0,5917000.0,1.648,1.297,290159000.0,1181000.0,288978000.0,290159000.0,0.0,16952000.0,0.0,0.053,0.16,14910000.0,31862000.0,0.064,31862000.0,14910000.0,9319000.0,0.07,0.07,0.07,627357000.0,,627357000.0,1589919290.0,15.0,8.955,14100000.0,0.164,1.0,48983000.0,0.098,115433000.0,5591000.0,1322211000.0,,256217000.0,83256000.0,0.0,83256000.0,813866000.0,293140000.0,520726000.0,1299030290.0,-541000.0,-490000.0,0.0,-1633000.0,-13754000.0,-14151000.0,-3426000.0,0.0,17036000.0,0.0,5917000.0,5917000.0,5917000.0,0.0,0.0,0.012,41620000.0,7363000.0,207963000.0,2.286,2.071,24.231,23.968,728802000.0,0.0,15.1,0.592,0.592,172934000.0,,498035000.0,498035000.0,0.0,,,,,0.0,41620000.0,1.0,86028496.0,86007000,86517000.0,5.791,1325790000.0,20714000.0,3402000.0,140251000.0,15.415,190001000.0
72,WOR,MRQ,2003-06-30,2003-05-31,2003-05-31,2021-10-12,-5168000.0,1478069000.0,,506246000.0,971823000.0,,7.405,4646000.0,1139000.0,1139000.0,522322000.0,15615000.0,1.591,1.323,292028000.0,2339000.0,289689000.0,292028000.0,0.0,16216000.0,0.0,0.054,0.32,30597000.0,46813000.0,0.079,46813000.0,30597000.0,24591000.0,0.19,0.18,0.19,636294000.0,,636294000.0,1627840529.0,11.0,7.657,70362000.0,0.819,1.0,67624000.0,0.115,116781000.0,6006000.0,1334006000.0,,268983000.0,81221000.0,0.0,81221000.0,841775000.0,318171000.0,523604000.0,1282940529.0,586000.0,-963000.0,607000.0,-53753000.0,-13745000.0,-68813000.0,3683000.0,0.0,65716000.0,0.0,15615000.0,15615000.0,15615000.0,0.0,0.0,0.026,42884000.0,24740000.0,222987000.0,1.684,2.016,17.064,16.966,743044000.0,0.0,14.93,0.578,0.577,169967000.0,520072000.0,589946000.0,589946000.0,0.0,,,,,0.0,42884000.0,1.0,85930377.0,85929000,86285000.0,6.866,1361288000.0,32087000.0,8976000.0,143444000.0,15.842,188075000.0
73,WOR,MRQ,2003-03-31,2003-02-28,2003-02-28,2021-10-12,0.0,1525141000.0,,531938000.0,993203000.0,,7.371,-1101000.0,553000.0,553000.0,471101000.0,11331000.0,1.477,1.409,345453000.0,49454000.0,295999000.0,345453000.0,0.0,17498000.0,0.0,0.058,0.16,24161000.0,41659000.0,0.078,41659000.0,24161000.0,17844000.0,0.13,0.13,0.13,633023000.0,,633023000.0,1496573528.0,9.0,6.475,-18661000.0,-0.217,1.0,65483000.0,0.122,104012000.0,6317000.0,1405856000.0,,329903000.0,96384000.0,0.0,96384000.0,892118000.0,360173000.0,531945000.0,1183552528.0,-161000.0,0.0,4812000.0,31471000.0,-13758000.0,18500000.0,-1101000.0,0.0,-17560000.0,0.0,11331000.0,11331000.0,11331000.0,0.0,0.0,0.021,46253000.0,19230000.0,224039000.0,1.231,1.87,13.71,13.644,760970000.0,0.0,13.78,0.551,0.551,122062000.0,,536584000.0,536584000.0,0.0,,,,,0.0,46253000.0,1.0,85889153.0,85882000,86531000.0,6.248,1421129000.0,45204000.0,6513000.0,150974000.0,16.547,171765000.0
74,WOR,MRQ,2002-12-31,2002-11-30,2002-11-30,2021-10-12,0.0,1532196000.0,,521972000.0,1010224000.0,,7.389,5545000.0,714000.0,714000.0,487527000.0,20747000.0,1.407,1.418,313735000.0,18468000.0,295267000.0,313735000.0,0.0,18195000.0,0.0,0.045,0.16,39011000.0,57206000.0,0.101,57206000.0,39011000.0,32671000.0,0.24,0.24,0.24,633686000.0,,633686000.0,1818508917.0,26.0,12.984,7699000.0,0.09,1.0,80370000.0,0.142,101766000.0,6340000.0,1372397000.0,,345086000.0,95151000.0,0.0,95151000.0,898510000.0,371054000.0,527456000.0,1510562917.0,-1741000.0,0.0,0.0,3368000.0,-13683000.0,-9440000.0,5545000.0,0.0,2154000.0,0.0,20747000.0,20747000.0,20747000.0,0.0,0.0,0.037,40830000.0,39540000.0,271284000.0,0.667,2.384,51.854,51.824,781287000.0,0.0,17.62,0.748,0.749,110536000.0,,567897000.0,567897000.0,0.0,,,,,0.0,46452000.0,1.0,85730018.0,85762000,86834000.0,6.622,1430430000.0,35473000.0,11924000.0,150706000.0,16.679,150918000.0
75,WOR,MRQ,2002-09-30,2002-08-31,2002-08-31,2021-10-12,0.0,1559986000.0,,537593000.0,1022393000.0,,7.281,-6246000.0,2455000.0,2455000.0,436040000.0,27490000.0,1.277,1.504,310401000.0,15154000.0,295247000.0,310401000.0,0.0,17510000.0,0.0,0.036,0.16,49395000.0,66905000.0,0.127,66905000.0,49395000.0,43292000.0,0.32,0.32,0.32,623014000.0,,623014000.0,1814452479.0,33.0,14.657,124165000.0,1.451,1.0,89424000.0,0.17,102039000.0,6103000.0,1344860000.0,,316303000.0,90857000.0,0.0,90857000.0,936972000.0,421033000.0,515939000.0,1519335479.0,1959000.0,-113740000.0,0.0,5426000.0,-13683000.0,-8466000.0,-119986000.0,0.0,130411000.0,0.0,27490000.0,27490000.0,27490000.0,0.0,0.0,0.052,47103000.0,42321000.0,293531000.0,0.5,2.439,77.096,77.174,795331000.0,0.0,17.75,0.816,0.816,138251000.0,,525464000.0,525464000.0,0.0,,,,,0.0,47103000.0,1.0,85596365.0,85570000,86499000.0,6.141,1457947000.0,44499000.0,15802000.0,148019000.0,17.038,116560000.0
76,WOR,MRQ,2002-06-30,2002-05-31,2002-05-31,2021-10-12,-5055000.0,1457314000.0,,490340000.0,966974000.0,,7.094,-5559000.0,496000.0,496000.0,426652000.0,26759000.0,1.445,1.404,295613000.0,6363000.0,289250000.0,295613000.0,0.0,17474000.0,0.0,0.042,0.32,47880000.0,65354000.0,0.126,65354000.0,47880000.0,42140000.0,0.32,0.32,0.32,606256000.0,,606256000.0,1624404781.0,49.0,15.946,41860000.0,0.49,1.0,92632000.0,0.178,75400000.0,5740000.0,1337680000.0,,219950000.0,91759000.0,0.0,91759000.0,851058000.0,339351000.0,511707000.0,1302923781.0,-114000.0,-21000000.0,1628000.0,-26627000.0,-13669000.0,-41974000.0,-5559000.0,21000000.0,47419000.0,0.0,26759000.0,26759000.0,26759000.0,0.0,0.0,0.052,50518000.0,42114000.0,233181000.0,1.0,2.149,200.388,190.625,766596000.0,0.0,15.25,0.747,0.746,197240000.0,499827000.0,519284000.0,519284000.0,0.0,,,,,0.0,50518000.0,1.0,85437625.0,85462000,86157000.0,6.076,1381914000.0,43538000.0,15381000.0,152220000.0,16.17,150989000.0
77,WOR,MRQ,2002-03-31,2002-02-28,2002-02-28,2021-10-12,0.0,1402835000.0,,418718000.0,984117000.0,,6.89,-7586000.0,610000.0,610000.0,354889000.0,-45865000.0,1.259,1.384,322091000.0,30661000.0,291430000.0,322091000.0,0.0,17007000.0,0.0,0.044,0.16,-66413000.0,-49406000.0,-0.122,-49406000.0,-66413000.0,-72228000.0,-0.54,-0.53,-0.54,588393000.0,,588393000.0,1554491310.0,103.0,18.7,11160000.0,0.131,1.0,50851000.0,0.125,75679000.0,5815000.0,1316186000.0,,225897000.0,89420000.0,0.0,89420000.0,814442000.0,332451000.0,481991000.0,1256237310.0,-209000.0,0.0,0.0,23091000.0,-13663000.0,9631000.0,-28586000.0,-21000000.0,18746000.0,0.0,-45865000.0,-45865000.0,-45865000.0,0.0,0.0,-0.113,101328000.0,-50477000.0,209644000.0,-0.296,2.135,-215.589,-210.143,783173000.0,0.0,14.71,0.743,0.743,144610000.0,,405740000.0,405740000.0,0.0,,,,,0.0,36753000.0,1.0,85400225.0,85401000,85985000.0,4.751,1327156000.0,0.0,-26363000.0,116306000.0,15.54,86267000.0
78,WOR,MRQ,2001-12-31,2001-11-30,2001-11-30,2021-10-12,0.0,1427351000.0,,401808000.0,1025543000.0,,7.529,-10630000.0,819000.0,819000.0,349082000.0,11323000.0,1.456,1.21,299073000.0,7244000.0,291829000.0,299073000.0,0.0,17418000.0,0.0,0.043,0.0,23520000.0,40938000.0,0.1,40938000.0,23520000.0,17832000.0,0.13,0.13,0.13,645830000.0,,645830000.0,1566452130.0,17.0,9.746,18023000.0,0.21,1.0,61297000.0,0.149,76023000.0,5688000.0,1373597000.0,,229173000.0,63991000.0,0.0,63991000.0,781521000.0,275985000.0,505536000.0,1263790130.0,3000.0,0.0,0.0,-4364000.0,-13663000.0,-18020000.0,-10630000.0,0.0,28653000.0,0.0,11323000.0,11323000.0,11323000.0,0.0,0.0,0.028,41203000.0,20094000.0,189949000.0,0.0,1.957,30.223,30.204,829514000.0,0.0,14.8,0.741,0.745,125946000.0,,410379000.0,410379000.0,0.0,,,,,0.0,41203000.0,1.0,85391225.0,85775000,85775000.0,4.784,1351328000.0,0.0,6509000.0,144259000.0,15.754,125823000.0
79,WOR,MRQ,2001-09-30,2001-08-31,2001-08-31,2021-10-12,0.0,1432090000.0,,406285000.0,1025805000.0,,7.569,-4866000.0,816000.0,816000.0,349561000.0,14285000.0,1.468,1.205,303478000.0,11031000.0,292447000.0,303478000.0,0.0,16988000.0,0.0,0.057,0.16,27993000.0,44981000.0,0.11,44981000.0,27993000.0,22496000.0,0.17,0.17,0.17,649418000.0,,649418000.0,1519867950.0,17.0,9.609,35573000.0,0.415,1.0,59997000.0,0.146,76264000.0,5497000.0,1381808000.0,,228286000.0,59314000.0,0.0,59314000.0,782672000.0,276680000.0,505992000.0,1195311950.0,622000.0,0.0,0.0,-21485000.0,-13660000.0,-34951000.0,-4866000.0,0.0,40439000.0,0.0,14285000.0,14285000.0,14285000.0,0.0,0.0,0.035,37411000.0,22586000.0,185335000.0,0.941,1.841,31.983,31.818,835323000.0,0.0,14.0,0.682,0.686,130091000.0,,409558000.0,409558000.0,0.0,,,,,0.0,37411000.0,1.0,85379425.0,85799000,85799000.0,4.773,1355826000.0,0.0,8211000.0,142817000.0,15.802,129605000.0
80,WOR,MRQ,2001-06-30,2001-05-31,2001-05-31,2021-10-12,-8024000.0,1475862000.0,,449719000.0,1026143000.0,,7.61,-15803000.0,194000.0,194000.0,394950000.0,14430000.0,1.467,1.272,324750000.0,15542000.0,309208000.0,324750000.0,0.0,16651000.0,0.0,0.07,0.32,29966000.0,46617000.0,0.1,46617000.0,29966000.0,22724000.0,0.17,0.17,0.17,649665000.0,,649665000.0,1385111388.0,15.0,8.655,86524000.0,1.013,1.0,70840000.0,0.152,76439000.0,7242000.0,1417360000.0,,227506000.0,58638000.0,0.0,58638000.0,826197000.0,306619000.0,519578000.0,981817388.0,-592000.0,0.0,0.0,-74059000.0,-13660000.0,-87116000.0,-15803000.0,0.0,102327000.0,0.0,14430000.0,14430000.0,14430000.0,0.0,0.0,0.031,47382000.0,23458000.0,207568000.0,1.882,1.511,27.606,27.381,836749000.0,0.0,11.5,0.538,0.539,169330000.0,548004000.0,465790000.0,465790000.0,0.0,,,,,0.0,47382000.0,1.0,85375425.0,85374000,85506000.0,5.456,1399423000.0,21407000.0,8294000.0,142934000.0,16.392,143100000.0
81,WOR,MRQ,2001-03-31,2001-02-28,2001-02-28,2021-10-12,0.0,1502061000.0,,458166000.0,1043895000.0,,7.594,-14089000.0,786000.0,786000.0,365134000.0,1778000.0,1.57,1.314,404080000.0,47762000.0,356318000.0,404080000.0,0.0,18083000.0,0.0,0.064,0.16,10101000.0,28184000.0,0.067,28184000.0,10101000.0,2801000.0,0.02,0.02,0.02,649088000.0,,649088000.0,1260568936.0,12.0,7.214,36395000.0,0.426,1.0,53583000.0,0.128,0.0,7300000.0,1613576000.0,,253126000.0,0.0,0.0,0.0,852973000.0,291779000.0,561194000.0,840947936.0,-150000.0,-2043000.0,-2669000.0,-16673000.0,-13721000.0,-34502000.0,-16132000.0,0.0,50484000.0,0.0,1778000.0,1778000.0,1778000.0,0.0,0.0,0.004,48390000.0,5193000.0,179620000.0,8.0,1.296,19.516,19.7,851082000.0,0.0,9.85,0.443,0.443,171228000.0,,418717000.0,418717000.0,0.0,,,,,0.0,41916000.0,1.0,85375425.0,85477000,85477000.0,4.899,1502061000.0,0.0,1023000.0,132223000.0,17.573,166387000.0
82,WOR,MRQ,2000-12-31,2000-11-30,2000-11-30,2021-10-12,0.0,1508649000.0,,456976000.0,1051673000.0,,7.744,-14034000.0,936000.0,936000.0,400748000.0,6880000.0,1.642,1.272,420557000.0,59190000.0,361367000.0,420557000.0,0.0,18005000.0,0.0,0.067,0.16,20384000.0,38389000.0,0.084,38389000.0,20384000.0,10834000.0,0.08,0.08,0.08,664093000.0,,664093000.0,1325628085.0,9.0,6.232,133869000.0,1.561,1.0,56621000.0,0.124,0.0,9550000.0,1650005000.0,,271641000.0,0.0,0.0,0.0,844556000.0,278265000.0,566291000.0,788084085.0,696000.0,0.0,0.0,-117052000.0,-13720000.0,-133173000.0,-14034000.0,0.0,147903000.0,0.0,6880000.0,6880000.0,6880000.0,0.0,0.0,0.015,41975000.0,14646000.0,148697000.0,2.0,1.187,12.214,12.419,858130000.0,0.0,9.19,0.4,0.4,154502000.0,,457369000.0,457369000.0,0.0,,,,,0.0,41975000.0,1.0,85754525.0,85755000,85755000.0,5.333,1508649000.0,0.0,3954000.0,129226000.0,17.593,178711000.0
83,WOR,MRQ,2000-09-30,2000-08-31,2000-08-31,2021-10-12,0.0,1658571000.0,,603992000.0,1054579000.0,,7.836,-17944000.0,240000.0,240000.0,420346000.0,12477000.0,1.452,1.468,537784000.0,176063000.0,361721000.0,537784000.0,0.0,17843000.0,0.0,0.058,0.16,29006000.0,46849000.0,0.097,46849000.0,29006000.0,19649000.0,0.15,0.15,0.15,671973000.0,,671973000.0,1420668786.0,8.0,5.871,2796000.0,0.033,1.0,63878000.0,0.132,0.0,9357000.0,1780267000.0,,301146000.0,0.0,0.0,0.0,986598000.0,415848000.0,570750000.0,896134786.0,-298000.0,0.0,-737000.0,12804000.0,-13721000.0,-3094000.0,-17944000.0,0.0,20740000.0,0.0,12477000.0,12477000.0,12477000.0,0.0,0.0,0.026,41991000.0,21887000.0,160752000.0,1.067,1.334,10.879,11.117,863015000.0,0.0,10.45,0.452,0.452,272028000.0,,484224000.0,484224000.0,0.0,,,,,0.0,41991000.0,1.0,85754525.0,85755000,85755000.0,5.647,1658571000.0,0.0,7172000.0,129619000.0,19.341,188144000.0
84,WOR,MRQ,2000-06-30,2000-05-31,2000-05-31,2021-10-12,-5806000.0,1673873000.0,,624229000.0,1049644000.0,,7.884,-14390000.0,538000.0,538000.0,454536000.0,21955000.0,1.441,1.486,525072000.0,162882000.0,362190000.0,525072000.0,0.0,17014000.0,0.0,0.05,0.15,44300000.0,61314000.0,0.114,61314000.0,44300000.0,35128000.0,0.25,0.25,0.25,673354000.0,,673354000.0,1646785727.0,9.0,6.299,56273000.0,0.659,1.0,85293000.0,0.158,80213000.0,9172000.0,1684924000.0,,291204000.0,50197000.0,0.0,50197000.0,1000519000.0,433270000.0,567249000.0,1044746727.0,-17539000.0,-1108000.0,-7746000.0,-48714000.0,-12930000.0,-72704000.0,-15498000.0,0.0,70663000.0,0.0,21955000.0,21955000.0,21955000.0,0.0,0.0,0.041,40566000.0,44727000.0,157998000.0,0.6,1.552,11.097,11.434,862512000.0,0.0,12.12,0.532,0.546,301175000.0,569384000.0,539829000.0,539829000.0,0.0,,,,,0.0,40566000.0,1.0,86200225.0,85408000,86156000.0,6.321,1593660000.0,0.0,13173000.0,157641000.0,18.659,190959000.0
85,WOR,MRQ,2000-03-31,2000-02-29,2000-02-29,2021-10-12,0.0,1764670000.0,,727269000.0,1037401000.0,,7.533,-23052000.0,18077000.0,18077000.0,406894000.0,23212000.0,1.352,1.637,620116000.0,257101000.0,363015000.0,620116000.0,0.0,18698000.0,0.0,0.045,0.15,47453000.0,66151000.0,0.136,66151000.0,47453000.0,37140000.0,0.26,0.26,0.26,669284000.0,,669284000.0,1692281315.0,9.0,6.28,-46035000.0,-0.518,1.0,79641000.0,0.164,0.0,10313000.0,1828704000.0,,355544000.0,46122000.0,46122000.0,0.0,1095386000.0,538005000.0,557381000.0,1182386315.0,10866000.0,0.0,-38337000.0,102089000.0,-13373000.0,56901000.0,-23052000.0,0.0,-22983000.0,0.0,23212000.0,23212000.0,23212000.0,0.0,0.0,0.048,39385000.0,40256000.0,174904000.0,0.577,1.767,12.574,12.74,865981000.0,0.0,13.25,0.616,0.614,293390000.0,,486535000.0,486535000.0,0.0,,,,,0.0,39385000.0,1.0,89236703.0,88847000,88847000.0,5.476,1764670000.0,0.0,13928000.0,113749000.0,19.862,189264000.0
86,WOR,MRQ,1999-12-31,1999-11-30,1999-11-30,2021-10-12,0.0,1685497000.0,,652937000.0,1032560000.0,,7.805,-18036000.0,7211000.0,7211000.0,388289000.0,24726000.0,1.487,1.413,517106000.0,153280000.0,363826000.0,517106000.0,0.0,18034000.0,0.0,0.036,0.15,49640000.0,67674000.0,0.143,67674000.0,49640000.0,39561000.0,0.28,0.28,0.28,698382000.0,,698382000.0,1931578648.0,11.0,7.794,11014000.0,0.123,1.0,85042000.0,0.18,0.0,10079000.0,1756257000.0,,328555000.0,44997000.0,44997000.0,0.0,987115000.0,439135000.0,547980000.0,1425805648.0,157000.0,0.0,-1305000.0,3025000.0,-13366000.0,-10857000.0,-18036000.0,0.0,29050000.0,0.0,24726000.0,24726000.0,24726000.0,0.0,0.0,0.052,41832000.0,43210000.0,172442000.0,0.536,2.042,19.518,20.0,861348000.0,0.0,16.0,0.769,0.772,259697000.0,,473331000.0,473331000.0,0.0,,,,,0.0,41832000.0,1.0,89112853.0,89483000,89483000.0,5.29,1685497000.0,0.0,14835000.0,103303000.0,18.836,213802000.0
87,WOR,MRQ,1999-09-30,1999-08-31,1999-08-31,2021-10-12,0.0,1667939000.0,,605607000.0,1062332000.0,,7.63,-13391000.0,7054000.0,7054000.0,379736000.0,24258000.0,1.372,1.43,512827000.0,148655000.0,364172000.0,512827000.0,0.0,17251000.0,0.0,0.038,0.15,49028000.0,66279000.0,0.143,66279000.0,49028000.0,38813000.0,0.27,0.27,0.27,686363000.0,,686363000.0,1884178340.0,11.0,7.678,48789000.0,0.542,1.0,83175000.0,0.18,0.0,10215000.0,1732387000.0,,288753000.0,43497000.0,43497000.0,0.0,981576000.0,441325000.0,540251000.0,1346009340.0,-587000.0,0.0,-11597000.0,-24080000.0,-13492000.0,-49376000.0,-13391000.0,0.0,62180000.0,0.0,24258000.0,24258000.0,24258000.0,0.0,0.0,0.052,41879000.0,41296000.0,171839000.0,0.556,1.961,19.057,19.737,867418000.0,0.0,15.0,0.741,0.743,254756000.0,,462911000.0,462911000.0,0.0,,,,,0.0,41879000.0,1.0,89733956.0,89953000,89953000.0,5.146,1667939000.0,0.0,14555000.0,96607000.0,18.542,164282000.0
88,WOR,MRQ,1999-06-30,1999-05-31,1999-05-31,2021-10-12,-8484000.0,1686951000.0,,624255000.0,1062696000.0,,7.578,70278000.0,7641000.0,7641000.0,404289000.0,21841000.0,1.459,1.446,545810000.0,180008000.0,365802000.0,545810000.0,0.0,19733000.0,0.0,0.044,0.14,49628000.0,69361000.0,0.14,69361000.0,49628000.0,38572000.0,0.23,0.23,0.23,689649000.0,,689649000.0,1750185317.0,12.0,7.756,82416000.0,0.906,1.0,91001000.0,0.184,83402000.0,11056000.0,1713993000.0,,257010000.0,116440000.0,52497000.0,63943000.0,997302000.0,427725000.0,569577000.0,1176587317.0,-9109000.0,-7336000.0,-33661000.0,-40534000.0,-12957000.0,-84189000.0,62942000.0,0.0,12138000.0,0.0,21841000.0,21841000.0,21841000.0,6647000.0,0.0,0.044,43352000.0,47649000.0,161264000.0,0.609,1.706,21.427,21.712,871347000.0,0.0,12.81,0.667,0.676,281706000.0,586659000.0,495290000.0,495290000.0,0.0,,,,,0.0,43352000.0,1.0,91849127.0,91003000,91363000.0,5.443,1603549000.0,0.0,16731000.0,124736000.0,17.621,196530000.0
89,WOR,MRQ,1999-03-31,1999-02-28,1999-02-28,2021-10-12,-10821000.0,1845766000.0,,643859000.0,1201907000.0,,7.789,59136000.0,16750000.0,16750000.0,349737000.0,2225000.0,1.274,1.559,590348000.0,165687000.0,424661000.0,590348000.0,0.0,19703000.0,0.0,0.043,0.14,24825000.0,44528000.0,0.105,44528000.0,24825000.0,13441000.0,0.02,0.02,0.02,721155000.0,,721155000.0,1793238736.0,12.0,7.937,68492000.0,0.74,1.0,72337000.0,0.171,106905000.0,11384000.0,1806908000.0,,295559000.0,126027000.0,0.0,126027000.0,1124611000.0,505551000.0,619060000.0,1173653736.0,-6038000.0,0.0,0.0,-62149000.0,-12948000.0,-74530000.0,59136000.0,0.0,9356000.0,0.0,2225000.0,2225000.0,2225000.0,16870000.0,0.0,0.005,37246000.0,35091000.0,173140000.0,7.0,1.627,17.861,18.391,928183000.0,0.0,12.69,0.685,0.685,294278000.0,618012000.0,422074000.0,422074000.0,0.0,,,,,0.0,37246000.0,1.0,92486504.0,92588000,92588000.0,4.559,1738861000.0,0.0,11216000.0,147304000.0,18.781,138308000.0
90,WOR,MRQ,1998-12-31,1998-11-30,1998-11-30,2021-10-12,-8054000.0,1869761000.0,,649528000.0,1220233000.0,,7.93,7925000.0,22788000.0,22788000.0,367258000.0,22307000.0,1.286,1.547,642373000.0,226802000.0,415571000.0,642373000.0,0.0,20413000.0,0.0,0.044,0.14,44831000.0,65244000.0,0.149,65244000.0,44831000.0,33088000.0,0.24,0.24,0.24,734087000.0,,734087000.0,1793991534.0,10.0,7.045,62986000.0,0.68,1.0,69170000.0,0.158,108264000.0,11743000.0,1875937000.0,,310682000.0,113779000.0,0.0,113779000.0,1135674000.0,505145000.0,630529000.0,1127204534.0,11592000.0,0.0,0.0,-38610000.0,-12946000.0,-51394000.0,7925000.0,0.0,55061000.0,0.0,22307000.0,22307000.0,22307000.0,-3948000.0,0.0,0.051,35320000.0,33850000.0,163980000.0,0.583,1.536,10.776,11.183,967730000.0,0.0,12.19,0.667,0.668,281292000.0,628747000.0,436428000.0,436428000.0,0.0,,,,,0.0,35320000.0,1.0,92469609.0,92566000,92566000.0,4.715,1761497000.0,0.0,10781000.0,151973000.0,19.03,144383000.0
91,WOR,MRQ,1998-09-30,1998-08-31,1998-08-31,2021-10-12,-8631000.0,1881088000.0,,641571000.0,1239517000.0,,7.552,-46103000.0,11196000.0,11196000.0,347602000.0,8538000.0,1.23,1.598,677983000.0,262760000.0,415223000.0,677983000.0,0.0,18641000.0,0.0,0.041,0.14,27871000.0,46512000.0,0.114,46512000.0,27871000.0,18928000.0,0.09,0.09,0.09,723989000.0,,723989000.0,1817909617.0,10.0,7.465,-18934000.0,-0.197,1.0,61678000.0,0.151,108153000.0,8943000.0,1917923000.0,,320601000.0,110993000.0,0.0,110993000.0,1157099000.0,521799000.0,635300000.0,1244002617.0,7408000.0,-26718000.0,-59422000.0,122209000.0,-13532000.0,53060000.0,-72821000.0,0.0,27169000.0,0.0,8538000.0,8538000.0,8538000.0,1316000.0,0.0,0.021,32072000.0,29606000.0,151283000.0,1.556,1.718,11.939,12.037,985625000.0,0.0,13.0,0.756,0.757,269016000.0,619388000.0,409280000.0,409280000.0,0.0,,,,,0.0,32072000.0,1.0,95692509.0,95871000,95871000.0,4.269,1772935000.0,0.0,10390000.0,150410000.0,18.493,119772000.0
92,WOR,MRQ,1998-06-30,1998-05-31,1998-05-31,2021-10-12,-8375000.0,1842342000.0,,642995000.0,1199347000.0,,8.069,-89684000.0,3788000.0,3788000.0,372312000.0,32639000.0,1.568,1.361,577695000.0,138080000.0,439615000.0,577695000.0,0.0,15946000.0,0.0,0.03,0.13,53702000.0,69648000.0,0.156,69648000.0,53702000.0,47595000.0,0.34,0.34,0.34,780273000.0,,780273000.0,2265488030.0,12.0,8.927,-19465000.0,-0.201,1.0,74357000.0,0.166,95725000.0,6107000.0,1910493000.0,,288911000.0,137439000.0,0.0,137439000.0,1062069000.0,410031000.0,652038000.0,1704279030.0,-3359000.0,0.0,-1089000.0,22088000.0,-12574000.0,16106000.0,-89684000.0,0.0,70219000.0,0.0,32639000.0,32639000.0,32639000.0,-7173000.0,0.0,0.073,33357000.0,41000000.0,176752000.0,0.382,2.184,14.393,14.443,933158000.0,0.0,17.62,1.049,1.049,310155000.0,670984000.0,446669000.0,446669000.0,0.0,,,,,0.0,33357000.0,1.0,96724122.0,96700000,97492000.0,4.619,1746617000.0,5429000.0,14956000.0,145230000.0,18.062,232964000.0
93,WOR,MRQ,1998-03-31,1998-02-28,1998-02-28,2021-10-12,-8053000.0,1763679000.0,,623467000.0,1140212000.0,,7.879,-66433000.0,7147000.0,7147000.0,338176000.0,41119000.0,2.034,1.313,568356000.0,57738000.0,510618000.0,568356000.0,0.0,15249000.0,0.0,0.023,0.13,57989000.0,73238000.0,0.184,73238000.0,57989000.0,52173000.0,0.42,0.42,0.42,762526000.0,,762526000.0,2215463011.0,13.0,9.634,-39558000.0,-0.409,1.0,59353000.0,0.149,96055000.0,5816000.0,1922313000.0,,280799000.0,150690000.0,0.0,150690000.0,1001153000.0,306520000.0,694633000.0,1657550011.0,847000.0,0.0,-1953000.0,7143000.0,-12587000.0,1722000.0,-27750000.0,0.0,26875000.0,0.0,41119000.0,41119000.0,41119000.0,-3527000.0,0.0,0.103,28709000.0,30644000.0,159684000.0,0.31,2.174,14.715,14.632,858589000.0,0.0,17.12,1.347,1.346,304466000.0,653950000.0,397529000.0,397529000.0,0.0,,,,,0.0,28709000.0,1.0,96819510.0,96781000,96781000.0,4.108,1667624000.0,0.0,11054000.0,146678000.0,17.231,316947000.0
94,WOR,MRQ,1997-12-31,1997-11-30,1997-11-30,2021-10-12,-7973000.0,1674947000.0,,580147000.0,1094800000.0,,7.605,-78859000.0,6300000.0,6300000.0,334967000.0,21900000.0,1.805,1.276,564213000.0,110124000.0,454089000.0,564213000.0,0.0,15342000.0,0.0,0.028,0.13,38787000.0,54129000.0,0.138,54129000.0,38787000.0,31911000.0,0.23,0.23,0.23,736014000.0,,736014000.0,2254791650.0,15.0,10.647,-46510000.0,-0.481,1.0,57723000.0,0.147,96690000.0,6876000.0,1814782000.0,,278639000.0,152450000.0,0.0,152450000.0,938933000.0,321388000.0,617545000.0,1753697650.0,4701000.0,0.0,992000.0,56077000.0,-12578000.0,51211000.0,-78859000.0,0.0,32349000.0,0.0,21900000.0,21900000.0,21900000.0,-4854000.0,0.0,0.056,29433000.0,28290000.0,121370000.0,0.565,2.383,18.787,18.49,815554000.0,0.0,18.12,1.329,1.329,257343000.0,627461000.0,392690000.0,392690000.0,0.0,,,,,0.0,29433000.0,1.0,96782431.0,96784000,96784000.0,4.057,1578257000.0,0.0,10011000.0,124132000.0,16.307,258759000.0
95,WOR,MRQ,1997-09-30,1997-08-31,1997-08-31,2021-10-12,-3393000.0,1601767000.0,,576036000.0,1025731000.0,,7.549,-74436000.0,1599000.0,1599000.0,326386000.0,22754000.0,2.208,1.193,502693000.0,53684000.0,449009000.0,502693000.0,0.0,14922000.0,0.0,0.02,0.13,41849000.0,56771000.0,0.146,56771000.0,41849000.0,35071000.0,0.24,0.24,0.24,730289000.0,,730289000.0,2294840527.0,15.0,11.019,-2976000.0,-0.031,1.0,61175000.0,0.158,97535000.0,6778000.0,1744498000.0,,302506000.0,148386000.0,0.0,148386000.0,871478000.0,260828000.0,610650000.0,1795675527.0,-5613000.0,0.0,615000.0,-1241000.0,-12572000.0,-2637000.0,-74436000.0,0.0,71460000.0,0.0,22754000.0,22754000.0,22754000.0,0.0,0.0,0.059,25602000.0,35573000.0,124639000.0,0.542,2.459,19.08,18.939,751296000.0,0.0,18.56,1.296,1.296,243480000.0,618047000.0,387561000.0,387561000.0,0.0,,,,,0.0,25602000.0,1.0,96749759.0,96739000,96739000.0,4.006,1504232000.0,0.0,12317000.0,135481000.0,15.549,315208000.0
96,WOR,MRQ,1997-06-30,1997-05-31,1997-05-31,2021-10-12,-7424000.0,1561186000.0,,594128000.0,967058000.0,,7.404,-48226000.0,7212000.0,7212000.0,43168000.0,26873000.0,2.407,1.182,506377000.0,55984000.0,450393000.0,506377000.0,0.0,11179000.0,0.0,0.019,0.0,34654000.0,45833000.0,0.862,45833000.0,34654000.0,27850000.0,0.28,0.27,0.28,715518000.0,,715518000.0,2289792000.0,15.0,11.226,-605000.0,-0.006,1.0,9986000.0,0.188,98132000.0,6804000.0,1715425000.0,,296888000.0,145534000.0,0.0,145534000.0,845668000.0,246794000.0,598874000.0,1787562000.0,4449000.0,4000.0,1855000.0,5883000.0,-11592000.0,5050000.0,-48222000.0,0.0,47621000.0,0.0,26873000.0,26873000.0,26873000.0,-26708000.0,0.0,0.506,6529000.0,3457000.0,117910000.0,0.0,2.498,19.156,19.072,691027000.0,0.0,18.5,1.251,1.251,0.0,607922000.0,53154000.0,53154000.0,0.0,,,,,0.0,6529000.0,1.0,96624973.0,96638000,97774000.0,0.55,1463054000.0,0.0,977000.0,122791000.0,15.14,347334000.0
97,WOR,MRQ,1997-03-31,1997-02-28,1997-02-28,2021-10-12,-4719000.0,1505971000.0,,580308000.0,925663000.0,,7.231,-46097000.0,2763000.0,2763000.0,418312000.0,21817000.0,1.838,1.157,504993000.0,144080000.0,360913000.0,504993000.0,0.0,16083000.0,0.0,0.028,0.24,38952000.0,55035000.0,0.113,55035000.0,38952000.0,34566000.0,0.23,0.23,0.23,698269000.0,,698269000.0,2259383126.0,15.0,11.239,-51963000.0,-0.538,1.0,68239000.0,0.14,98747000.0,4386000.0,1593706000.0,,286232000.0,46598000.0,0.0,46598000.0,807702000.0,315748000.0,491954000.0,1897955126.0,4010000.0,-66986000.0,888000.0,132973000.0,-10902000.0,122959000.0,-113083000.0,0.0,-5866000.0,0.0,21817000.0,21817000.0,21817000.0,0.0,0.0,0.045,33166000.0,35073000.0,97389000.0,1.043,2.718,20.403,21.526,653129000.0,0.0,20.88,1.362,1.447,270108000.0,593621000.0,486551000.0,486551000.0,0.0,,,,,0.0,33166000.0,1.0,90898234.0,96570000,96570000.0,5.038,1407224000.0,0.0,12749000.0,118717000.0,14.572,264560000.0
98,WOR,MRQ,1996-12-31,1996-11-30,1996-11-30,2021-10-12,17376000.0,1308771000.0,,474073000.0,834698000.0,,7.014,-30434000.0,342000.0,342000.0,392661000.0,22667000.0,2.859,0.933,361770000.0,35534000.0,326236000.0,361770000.0,0.0,11173000.0,0.0,0.023,0.0,39454000.0,50627000.0,0.11,50627000.0,39454000.0,36164000.0,0.23,,0.23,676961000.0,,676961000.0,,,,-47466000.0,-0.492,1.0,65688000.0,0.143,68921000.0,3290000.0,1435433000.0,,233899000.0,37735000.0,0.0,37735000.0,631810000.0,165845000.0,465965000.0,1807056892.0,-10978000.0,0.0,147000.0,47240000.0,-10899000.0,36488000.0,-30434000.0,0.0,-17032000.0,0.0,22667000.0,22667000.0,22667000.0,0.0,0.0,0.049,29689000.0,35999000.0,69644000.0,0.0,2.669,18.969,20.081,567722000.0,0.0,19.88,1.397,1.483,214240000.0,551376000.0,458349000.0,458349000.0,0.0,,,,,0.0,29689000.0,1.0,90898234.0,96510000,,4.749,1239850000.0,0.0,13497000.0,126502000.0,12.847,308228000.0
99,WOR,MRQ,1996-09-30,1996-08-31,1996-08-31,2021-10-12,,,,,,,,-48148000.0,,,366937000.0,21961000.0,,,,,,,,12953000.0,,0.023,0.12,39529000.0,52482000.0,0.122,52482000.0,39529000.0,35582000.0,0.23,,0.23,,,,,,,5492000.0,0.057,1.0,63355000.0,0.147,,3947000.0,,,,,,,,,,,-7849000.0,-8380000.0,-90000.0,6030000.0,-10901000.0,-4961000.0,-56528000.0,0.0,53640000.0,0.0,21961000.0,21961000.0,21961000.0,0.0,0.0,0.051,26868000.0,36487000.0,,0.522,,,19.286,,0.0,20.25,,1.643,,,430292000.0,430292000.0,0.0,,,,,0.0,26868000.0,1.0,,96512000,,4.458,,,13621000.0,,,
100,WOR,MRQ,1996-06-30,1996-05-31,1996-05-31,2021-10-12,-1437000.0,1282424000.0,,505104000.0,777320000.0,,6.916,-31889000.0,17580000.0,17580000.0,9106000.0,26578000.0,3.014,0.922,317997000.0,2475000.0,315522000.0,317997000.0,0.0,11404000.0,0.0,0.028,0.23,31489000.0,42893000.0,2.315,42893000.0,31489000.0,27597000.0,0.28,,0.28,667318000.0,,667318000.0,,,,-6097000.0,-0.063,1.0,9420000.0,0.508,65256000.0,3892000.0,1350000000.0,,216159000.0,138212000.0,0.0,138212000.0,615106000.0,167585000.0,447521000.0,,9618000.0,-5000.0,897000.0,24811000.0,-9988000.0,15720000.0,-31894000.0,0.0,25792000.0,0.0,26578000.0,26578000.0,26578000.0,0.0,0.0,1.435,9117000.0,303000.0,88718000.0,0.821,,,19.162,544052000.0,0.0,20.12,,1.723,244256000.0,561711000.0,18526000.0,18526000.0,0.0,,,,,0.0,9117000.0,1.0,,96493000,,0.192,1217168000.0,0.0,1019000.0,121907000.0,12.614,337519000.0
101,WOR,MRQ,1996-03-31,1996-02-29,1996-02-29,2021-10-12,,,,,,,,-42120000.0,,,325226000.0,24059000.0,,,,,,,,11572000.0,,0.02,0.11,40528000.0,52100000.0,0.135,52100000.0,40528000.0,38609000.0,0.25,,0.25,,,,,,,-19067000.0,-0.198,1.0,61228000.0,0.158,,1919000.0,,,,,,,,,,,-6784000.0,-169411000.0,657000.0,191020000.0,-9983000.0,181694000.0,-211531000.0,0.0,23053000.0,0.0,24059000.0,24059000.0,24059000.0,0.0,0.0,0.062,25861000.0,35367000.0,,0.44,,,,,0.0,21.5,,,,,386454000.0,386454000.0,0.0,,,,,0.0,25861000.0,1.0,,96452000,,4.007,,,14550000.0,,,
102,WOR,MRQ,1995-12-31,1995-11-30,1995-11-30,2021-10-12,,,,,,,,,,,301533000.0,26188000.0,,,,,,,,,,0.021,0.0,43093000.0,,,,43093000.0,41859000.0,0.29,,0.29,,,,,,,,,1.0,53011000.0,0.15,,1234000.0,,,,,,,,,,,,,,,,,,,,,26188000.0,26188000.0,26188000.0,0.0,0.0,0.074,21499000.0,31512000.0,,0.0,,,,,0.0,19.62,,,,,354544000.0,354544000.0,0.0,,,,,,21499000.0,1.0,,90748000,,3.907,,,15671000.0,,,
0,WOR,MRT,2021-06-30,2021-05-31,2021-05-31,2021-10-12,45387000.0,3373245000.0,3167389000.0,1967992000.0,1405253000.0,1.001,26.531,-82178000.0,640311000.0,640311000.0,2532351000.0,741450000.0,2.498,1.303,747810000.0,10405000.0,737405000.0,747810000.0,0.0,87654000.0,0.0,0.015,0.99,930408000.0,1018062000.0,0.321,1018062000.0,930408000.0,900062000.0,13.73,13.73,13.73,1398193000.0,1342416750.0,1398193000.0,3613302427.0,4.0,3.549,192201000.0,3.647,1.0,639078000.0,0.202,591443000.0,30346000.0,2101400000.0,2068255250.0,564754000.0,233126000.0,0.0,233126000.0,1821550000.0,787901000.0,1033649000.0,3517007427.0,493113000.0,504834000.0,-185473000.0,-622000.0,-52991000.0,-249776000.0,468510000.0,0.0,274379000.0,0.0,723795000.0,723795000.0,723795000.0,0.0,17655000.0,0.228,471605000.0,167473000.0,567392000.0,0.072,2.515,4.859,4.834,550118000.0,0.0,66.37,1.109,1.103,639964000.0,1070016000.0,3171429000.0,3171429000.0,0.0,0.229,0.539,0.45,0.293,19129000.0,351145000.0,1.0,52990921.0,52701000,53917000.0,60.178,2781802000.0,1958000.0,176267000.0,117371000.0,52.785,1180091000.0
1,WOR,MRT,2021-03-31,2021-02-28,2021-02-28,2021-10-12,0.0,3137873000.0,2906956500.0,1686916000.0,1450957000.0,0.965,25.155,-67470000.0,649505000.0,649505000.0,2301917000.0,633997000.0,2.647,1.277,745800000.0,10849000.0,734951000.0,745800000.0,0.0,88789000.0,0.0,0.015,0.98,811224000.0,900013000.0,0.321,900013000.0,811224000.0,781069000.0,11.6,11.6,11.6,1311790000.0,1198073750.0,1311790000.0,3364149707.0,4.0,3.738,247478000.0,4.746,1.0,502820000.0,0.179,604086000.0,30155000.0,1992821000.0,2049532250.0,413181000.0,220415000.0,0.0,220415000.0,1674688000.0,637261000.0,1037427000.0,3335130707.0,546075000.0,493363000.0,-143459000.0,-394000.0,-53139000.0,-204802000.0,435929000.0,0.0,314948000.0,0.0,626415000.0,626415000.0,626415000.0,0.0,7582000.0,0.223,439460000.0,63360000.0,412793000.0,0.084,2.542,5.324,5.508,593470000.0,0.0,63.89,1.189,1.188,525768000.0,,2804737000.0,2804737000.0,0.0,0.215,0.523,0.396,0.289,16320000.0,319036000.0,1.0,52201138.0,52149000,53217000.0,53.783,2533787000.0,3351000.0,154654000.0,148182000.0,48.587,1049655000.0
2,WOR,MRT,2020-12-31,2020-11-30,2020-11-30,2021-10-12,0.0,3027385000.0,2729759000.0,1687870000.0,1339515000.0,1.029,24.098,-72312000.0,713130000.0,713130000.0,2355357000.0,580203000.0,3.029,1.251,742149000.0,11114000.0,731035000.0,742149000.0,0.0,89676000.0,0.0,0.019,0.97,759073000.0,848749000.0,0.302,848749000.0,759073000.0,729114000.0,10.58,10.58,10.58,1276899000.0,1075500000.0,1276899000.0,2903867687.0,4.0,3.421,320701000.0,6.052,1.0,454267000.0,0.162,494390000.0,29959000.0,2004840000.0,2066596000.0,304443000.0,353802000.0,143850000.0,209952000.0,1596914000.0,557174000.0,1039740000.0,2812313687.0,640870000.0,477120000.0,-112601000.0,-639000.0,-53187000.0,-166987000.0,414844000.0,0.0,393013000.0,0.0,574117000.0,574117000.0,574117000.0,0.0,6086000.0,0.204,442065000.0,12202000.0,337976000.0,0.092,2.202,4.899,4.888,602331000.0,0.0,51.72,1.001,0.975,441936000.0,,2809624000.0,2809624000.0,0.0,0.21,0.534,0.367,0.27,14318000.0,313069000.0,1.0,54375748.0,52988000,52988000.0,53.024,2532995000.0,3247000.0,154997000.0,155639000.0,47.803,1130696000.0
3,WOR,MRT,2020-09-30,2020-08-31,2020-08-31,2021-10-12,0.0,3131053000.0,2575153000.0,1766457000.0,1364596000.0,1.129,25.574,-106177000.0,650068000.0,650068000.0,2466765000.0,705637000.0,3.258,1.158,741622000.0,10411000.0,731211000.0,741622000.0,0.0,90712000.0,0.0,0.023,0.96,920278000.0,1010990000.0,0.348,1010990000.0,920278000.0,890552000.0,12.93,12.93,12.93,1382785000.0,965248000.0,1382785000.0,2877081994.0,3.0,2.846,283568000.0,5.244,1.0,439404000.0,0.151,506463000.0,29726000.0,2173960000.0,2082974500.0,319478000.0,496025000.0,287630000.0,208395000.0,1601153000.0,542184000.0,1058969000.0,2288000994.0,604485000.0,447912000.0,-80143000.0,-1167000.0,-53708000.0,-137031000.0,351771000.0,0.0,389745000.0,0.0,700247000.0,700247000.0,700247000.0,0.0,5390000.0,0.241,432448000.0,6956000.0,294172000.0,0.074,1.655,3.267,3.212,615197000.0,0.0,41.53,0.787,0.773,423138000.0,,2906169000.0,2906169000.0,0.0,0.272,0.725,0.442,0.317,12744000.0,319483000.0,1.0,55092728.0,54070000,54942000.0,53.748,2624590000.0,2287000.0,190305000.0,227691000.0,48.541,1224273000.0
4,WOR,MRT,2020-06-30,2020-05-31,2020-05-31,2021-10-12,-35217000.0,2331515000.0,2388047750.0,983179000.0,1348336000.0,1.281,14.935,-95503000.0,147198000.0,147198000.0,2615782000.0,84444000.0,2.532,1.663,736279000.0,11000000.0,725279000.0,736279000.0,0.0,92678000.0,0.0,0.032,0.95,136754000.0,229432000.0,0.075,229432000.0,136754000.0,105138000.0,1.43,1.43,1.43,820821000.0,816545000.0,820821000.0,2295990947.0,17.0,10.007,241223000.0,4.389,1.0,443337000.0,0.145,505850000.0,31616000.0,2026508000.0,2057328750.0,405101000.0,203329000.0,0.0,203329000.0,1365082000.0,388238000.0,976844000.0,1661974947.0,54835000.0,-30748000.0,-57485000.0,-53449000.0,-53289000.0,-165676000.0,-116215000.0,0.0,336726000.0,0.0,78796000.0,78796000.0,78796000.0,0.0,5648000.0,0.026,420848000.0,22489000.0,247017000.0,0.664,2.025,21.092,20.923,604201000.0,0.0,29.92,0.543,0.538,341038000.0,572262000.0,3059119000.0,3059119000.0,0.0,0.033,0.096,0.066,0.045,11883000.0,328110000.0,1.0,55547291.0,54958000,55983000.0,55.663,1825665000.0,8376000.0,26342000.0,72891000.0,33.219,594941000.0
5,WOR,MRT,2020-03-31,2020-02-29,2020-02-29,2021-10-12,0.0,2429083000.0,2432868000.0,1053200000.0,1375883000.0,1.392,14.955,-134810000.0,103430000.0,103430000.0,2906884000.0,112330000.0,2.15,1.773,737446000.0,11053000.0,726393000.0,737446000.0,0.0,93512000.0,0.0,0.03,0.94,163695000.0,257207000.0,0.076,257207000.0,163695000.0,130016000.0,1.81,1.81,1.81,821495000.0,819151250.0,821495000.0,2450741762.0,15.0,9.528,191712000.0,3.49,1.0,479450000.0,0.142,512180000.0,33679000.0,2061076000.0,2035463250.0,376871000.0,222724000.0,0.0,222724000.0,1456890000.0,489843000.0,967047000.0,1782932762.0,-9686000.0,-40066000.0,-98386000.0,-53637000.0,-53140000.0,-211015000.0,-125193000.0,0.0,326522000.0,0.0,100359000.0,100359000.0,100359000.0,0.0,11971000.0,0.03,431294000.0,48156000.0,361356000.0,0.519,2.17,17.766,17.569,607500000.0,0.0,31.8,0.527,0.516,472741000.0,,3386334000.0,3386334000.0,0.0,0.041,0.123,0.08,0.048,13978000.0,348157000.0,1.0,56067068.0,54930000,55898000.0,61.648,1916903000.0,11152000.0,29657000.0,73971000.0,34.897,563357000.0
6,WOR,MRT,2019-12-31,2019-11-30,2019-11-30,2021-10-12,0.0,2408961000.0,2467420500.0,1010646000.0,1398315000.0,1.417,15.182,-105127000.0,72260000.0,72260000.0,3042793000.0,122990000.0,2.133,1.735,740069000.0,11473000.0,728596000.0,740069000.0,0.0,94357000.0,0.0,0.024,0.93,180723000.0,275080000.0,0.079,275080000.0,180723000.0,145065000.0,2.0,2.0,2.0,835891000.0,827933000.0,835891000.0,2835397383.0,16.0,10.308,186112000.0,3.38,1.0,453926000.0,0.13,532553000.0,35658000.0,2070354000.0,2045550750.0,379787000.0,225791000.0,0.0,225791000.0,1450218000.0,473863000.0,976355000.0,2141882383.0,-20767000.0,-38193000.0,-105925000.0,-53596000.0,-52996000.0,-218369000.0,-93637000.0,0.0,291239000.0,0.0,111821000.0,111821000.0,111821000.0,0.0,11169000.0,0.032,378407000.0,75519000.0,330959000.0,0.465,2.562,19.155,19.15,606359000.0,0.0,38.3,0.613,0.603,477228000.0,,3496719000.0,3496719000.0,0.0,0.045,0.135,0.088,0.052,12396000.0,342449000.0,1.0,55923822.0,55059000,56072000.0,63.509,1876408000.0,12557000.0,33244000.0,77910000.0,34.08,536783000.0
7,WOR,MRT,2019-09-30,2019-08-31,2019-08-31,2021-10-12,0.0,2382632000.0,2505789500.0,1030092000.0,1352540000.0,1.448,14.264,-98340000.0,45583000.0,45583000.0,3173059000.0,103860000.0,2.134,1.872,739098000.0,11362000.0,727736000.0,739098000.0,0.0,95286000.0,0.0,0.027,0.92,160052000.0,255338000.0,0.07,255338000.0,160052000.0,122237000.0,1.64,1.64,1.64,787973000.0,836128250.0,787973000.0,2612509187.0,16.0,10.232,133443000.0,2.416,1.0,454249000.0,0.125,522096000.0,37815000.0,2071377000.0,2058210000.0,422163000.0,212982000.0,0.0,212982000.0,1475191000.0,482674000.0,992517000.0,1955573187.0,-51260000.0,46291000.0,-166353000.0,-53343000.0,-52575000.0,-280677000.0,-2366000.0,0.0,231783000.0,0.0,93737000.0,93737000.0,93737000.0,0.0,10123000.0,0.026,374984000.0,79265000.0,351363000.0,0.561,2.482,20.862,21.159,587700000.0,0.0,34.7,0.539,0.528,472441000.0,,3627308000.0,3627308000.0,0.0,0.037,0.112,0.078,0.044,12572000.0,338574000.0,1.0,56356576.0,55241000,55241000.0,65.663,1860536000.0,8198000.0,28500000.0,70360000.0,33.68,547418000.0
8,WOR,MRT,2019-06-30,2019-05-31,2019-05-31,2021-10-12,-43464000.0,2510796000.0,2562675250.0,1165913000.0,1344883000.0,1.467,14.533,-84499000.0,92363000.0,92363000.0,3279601000.0,163273000.0,1.67,1.88,749299000.0,150943000.0,598356000.0,749299000.0,0.0,95602000.0,0.0,0.026,0.9,234701000.0,330303000.0,0.088,330303000.0,234701000.0,196638000.0,2.68,2.68,2.68,831246000.0,869014750.0,831246000.0,2593010352.0,11.0,7.85,113360000.0,1.982,1.0,479955000.0,0.128,530666000.0,38063000.0,1939046000.0,2062297000.0,484280000.0,214930000.0,0.0,214930000.0,1562402000.0,698020000.0,864382000.0,1956640352.0,-29604000.0,46291000.0,-174484000.0,-1394000.0,-52334000.0,-238938000.0,11475000.0,0.0,197859000.0,0.0,153455000.0,153455000.0,153455000.0,0.0,9818000.0,0.041,335191000.0,144764000.0,393517000.0,0.336,2.354,12.751,12.739,578664000.0,0.0,34.14,0.52,0.519,501944000.0,591533000.0,3759556000.0,3759556000.0,0.0,0.06,0.177,0.114,0.062,11733000.0,338392000.0,1.0,57312254.0,57196000,58823000.0,65.731,1980130000.0,10894000.0,43183000.0,75266000.0,34.62,467893000.0
9,WOR,MRT,2019-03-31,2019-02-28,2019-02-28,2021-10-12,0.0,2567293000.0,2590423000.0,1205113000.0,1362180000.0,1.483,15.167,-28464000.0,113116000.0,113116000.0,3324276000.0,157155000.0,2.132,1.856,749486000.0,1167000.0,748319000.0,749486000.0,0.0,98016000.0,0.0,0.022,0.88,220210000.0,318226000.0,0.083,318226000.0,220210000.0,181614000.0,2.53,2.53,2.53,856622000.0,890895500.0,856622000.0,2926393273.0,13.0,9.196,177411000.0,3.141,1.0,516898000.0,0.135,536899000.0,38596000.0,2101426000.0,2088556500.0,486074000.0,222865000.0,0.0,222865000.0,1590285000.0,565338000.0,1024947000.0,2269641273.0,-34308000.0,59093000.0,-176695000.0,-31861000.0,-51930000.0,-270812000.0,30629000.0,0.0,205875000.0,0.0,146486000.0,146486000.0,146486000.0,0.0,10669000.0,0.038,399583000.0,117315000.0,424480000.0,0.348,2.65,15.494,15.538,580941000.0,0.0,39.31,0.591,0.578,512739000.0,,3841174000.0,3841174000.0,0.0,0.057,0.164,0.105,0.057,11437000.0,356021000.0,1.0,57736995.0,56478000,57974000.0,68.012,2030394000.0,17534000.0,35128000.0,80140000.0,35.95,639775000.0
10,WOR,MRT,2018-12-31,2018-11-30,2018-11-30,2021-10-12,0.0,2562437000.0,2602283750.0,1187616000.0,1374821000.0,1.464,15.051,-50553000.0,93027000.0,93027000.0,3254519000.0,205904000.0,2.156,1.814,749779000.0,1387000.0,748392000.0,749779000.0,0.0,99729000.0,0.0,0.021,0.86,240505000.0,340234000.0,0.089,340234000.0,240505000.0,201475000.0,3.37,3.37,3.37,868672000.0,914532750.0,868672000.0,3103856803.0,13.0,9.123,203204000.0,3.521,1.0,553931000.0,0.145,547268000.0,39030000.0,2120991000.0,2087336500.0,488742000.0,221701000.0,0.0,221701000.0,1576182000.0,550930000.0,1025252000.0,2450641803.0,-29187000.0,57601000.0,-195049000.0,-33040000.0,-51577000.0,-289992000.0,7048000.0,0.0,253757000.0,0.0,198801000.0,198801000.0,198801000.0,0.0,7103000.0,0.052,419830000.0,134101000.0,406444000.0,0.255,2.821,12.327,12.291,584282000.0,0.0,41.42,0.643,0.628,518006000.0,,3808450000.0,3808450000.0,0.0,0.076,0.217,0.115,0.063,13176000.0,365095000.0,1.0,59165664.0,57716000,59338000.0,65.986,2015169000.0,18079000.0,2674000.0,82277000.0,34.915,636686000.0
11,WOR,MRT,2018-09-30,2018-08-31,2018-08-31,2021-10-12,0.0,2610175000.0,2604602750.0,1230421000.0,1379754000.0,1.429,15.656,-36348000.0,96843000.0,96843000.0,3148414000.0,209734000.0,1.979,1.71,750058000.0,1327000.0,748731000.0,750058000.0,0.0,102487000.0,0.0,0.018,0.84,253518000.0,356005000.0,0.096,356005000.0,253518000.0,213922000.0,3.42,3.42,3.42,919519000.0,927186500.0,919519000.0,3415737859.0,13.0,9.595,192087000.0,3.271,1.0,573076000.0,0.154,554069000.0,39596000.0,2087725000.0,2085501750.0,494116000.0,221144000.0,0.0,221144000.0,1572801000.0,621596000.0,951205000.0,2787336859.0,-99012000.0,1877000.0,-198980000.0,-33181000.0,-51300000.0,-292976000.0,-34471000.0,0.0,228435000.0,0.0,204202000.0,204202000.0,204202000.0,0.0,5532000.0,0.055,422780000.0,150296000.0,478205000.0,0.246,3.031,13.65,13.62,584063000.0,0.0,46.58,0.749,0.735,564612000.0,,3721490000.0,3721490000.0,0.0,0.078,0.22,0.122,0.068,13507000.0,369852000.0,1.0,59839778.0,58731000,60621000.0,63.365,2056106000.0,6349000.0,9720000.0,81158000.0,35.009,608825000.0
12,WOR,MRT,2018-06-30,2018-05-31,2018-05-31,2021-10-12,-14580000.0,2621787000.0,2609697500.0,1241122000.0,1380665000.0,1.372,15.081,-54777000.0,121967000.0,121967000.0,3018763000.0,200850000.0,1.919,1.726,750368000.0,1474000.0,748894000.0,750368000.0,0.0,103359000.0,0.0,0.017,0.83,241689000.0,345048000.0,0.096,345048000.0,241689000.0,203014000.0,3.2,3.2,3.2,918769000.0,936850250.0,918769000.0,3542551530.0,15.0,10.267,226568000.0,3.719,1.0,562857000.0,0.157,559209000.0,38675000.0,2044084000.0,2081092000.0,454027000.0,216010000.0,0.0,216010000.0,1585412000.0,646895000.0,938517000.0,2907709530.0,-156114000.0,-282628000.0,-206387000.0,165607000.0,-51359000.0,-100054000.0,-337405000.0,0.0,281345000.0,0.0,194794000.0,194794000.0,194794000.0,0.0,6056000.0,0.054,421247000.0,141610000.0,473485000.0,0.259,3.165,14.927,14.984,584970000.0,0.0,47.95,0.812,0.816,572689000.0,637757000.0,3581620000.0,3581620000.0,0.0,0.075,0.208,0.116,0.067,13758000.0,367460000.0,1.0,60640449.0,60923000,63042000.0,58.789,2062578000.0,1650000.0,8220000.0,64781000.0,33.855,594227000.0
13,WOR,MRT,2018-03-31,2018-02-28,2018-02-28,2021-10-12,0.0,2614736000.0,2535586750.0,1158642000.0,1456094000.0,1.343,15.752,-50325000.0,147424000.0,147424000.0,2851762000.0,228576000.0,2.053,1.62,782266000.0,14138000.0,768128000.0,782266000.0,0.0,98625000.0,0.0,0.019,0.82,293492000.0,392117000.0,0.115,392117000.0,293492000.0,258278000.0,3.59,3.59,3.59,951171000.0,945066750.0,951171000.0,3383294120.0,12.0,8.628,233094000.0,3.86,1.0,554741000.0,0.163,588793000.0,35214000.0,2096546000.0,2013730000.0,431406000.0,212131000.0,0.0,212131000.0,1540749000.0,564239000.0,976510000.0,2724855120.0,-79857000.0,-285028000.0,-163207000.0,196101000.0,-51420000.0,-27923000.0,-335353000.0,0.0,283419000.0,0.0,220519000.0,220519000.0,220519000.0,0.0,8057000.0,0.065,346835000.0,207906000.0,403990000.0,0.228,2.865,12.357,12.323,625199000.0,0.0,44.24,0.8,0.784,507968000.0,,3406503000.0,3406503000.0,0.0,0.087,0.233,0.146,0.086,13161000.0,345522000.0,1.0,61592566.0,60383000,62345000.0,56.415,2025943000.0,9711000.0,37759000.0,78813000.0,33.552,594403000.0
14,WOR,MRT,2017-12-31,2017-11-30,2017-11-30,2021-10-12,0.0,2571713000.0,2443696500.0,1111728000.0,1459985000.0,1.337,14.947,-57826000.0,122214000.0,122214000.0,2729605000.0,189230000.0,2.112,1.663,780653000.0,13916000.0,766737000.0,780653000.0,0.0,94964000.0,0.0,0.019,0.81,283372000.0,378336000.0,0.116,378336000.0,283372000.0,250259000.0,2.85,2.85,2.85,919287000.0,931891000.0,919287000.0,3204308579.0,11.0,8.469,228379000.0,3.713,1.0,538677000.0,0.165,590051000.0,33113000.0,2113652000.0,1933826250.0,416008000.0,213814000.0,0.0,213814000.0,1528930000.0,526449000.0,1002481000.0,2619580579.0,-52966000.0,-285028000.0,-128567000.0,197035000.0,-52028000.0,3683000.0,-342854000.0,0.0,286205000.0,0.0,177320000.0,177320000.0,177320000.0,0.0,11910000.0,0.054,339214000.0,199463000.0,363032000.0,0.284,2.85,14.773,14.596,627751000.0,0.0,41.6,0.802,0.783,507704000.0,,3268282000.0,3268282000.0,0.0,0.073,0.19,0.147,0.087,14583000.0,336504000.0,1.0,62970687.0,61503000,63468000.0,53.14,1981662000.0,10858000.0,72939000.0,108014000.0,32.221,585279000.0
15,WOR,MRT,2017-09-30,2017-08-31,2017-08-31,2021-10-12,0.0,2630554000.0,2336449250.0,1161165000.0,1469389000.0,1.337,15.345,-64391000.0,195855000.0,195855000.0,2603395000.0,197475000.0,2.142,1.615,780583000.0,7493000.0,773090000.0,780583000.0,0.0,90326000.0,0.0,0.016,0.8,283504000.0,373830000.0,0.12,373830000.0,283504000.0,252771000.0,2.96,2.96,2.96,958174000.0,923304250.0,958174000.0,3460531624.0,12.0,9.257,233731000.0,3.743,1.0,521401000.0,0.167,603212000.0,30733000.0,2070086000.0,1857467000.0,425879000.0,212670000.0,0.0,212670000.0,1547827000.0,541984000.0,1005843000.0,3160002624.0,14330000.0,-284505000.0,-63246000.0,196292000.0,-51600000.0,65104000.0,-348896000.0,0.0,298122000.0,0.0,184482000.0,184482000.0,184482000.0,0.0,12993000.0,0.059,330953000.0,190448000.0,384486000.0,0.27,3.298,17.129,16.878,625590000.0,0.0,49.96,1.011,0.998,465113000.0,,3124796000.0,3124796000.0,0.0,0.079,0.2,0.153,0.091,14620000.0,323566000.0,1.0,63250653.0,62444000,64590000.0,50.042,2027342000.0,2105000.0,68289000.0,115774000.0,32.467,619181000.0
16,WOR,MRT,2017-06-30,2017-05-31,2017-05-31,2021-10-12,-27775000.0,2325344000.0,2224299000.0,1190969000.0,1134375000.0,1.355,15.24,-62964000.0,278081000.0,278081000.0,2478203000.0,217937000.0,2.287,1.315,578610000.0,6814000.0,571796000.0,578610000.0,0.0,86793000.0,0.0,0.019,0.79,313501000.0,400294000.0,0.133,400294000.0,313501000.0,283705000.0,3.28,3.28,3.28,951635000.0,897751250.0,951635000.0,3022439691.0,10.0,7.551,272708000.0,4.367,1.0,535905000.0,0.178,330454000.0,29796000.0,1774636000.0,1781229500.0,353934000.0,208591000.0,0.0,208591000.0,1251415000.0,520783000.0,730632000.0,2672673691.0,193893000.0,0.0,-9075000.0,-3402000.0,-50716000.0,-78815000.0,-62964000.0,0.0,335672000.0,0.0,204515000.0,204515000.0,204515000.0,0.0,13422000.0,0.068,322784000.0,213121000.0,368071000.0,0.241,2.809,13.068,12.796,570489000.0,0.0,41.97,0.887,0.869,486730000.0,676019000.0,3014108000.0,3014108000.0,0.0,0.092,0.228,0.176,0.104,14349000.0,316373000.0,1.0,63680574.0,62443000,64874000.0,48.27,1994890000.0,7164000.0,79190000.0,38748000.0,31.947,670186000.0
17,WOR,MRT,2017-03-31,2017-02-28,2017-02-28,2021-10-12,0.0,2247175000.0,2158279000.0,1116941000.0,1130234000.0,1.336,14.318,-82674000.0,227281000.0,227281000.0,2367886000.0,220093000.0,2.28,1.364,577047000.0,1045000.0,576002000.0,577047000.0,0.0,87104000.0,0.0,0.016,0.78,311263000.0,398367000.0,0.138,398367000.0,311263000.0,279930000.0,3.32,3.32,3.32,898468000.0,858185250.0,898468000.0,3525420729.0,11.0,8.85,289752000.0,4.618,1.0,515550000.0,0.179,330230000.0,31333000.0,1776931000.0,1784013250.0,340204000.0,205008000.0,0.0,205008000.0,1225128000.0,489780000.0,735348000.0,3123192729.0,201849000.0,5596000.0,-6328000.0,-31472000.0,-49760000.0,-97701000.0,-72876000.0,0.0,372426000.0,0.0,206545000.0,206545000.0,206545000.0,0.0,13548000.0,0.072,319276000.0,196274000.0,351998000.0,0.235,3.476,15.121,14.774,570020000.0,0.0,49.05,1.083,1.067,466689000.0,,2883436000.0,2883436000.0,0.0,0.096,0.241,0.174,0.108,15816000.0,311399000.0,1.0,63673654.0,62750000,64977000.0,45.951,1916945000.0,15554000.0,73385000.0,29691000.0,30.549,627161000.0
18,WOR,MRT,2016-12-31,2016-11-30,2016-11-30,2021-10-12,0.0,2142724000.0,2086467250.0,1007481000.0,1135243000.0,1.355,14.194,-76090000.0,175180000.0,175180000.0,2326597000.0,215285000.0,2.492,1.279,577408000.0,1370000.0,576038000.0,577408000.0,0.0,86188000.0,0.0,0.014,0.77,305634000.0,391822000.0,0.139,391822000.0,305634000.0,274089000.0,3.23,3.23,3.23,884940000.0,813512250.0,884940000.0,3971844114.0,13.0,10.137,299845000.0,4.809,1.0,500483000.0,0.177,332506000.0,31545000.0,1808215000.0,1784589750.0,337858000.0,203508000.0,0.0,203508000.0,1131962000.0,404231000.0,727731000.0,3573560114.0,147826000.0,-29343000.0,-19736000.0,-47856000.0,-48299000.0,-126878000.0,-101231000.0,0.0,375935000.0,0.0,200503000.0,200503000.0,200503000.0,0.0,14782000.0,0.071,313457000.0,187026000.0,278192000.0,0.238,4.038,17.823,17.424,571315000.0,0.0,56.28,1.264,1.241,429011000.0,,2827080000.0,2827080000.0,0.0,0.096,0.246,0.171,0.108,15139000.0,306272000.0,1.0,63496093.0,62348000,64725000.0,45.344,1810218000.0,7997000.0,73586000.0,23631000.0,29.034,603250000.0
19,WOR,MRT,2016-09-30,2016-08-31,2016-08-31,2021-10-12,0.0,2181953000.0,2041037500.0,1032466000.0,1149487000.0,1.371,13.831,-74829000.0,181525000.0,181525000.0,2312257000.0,191169000.0,2.168,1.403,579809000.0,2401000.0,577408000.0,579809000.0,0.0,85090000.0,0.0,0.018,0.76,277736000.0,362826000.0,0.13,362826000.0,277736000.0,246050000.0,2.85,2.85,2.85,855962000.0,770528750.0,855962000.0,3239796237.0,12.0,8.929,320833000.0,5.184,1.0,486859000.0,0.174,338893000.0,31686000.0,1765136000.0,1778050250.0,369733000.0,200048000.0,0.0,200048000.0,1200873000.0,476208000.0,724665000.0,2740489237.0,162753000.0,-32519000.0,-57135000.0,-19322000.0,-47536000.0,-129763000.0,-103146000.0,0.0,395662000.0,0.0,177314000.0,177314000.0,177314000.0,0.0,13855000.0,0.063,330905000.0,155954000.0,325299000.0,0.267,3.202,15.456,15.053,580771000.0,0.0,42.9,0.979,0.948,416529000.0,,2799116000.0,2799116000.0,0.0,0.087,0.23,0.156,0.099,15195000.0,302507000.0,1.0,63880868.0,61885000,64337000.0,45.231,1843060000.0,2498000.0,68736000.0,33475000.0,29.782,556258000.0
20,WOR,MRT,2016-06-30,2016-05-31,2016-05-31,2021-10-12,-28565000.0,2061264000.0,2007026750.0,915115000.0,1146149000.0,1.405,12.7,-97036000.0,84188000.0,84188000.0,2367121000.0,157628000.0,2.128,1.439,581004000.0,3513000.0,577491000.0,581004000.0,0.0,84699000.0,0.0,0.02,0.75,234372000.0,319071000.0,0.113,319071000.0,234372000.0,202702000.0,2.3,2.3,2.3,793371000.0,744009250.0,793371000.0,2918849096.0,12.0,9.148,316348000.0,5.064,1.0,452593000.0,0.161,342231000.0,31670000.0,1785771000.0,1782029750.0,319335000.0,191826000.0,0.0,191826000.0,1141418000.0,430078000.0,711340000.0,2333143096.0,53121000.0,-34206000.0,-91140000.0,-85784000.0,-47193000.0,-233223000.0,-127040000.0,0.0,413384000.0,0.0,143715000.0,143715000.0,143715000.0,0.0,13913000.0,0.051,330541000.0,122052000.0,290432000.0,0.326,2.941,16.235,16.243,582838000.0,0.0,37.36,0.827,0.828,439688000.0,522952000.0,2819714000.0,2819714000.0,0.0,0.072,0.193,0.132,0.083,15836000.0,297402000.0,1.0,62450297.0,62469000,64755000.0,45.138,1719033000.0,10535000.0,58987000.0,19880000.0,27.518,485037000.0
21,WOR,MRT,2016-03-31,2016-02-29,2016-02-29,2021-10-12,0.0,1959928000.0,2012996250.0,847658000.0,1112270000.0,1.466,11.657,-88568000.0,25432000.0,25432000.0,2522636000.0,125115000.0,1.982,1.592,611138000.0,31623000.0,579515000.0,611138000.0,0.0,84508000.0,0.0,0.024,0.74,186211000.0,270719000.0,0.092,270719000.0,186211000.0,154445000.0,1.79,1.79,1.79,719776000.0,732944500.0,719776000.0,2569078373.0,14.0,9.49,282011000.0,4.567,1.0,428430000.0,0.145,338749000.0,31766000.0,1779237000.0,1796164500.0,321227000.0,208898000.0,0.0,208898000.0,1146114000.0,427648000.0,718466000.0,1967027373.0,-17036000.0,-39611000.0,-125699000.0,-87079000.0,-47196000.0,-269630000.0,-117985000.0,0.0,370579000.0,0.0,114056000.0,114056000.0,114056000.0,0.0,11059000.0,0.039,333177000.0,95253000.0,262405000.0,0.413,2.733,17.246,17.38,539020000.0,0.0,31.11,0.667,0.651,399138000.0,,2951066000.0,2951066000.0,0.0,0.057,0.156,0.104,0.063,15527000.0,295415000.0,1.0,63228138.0,61747000,63871000.0,47.793,1621179000.0,34643000.0,40389000.0,20432000.0,26.255,420010000.0
22,WOR,MRT,2015-12-31,2015-11-30,2015-11-30,2021-10-12,0.0,1961005000.0,2078364500.0,871896000.0,1089109000.0,1.496,11.376,-100145000.0,27354000.0,27354000.0,2677773000.0,67727000.0,1.93,1.623,629405000.0,50389000.0,579016000.0,629405000.0,0.0,85509000.0,0.0,0.03,0.91,101634000.0,187143000.0,0.06,187143000.0,101634000.0,69373000.0,0.92,0.92,0.92,713006000.0,743185500.0,713006000.0,2561941237.0,25.0,13.69,247095000.0,3.942,1.0,430998000.0,0.139,329229000.0,32261000.0,1782057000.0,1816237000.0,351153000.0,210116000.0,0.0,210116000.0,1157231000.0,451770000.0,705461000.0,1976927237.0,-69183000.0,-63620000.0,-150808000.0,-53778000.0,-47800000.0,-266373000.0,-150050000.0,0.0,347240000.0,0.0,58499000.0,58499000.0,58499000.0,0.0,9228000.0,0.019,412867000.0,18131000.0,265984000.0,0.989,2.773,33.794,33.446,524088000.0,0.0,30.77,0.636,0.62,407371000.0,,3108771000.0,3108771000.0,0.0,0.028,0.079,0.056,0.033,15295000.0,292030000.0,1.0,64248529.0,62676000,64663000.0,49.601,1631776000.0,24847000.0,10874000.0,6851000.0,26.035,420126000.0
23,WOR,MRT,2015-09-30,2015-08-31,2015-08-31,2021-10-12,0.0,2045910000.0,2164961000.0,934836000.0,1111074000.0,1.515,11.718,-110748000.0,18772000.0,18772000.0,2832925000.0,73431000.0,1.887,1.61,603786000.0,22885000.0,580901000.0,603786000.0,0.0,86162000.0,0.0,0.035,0.9,116532000.0,202694000.0,0.062,202694000.0,116532000.0,82394000.0,0.99,0.99,0.99,749884000.0,783059500.0,749884000.0,2313488855.0,20.0,11.414,186875000.0,2.92,1.0,447042000.0,0.136,354431000.0,34138000.0,1781054000.0,1841822250.0,382799000.0,201383000.0,0.0,201383000.0,1207019000.0,495439000.0,711580000.0,1673812855.0,-128149000.0,-74987000.0,-131543000.0,-61284000.0,-47873000.0,-252502000.0,-173270000.0,-2300000.0,297623000.0,0.0,64585000.0,64585000.0,64585000.0,0.0,8846000.0,0.02,407691000.0,39351000.0,317552000.0,0.909,2.232,25.916,25.848,530760000.0,0.0,25.59,0.51,0.499,431586000.0,,3279967000.0,3279967000.0,0.0,0.03,0.082,0.063,0.036,15292000.0,296616000.0,1.0,65408865.0,63993000,66065000.0,51.255,1691479000.0,24599000.0,17809000.0,26593000.0,26.432,439397000.0
24,WOR,MRT,2015-06-30,2015-05-31,2015-05-31,2021-10-12,-50704000.0,2085142000.0,2242157500.0,992193000.0,1092949000.0,1.509,11.297,-96255000.0,31067000.0,31067000.0,2920701000.0,87256000.0,1.892,1.662,670743000.0,91391000.0,579352000.0,670743000.0,0.0,85089000.0,0.0,0.032,0.87,138357000.0,223446000.0,0.066,223446000.0,138357000.0,102557000.0,1.16,1.16,1.16,749112000.0,812055750.0,749112000.0,2435961970.0,18.0,10.902,118120000.0,1.781,1.0,463533000.0,0.137,358116000.0,35800000.0,1842310000.0,1849631000.0,374975000.0,196776000.0,0.0,196776000.0,1245093000.0,524392000.0,720701000.0,1778572970.0,-159012000.0,-113521000.0,-124450000.0,6767000.0,-46434000.0,-170318000.0,-203069000.0,-7300000.0,214375000.0,0.0,76785000.0,76785000.0,76785000.0,0.0,10471000.0,0.023,402976000.0,60557000.0,294129000.0,0.75,2.374,23.163,23.457,513190000.0,0.0,27.21,0.526,0.533,474292000.0,510738000.0,3384234000.0,3384234000.0,0.0,0.034,0.095,0.075,0.041,10738000.0,295920000.0,1.0,65364681.0,66309000,68483000.0,51.037,1727026000.0,34153000.0,25772000.0,24340000.0,26.045,467801000.0
25,WOR,MRT,2015-03-31,2015-02-28,2015-02-28,2021-10-12,0.0,2221401000.0,2294967250.0,1125930000.0,1095471000.0,1.494,11.464,-92446000.0,42468000.0,42468000.0,2945159000.0,88278000.0,1.727,1.801,699857000.0,123889000.0,575968000.0,699857000.0,0.0,83296000.0,0.0,0.031,0.84,154574000.0,237870000.0,0.069,237870000.0,154574000.0,119024000.0,1.18,1.18,1.18,760740000.0,837480750.0,760740000.0,2425889999.0,16.0,10.198,54763000.0,0.825,1.0,484057000.0,0.141,367296000.0,35550000.0,1859527000.0,1835523000.0,478097000.0,195788000.0,0.0,195788000.0,1369728000.0,651967000.0,717761000.0,1836783999.0,-10418000.0,-142992000.0,-130556000.0,258603000.0,-45013000.0,77150000.0,-234777000.0,-7300000.0,147209000.0,0.0,81083000.0,81083000.0,81083000.0,0.0,7195000.0,0.024,419434000.0,64623000.0,386408000.0,0.712,2.414,22.653,22.881,511690000.0,0.0,27.0,0.536,0.522,495861000.0,,3429216000.0,3429216000.0,0.0,0.035,0.097,0.084,0.045,13719000.0,294108000.0,1.0,68029037.0,66359000,66359000.0,51.677,1854105000.0,33272000.0,37941000.0,25036000.0,27.941,473963000.0
26,WOR,MRT,2014-12-31,2014-11-30,2014-11-30,2021-10-12,0.0,2307391000.0,2271093750.0,1154394000.0,1152997000.0,1.496,13.002,-88070000.0,96537000.0,96537000.0,2889608000.0,155734000.0,1.997,1.532,685643000.0,111909000.0,573734000.0,685643000.0,0.0,81742000.0,0.0,0.017,0.63,253431000.0,335173000.0,0.099,335173000.0,253431000.0,220066000.0,2.16,2.16,2.16,872502000.0,862550750.0,872502000.0,3102030697.0,12.0,9.255,73087000.0,1.089,1.0,508053000.0,0.15,433952000.0,33365000.0,1884398000.0,1742332500.0,454775000.0,194686000.0,0.0,194686000.0,1336383000.0,578147000.0,758236000.0,2582310697.0,-12518000.0,-119643000.0,-121845000.0,233601000.0,-43041000.0,36318000.0,-209993000.0,-7300000.0,161157000.0,0.0,147396000.0,147396000.0,147396000.0,0.0,8338000.0,0.043,345971000.0,162082000.0,324886000.0,0.292,2.96,17.52,17.458,501909000.0,0.0,37.71,0.76,0.745,491687000.0,,3397661000.0,3397661000.0,0.0,0.065,0.171,0.145,0.075,13567000.0,303024000.0,1.0,68478141.0,67105000,69181000.0,50.632,1873439000.0,36821000.0,72670000.0,67025000.0,27.918,576247000.0
27,WOR,MRT,2014-09-30,2014-08-31,2014-08-31,2021-10-12,0.0,2354696000.0,2204596250.0,1204544000.0,1150152000.0,1.495,12.815,-81857000.0,146921000.0,146921000.0,2785487000.0,152619000.0,1.883,1.612,666641000.0,112147000.0,554494000.0,666641000.0,0.0,80637000.0,0.0,0.015,0.6,236387000.0,317024000.0,0.096,317024000.0,236387000.0,206440000.0,2.05,2.05,2.05,865869000.0,860372500.0,865869000.0,3253498789.0,14.0,10.263,107210000.0,1.587,1.0,511062000.0,0.155,422375000.0,29947000.0,1812289000.0,1668849000.0,467562000.0,196373000.0,0.0,196373000.0,1395962000.0,639752000.0,756210000.0,2777252789.0,25872000.0,-104824000.0,-116376000.0,194807000.0,-41310000.0,4762000.0,-167957000.0,-5000000.0,189067000.0,0.0,140911000.0,140911000.0,140911000.0,0.0,11708000.0,0.043,361887000.0,149175000.0,369273000.0,0.293,3.207,19.709,19.727,504140000.0,0.0,40.44,0.842,0.829,486005000.0,,3296549000.0,3296549000.0,0.0,0.064,0.164,0.142,0.072,12878000.0,304111000.0,1.0,68675885.0,67567000,69738000.0,48.789,1932321000.0,26675000.0,65529000.0,87602000.0,28.599,564792000.0
28,WOR,MRT,2014-06-30,2014-05-31,2014-05-31,2021-10-12,-3581000.0,2296381000.0,2139187250.0,1198922000.0,1097459000.0,1.462,12.341,-71338000.0,190079000.0,190079000.0,2633907000.0,160152000.0,2.033,1.588,666325000.0,111535000.0,554790000.0,666325000.0,0.0,79730000.0,0.0,0.011,0.45,235320000.0,315050000.0,0.101,315050000.0,235320000.0,208649000.0,2.19,2.19,2.19,850812000.0,858302250.0,850812000.0,3185731927.0,14.0,10.112,157708000.0,2.287,1.0,492519000.0,0.158,397086000.0,26671000.0,1785878000.0,1605758000.0,410002000.0,179113000.0,0.0,179113000.0,1351499000.0,589663000.0,761836000.0,2796777927.0,138694000.0,-11517000.0,-123600000.0,142729000.0,-31198000.0,-44158000.0,-46194000.0,0.0,229046000.0,0.0,151300000.0,151300000.0,151300000.0,0.0,8852000.0,0.048,356766000.0,135753000.0,333744000.0,0.205,3.287,18.485,18.402,498861000.0,0.0,40.3,0.895,0.889,493127000.0,591783000.0,3126426000.0,3126426000.0,0.0,0.071,0.176,0.147,0.075,13137000.0,300396000.0,1.0,69398956.0,68944000,71664000.0,45.347,1899295000.0,29710000.0,57349000.0,76286000.0,27.548,609259000.0
29,WOR,MRT,2014-03-31,2014-02-28,2014-02-28,2021-10-12,0.0,2125907000.0,2052806250.0,1043600000.0,1082307000.0,1.432,12.498,-78570000.0,52886000.0,52886000.0,2466688000.0,160921000.0,1.608,1.357,441840000.0,136470000.0,305370000.0,441840000.0,0.0,78096000.0,0.0,0.008,0.3,232213000.0,310309000.0,0.106,310309000.0,232213000.0,207352000.0,2.18,2.18,2.18,861020000.0,853304750.0,861020000.0,3147798912.0,14.0,10.144,219331000.0,3.184,1.0,472793000.0,0.161,378999000.0,24861000.0,1486765000.0,1561941500.0,441344000.0,175454000.0,0.0,175454000.0,1167994000.0,649097000.0,518897000.0,2806635912.0,15527000.0,-94618000.0,-111295000.0,3351000.0,-20952000.0,-159696000.0,-122678000.0,0.0,297901000.0,0.0,151660000.0,151660000.0,151660000.0,0.0,9261000.0,0.052,334239000.0,138554000.0,379230000.0,0.138,3.26,18.506,18.284,510978000.0,0.0,39.86,0.955,0.934,467927000.0,,2939481000.0,2939481000.0,0.0,0.074,0.178,0.149,0.079,6869000.0,296195000.0,1.0,70412341.0,68895000,71528000.0,42.666,1746908000.0,33330000.0,55692000.0,82552000.0,25.356,394503000.0
30,WOR,MRT,2013-12-31,2013-11-30,2013-11-30,2021-10-12,0.0,2041401000.0,1992625000.0,1004615000.0,1036786000.0,1.398,12.464,-66061000.0,109055000.0,109055000.0,2338446000.0,154041000.0,2.225,1.227,450218000.0,44558000.0,405660000.0,450218000.0,0.0,74936000.0,0.0,0.013,0.54,228376000.0,303312000.0,0.109,303312000.0,228376000.0,203553000.0,2.12,2.12,2.12,863789000.0,842268500.0,863789000.0,3309756415.0,14.0,10.912,171320000.0,2.472,1.0,447332000.0,0.161,340648000.0,24823000.0,1590464000.0,1593623000.0,392407000.0,174546000.0,0.0,174546000.0,1060008000.0,451452000.0,608556000.0,2961571415.0,76166000.0,-59019000.0,-51960000.0,-1771000.0,-37447000.0,-86065000.0,-75150000.0,0.0,237381000.0,0.0,148188000.0,148188000.0,148188000.0,0.0,5853000.0,0.053,320528000.0,126804000.0,283019000.0,0.255,3.429,19.985,19.778,505008000.0,0.0,41.93,1.063,1.043,433995000.0,,2785778000.0,2785778000.0,0.0,0.074,0.176,0.143,0.082,3824000.0,283736000.0,1.0,70631324.0,69304000,71826000.0,40.196,1700753000.0,25274000.0,55365000.0,77648000.0,24.54,553163000.0
31,WOR,MRT,2013-09-30,2013-08-31,2013-08-31,2021-10-12,0.0,2093060000.0,1937483500.0,1010242000.0,1082818000.0,1.362,12.321,-47822000.0,121049000.0,121049000.0,2224544000.0,158323000.0,2.003,1.309,469234000.0,63286000.0,405948000.0,469234000.0,0.0,70942000.0,0.0,0.016,0.52,244232000.0,315174000.0,0.119,315174000.0,244232000.0,219333000.0,2.25,2.25,2.25,857588000.0,820357750.0,857588000.0,2787835694.0,11.0,8.845,248621000.0,3.572,1.0,413956000.0,0.157,377012000.0,24899000.0,1559925000.0,1591619500.0,376657000.0,184449000.0,0.0,184449000.0,1122672000.0,504308000.0,618364000.0,2318164694.0,90568000.0,-121405000.0,-31673000.0,2379000.0,-35994000.0,-66824000.0,-139051000.0,0.0,296443000.0,0.0,157037000.0,157037000.0,157037000.0,0.0,1286000.0,0.06,278894000.0,135062000.0,311204000.0,0.231,2.703,14.762,14.813,503869000.0,0.0,33.33,0.879,0.879,439365000.0,,2638500000.0,2638500000.0,0.0,0.081,0.191,0.153,0.093,4376000.0,270442000.0,1.0,69551896.0,69601000,72083000.0,37.909,1716048000.0,25433000.0,62296000.0,106123000.0,24.656,505934000.0
32,WOR,MRT,2013-06-30,2013-05-31,2013-05-31,2021-10-12,-12036000.0,1950857000.0,1865595000.0,866883000.0,1083974000.0,1.4,11.989,-44588000.0,51385000.0,51385000.0,2215601000.0,136835000.0,1.931,1.298,521056000.0,114820000.0,406236000.0,521056000.0,0.0,66469000.0,0.0,0.019,0.64,224825000.0,291294000.0,0.112,291294000.0,224825000.0,200907000.0,1.97,1.97,1.97,830822000.0,791237000.0,830822000.0,2845335252.0,13.0,9.768,228389000.0,3.296,1.0,396643000.0,0.152,361002000.0,23918000.0,1610612000.0,1598248000.0,356768000.0,246125000.0,0.0,246125000.0,1078620000.0,448914000.0,629706000.0,2444472252.0,10357000.0,-174362000.0,7497000.0,-19926000.0,-44144000.0,-60644000.0,-201976000.0,0.0,272977000.0,0.0,136442000.0,136442000.0,136442000.0,0.0,393000.0,0.052,268105000.0,128538000.0,222696000.0,0.325,2.942,17.916,17.452,459430000.0,0.0,34.38,0.936,0.912,394327000.0,597994000.0,2612244000.0,2612244000.0,0.0,0.073,0.172,0.141,0.086,8087000.0,258324000.0,1.0,71101578.0,69301000,71314000.0,37.694,1589855000.0,22652000.0,64465000.0,95669000.0,22.941,417969000.0
33,WOR,MRT,2013-03-31,2013-02-28,2013-02-28,2021-10-12,0.0,1885182000.0,1847330000.0,863580000.0,1021602000.0,1.442,11.705,-48613000.0,37359000.0,37359000.0,2256590000.0,159232000.0,2.268,1.254,438222000.0,31699000.0,406523000.0,438222000.0,0.0,63383000.0,0.0,0.027,0.76,248680000.0,312063000.0,0.117,312063000.0,248680000.0,225949000.0,2.24,2.24,2.24,816875000.0,757825000.0,816875000.0,2417568986.0,10.0,7.747,183766000.0,2.633,1.0,407001000.0,0.153,291845000.0,22731000.0,1613491000.0,1559396500.0,373382000.0,256262000.0,0.0,256262000.0,1024387000.0,380709000.0,643678000.0,1998485986.0,2093000.0,-113028000.0,13069000.0,-107957000.0,-52426000.0,-151613000.0,-78673000.0,0.0,232379000.0,0.0,154997000.0,154997000.0,154997000.0,0.0,4235000.0,0.058,257025000.0,149976000.0,245862000.0,0.339,2.447,12.894,12.652,454640000.0,0.0,28.34,0.75,0.743,376534000.0,,2663591000.0,2663591000.0,0.0,0.084,0.205,0.159,0.093,9719000.0,252062000.0,1.0,70518207.0,69791000,71914000.0,38.165,1593337000.0,35303000.0,70952000.0,103190000.0,22.83,482871000.0
34,WOR,MRT,2012-12-31,2012-11-30,2012-11-30,2021-10-12,0.0,1820835000.0,1840877000.0,795114000.0,1025721000.0,1.442,11.259,-41970000.0,32889000.0,32889000.0,2262012000.0,150299000.0,2.191,1.286,451972000.0,45161000.0,406811000.0,451972000.0,0.0,60988000.0,0.0,0.021,0.49,229452000.0,290440000.0,0.109,290440000.0,229452000.0,207806000.0,2.09,2.09,2.09,776146000.0,726314500.0,776146000.0,2075467868.0,9.0,7.146,241543000.0,3.504,1.0,393307000.0,0.148,294644000.0,21646000.0,1582450000.0,1518913750.0,358224000.0,252347000.0,0.0,252347000.0,998359000.0,362824000.0,635535000.0,1646361868.0,-20917000.0,-221394000.0,-3077000.0,-78968000.0,-33659000.0,-124034000.0,-180396000.0,0.0,283513000.0,0.0,143746000.0,143746000.0,143746000.0,0.0,6553000.0,0.054,257103000.0,136204000.0,218971000.0,0.234,2.121,11.453,11.273,460081000.0,0.0,23.56,0.62,0.612,334912000.0,,2655319000.0,2655319000.0,0.0,0.078,0.198,0.151,0.086,12318000.0,251330000.0,1.0,69879536.0,68934000,70411000.0,38.52,1526191000.0,26832000.0,64060000.0,92566000.0,22.14,432290000.0
35,WOR,MRT,2012-09-30,2012-08-31,2012-08-31,2021-10-12,0.0,1805506000.0,1788074250.0,846185000.0,959321000.0,1.453,10.854,-40402000.0,30481000.0,30481000.0,2243292000.0,131878000.0,2.155,1.367,459587000.0,52490000.0,407097000.0,459587000.0,0.0,58006000.0,0.0,0.023,0.48,198726000.0,256732000.0,0.099,256732000.0,198726000.0,178658000.0,1.8,1.8,1.8,741105000.0,698168500.0,741105000.0,1941643144.0,10.0,7.563,219085000.0,3.209,1.0,355057000.0,0.137,255449000.0,20068000.0,1586439000.0,1472596750.0,383582000.0,244087000.0,0.0,244087000.0,1013124000.0,392724000.0,620400000.0,1448957144.0,-6394000.0,-198066000.0,-24250000.0,-47216000.0,-33119000.0,-110381000.0,-155500000.0,0.0,259487000.0,0.0,123905000.0,123905000.0,123905000.0,0.0,7973000.0,0.048,245739000.0,109318000.0,237885000.0,0.267,1.955,11.694,11.611,440885000.0,0.0,20.9,0.558,0.549,359660000.0,,2598349000.0,2598349000.0,0.0,0.069,0.177,0.135,0.076,11156000.0,239130000.0,1.0,69328093.0,68278000,69571000.0,38.055,1550057000.0,21791000.0,54753000.0,85852000.0,22.702,453461000.0
36,WOR,MRT,2012-06-30,2012-05-31,2012-05-31,2021-10-12,-20387000.0,1877797000.0,1748053000.0,914239000.0,963558000.0,1.45,10.01,-31713000.0,41028000.0,41028000.0,2201833000.0,125353000.0,1.389,1.621,533714000.0,276252000.0,257462000.0,533714000.0,0.0,55873000.0,0.0,0.028,0.46,186996000.0,242869000.0,0.096,242869000.0,186996000.0,167499000.0,1.66,1.66,1.66,697174000.0,683381000.0,697174000.0,1640139294.0,9.0,6.753,141936000.0,2.038,1.0,332868000.0,0.131,257014000.0,19497000.0,1455206000.0,1430586000.0,401940000.0,240882000.0,0.0,240882000.0,1130360000.0,658263000.0,472097000.0,1136510294.0,-15139000.0,-239851000.0,-62302000.0,103164000.0,-32138000.0,-192000.0,-188596000.0,0.0,173649000.0,0.0,115595000.0,115595000.0,115595000.0,0.0,9758000.0,0.046,231408000.0,101460000.0,252334000.0,0.277,1.63,9.832,9.789,443077000.0,0.0,16.25,0.448,0.447,400869000.0,525223000.0,2534701000.0,2534701000.0,0.0,0.066,0.169,0.131,0.074,11164000.0,225069000.0,1.0,69939095.0,69651000,70252000.0,36.391,1620783000.0,21798000.0,51904000.0,84796000.0,23.27,255976000.0
37,WOR,MRT,2012-03-31,2012-02-29,2012-02-29,2021-10-12,0.0,1859370000.0,1695416000.0,888629000.0,970741000.0,1.448,10.016,6535000.0,35266000.0,35266000.0,2124417000.0,125504000.0,1.353,1.624,538895000.0,286354000.0,252541000.0,538895000.0,0.0,54425000.0,0.0,0.026,0.44,192215000.0,246640000.0,0.1,246640000.0,192215000.0,173021000.0,1.61,1.61,1.61,690833000.0,681565000.0,690833000.0,1594174470.0,8.0,6.464,160044000.0,2.32,1.0,330570000.0,0.135,254414000.0,19194000.0,1451560000.0,1405709250.0,395117000.0,237968000.0,0.0,237968000.0,1121683000.0,657025000.0,464658000.0,1171631470.0,-14460000.0,-195109000.0,-97671000.0,160543000.0,-31277000.0,20605000.0,-188574000.0,0.0,153509000.0,0.0,115435000.0,115435000.0,115435000.0,0.0,10069000.0,0.047,232725000.0,97845000.0,264273000.0,0.273,1.696,10.15,10.478,455130000.0,0.0,16.87,0.477,0.474,373487000.0,,2454987000.0,2454987000.0,0.0,0.068,0.169,0.137,0.078,9440000.0,222431000.0,1.0,69450591.0,68972000,69509000.0,35.594,1604956000.0,28587000.0,57586000.0,89367000.0,23.27,231604000.0
38,WOR,MRT,2011-12-31,2011-11-30,2011-11-30,2021-10-12,0.0,1609624000.0,1628834250.0,808684000.0,800940000.0,1.482,9.568,4208000.0,53806000.0,53806000.0,2077679000.0,125440000.0,1.652,1.355,476349000.0,226086000.0,250263000.0,476349000.0,0.0,55561000.0,0.0,0.024,0.42,194677000.0,250238000.0,0.104,250238000.0,194677000.0,176023000.0,1.58,1.58,1.58,663562000.0,682669250.0,663562000.0,1664380453.0,9.0,6.651,135357000.0,1.952,1.0,335492000.0,0.139,145614000.0,18654000.0,1397182000.0,1369051750.0,335120000.0,233187000.0,0.0,233187000.0,899282000.0,489371000.0,409911000.0,1241792453.0,-7064000.0,-106258000.0,-97780000.0,102352000.0,-30417000.0,-36163000.0,-102050000.0,0.0,131149000.0,0.0,115881000.0,115881000.0,115881000.0,0.0,9559000.0,0.048,229513000.0,105979000.0,177194000.0,0.266,1.871,10.716,11.133,398989000.0,0.0,17.59,0.515,0.506,328638000.0,,2413171000.0,2413171000.0,0.0,0.071,0.17,0.142,0.081,8246000.0,219711000.0,1.0,70596501.0,69350000,69356000.0,34.797,1464010000.0,35415000.0,60142000.0,88628000.0,21.11,319313000.0
39,WOR,MRT,2011-09-30,2011-08-31,2011-08-31,2021-10-12,0.0,1645421000.0,1604506250.0,858642000.0,786779000.0,1.513,9.535,1350000.0,36875000.0,36875000.0,2079501000.0,128122000.0,1.676,1.34,459463000.0,209205000.0,250258000.0,459463000.0,0.0,58088000.0,0.0,0.025,0.4,198492000.0,256580000.0,0.106,256580000.0,198492000.0,179756000.0,1.61,1.61,1.61,681955000.0,683396250.0,681955000.0,1534878622.0,8.0,5.982,127601000.0,1.784,1.0,348705000.0,0.144,137236000.0,18736000.0,1418396000.0,1343717250.0,377772000.0,234767000.0,0.0,234767000.0,913926000.0,512377000.0,401549000.0,1207835622.0,-27990000.0,-67476000.0,-92481000.0,44096000.0,-29411000.0,-88115000.0,-66126000.0,0.0,126251000.0,0.0,118365000.0,118365000.0,118365000.0,0.0,9757000.0,0.049,231459000.0,117246000.0,219481000.0,0.248,1.771,10.204,10.093,391349000.0,0.0,16.25,0.497,0.479,353247000.0,,2428206000.0,2428206000.0,0.0,0.074,0.173,0.148,0.082,7247000.0,223781000.0,1.0,74328346.0,71518000,72418000.0,33.952,1508185000.0,24761000.0,61391000.0,86415000.0,21.088,346265000.0
40,WOR,MRT,2011-06-30,2011-05-31,2011-05-31,2021-10-12,3975000.0,1667249000.0,1582541250.0,891635000.0,775614000.0,1.543,9.223,-1411000.0,56167000.0,56167000.0,2086467000.0,124034000.0,1.698,1.343,383210000.0,132956000.0,250254000.0,383210000.0,0.0,61058000.0,0.0,0.018,0.4,192318000.0,253376000.0,0.104,253376000.0,192318000.0,173562000.0,1.54,1.54,1.54,689910000.0,678232500.0,689910000.0,1902585844.0,10.0,7.509,70484000.0,0.942,1.0,356157000.0,0.146,113591000.0,18756000.0,1355699000.0,1321314500.0,370830000.0,232149000.0,0.0,232149000.0,926546000.0,525002000.0,401544000.0,1621283844.0,-2849000.0,-37866000.0,-127937000.0,132956000.0,-30168000.0,-35467000.0,-39277000.0,0.0,71895000.0,0.0,115066000.0,115066000.0,115066000.0,0.0,8968000.0,0.047,242237000.0,113920000.0,253404000.0,0.26,2.35,14.09,14.175,405334000.0,0.0,21.83,0.664,0.669,388550000.0,504410000.0,2442624000.0,2442624000.0,0.0,0.073,0.17,0.146,0.079,5499000.0,235198000.0,1.0,74268614.0,74803000,75409000.0,32.654,1553658000.0,29653000.0,58496000.0,91113000.0,20.77,366633000.0
41,WOR,MRT,2011-03-31,2011-02-28,2011-02-28,2021-10-12,0.0,1593043000.0,1545815750.0,836543000.0,756500000.0,1.548,9.374,-15661000.0,49726000.0,49726000.0,2050574000.0,104863000.0,1.858,1.219,331028000.0,80778000.0,250250000.0,331028000.0,0.0,63480000.0,0.0,0.021,0.4,165731000.0,229211000.0,0.096,229211000.0,165731000.0,148566000.0,1.26,1.26,1.26,695250000.0,683608250.0,695250000.0,1749365473.0,11.0,7.632,30117000.0,0.406,1.0,342770000.0,0.143,119212000.0,17165000.0,1304930000.0,1289454750.0,372571000.0,125069000.0,0.0,125069000.0,847767000.0,450203000.0,397564000.0,1436254473.0,-4967000.0,-30803000.0,-72424000.0,107717000.0,-30666000.0,-4281000.0,-46464000.0,0.0,45778000.0,0.0,96206000.0,96206000.0,96206000.0,0.0,8657000.0,0.04,238146000.0,104624000.0,265803000.0,0.317,2.066,14.929,15.365,495628000.0,0.0,19.36,0.6,0.6,345209000.0,,2393344000.0,2393344000.0,0.0,0.062,0.141,0.129,0.069,5637000.0,236191000.0,1.0,74186698.0,74171000,75001000.0,32.268,1473831000.0,33640000.0,52360000.0,77463000.0,19.871,386340000.0
42,WOR,MRT,2010-12-31,2010-11-30,2010-11-30,2021-10-12,0.0,1512312000.0,1498298250.0,777710000.0,734602000.0,1.518,8.999,-16196000.0,60870000.0,60870000.0,1962788000.0,60430000.0,1.853,1.215,373981000.0,123735000.0,250246000.0,373981000.0,0.0,63794000.0,0.0,0.025,0.4,100478000.0,164272000.0,0.072,164272000.0,100478000.0,85957000.0,0.69,0.69,0.69,666470000.0,684092000.0,666470000.0,1536774568.0,15.0,9.355,-49616000.0,-0.67,1.0,312230000.0,0.137,109981000.0,14521000.0,1295844000.0,1222135500.0,341054000.0,122199000.0,0.0,122199000.0,809485000.0,419598000.0,389887000.0,1186287568.0,-8571000.0,-41956000.0,-72781000.0,194994000.0,-31181000.0,83001000.0,-58152000.0,0.0,-33420000.0,0.0,52140000.0,52140000.0,52140000.0,0.0,8290000.0,0.023,270913000.0,41317000.0,196854000.0,0.58,1.78,22.752,23.217,487839000.0,0.0,16.02,0.521,0.522,315140000.0,,2275018000.0,2275018000.0,0.0,0.035,0.076,0.082,0.044,5288000.0,233941000.0,1.0,74050410.0,74062000,74077000.0,30.718,1402331000.0,28372000.0,33817000.0,66562000.0,18.935,358112000.0
43,WOR,MRT,2010-09-30,2010-08-31,2010-08-31,2021-10-12,0.0,1557561000.0,1459390250.0,822262000.0,735299000.0,1.468,8.516,-14831000.0,64865000.0,64865000.0,1832668000.0,68165000.0,1.753,1.299,415352000.0,165110000.0,250242000.0,415352000.0,0.0,64580000.0,0.0,0.028,0.4,106376000.0,170956000.0,0.08,170956000.0,106376000.0,94645000.0,0.78,0.78,0.78,661300000.0,699886250.0,661300000.0,1298853976.0,12.0,7.598,-69834000.0,-0.899,1.0,309644000.0,0.145,110178000.0,11731000.0,1328785000.0,1144937750.0,372852000.0,113314000.0,0.0,113314000.0,858861000.0,469085000.0,389776000.0,1107631976.0,-37536000.0,-66307000.0,-61432000.0,197147000.0,-31680000.0,98605000.0,-81138000.0,0.0,-55003000.0,0.0,60920000.0,60920000.0,60920000.0,0.0,7245000.0,0.028,262158000.0,47486000.0,204221000.0,0.513,1.675,18.182,18.231,497117000.0,0.0,14.22,0.517,0.515,324031000.0,,2142312000.0,2142312000.0,0.0,0.042,0.087,0.093,0.05,4885000.0,225068000.0,1.0,77892544.0,77658000,77680000.0,27.586,1447383000.0,23555000.0,33725000.0,75553000.0,18.638,353177000.0
44,WOR,MRT,2010-06-30,2010-05-31,2010-05-31,2021-10-12,-10631000.0,1520347000.0,1408522500.0,782285000.0,738062000.0,1.379,8.991,-18369000.0,59016000.0,59016000.0,1663104000.0,51507000.0,2.06,1.083,250238000.0,0.0,250238000.0,250238000.0,0.0,64653000.0,0.0,0.027,0.4,81425000.0,146078000.0,0.075,146078000.0,81425000.0,71891000.0,0.57,0.57,0.57,711413000.0,711946250.0,711413000.0,1332330234.0,16.0,9.121,92050000.0,1.163,1.0,279930000.0,0.144,103507000.0,9534000.0,1228260000.0,1058810000.0,364331000.0,113001000.0,0.0,113001000.0,770313000.0,379802000.0,390511000.0,1166620234.0,2697000.0,-63581000.0,2313000.0,7949000.0,-31660000.0,-25772000.0,-81950000.0,0.0,110419000.0,0.0,45241000.0,45241000.0,45241000.0,0.0,6266000.0,0.023,257967000.0,21963000.0,258730000.0,0.702,1.64,25.787,25.825,506163000.0,0.0,14.72,0.6,0.599,301455000.0,532126000.0,1943034000.0,1943034000.0,0.0,0.032,0.064,0.077,0.042,4405000.0,218315000.0,1.0,79254092.0,79127000,79143000.0,24.556,1416840000.0,23407000.0,26650000.0,80985000.0,17.906,402483000.0
45,WOR,MRT,2010-03-31,2010-02-28,2010-02-28,2021-10-12,0.0,1402973000.0,1369393000.0,652977000.0,749996000.0,1.306,8.809,-25264000.0,54693000.0,54693000.0,1576714000.0,3162000.0,1.528,0.96,220403000.0,120003000.0,100400000.0,220403000.0,0.0,64277000.0,0.0,0.03,0.47,10217000.0,74494000.0,0.042,74494000.0,10217000.0,-557000.0,-0.02,-0.02,-0.02,697185000.0,710610250.0,697185000.0,1360742160.0,133.0,18.266,145362000.0,1.837,1.0,211477000.0,0.118,105734000.0,10774000.0,1035653000.0,1014204500.0,321872000.0,109126000.0,0.0,109126000.0,669503000.0,427296000.0,242207000.0,1254101160.0,22750000.0,-49847000.0,3431000.0,-32839000.0,-37153000.0,-74958000.0,-72918000.0,1818000.0,170626000.0,0.0,-1554000.0,-1554000.0,-1554000.0,0.0,4716000.0,-0.001,251361000.0,-39884000.0,216829000.0,-23.5,1.799,-807.015,-792.0,521304000.0,0.0,15.84,0.701,0.701,200149000.0,,1788191000.0,1788191000.0,0.0,-0.001,-0.002,0.01,0.006,5042000.0,206168000.0,1.0,79173053.0,79146000,79146000.0,22.594,1297239000.0,42174000.0,997000.0,73098000.0,16.39,225681000.0
46,WOR,MRT,2009-12-31,2009-11-30,2009-11-30,2021-10-12,0.0,1356680000.0,1390885750.0,581711000.0,774969000.0,1.322,9.225,-36966000.0,69441000.0,69441000.0,1644519000.0,22996000.0,1.72,0.81,176082000.0,75682000.0,100400000.0,176082000.0,0.0,64022000.0,0.0,0.046,0.54,17370000.0,81392000.0,0.044,81392000.0,17370000.0,4196000.0,0.22,0.22,0.22,729647000.0,714598500.0,729647000.0,1039506838.0,60.0,12.772,272466000.0,3.445,1.0,193684000.0,0.105,138049000.0,13174000.0,987053000.0,1072495500.0,266375000.0,105129000.0,0.0,105129000.0,590770000.0,338219000.0,252551000.0,926602838.0,42998000.0,-12649000.0,3496000.0,-195302000.0,-42623000.0,-241207000.0,-25227000.0,24013000.0,309432000.0,0.0,17740000.0,17740000.0,17740000.0,0.0,5256000.0,0.01,222448000.0,-28764000.0,168448000.0,2.455,1.27,52.232,53.227,518014000.0,0.0,11.71,0.504,0.504,182558000.0,,1838203000.0,1838203000.0,0.0,0.013,0.025,0.016,0.009,5236000.0,196427000.0,1.0,79129192.0,79096000,79109000.0,23.24,1218631000.0,31572000.0,-13544000.0,85598000.0,15.407,243492000.0
47,WOR,MRT,2009-09-30,2009-08-31,2009-08-31,2021-10-12,0.0,1354090000.0,1475457000.0,595175000.0,758915000.0,1.447,8.974,-51817000.0,102401000.0,102401000.0,2063540000.0,-165368000.0,1.661,0.858,215305000.0,114905000.0,100400000.0,215305000.0,0.0,63601000.0,0.0,0.046,0.61,-217032000.0,-153431000.0,-0.072,-153431000.0,-217032000.0,-234708000.0,-2.16,-2.16,-2.16,709540000.0,713588500.0,709540000.0,1224724530.0,-6.0,-7.982,276393000.0,3.496,1.0,72032000.0,0.034,124444000.0,17676000.0,984274000.0,1172807250.0,232937000.0,101091000.0,0.0,101091000.0,608800000.0,358276000.0,250524000.0,1041650530.0,27626000.0,8852000.0,3229000.0,-229669000.0,-48109000.0,-282007000.0,-18577000.0,24013000.0,328210000.0,0.0,-170163000.0,-170163000.0,-170163000.0,0.0,4795000.0,-0.08,331527000.0,-259495000.0,154019000.0,-0.282,1.468,-6.121,-6.097,515330000.0,0.0,13.17,0.488,0.488,178508000.0,,2135572000.0,2135572000.0,0.0,-0.115,-0.238,-0.185,-0.102,5379000.0,196669000.0,1.0,79092675.0,79065000,79081000.0,27.01,1229646000.0,46167000.0,-64545000.0,89056000.0,15.552,236899000.0
48,WOR,MRT,2009-06-30,2009-05-31,2009-05-31,2021-10-12,4457000.0,1363829000.0,1662348750.0,598935000.0,764894000.0,1.583,8.949,-57271000.0,56319000.0,56319000.0,2456533000.0,-103685000.0,1.61,0.879,239393000.0,138993000.0,100400000.0,239393000.0,0.0,64073000.0,0.0,0.049,0.68,-125234000.0,-61161000.0,-0.023,-61161000.0,-125234000.0,-145968000.0,-1.37,-1.37,-1.37,706069000.0,766988250.0,706069000.0,1325740866.0,-11.0,-21.676,197055000.0,2.497,1.0,174734000.0,0.066,124985000.0,20734000.0,1049838000.0,1307966250.0,270572000.0,100395000.0,0.0,100395000.0,620866000.0,372080000.0,248786000.0,1104443866.0,-17453000.0,-21837000.0,-8503000.0,-149626000.0,-53686000.0,-218534000.0,-53245000.0,25863000.0,254326000.0,0.0,-108214000.0,-108214000.0,-108214000.0,0.0,4529000.0,-0.041,350030000.0,-175296000.0,136215000.0,-0.496,1.564,-10.206,-10.212,521505000.0,0.0,13.99,0.42,0.42,182881000.0,518561000.0,2631267000.0,2631267000.0,0.0,-0.065,-0.141,-0.096,-0.048,5334000.0,210046000.0,1.0,78945237.0,78903000,78903000.0,33.348,1238844000.0,54617000.0,-37754000.0,87951000.0,15.701,226855000.0
49,WOR,MRT,2009-03-31,2009-02-28,2009-02-28,2021-10-12,0.0,1488944000.0,1818399250.0,729880000.0,759064000.0,1.666,9.044,-52150000.0,31943000.0,31943000.0,2759943000.0,-29898000.0,2.127,1.032,253240000.0,7840000.0,245400000.0,253240000.0,0.0,64650000.0,0.0,0.083,0.68,-36761000.0,27889000.0,0.009,27889000.0,-36761000.0,-58911000.0,-0.53,-0.54,-0.53,713138000.0,811815250.0,713138000.0,991557553.0,-27.0,35.554,223872000.0,2.839,1.0,268629000.0,0.089,98293000.0,22150000.0,1268817000.0,1403652250.0,365522000.0,102440000.0,0.0,102440000.0,735762000.0,343131000.0,392631000.0,646621553.0,-22489000.0,-36862000.0,-9849000.0,-163627000.0,-53756000.0,-231694000.0,-66817000.0,22195000.0,276022000.0,0.0,-40609000.0,-40609000.0,-40609000.0,0.0,10711000.0,-0.013,368190000.0,-99561000.0,212189000.0,-1.283,0.907,-15.923,-15.472,519697000.0,0.0,8.2,0.214,0.214,215050000.0,,3028572000.0,3028572000.0,0.0,-0.022,-0.05,-0.026,-0.012,5161000.0,229356000.0,1.0,78856287.0,78856000,78856000.0,38.406,1390651000.0,80069000.0,-18302000.0,116870000.0,17.635,386749000.0
50,WOR,MRT,2008-12-31,2008-11-30,2008-11-30,2021-10-12,0.0,1694965000.0,1919896250.0,889111000.0,805854000.0,1.694,9.208,-45097000.0,26443000.0,26443000.0,2948679000.0,-15331000.0,1.605,1.284,371379000.0,125979000.0,245400000.0,371379000.0,0.0,64570000.0,0.0,0.051,0.68,11488000.0,76058000.0,0.023,76058000.0,11488000.0,-12075000.0,-0.32,-0.33,-0.32,725607000.0,843519750.0,725607000.0,1416960328.0,123.0,18.63,117670000.0,1.493,1.0,304435000.0,0.094,97808000.0,23563000.0,1388300000.0,1450614500.0,459856000.0,137518000.0,0.0,137518000.0,931465000.0,553793000.0,377672000.0,1046767328.0,-13111000.0,-43902000.0,-49011000.0,24616000.0,-54226000.0,-86879000.0,-88999000.0,0.0,162767000.0,0.0,-23861000.0,-23861000.0,-23861000.0,0.0,8530000.0,-0.007,361776000.0,-57341000.0,266228000.0,-2.125,1.443,-43.869,-41.5,529724000.0,0.0,13.28,0.322,0.322,312019000.0,,3253114000.0,3253114000.0,0.0,-0.012,-0.028,0.008,0.004,4872000.0,235072000.0,1.0,78822841.0,78802000,78802000.0,41.282,1597157000.0,53086000.0,11786000.0,106108000.0,20.268,335318000.0
51,WOR,MRT,2008-09-30,2008-08-31,2008-08-31,2021-10-12,0.0,2101657000.0,1949715000.0,1178977000.0,922680000.0,1.652,11.683,-41370000.0,74775000.0,74775000.0,2792564000.0,163155000.0,1.581,1.235,444968000.0,199568000.0,245400000.0,444968000.0,0.0,64295000.0,0.0,0.039,0.68,237330000.0,301625000.0,0.094,301625000.0,237330000.0,214947000.0,1.95,1.94,1.95,923139000.0,880283500.0,923139000.0,1693021165.0,7.0,5.613,86661000.0,1.097,1.0,428864000.0,0.133,201333000.0,22383000.0,1524910000.0,1464376250.0,669981000.0,130040000.0,0.0,130040000.0,1139667000.0,745607000.0,394060000.0,1386343165.0,-3911000.0,-90336000.0,-40678000.0,104405000.0,-54609000.0,-236000.0,-131706000.0,0.0,128031000.0,0.0,155533000.0,155533000.0,155533000.0,0.0,7622000.0,0.048,263086000.0,165778000.0,360515000.0,0.349,1.502,8.913,9.026,549747000.0,0.0,17.6,0.43,0.432,378645000.0,,3221428000.0,3221428000.0,0.0,0.08,0.177,0.162,0.074,2693000.0,240660000.0,1.0,78769498.0,79017000,79498000.0,40.769,1900324000.0,18330000.0,59414000.0,141823000.0,24.05,433370000.0
52,WOR,MRT,2008-06-30,2008-05-31,2008-05-31,2021-10-12,24633000.0,1988031000.0,1875468000.0,1104970000.0,883061000.0,1.635,10.899,-46495000.0,73772000.0,73772000.0,2711414000.0,114045000.0,1.662,1.198,380450000.0,135450000.0,245000000.0,380450000.0,0.0,63413000.0,0.0,0.034,0.68,167145000.0,230558000.0,0.075,230558000.0,167145000.0,145693000.0,1.32,1.32,1.32,885377000.0,864293250.0,885377000.0,1935190877.0,12.0,8.394,134026000.0,1.65,1.0,355747000.0,0.116,197232000.0,21452000.0,1432582000.0,1429889000.0,592961000.0,119808000.0,0.0,119808000.0,1060491000.0,664895000.0,395596000.0,1581322877.0,35495000.0,-49823000.0,-112614000.0,103800000.0,-55587000.0,-74270000.0,-70756000.0,25562000.0,180521000.0,0.0,107077000.0,107077000.0,107077000.0,0.0,6968000.0,0.035,249713000.0,106034000.0,356129000.0,0.515,1.786,14.768,15.106,549944000.0,0.0,19.94,0.516,0.528,384354000.0,685844000.0,3067161000.0,3067161000.0,0.0,0.057,0.124,0.117,0.054,2138000.0,231602000.0,1.0,79304056.0,81232000,81898000.0,37.758,1790799000.0,17966000.0,38616000.0,132476000.0,22.045,440075000.0
53,WOR,MRT,2008-03-31,2008-02-29,2008-02-29,2021-10-12,0.0,1894932000.0,1832005750.0,1017196000.0,877736000.0,1.629,10.475,-49842000.0,54432000.0,54432000.0,2660476000.0,91433000.0,1.67,1.205,408300000.0,163300000.0,245000000.0,408300000.0,0.0,62587000.0,0.0,0.039,0.68,146791000.0,209378000.0,0.07,209378000.0,146791000.0,126189000.0,1.1,1.09,1.1,839956000.0,876949250.0,839956000.0,1712612979.0,12.0,8.18,190370000.0,2.374,1.0,324386000.0,0.109,182952000.0,20602000.0,1456666000.0,1434898500.0,490702000.0,110701000.0,0.0,110701000.0,1012366000.0,609182000.0,403184000.0,1413966979.0,15464000.0,-49794000.0,-105331000.0,43736000.0,-56459000.0,-125112000.0,-99636000.0,0.0,240212000.0,0.0,91433000.0,91433000.0,91433000.0,0.0,0.0,0.031,233154000.0,91232000.0,314874000.0,0.618,1.683,15.465,15.991,552444000.0,0.0,17.59,0.474,0.473,408322000.0,,2984862000.0,2984862000.0,0.0,0.05,0.104,0.102,0.049,-570000.0,219938000.0,1.0,80384706.0,80184000,80214000.0,37.225,1711980000.0,18161000.0,34756000.0,108554000.0,21.351,408014000.0
54,WOR,MRT,2007-12-31,2007-11-30,2007-11-30,2021-10-12,0.0,1814240000.0,1815388250.0,933452000.0,880788000.0,1.618,10.725,-50232000.0,39554000.0,39554000.0,2631467000.0,78641000.0,1.914,1.027,338200000.0,93200000.0,245000000.0,338200000.0,0.0,62070000.0,0.0,0.032,0.68,128666000.0,190736000.0,0.065,190736000.0,128666000.0,107130000.0,0.94,0.92,0.94,872662000.0,891610000.0,872662000.0,1973842958.0,15.0,10.349,319727000.0,3.929,1.0,304978000.0,0.104,181903000.0,21536000.0,1443347000.0,1447647000.0,447849000.0,106832000.0,0.0,106832000.0,896503000.0,487636000.0,408867000.0,1720528958.0,17027000.0,-49284000.0,-80370000.0,-110305000.0,-57079000.0,-253416000.0,-99516000.0,0.0,369959000.0,0.0,78641000.0,78641000.0,78641000.0,0.0,0.0,0.027,229640000.0,75338000.0,266007000.0,0.723,1.972,21.878,22.543,558477000.0,0.0,21.19,0.586,0.587,370031000.0,,2936445000.0,2936445000.0,0.0,0.043,0.088,0.089,0.044,-825000.0,220603000.0,1.0,81195326.0,81366000,82358000.0,36.089,1632337000.0,28338000.0,28489000.0,107283000.0,20.062,445816000.0
55,WOR,MRT,2007-09-30,2007-08-31,2007-08-31,2021-10-12,0.0,1804669000.0,1841358250.0,966205000.0,838464000.0,1.603,10.221,-39974000.0,78686000.0,78686000.0,2632977000.0,90846000.0,1.967,1.045,332000000.0,87000000.0,245000000.0,332000000.0,0.0,62024000.0,0.0,0.032,0.68,149354000.0,211378000.0,0.072,211378000.0,149354000.0,127166000.0,1.07,1.05,1.07,859178000.0,904386000.0,859178000.0,2040029054.0,14.0,9.651,319007000.0,3.795,1.0,319066000.0,0.108,179839000.0,22188000.0,1386961000.0,1496424500.0,445162000.0,58178000.0,0.0,58178000.0,897592000.0,491183000.0,406409000.0,1801656054.0,61677000.0,-941000.0,-151177000.0,-43781000.0,-58401000.0,-256389000.0,-40915000.0,0.0,358981000.0,0.0,90846000.0,90846000.0,90846000.0,0.0,0.0,0.031,224642000.0,94424000.0,284309000.0,0.636,2.097,19.832,19.776,563753000.0,0.0,21.16,0.61,0.603,384224000.0,,2952043000.0,2952043000.0,0.0,0.049,0.1,0.1,0.051,894000.0,220206000.0,1.0,85144426.0,84063000,85001000.0,35.117,1624830000.0,13259000.0,36320000.0,106803000.0,19.329,475022000.0
56,WOR,MRT,2007-06-30,2007-05-31,2007-05-31,2021-10-12,23181000.0,1814182000.0,1885396250.0,969383000.0,844799000.0,1.576,10.839,-39454000.0,38277000.0,38277000.0,2610176000.0,113905000.0,2.305,0.886,276650000.0,31650000.0,245000000.0,276650000.0,0.0,61469000.0,0.0,0.032,0.68,187912000.0,249381000.0,0.084,249381000.0,187912000.0,166017000.0,1.32,1.31,1.32,936001000.0,932797500.0,936001000.0,2108535074.0,11.0,8.455,140977000.0,1.633,1.0,361632000.0,0.122,179441000.0,21895000.0,1452620000.0,1549975750.0,447864000.0,83102000.0,25562000.0,57540000.0,828860000.0,420494000.0,408366000.0,1782939074.0,-17939000.0,-32727000.0,-66751000.0,23959000.0,-59018000.0,-102800000.0,-95570000.0,-23389000.0,180431000.0,0.0,113905000.0,113905000.0,113905000.0,0.0,0.0,0.038,232487000.0,129145000.0,263665000.0,0.515,1.905,15.653,15.992,564265000.0,0.0,21.11,0.6,0.613,400916000.0,745912000.0,2971808000.0,2971808000.0,0.0,0.06,0.122,0.121,0.063,1110000.0,232487000.0,1.0,84459454.0,86351000,87002000.0,34.415,1634741000.0,13067000.0,52112000.0,124966000.0,18.931,548889000.0
57,WOR,MRT,2007-03-31,2007-02-28,2007-02-28,2021-10-12,0.0,1828462000.0,1906950000.0,954978000.0,873484000.0,1.577,10.605,-43084000.0,38968000.0,38968000.0,2631460000.0,135080000.0,2.041,0.981,364564000.0,119564000.0,245000000.0,364564000.0,0.0,60855000.0,0.0,0.034,0.68,232840000.0,293695000.0,0.098,293695000.0,232840000.0,209715000.0,1.54,1.52,1.54,898599000.0,935123750.0,898599000.0,2122870524.0,9.0,7.228,70465000.0,0.832,1.0,375740000.0,0.125,178556000.0,23125000.0,1507660000.0,1543897750.0,483227000.0,85356000.0,0.0,85356000.0,881156000.0,467842000.0,413314000.0,1696897524.0,-32402000.0,11877000.0,-72053000.0,-22848000.0,-59714000.0,-156815000.0,10864000.0,42071000.0,113549000.0,0.0,135080000.0,135080000.0,135080000.0,0.0,0.0,0.045,233447000.0,142293000.0,256880000.0,0.442,1.888,12.562,12.929,565265000.0,0.0,19.91,0.564,0.561,371360000.0,,3007200000.0,3007200000.0,0.0,0.071,0.144,0.151,0.077,2354000.0,233447000.0,1.0,85228404.0,84733000,85309000.0,35.49,1649906000.0,16550000.0,74635000.0,119653000.0,19.472,487136000.0
58,WOR,MRT,2006-12-31,2006-11-30,2006-11-30,2021-10-12,0.0,1918120000.0,1927143000.0,994010000.0,924110000.0,1.563,10.59,-66658000.0,22527000.0,22527000.0,2613175000.0,148727000.0,1.886,1.02,448500000.0,203500000.0,245000000.0,448500000.0,0.0,59628000.0,0.0,0.037,0.68,251544000.0,311172000.0,0.103,311172000.0,251544000.0,228180000.0,1.69,1.67,1.69,923766000.0,929664750.0,923766000.0,2001879324.0,8.0,6.433,-138246000.0,-1.585,1.0,398323000.0,0.132,178703000.0,23364000.0,1638457000.0,1536957000.0,531391000.0,126135000.0,0.0,126135000.0,942073000.0,526933000.0,415140000.0,1643105324.0,-86195000.0,11871000.0,-55608000.0,60572000.0,-60238000.0,-55074000.0,40467000.0,95254000.0,-71588000.0,0.0,148727000.0,148727000.0,148727000.0,0.0,0.0,0.049,232633000.0,165690000.0,218467000.0,0.402,1.779,11.048,10.947,570302000.0,0.0,18.5,0.546,0.536,379219000.0,,3011498000.0,3011498000.0,0.0,0.077,0.16,0.164,0.084,1450000.0,232633000.0,1.0,88816504.0,87234000,87611000.0,34.522,1739417000.0,15451000.0,79453000.0,119943000.0,19.94,467077000.0
59,WOR,MRT,2006-09-30,2006-08-31,2006-08-31,2021-10-12,0.0,1980821000.0,1924100000.0,1048095000.0,932726000.0,1.55,10.96,-77335000.0,17009000.0,17009000.0,2564119000.0,160810000.0,1.922,0.985,375783000.0,130782000.0,245001000.0,375783000.0,0.0,59687000.0,0.0,0.036,0.68,270552000.0,330239000.0,0.111,330239000.0,270552000.0,246655000.0,1.82,1.8,1.82,972824000.0,915801750.0,972824000.0,1893576535.0,7.0,5.734,-75514000.0,-0.851,1.0,417633000.0,0.14,193238000.0,23897000.0,1601166000.0,1484517500.0,555024000.0,135575000.0,0.0,135575000.0,957909000.0,545191000.0,412718000.0,1697108535.0,-95739000.0,6042000.0,9693000.0,-12129000.0,-60110000.0,-64266000.0,-33294000.0,37999000.0,1821000.0,0.0,160810000.0,160810000.0,160810000.0,0.0,0.0,0.054,232849000.0,184784000.0,288942000.0,0.374,1.745,10.554,10.5,555057000.0,0.0,19.11,0.569,0.569,399993000.0,,2981752000.0,2981752000.0,0.0,0.084,0.176,0.182,0.091,591000.0,232849000.0,1.0,88807354.0,88765000,89415000.0,33.592,1787583000.0,15563000.0,85845000.0,140356000.0,20.138,502904000.0
60,WOR,MRT,2006-06-30,2006-05-31,2006-05-31,2021-10-12,27116000.0,1900397000.0,1882948250.0,996241000.0,904156000.0,1.539,10.707,-73338000.0,56216000.0,56216000.0,2525545000.0,145990000.0,2.03,0.958,252684000.0,7684000.0,245000000.0,252684000.0,0.0,59116000.0,0.0,0.04,0.68,239028000.0,298144000.0,0.103,298144000.0,239028000.0,212749000.0,1.65,1.64,1.65,945306000.0,882264500.0,945306000.0,1824702926.0,8.0,6.12,153728000.0,1.741,1.0,371634000.0,0.128,177771000.0,26279000.0,1428308000.0,1436521500.0,459357000.0,125921000.0,2173000.0,123748000.0,905645000.0,490786000.0,414859000.0,1508663926.0,-1033000.0,37828000.0,9138000.0,-135732000.0,-59982000.0,-190416000.0,-37683000.0,-2173000.0,227066000.0,0.0,145990000.0,145990000.0,145990000.0,0.0,0.0,0.05,214030000.0,157604000.0,362883000.0,0.412,1.596,10.334,10.321,546904000.0,0.0,17.03,0.521,0.519,404553000.0,758862000.0,2897179000.0,2897179000.0,0.0,0.078,0.165,0.166,0.083,0.0,214030000.0,1.0,88588604.0,88288000,88976000.0,32.815,1722626000.0,15854000.0,66759000.0,133484000.0,19.511,505455000.0
61,WOR,MRT,2006-03-31,2006-02-28,2006-02-28,2021-10-12,0.0,1909234000.0,1865350250.0,997115000.0,912119000.0,1.55,9.923,-66224000.0,71370000.0,71370000.0,2528952000.0,127400000.0,1.752,1.178,387409000.0,142409000.0,245000000.0,387409000.0,0.0,59428000.0,0.0,0.035,0.68,206249000.0,265677000.0,0.092,265677000.0,206249000.0,179454000.0,1.45,1.43,1.45,876763000.0,851147000.0,876763000.0,2010048178.0,10.0,7.566,161241000.0,1.825,1.0,363221000.0,0.126,176298000.0,26795000.0,1479897000.0,1441314000.0,445639000.0,185066000.0,42071000.0,142995000.0,1032471000.0,569078000.0,463393000.0,1730871178.0,65233000.0,-6925000.0,21805000.0,-903000.0,-59870000.0,-56412000.0,-105820000.0,-32671000.0,227465000.0,0.0,127400000.0,127400000.0,127400000.0,0.0,0.0,0.044,205693000.0,157528000.0,321047000.0,0.469,1.974,13.586,13.517,549061000.0,0.0,19.6,0.598,0.599,363900000.0,,2892173000.0,2892173000.0,0.0,0.068,0.15,0.143,0.071,0.0,205693000.0,1.0,88309754.0,88361000,89152000.0,32.731,1732936000.0,19289000.0,52054000.0,117500000.0,19.612,428037000.0
62,WOR,MRT,2005-12-31,2005-11-30,2005-11-30,2021-10-12,0.0,1905948000.0,1843686500.0,999108000.0,906840000.0,1.604,9.845,-43534000.0,108722000.0,108722000.0,2564568000.0,141365000.0,1.72,1.195,387899000.0,142899000.0,245000000.0,387899000.0,0.0,59476000.0,0.0,0.033,0.67,241721000.0,301197000.0,0.102,301197000.0,241721000.0,215052000.0,1.61,1.59,1.61,868314000.0,830834250.0,868314000.0,2064409850.0,9.0,6.854,163968000.0,1.859,1.0,393471000.0,0.133,175690000.0,26669000.0,1428699000.0,1467892250.0,389504000.0,240394000.0,95254000.0,145140000.0,1037634000.0,580736000.0,456898000.0,1789235850.0,97579000.0,-7000000.0,18776000.0,98556000.0,-58910000.0,35865000.0,-145788000.0,-95254000.0,207502000.0,0.0,141365000.0,141365000.0,141365000.0,0.0,0.0,0.048,206508000.0,186963000.0,314696000.0,0.416,2.061,12.657,12.602,544820000.0,0.0,20.29,0.605,0.605,348820000.0,,2958039000.0,2958039000.0,0.0,0.077,0.17,0.165,0.082,0.0,206508000.0,1.0,88183137.0,88194000,88986000.0,33.54,1730258000.0,19190000.0,73687000.0,118211000.0,19.619,418372000.0
63,WOR,MRT,2005-09-30,2005-08-31,2005-08-31,2021-10-12,0.0,1816214000.0,1795330250.0,922476000.0,893738000.0,1.673,9.534,-39248000.0,112748000.0,112748000.0,2589110000.0,149960000.0,1.796,1.166,387922000.0,142922000.0,245000000.0,387922000.0,0.0,58175000.0,0.0,0.036,0.66,255303000.0,313478000.0,0.104,313478000.0,255303000.0,229537000.0,1.71,1.69,1.71,838675000.0,808055250.0,838675000.0,1923297951.0,8.0,6.135,163632000.0,1.86,1.0,414581000.0,0.138,168619000.0,25766000.0,1409182000.0,1451695250.0,370384000.0,175429000.0,37999000.0,137430000.0,977539000.0,513587000.0,463952000.0,1592114951.0,101816000.0,-66619000.0,15968000.0,98366000.0,-57926000.0,42802000.0,-143866000.0,-37999000.0,202880000.0,0.0,149960000.0,149960000.0,149960000.0,0.0,0.0,0.05,208891000.0,205690000.0,258833000.0,0.386,1.898,10.617,10.585,551203000.0,0.0,18.1,0.53,0.53,349567000.0,,3003691000.0,3003691000.0,0.0,0.084,0.186,0.176,0.085,0.0,208891000.0,1.0,87962152.0,87971000,88470000.0,34.144,1647595000.0,19386000.0,79577000.0,116702000.0,18.729,408889000.0
64,WOR,MRT,2005-06-30,2005-05-31,2005-05-31,2021-10-12,-1313000.0,1830005000.0,1758260250.0,938333000.0,891672000.0,1.751,9.365,43170000.0,57249000.0,57249000.0,2580011000.0,179412000.0,1.72,1.229,388432000.0,143432000.0,245000000.0,388432000.0,0.0,57874000.0,0.0,0.039,0.65,313230000.0,371104000.0,0.121,371104000.0,313230000.0,288469000.0,2.05,2.03,2.05,820836000.0,780765250.0,820836000.0,1855291952.0,6.0,4.999,75441000.0,0.861,1.0,498873000.0,0.162,168267000.0,24761000.0,1447478000.0,1441488750.0,425723000.0,136856000.0,0.0,136856000.0,1009169000.0,545443000.0,463726000.0,1472919952.0,55272000.0,-66619000.0,14673000.0,97028000.0,-56891000.0,46450000.0,-23449000.0,0.0,32271000.0,0.0,179412000.0,179412000.0,179412000.0,0.0,0.0,0.058,231523000.0,267350000.0,280181000.0,0.317,1.794,8.21,8.176,552956000.0,0.0,16.76,0.478,0.477,404506000.0,672982000.0,3078884000.0,3078884000.0,0.0,0.102,0.23,0.217,0.102,0.0,225915000.0,1.0,87883052.0,87646000,88503000.0,35.129,1661738000.0,19490000.0,109057000.0,123702000.0,18.96,392890000.0
65,WOR,MRT,2005-03-31,2005-02-28,2005-02-28,2021-10-12,0.0,1822579000.0,1711543750.0,933597000.0,888982000.0,1.779,9.056,47748000.0,6137000.0,6137000.0,2478920000.0,178027000.0,2.074,1.291,388509000.0,1100000.0,387409000.0,388509000.0,0.0,59500000.0,0.0,0.031,0.64,305208000.0,364708000.0,0.12,364708000.0,305208000.0,281624000.0,2.04,2.02,2.04,795512000.0,745649750.0,795512000.0,2118131578.0,7.0,5.808,31584000.0,0.36,1.0,565926000.0,0.186,168503000.0,23584000.0,1586210000.0,1414144500.0,480139000.0,138058000.0,9400000.0,128658000.0,1027067000.0,450238000.0,576829000.0,1840209578.0,-1029000.0,-66470000.0,10644000.0,92806000.0,-55798000.0,43257000.0,-28122000.0,-9400000.0,-16164000.0,0.0,178027000.0,178027000.0,178027000.0,0.0,0.0,0.058,310003000.0,255923000.0,312833000.0,0.314,2.313,10.337,10.27,558680000.0,0.0,20.95,0.604,0.604,399447000.0,,3044846000.0,3044846000.0,0.0,0.104,0.239,0.216,0.1,0.0,234997000.0,1.0,87838166.0,87841000,88698000.0,34.663,1654076000.0,2001000.0,103597000.0,92643000.0,18.83,483359000.0
66,WOR,MRT,2004-12-31,2004-11-30,2004-11-30,2021-10-12,0.0,1712523000.0,1645225750.0,814652000.0,897871000.0,1.736,8.867,51867000.0,11143000.0,11143000.0,2312192000.0,169434000.0,1.778,1.203,289065000.0,1104000.0,287961000.0,289065000.0,0.0,62103000.0,0.0,0.03,0.64,280773000.0,342876000.0,0.12,342876000.0,280773000.0,258357000.0,1.94,1.93,1.94,777198000.0,710136750.0,777198000.0,2161950167.0,8.0,6.305,117970000.0,1.346,1.0,543307000.0,0.19,168441000.0,22416000.0,1363911000.0,1354659750.0,465459000.0,136855000.0,0.0,136855000.0,935325000.0,458093000.0,477232000.0,1883954167.0,9135000.0,-66389000.0,10644000.0,-2893000.0,-55543000.0,-42446000.0,-14522000.0,0.0,66103000.0,0.0,169434000.0,169434000.0,169434000.0,0.0,0.0,0.059,304889000.0,238418000.0,305895000.0,0.33,2.424,11.119,11.088,561116000.0,0.0,21.51,0.66,0.66,300051000.0,,2855499000.0,2855499000.0,0.0,0.103,0.239,0.207,0.098,0.0,229883000.0,1.0,87585038.0,87654000,88665000.0,32.577,1544082000.0,3589000.0,88923000.0,89526000.0,17.616,356559000.0
67,WOR,MRT,2004-09-30,2004-08-31,2004-08-31,2021-10-12,0.0,1667934000.0,1587071750.0,847697000.0,820237000.0,1.67,8.367,49475000.0,10932000.0,10932000.0,2164378000.0,138694000.0,1.844,1.286,288928000.0,1013000.0,287915000.0,288928000.0,0.0,64409000.0,0.0,0.031,0.64,233794000.0,298203000.0,0.113,298203000.0,233794000.0,211465000.0,1.6,1.59,1.6,729515000.0,674704750.0,729515000.0,2064531653.0,9.0,6.923,62725000.0,0.719,1.0,486031000.0,0.183,117882000.0,22329000.0,1368356000.0,1346491250.0,445070000.0,122265000.0,0.0,122265000.0,938419000.0,459692000.0,478727000.0,1776740653.0,10334000.0,0.0,10644000.0,-2597000.0,-55328000.0,-52391000.0,49475000.0,0.0,13250000.0,0.0,138694000.0,138694000.0,138694000.0,0.0,0.0,0.052,294002000.0,192029000.0,299143000.0,0.4,2.436,12.811,12.719,552356000.0,0.0,20.35,0.67,0.669,355023000.0,,2650409000.0,2650409000.0,0.0,0.087,0.206,0.174,0.088,0.0,218996000.0,1.0,87309123.0,87188000,88112000.0,30.399,1550052000.0,3869000.0,72771000.0,91212000.0,17.778,388005000.0
68,WOR,MRT,2004-06-30,2004-05-31,2004-05-31,2021-10-12,-2393000.0,1643139000.0,1530394000.0,833110000.0,810029000.0,1.555,7.883,-23937000.0,1977000.0,1977000.0,2003734000.0,86752000.0,1.754,1.415,289768000.0,1346000.0,288422000.0,289768000.0,0.0,67302000.0,0.0,0.033,0.64,149662000.0,216964000.0,0.091,216964000.0,149662000.0,127464000.0,1.01,1.0,1.01,680374000.0,649165250.0,680374000.0,1946447889.0,13.0,8.971,55430000.0,0.642,1.0,375370000.0,0.158,117769000.0,22198000.0,1338101000.0,1334955000.0,362906000.0,109040000.0,0.0,109040000.0,962765000.0,475060000.0,487705000.0,1659639889.0,838000.0,-490000.0,10644000.0,-2379000.0,-55167000.0,-54102000.0,-24427000.0,0.0,79367000.0,0.0,86752000.0,86752000.0,86752000.0,0.0,0.0,0.036,265183000.0,110187000.0,313909000.0,0.634,2.439,19.131,18.95,555394000.0,0.0,19.14,0.698,0.694,348833000.0,551512000.0,2379104000.0,2379104000.0,0.0,0.057,0.134,0.112,0.063,0.0,195785000.0,1.0,86710548.0,86312000,86950000.0,27.564,1525370000.0,3963000.0,40712000.0,155573000.0,17.673,358050000.0
69,WOR,MRT,2004-03-31,2004-02-29,2004-02-29,2021-10-12,0.0,1557307000.0,1489126500.0,596067000.0,961240000.0,1.468,7.562,-13942000.0,7166000.0,7166000.0,1915744000.0,62944000.0,1.579,1.383,293974000.0,5526000.0,288448000.0,293974000.0,0.0,66597000.0,0.0,0.046,0.8,120300000.0,186897000.0,0.085,186897000.0,120300000.0,97557000.0,0.74,0.73,0.74,653460000.0,638145250.0,653460000.0,1786260741.0,15.0,9.557,114027000.0,1.32,1.0,270382000.0,0.124,118275000.0,22743000.0,1348271000.0,1333931250.0,299480000.0,93519000.0,0.0,93519000.0,903847000.0,377569000.0,526278000.0,1497682741.0,6613000.0,-1453000.0,607000.0,-52018000.0,-55067000.0,-105961000.0,-15395000.0,0.0,127969000.0,0.0,62944000.0,62944000.0,62944000.0,0.0,0.0,0.029,178793000.0,91589000.0,268925000.0,1.081,2.292,23.794,23.419,715973000.0,0.0,17.33,0.685,0.685,237104000.0,,2186126000.0,2186126000.0,0.0,0.042,0.099,0.09,0.055,0.0,178793000.0,1.0,86421393.0,86414000,87191000.0,25.298,1439032000.0,21345000.0,34613000.0,142593000.0,16.653,218498000.0
70,WOR,MRT,2003-12-31,2003-11-30,2003-11-30,2021-10-12,0.0,1479907000.0,1481085000.0,520522000.0,959385000.0,1.462,7.381,-7786000.0,2008000.0,2008000.0,1915311000.0,49746000.0,1.627,1.329,290586000.0,1464000.0,289122000.0,290586000.0,0.0,67420000.0,0.0,0.056,0.8,99944000.0,167364000.0,0.077,167364000.0,99944000.0,76465000.0,0.59,0.58,0.59,635470000.0,633036000.0,635470000.0,1522505339.0,15.0,9.097,84278000.0,0.979,1.0,249332000.0,0.115,117249000.0,23479000.0,1331237000.0,1348327500.0,262701000.0,87997000.0,0.0,87997000.0,844437000.0,319999000.0,524438000.0,1232944339.0,1294000.0,-1453000.0,5419000.0,-23786000.0,-55028000.0,-81531000.0,-9239000.0,0.0,92064000.0,0.0,49746000.0,49746000.0,49746000.0,0.0,0.0,0.023,176000000.0,73332000.0,234422000.0,1.356,1.94,24.785,24.271,722548000.0,0.0,14.32,0.57,0.57,204228000.0,,2164643000.0,2164643000.0,0.0,0.034,0.079,0.074,0.046,0.0,176000000.0,1.0,86099465.0,86101000,86503000.0,25.141,1362658000.0,20643000.0,26719000.0,141010000.0,15.826,200523000.0
71,WOR,MRT,2003-09-30,2003-08-31,2003-08-31,2021-10-12,0.0,1441223000.0,1494157250.0,483141000.0,958082000.0,1.467,7.294,6154000.0,598000.0,598000.0,1930002000.0,53610000.0,1.648,1.297,290159000.0,1181000.0,288978000.0,290159000.0,0.0,68861000.0,0.0,0.053,0.8,108679000.0,177540000.0,0.081,177540000.0,108679000.0,84425000.0,0.63,0.62,0.63,627357000.0,632590000.0,627357000.0,1589919290.0,15.0,8.955,73500000.0,0.855,1.0,262460000.0,0.12,115433000.0,24254000.0,1322211000.0,1358617500.0,256217000.0,83256000.0,0.0,83256000.0,813866000.0,293140000.0,520726000.0,1299030290.0,-1857000.0,-1453000.0,5419000.0,-20547000.0,-54940000.0,-73904000.0,4701000.0,0.0,67346000.0,0.0,53610000.0,53610000.0,53610000.0,0.0,0.0,0.024,171587000.0,90873000.0,207963000.0,1.27,2.071,24.231,23.968,728802000.0,0.0,15.1,0.592,0.592,172934000.0,,2192462000.0,2192462000.0,0.0,0.036,0.085,0.08,0.05,0.0,177209000.0,1.0,86028496.0,86007000,86517000.0,25.492,1325790000.0,20714000.0,30815000.0,140251000.0,15.415,190001000.0
72,WOR,MRT,2003-06-30,2003-05-31,2003-05-31,2021-10-12,-5168000.0,1478069000.0,1523848000.0,506246000.0,971823000.0,1.457,7.417,2844000.0,1139000.0,1139000.0,1916990000.0,75183000.0,1.591,1.323,292028000.0,2339000.0,289689000.0,292028000.0,0.0,69419000.0,0.0,0.054,0.8,143164000.0,212583000.0,0.096,212583000.0,143164000.0,118398000.0,0.88,0.87,0.88,636294000.0,631504250.0,636294000.0,1627840529.0,11.0,7.657,183565000.0,2.14,1.0,302901000.0,0.136,116781000.0,24766000.0,1334006000.0,1364279750.0,268983000.0,81221000.0,0.0,81221000.0,841775000.0,318171000.0,523604000.0,1282940529.0,643000.0,-114703000.0,5419000.0,-13488000.0,-54869000.0,-68219000.0,-111859000.0,0.0,180721000.0,0.0,75183000.0,75183000.0,75183000.0,0.0,0.0,0.034,177070000.0,125831000.0,222987000.0,0.909,2.016,17.064,16.966,743044000.0,0.0,14.93,0.578,0.577,169967000.0,520072000.0,2219891000.0,2219891000.0,0.0,0.049,0.119,0.105,0.064,0.0,182692000.0,1.0,85930377.0,85785000,86537000.0,25.877,1361288000.0,32087000.0,43215000.0,143444000.0,15.869,188075000.0
73,WOR,MRT,2003-03-31,2003-02-28,2003-02-28,2021-10-12,0.0,1525141000.0,1518659250.0,531938000.0,993203000.0,1.415,7.371,-7361000.0,553000.0,553000.0,1821320000.0,86327000.0,1.477,1.409,345453000.0,49454000.0,295999000.0,345453000.0,0.0,70677000.0,0.0,0.058,0.8,160447000.0,231124000.0,0.108,231124000.0,160447000.0,135947000.0,1.01,1.01,1.01,633023000.0,623994750.0,633023000.0,1496573528.0,9.0,6.475,155063000.0,1.806,1.0,327909000.0,0.153,104012000.0,24500000.0,1405856000.0,1365198250.0,329903000.0,96384000.0,0.0,96384000.0,892118000.0,360173000.0,531945000.0,1183552528.0,-57000.0,-134740000.0,6440000.0,13638000.0,-54793000.0,-41380000.0,-121101000.0,21000000.0,162424000.0,0.0,86327000.0,86327000.0,86327000.0,0.0,0.0,0.04,184704000.0,143205000.0,224039000.0,0.792,1.87,13.71,13.644,760970000.0,0.0,13.78,0.551,0.551,122062000.0,,2149229000.0,2149229000.0,0.0,0.057,0.138,0.118,0.075,0.0,190326000.0,1.0,85889153.0,85882000,86531000.0,25.025,1421129000.0,45204000.0,49620000.0,150974000.0,16.547,171765000.0
74,WOR,MRT,2002-12-31,2002-11-30,2002-11-30,2021-10-12,0.0,1532196000.0,1488082750.0,521972000.0,1010224000.0,1.356,7.389,-13846000.0,714000.0,714000.0,1705108000.0,29131000.0,1.407,1.418,313735000.0,18468000.0,295267000.0,313735000.0,0.0,70186000.0,0.0,0.045,0.8,69873000.0,140059000.0,0.069,140059000.0,69873000.0,45875000.0,0.34,0.35,0.34,633686000.0,612837250.0,633686000.0,1818508917.0,26.0,12.984,184884000.0,2.156,1.0,313277000.0,0.155,101766000.0,23998000.0,1372397000.0,1342780750.0,345086000.0,95151000.0,0.0,95151000.0,898510000.0,371054000.0,527456000.0,1510562917.0,-105000.0,-134740000.0,1628000.0,5258000.0,-54698000.0,-50249000.0,-148586000.0,0.0,198730000.0,0.0,29131000.0,29131000.0,29131000.0,0.0,0.0,0.014,239779000.0,73498000.0,271284000.0,2.353,2.384,51.854,51.824,781287000.0,0.0,17.62,0.748,0.749,110536000.0,,2018385000.0,2018385000.0,0.0,0.02,0.048,0.052,0.035,0.0,180826000.0,1.0,85730018.0,85762000,86834000.0,23.535,1430430000.0,35473000.0,16744000.0,150706000.0,16.679,150918000.0
75,WOR,MRT,2002-09-30,2002-08-31,2002-08-31,2021-10-12,0.0,1559986000.0,1461871500.0,537593000.0,1022393000.0,1.273,7.281,-30021000.0,2455000.0,2455000.0,1566663000.0,19707000.0,1.277,1.504,310401000.0,15154000.0,295247000.0,310401000.0,0.0,69409000.0,0.0,0.036,0.64,54382000.0,123791000.0,0.067,123791000.0,54382000.0,31036000.0,0.23,0.24,0.23,623014000.0,615873250.0,623014000.0,1814452479.0,33.0,14.657,195208000.0,2.281,1.0,294204000.0,0.158,102039000.0,23346000.0,1344860000.0,1343080750.0,316303000.0,90857000.0,0.0,90857000.0,936972000.0,421033000.0,515939000.0,1519335479.0,1639000.0,-134740000.0,1628000.0,-2474000.0,-54678000.0,-58829000.0,-164761000.0,0.0,225229000.0,0.0,19707000.0,19707000.0,19707000.0,0.0,0.0,0.011,240152000.0,54052000.0,293531000.0,2.783,2.439,77.096,77.174,795331000.0,0.0,17.75,0.816,0.816,138251000.0,,1860867000.0,1860867000.0,0.0,0.013,0.032,0.04,0.029,0.0,175577000.0,1.0,85596365.0,85570000,86499000.0,21.747,1457947000.0,44499000.0,11329000.0,148019000.0,17.038,116560000.0
76,WOR,MRT,2002-06-30,2002-05-31,2002-05-31,2021-10-12,-5055000.0,1457314000.0,1429897500.0,490340000.0,966974000.0,1.22,7.098,-28641000.0,496000.0,496000.0,1480184000.0,6502000.0,1.445,1.404,295613000.0,6363000.0,289250000.0,295613000.0,0.0,68887000.0,0.0,0.042,0.64,32980000.0,101867000.0,0.058,101867000.0,32980000.0,10240000.0,0.08,0.08,0.08,606256000.0,622474250.0,606256000.0,1624404781.0,49.0,15.946,106616000.0,1.248,1.0,264777000.0,0.152,75400000.0,22740000.0,1337680000.0,1352317750.0,219950000.0,91759000.0,0.0,91759000.0,851058000.0,339351000.0,511707000.0,1302923781.0,302000.0,-21000000.0,1628000.0,-29385000.0,-54655000.0,-85314000.0,-49641000.0,0.0,135257000.0,0.0,6502000.0,6502000.0,6502000.0,0.0,0.0,0.004,230460000.0,34317000.0,233181000.0,8.0,2.149,200.388,190.625,766596000.0,0.0,15.25,0.747,0.746,197240000.0,499827000.0,1744961000.0,1744961000.0,0.0,0.005,0.01,0.024,0.019,0.0,165885000.0,1.0,85437625.0,85408000,85929000.0,20.431,1381914000.0,43538000.0,3738000.0,152220000.0,16.18,150989000.0
77,WOR,MRT,2002-03-31,2002-02-28,2002-02-28,2021-10-12,0.0,1402835000.0,1434534500.0,418718000.0,984117000.0,1.179,6.89,-38885000.0,610000.0,610000.0,1448482000.0,-5827000.0,1.259,1.384,322091000.0,30661000.0,291430000.0,322091000.0,0.0,68064000.0,0.0,0.044,0.64,15066000.0,83130000.0,0.049,83130000.0,15066000.0,-9176000.0,-0.07,-0.06,-0.07,588393000.0,633326500.0,588393000.0,1554491310.0,103.0,18.7,151280000.0,1.771,1.0,242985000.0,0.144,75679000.0,24242000.0,1316186000.0,1372237750.0,225897000.0,89420000.0,0.0,89420000.0,814442000.0,332451000.0,481991000.0,1256237310.0,-176000.0,0.0,0.0,-76817000.0,-54646000.0,-130456000.0,-59885000.0,-21000000.0,190165000.0,0.0,-5827000.0,-5827000.0,-5827000.0,0.0,0.0,-0.003,227324000.0,15661000.0,209644000.0,-9.143,2.135,-215.589,-210.143,783173000.0,0.0,14.71,0.743,0.743,144610000.0,,1691467000.0,1691467000.0,0.0,-0.004,-0.009,0.011,0.009,0.0,162749000.0,1.0,85400225.0,85401000,85985000.0,19.806,1327156000.0,0.0,-3349000.0,116306000.0,15.54,86267000.0
78,WOR,MRT,2001-12-31,2001-11-30,2001-11-30,2021-10-12,0.0,1427351000.0,1459341000.0,401808000.0,1025543000.0,1.168,7.529,-45388000.0,819000.0,819000.0,1458727000.0,41816000.0,1.456,1.21,299073000.0,7244000.0,291829000.0,299073000.0,0.0,69140000.0,0.0,0.043,0.64,91580000.0,160720000.0,0.094,160720000.0,91580000.0,65853000.0,0.49,0.49,0.49,645830000.0,648500250.0,645830000.0,1566452130.0,17.0,9.746,176515000.0,2.058,1.0,245717000.0,0.144,76023000.0,25727000.0,1373597000.0,1446585250.0,229173000.0,63991000.0,0.0,63991000.0,781521000.0,275985000.0,505536000.0,1263790130.0,-117000.0,-2043000.0,-2669000.0,-116581000.0,-54704000.0,-174589000.0,-47431000.0,0.0,221903000.0,0.0,41816000.0,41816000.0,41816000.0,0.0,0.0,0.025,174386000.0,71331000.0,189949000.0,1.306,1.957,30.223,30.204,829514000.0,0.0,14.8,0.741,0.745,125946000.0,,1704444000.0,1704444000.0,0.0,0.029,0.064,0.063,0.054,0.0,167912000.0,1.0,85391225.0,85775000,85775000.0,19.871,1351328000.0,0.0,24037000.0,144259000.0,15.754,125823000.0
79,WOR,MRT,2001-09-30,2001-08-31,2001-08-31,2021-10-12,0.0,1432090000.0,1479665500.0,406285000.0,1025805000.0,1.184,7.569,-48792000.0,816000.0,816000.0,1510393000.0,37373000.0,1.468,1.205,303478000.0,11031000.0,292447000.0,303478000.0,0.0,69727000.0,0.0,0.057,0.8,88444000.0,158171000.0,0.09,158171000.0,88444000.0,58855000.0,0.44,0.44,0.44,649418000.0,653066000.0,649418000.0,1519867950.0,17.0,9.609,292361000.0,3.408,1.0,241041000.0,0.138,76264000.0,29589000.0,1381808000.0,1515687250.0,228286000.0,59314000.0,0.0,59314000.0,782672000.0,276680000.0,505992000.0,1195311950.0,576000.0,-2043000.0,-2669000.0,-229269000.0,-54761000.0,-289742000.0,-50835000.0,0.0,341153000.0,0.0,37373000.0,37373000.0,37373000.0,0.0,0.0,0.021,175158000.0,65883000.0,185335000.0,1.818,1.841,31.983,31.818,835323000.0,0.0,14.0,0.682,0.686,130091000.0,,1751434000.0,1751434000.0,0.0,0.025,0.057,0.058,0.05,0.0,168684000.0,1.0,85379425.0,85799000,85799000.0,20.413,1355826000.0,0.0,21482000.0,142817000.0,15.802,129605000.0
80,WOR,MRT,2001-06-30,2001-05-31,2001-05-31,2021-10-12,-8024000.0,1475862000.0,1536285750.0,449719000.0,1026143000.0,1.189,7.59,-61870000.0,194000.0,194000.0,1581178000.0,35565000.0,1.467,1.272,324750000.0,15542000.0,309208000.0,324750000.0,0.0,70582000.0,0.0,0.07,0.8,89457000.0,160039000.0,0.088,160039000.0,89457000.0,56008000.0,0.42,0.42,0.42,649665000.0,658704750.0,649665000.0,1385111388.0,15.0,8.655,259584000.0,3.033,1.0,244922000.0,0.134,76439000.0,33449000.0,1417360000.0,1615302000.0,227506000.0,58638000.0,0.0,58638000.0,826197000.0,306619000.0,519578000.0,981817388.0,-344000.0,-2043000.0,-3406000.0,-194980000.0,-54822000.0,-257885000.0,-63913000.0,0.0,321454000.0,0.0,35565000.0,35565000.0,35565000.0,0.0,0.0,0.019,179738000.0,65184000.0,207568000.0,1.905,1.511,27.606,27.381,836749000.0,0.0,11.5,0.538,0.539,169330000.0,548004000.0,1826100000.0,1826100000.0,0.0,0.023,0.054,0.055,0.049,0.0,173264000.0,1.0,85375425.0,85590000,85623000.0,21.335,1399423000.0,21407000.0,20443000.0,142934000.0,16.35,143100000.0
81,WOR,MRT,2001-03-31,2001-02-28,2001-02-28,2021-10-12,0.0,1502061000.0,1585788500.0,458166000.0,1043895000.0,1.198,7.594,-60457000.0,786000.0,786000.0,1640764000.0,43090000.0,1.57,1.314,404080000.0,47762000.0,356318000.0,404080000.0,0.0,70945000.0,0.0,0.064,0.63,103791000.0,174736000.0,0.092,174736000.0,103791000.0,68412000.0,0.5,0.5,0.5,649088000.0,664627000.0,649088000.0,1260568936.0,12.0,7.214,229333000.0,2.683,1.0,259375000.0,0.137,0.0,35379000.0,1613576000.0,1682193000.0,253126000.0,0.0,0.0,0.0,852973000.0,291779000.0,561194000.0,840947936.0,-17291000.0,-3151000.0,-11152000.0,-169635000.0,-54092000.0,-243473000.0,-63608000.0,0.0,289790000.0,0.0,43090000.0,43090000.0,43090000.0,0.0,0.0,0.023,172922000.0,86453000.0,179620000.0,1.26,1.296,19.516,19.7,851082000.0,0.0,9.85,0.443,0.443,171228000.0,,1900139000.0,1900139000.0,0.0,0.027,0.065,0.062,0.055,0.0,166448000.0,1.0,85375425.0,85477000,85477000.0,22.23,1502061000.0,0.0,25322000.0,132223000.0,17.573,166387000.0
82,WOR,MRT,2000-12-31,2000-11-30,2000-11-30,2021-10-12,0.0,1508649000.0,1651440750.0,456976000.0,1051673000.0,1.192,7.744,-69420000.0,936000.0,936000.0,1682524000.0,64524000.0,1.642,1.272,420557000.0,59190000.0,361367000.0,420557000.0,0.0,71560000.0,0.0,0.067,0.62,141143000.0,212703000.0,0.108,212703000.0,141143000.0,102751000.0,0.74,0.74,0.74,664093000.0,669676000.0,664093000.0,1325628085.0,9.0,6.232,146903000.0,1.713,1.0,285433000.0,0.145,0.0,38392000.0,1650005000.0,1735975000.0,271641000.0,0.0,0.0,0.0,844556000.0,278265000.0,566291000.0,788084085.0,-6275000.0,-1108000.0,-46820000.0,-50873000.0,-53744000.0,-152070000.0,-70528000.0,0.0,216323000.0,0.0,64524000.0,64524000.0,64524000.0,0.0,0.0,0.033,163917000.0,121516000.0,148697000.0,0.838,1.187,12.214,12.419,858130000.0,0.0,9.19,0.4,0.4,154502000.0,,1967957000.0,1967957000.0,0.0,0.039,0.096,0.081,0.072,0.0,163917000.0,1.0,85754525.0,85755000,85755000.0,22.949,1508649000.0,0.0,38227000.0,129226000.0,17.593,178711000.0
83,WOR,MRT,2000-09-30,2000-08-31,2000-08-31,2021-10-12,0.0,1658571000.0,1695652750.0,603992000.0,1054579000.0,1.17,7.836,-73422000.0,240000.0,240000.0,1670065000.0,82370000.0,1.452,1.468,537784000.0,176063000.0,361721000.0,537784000.0,0.0,71589000.0,0.0,0.058,0.61,170399000.0,241988000.0,0.122,241988000.0,170399000.0,131478000.0,0.94,0.94,0.94,671973000.0,678248250.0,671973000.0,1420668786.0,8.0,5.871,24048000.0,0.28,1.0,313854000.0,0.158,0.0,38921000.0,1780267000.0,1762538000.0,301146000.0,0.0,0.0,0.0,986598000.0,415848000.0,570750000.0,896134786.0,-6814000.0,-1108000.0,-48125000.0,69204000.0,-53390000.0,-29754000.0,-74530000.0,0.0,97470000.0,0.0,82370000.0,82370000.0,82370000.0,0.0,0.0,0.042,163774000.0,150080000.0,160752000.0,0.649,1.334,10.879,11.117,863015000.0,0.0,10.45,0.452,0.452,272028000.0,,1983919000.0,1983919000.0,0.0,0.049,0.121,0.097,0.086,0.0,163774000.0,1.0,85754525.0,85755000,85755000.0,23.135,1658571000.0,0.0,49108000.0,129619000.0,19.341,188144000.0
84,WOR,MRT,2000-06-30,2000-05-31,2000-05-31,2021-10-12,-5806000.0,1673873000.0,1697994750.0,624229000.0,1049644000.0,1.156,7.616,-68869000.0,538000.0,538000.0,1629455000.0,94151000.0,1.441,1.486,525072000.0,162882000.0,362190000.0,525072000.0,0.0,70997000.0,0.0,0.05,0.6,190421000.0,261418000.0,0.133,261418000.0,190421000.0,150642000.0,1.06,1.06,1.06,673354000.0,681845750.0,673354000.0,1646785727.0,9.0,6.299,70041000.0,0.792,1.0,333151000.0,0.17,80213000.0,39779000.0,1684924000.0,1750568000.0,291204000.0,50197000.0,0.0,50197000.0,1000519000.0,433270000.0,567249000.0,1044746727.0,-7103000.0,-1108000.0,-58985000.0,32320000.0,-53161000.0,-76036000.0,-69977000.0,0.0,138910000.0,0.0,94151000.0,94151000.0,94151000.0,0.0,0.0,0.048,163662000.0,169489000.0,157998000.0,0.566,1.552,11.097,11.434,862512000.0,0.0,12.12,0.532,0.546,301175000.0,569384000.0,1962606000.0,1962606000.0,0.0,0.055,0.138,0.109,0.097,0.0,163662000.0,1.0,86200225.0,88411000,88598000.0,22.199,1593660000.0,0.0,56491000.0,157641000.0,18.026,190959000.0
85,WOR,MRT,2000-03-31,2000-02-29,2000-02-29,2021-10-12,0.0,1764670000.0,1701264250.0,727269000.0,1037401000.0,1.127,7.533,15799000.0,18077000.0,18077000.0,1579208000.0,94037000.0,1.352,1.637,620116000.0,257101000.0,363015000.0,620116000.0,0.0,73716000.0,0.0,0.045,0.59,195749000.0,269465000.0,0.14,269465000.0,195749000.0,154086000.0,1.04,1.04,1.04,669284000.0,685919500.0,669284000.0,1692281315.0,9.0,6.28,96184000.0,1.083,1.0,338859000.0,0.177,0.0,41663000.0,1828704000.0,1757835250.0,355544000.0,46122000.0,46122000.0,0.0,1095386000.0,538005000.0,557381000.0,1182386315.0,1327000.0,-7336000.0,-84900000.0,40500000.0,-53188000.0,-87521000.0,8463000.0,0.0,80385000.0,0.0,94037000.0,94037000.0,94037000.0,6647000.0,0.0,0.049,166448000.0,172411000.0,174904000.0,0.567,1.767,12.574,12.74,865981000.0,0.0,13.25,0.616,0.614,293390000.0,,1918067000.0,1918067000.0,0.0,0.055,0.137,0.111,0.102,0.0,166448000.0,1.0,89236703.0,88847000,88847000.0,21.588,1764670000.0,0.0,60049000.0,113749000.0,19.862,189264000.0
86,WOR,MRT,1999-12-31,1999-11-30,1999-11-30,2021-10-12,0.0,1685497000.0,1721538250.0,652937000.0,1032560000.0,1.077,7.805,97987000.0,7211000.0,7211000.0,1522051000.0,73050000.0,1.487,1.413,517106000.0,153280000.0,363826000.0,517106000.0,0.0,74721000.0,0.0,0.036,0.58,173121000.0,247842000.0,0.134,247842000.0,173121000.0,130387000.0,0.8,0.8,0.8,698382000.0,698887250.0,698382000.0,1931578648.0,11.0,7.794,210711000.0,2.355,1.0,331555000.0,0.179,0.0,42734000.0,1756257000.0,1752386250.0,328555000.0,44997000.0,44997000.0,0.0,987115000.0,439135000.0,547980000.0,1425805648.0,-15577000.0,-7336000.0,-46563000.0,-123738000.0,-52763000.0,-218952000.0,90651000.0,0.0,112724000.0,0.0,73050000.0,73050000.0,73050000.0,23517000.0,0.0,0.039,164309000.0,167246000.0,172442000.0,0.725,2.042,19.518,20.0,861348000.0,0.0,16.0,0.769,0.772,259697000.0,,1853606000.0,1853606000.0,0.0,0.042,0.105,0.099,0.093,0.0,164309000.0,1.0,89112853.0,89483000,89483000.0,20.715,1685497000.0,0.0,57337000.0,103303000.0,18.836,213802000.0
87,WOR,MRT,1999-09-30,1999-08-31,1999-08-31,2021-10-12,0.0,1667939000.0,1767604250.0,605607000.0,1062332000.0,1.028,7.63,123948000.0,7054000.0,7054000.0,1501020000.0,70631000.0,1.372,1.43,512827000.0,148655000.0,364172000.0,512827000.0,0.0,77100000.0,0.0,0.038,0.57,168312000.0,245412000.0,0.135,245412000.0,168312000.0,123914000.0,0.76,0.76,0.76,686363000.0,707813500.0,686363000.0,1884178340.0,11.0,7.678,262683000.0,2.92,1.0,315683000.0,0.174,0.0,44398000.0,1732387000.0,1782306250.0,288753000.0,43497000.0,43497000.0,0.0,981576000.0,441325000.0,540251000.0,1346009340.0,-4142000.0,-7336000.0,-45258000.0,-165373000.0,-52343000.0,-259489000.0,116612000.0,0.0,138735000.0,0.0,70631000.0,70631000.0,70631000.0,19569000.0,0.0,0.039,157797000.0,157886000.0,171839000.0,0.75,1.961,19.057,19.737,867418000.0,0.0,15.0,0.741,0.743,254756000.0,,1816703000.0,1816703000.0,0.0,0.04,0.1,0.094,0.093,0.0,157797000.0,1.0,89733956.0,89953000,89953000.0,20.196,1667939000.0,0.0,53283000.0,96607000.0,18.542,164282000.0
88,WOR,MRT,1999-06-30,1999-05-31,1999-05-31,2021-10-12,-8484000.0,1686951000.0,1820891500.0,624255000.0,1062696000.0,0.968,7.414,91236000.0,7641000.0,7641000.0,1468886000.0,54912000.0,1.459,1.446,545810000.0,180008000.0,365802000.0,545810000.0,0.0,78490000.0,0.0,0.044,0.56,147156000.0,225646000.0,0.128,225646000.0,147156000.0,104030000.0,0.59,0.59,0.59,689649000.0,717220000.0,689649000.0,1750185317.0,12.0,7.756,194960000.0,2.096,1.0,294186000.0,0.167,83402000.0,43126000.0,1713993000.0,1828690250.0,257010000.0,116440000.0,52497000.0,63943000.0,997302000.0,427725000.0,569577000.0,1176587317.0,3853000.0,-34054000.0,-93083000.0,-19084000.0,-52383000.0,-157053000.0,57182000.0,0.0,103724000.0,0.0,54912000.0,54912000.0,54912000.0,20885000.0,0.0,0.031,147990000.0,146196000.0,161264000.0,0.949,1.706,21.427,21.712,871347000.0,0.0,12.81,0.667,0.676,281706000.0,586659000.0,1763072000.0,1763072000.0,0.0,0.03,0.077,0.08,0.083,0.0,147990000.0,1.0,91849127.0,93016000,93106000.0,18.955,1603549000.0,0.0,49118000.0,124736000.0,17.239,196530000.0
89,WOR,MRT,1999-03-31,1999-02-28,1999-02-28,2021-10-12,-10821000.0,1845766000.0,1859739250.0,643859000.0,1201907000.0,0.922,7.789,-68726000.0,16750000.0,16750000.0,1436909000.0,65709000.0,1.274,1.559,590348000.0,165687000.0,424661000.0,590348000.0,0.0,74703000.0,0.0,0.043,0.55,151229000.0,225932000.0,0.132,225932000.0,151229000.0,113052000.0,0.69,0.69,0.69,721155000.0,739876000.0,721155000.0,1793238736.0,12.0,7.937,93079000.0,1.005,1.0,277542000.0,0.162,106905000.0,38177000.0,1806908000.0,1877815250.0,295559000.0,126027000.0,0.0,126027000.0,1124611000.0,505551000.0,619060000.0,1173653736.0,9603000.0,-26718000.0,-60511000.0,43538000.0,-52000000.0,-56758000.0,-95444000.0,0.0,161805000.0,0.0,65709000.0,65709000.0,65709000.0,7065000.0,0.0,0.038,137995000.0,139547000.0,173140000.0,0.797,1.627,17.861,18.391,928183000.0,0.0,12.69,0.685,0.685,294278000.0,618012000.0,1714451000.0,1714451000.0,0.0,0.035,0.089,0.081,0.088,0.0,137995000.0,1.0,92486504.0,92588000,92588000.0,18.517,1738861000.0,0.0,47343000.0,147304000.0,18.781,138308000.0
90,WOR,MRT,1998-12-31,1998-11-30,1998-11-30,2021-10-12,-8054000.0,1869761000.0,1839217500.0,649528000.0,1220233000.0,0.919,7.93,-194295000.0,22788000.0,22788000.0,1425348000.0,104603000.0,1.286,1.547,642373000.0,226802000.0,415571000.0,642373000.0,0.0,70249000.0,0.0,0.044,0.54,184393000.0,254642000.0,0.151,254642000.0,184393000.0,151784000.0,1.09,1.09,1.09,734087000.0,750218750.0,734087000.0,1793991534.0,10.0,7.045,-14971000.0,-0.162,1.0,264558000.0,0.157,108264000.0,32609000.0,1875937000.0,1906666500.0,310682000.0,113779000.0,0.0,113779000.0,1135674000.0,505145000.0,630529000.0,1127204534.0,16488000.0,-26718000.0,-62464000.0,112830000.0,-51639000.0,19494000.0,-182330000.0,0.0,179324000.0,0.0,104603000.0,104603000.0,104603000.0,-13332000.0,0.0,0.062,129458000.0,135100000.0,163980000.0,0.495,1.536,10.776,11.183,967730000.0,0.0,12.19,0.667,0.668,281292000.0,628747000.0,1689906000.0,1689906000.0,0.0,0.057,0.139,0.097,0.109,0.0,129458000.0,1.0,92469609.0,92566000,92566000.0,18.256,1761497000.0,0.0,47181000.0,151973000.0,19.03,144383000.0
91,WOR,MRT,1998-09-30,1998-08-31,1998-08-31,2021-10-12,-8631000.0,1881088000.0,1790514000.0,641571000.0,1239517000.0,0.919,7.552,-281079000.0,11196000.0,11196000.0,1393057000.0,104196000.0,1.23,1.598,677983000.0,262760000.0,415223000.0,677983000.0,0.0,65178000.0,0.0,0.041,0.53,178349000.0,243527000.0,0.148,243527000.0,178349000.0,150607000.0,1.08,1.08,1.08,723989000.0,750700500.0,723989000.0,1817909617.0,10.0,7.465,-124467000.0,-1.298,1.0,253111000.0,0.154,108153000.0,27742000.0,1917923000.0,1891377750.0,320601000.0,110993000.0,0.0,110993000.0,1157099000.0,521799000.0,635300000.0,1244002617.0,9597000.0,-26718000.0,-61472000.0,207517000.0,-51271000.0,122099000.0,-269114000.0,0.0,156612000.0,0.0,104196000.0,104196000.0,104196000.0,-14238000.0,0.0,0.063,123571000.0,129540000.0,151283000.0,0.491,1.718,11.939,12.037,985625000.0,0.0,13.0,0.756,0.757,269016000.0,619388000.0,1646168000.0,1646168000.0,0.0,0.058,0.139,0.094,0.108,0.0,123571000.0,1.0,95692509.0,95871000,95871000.0,17.171,1772935000.0,0.0,46411000.0,150410000.0,18.493,119772000.0
92,WOR,MRT,1998-06-30,1998-05-31,1998-05-31,2021-10-12,-8375000.0,1842342000.0,1720683750.0,642995000.0,1199347000.0,0.944,8.065,-309412000.0,3788000.0,3788000.0,1371841000.0,118412000.0,1.568,1.361,577695000.0,138080000.0,439615000.0,577695000.0,0.0,61459000.0,0.0,0.03,0.52,192327000.0,253786000.0,0.156,253786000.0,192327000.0,166750000.0,1.22,1.22,1.22,780273000.0,752275500.0,780273000.0,2265488030.0,12.0,8.927,-108509000.0,-1.122,1.0,252608000.0,0.156,95725000.0,25577000.0,1910493000.0,1848021500.0,288911000.0,137439000.0,0.0,137439000.0,1062069000.0,410031000.0,652038000.0,1704279030.0,-3424000.0,0.0,-1435000.0,84067000.0,-50311000.0,66402000.0,-270729000.0,0.0,200903000.0,0.0,118412000.0,118412000.0,118412000.0,-17337000.0,0.0,0.073,117101000.0,135507000.0,176752000.0,0.426,2.184,14.393,14.443,933158000.0,0.0,17.62,1.049,1.049,310155000.0,670984000.0,1624449000.0,1624449000.0,0.0,0.069,0.157,0.104,0.118,0.0,117101000.0,1.0,96724122.0,96751000,96949000.0,16.79,1746617000.0,5429000.0,48338000.0,145230000.0,18.053,232964000.0
93,WOR,MRT,1998-03-31,1998-02-28,1998-02-28,2021-10-12,-8053000.0,1763679000.0,1650394750.0,623467000.0,1140212000.0,0.746,7.879,-267954000.0,7147000.0,7147000.0,1042697000.0,112646000.0,2.034,1.313,568356000.0,57738000.0,510618000.0,568356000.0,0.0,56692000.0,0.0,0.023,0.39,173279000.0,229971000.0,0.187,229971000.0,173279000.0,147005000.0,1.17,1.16,1.17,762526000.0,736086750.0,762526000.0,2215463011.0,13.0,9.634,-89649000.0,-0.926,1.0,188237000.0,0.153,96055000.0,26274000.0,1922313000.0,1799254500.0,280799000.0,150690000.0,0.0,150690000.0,1001153000.0,306520000.0,694633000.0,1657550011.0,4384000.0,4000.0,1509000.0,67862000.0,-49329000.0,55346000.0,-229267000.0,0.0,178305000.0,0.0,112646000.0,112646000.0,112646000.0,-35089000.0,0.0,0.092,90273000.0,97964000.0,159684000.0,0.333,2.174,14.715,14.632,858589000.0,0.0,17.12,1.347,1.346,304466000.0,653950000.0,1230934000.0,1230934000.0,0.0,0.068,0.153,0.096,0.141,0.0,90273000.0,1.0,96819510.0,96781000,96781000.0,12.719,1667624000.0,0.0,34359000.0,146678000.0,17.231,316947000.0
94,WOR,MRT,1997-12-31,1997-11-30,1997-11-30,2021-10-12,-7973000.0,1674947000.0,1585967750.0,580147000.0,1094800000.0,0.832,7.605,-247618000.0,6300000.0,6300000.0,1122833000.0,93344000.0,1.805,1.276,564213000.0,110124000.0,454089000.0,564213000.0,0.0,57526000.0,0.0,0.028,0.5,154242000.0,211768000.0,0.16,211768000.0,154242000.0,129398000.0,0.98,0.97,0.98,736014000.0,720022500.0,736014000.0,2254791650.0,15.0,10.647,-102054000.0,-1.054,1.0,197123000.0,0.149,96690000.0,24844000.0,1814782000.0,1717102750.0,278639000.0,152450000.0,0.0,152450000.0,938933000.0,321388000.0,617545000.0,1753697650.0,7547000.0,-66982000.0,4350000.0,193692000.0,-47644000.0,176583000.0,-314600000.0,0.0,145564000.0,0.0,93344000.0,93344000.0,93344000.0,-31562000.0,0.0,0.071,94730000.0,102393000.0,121370000.0,0.51,2.383,18.787,18.49,815554000.0,0.0,18.12,1.329,1.329,257343000.0,627461000.0,1319956000.0,1319956000.0,0.0,0.059,0.13,0.09,0.117,0.0,94730000.0,1.0,96782431.0,96784000,96784000.0,13.638,1578257000.0,0.0,36054000.0,124132000.0,16.307,258759000.0
95,WOR,MRT,1997-09-30,1997-08-31,1997-08-31,2021-10-12,-3393000.0,1601767000.0,1494423750.0,576036000.0,1025731000.0,0.927,7.549,-199193000.0,1599000.0,1599000.0,1180527000.0,94111000.0,2.208,1.193,502693000.0,53684000.0,449009000.0,502693000.0,0.0,53357000.0,0.0,0.02,0.37,154909000.0,208266000.0,0.15,208266000.0,154909000.0,133651000.0,0.98,,0.98,730289000.0,705259250.0,730289000.0,2294840527.0,15.0,11.019,-103010000.0,-1.065,1.0,205088000.0,0.148,97535000.0,21258000.0,1744498000.0,1622265500.0,302506000.0,148386000.0,0.0,148386000.0,871478000.0,260828000.0,610650000.0,1795675527.0,-8132000.0,-66982000.0,3505000.0,184855000.0,-45965000.0,161860000.0,-266175000.0,0.0,96183000.0,0.0,94111000.0,94111000.0,94111000.0,-26708000.0,0.0,0.068,94986000.0,110102000.0,124639000.0,0.378,2.459,19.08,18.939,751296000.0,0.0,18.56,1.296,1.296,243480000.0,618047000.0,1385615000.0,1385615000.0,0.0,0.063,0.133,0.095,0.112,0.0,94986000.0,1.0,96749759.0,96739000,,14.323,1504232000.0,0.0,39540000.0,135481000.0,15.549,315208000.0
96,WOR,MRT,1997-06-30,1997-05-31,1997-05-31,2021-10-12,-7424000.0,1561186000.0,1421805000.0,594128000.0,967058000.0,1.005,7.41,-172905000.0,7212000.0,7212000.0,1221078000.0,93318000.0,2.407,1.182,506377000.0,55984000.0,450393000.0,506377000.0,0.0,51388000.0,0.0,0.019,0.36,152589000.0,203977000.0,0.143,203977000.0,152589000.0,134162000.0,0.97,0.96,0.97,715518000.0,691418000.0,715518000.0,2289792000.0,15.0,11.226,-94542000.0,-0.979,1.0,207268000.0,0.145,98132000.0,18427000.0,1715425000.0,1532712500.0,296888000.0,145534000.0,0.0,145534000.0,845668000.0,246794000.0,598874000.0,1787562000.0,-10368000.0,-75362000.0,2800000.0,192126000.0,-44294000.0,159536000.0,-248267000.0,0.0,78363000.0,0.0,93318000.0,93318000.0,93318000.0,-26708000.0,0.0,0.065,96252000.0,111016000.0,117910000.0,0.371,2.498,19.156,19.072,691027000.0,0.0,18.5,1.251,1.251,0.0,607922000.0,1428346000.0,1428346000.0,0.0,0.066,0.135,0.1,0.107,0.0,96252000.0,1.0,96624973.0,96557000,96841000.0,14.793,1463054000.0,0.0,40844000.0,122791000.0,15.152,347334000.0
97,WOR,MRT,1997-03-31,1997-02-28,1997-02-28,2021-10-12,-4719000.0,1505971000.0,,580308000.0,925663000.0,,7.231,-156568000.0,2763000.0,2763000.0,1187016000.0,93023000.0,1.838,1.157,504993000.0,144080000.0,360913000.0,504993000.0,0.0,51613000.0,0.0,0.028,0.59,149424000.0,201037000.0,0.144,201037000.0,149424000.0,133909000.0,0.97,,0.97,698269000.0,,698269000.0,2259383126.0,15.0,11.239,-100034000.0,-1.036,1.0,206702000.0,0.148,98747000.0,15515000.0,1593706000.0,,286232000.0,46598000.0,0.0,46598000.0,807702000.0,315748000.0,491954000.0,1897955126.0,-5199000.0,-75371000.0,1842000.0,211054000.0,-42690000.0,170206000.0,-231939000.0,0.0,56534000.0,0.0,93023000.0,93023000.0,93023000.0,0.0,0.0,0.067,98840000.0,107862000.0,97389000.0,0.608,2.718,20.403,21.526,653129000.0,0.0,20.88,1.362,1.447,270108000.0,593621000.0,1393718000.0,1393718000.0,0.0,,,,0.107,0.0,98840000.0,1.0,90898234.0,96570000,,14.432,1407224000.0,0.0,40886000.0,118717000.0,14.572,264560000.0
98,WOR,MRT,1996-12-31,1996-11-30,1996-11-30,2021-10-12,17376000.0,1308771000.0,,474073000.0,834698000.0,,7.014,-152591000.0,342000.0,342000.0,1093930000.0,95265000.0,2.859,0.933,361770000.0,35534000.0,326236000.0,361770000.0,0.0,47102000.0,0.0,0.023,0.46,151000000.0,198102000.0,0.153,198102000.0,151000000.0,137952000.0,0.99,,0.99,676961000.0,,676961000.0,,,,-67138000.0,-0.696,1.0,199691000.0,0.154,68921000.0,13048000.0,1435433000.0,,233899000.0,37735000.0,0.0,37735000.0,631810000.0,165845000.0,465965000.0,1807056892.0,-15993000.0,-177796000.0,1611000.0,269101000.0,-41771000.0,228941000.0,-330387000.0,0.0,85453000.0,0.0,95265000.0,95265000.0,95265000.0,0.0,0.0,0.074,91535000.0,108156000.0,69644000.0,0.465,2.669,18.969,20.081,567722000.0,0.0,19.88,1.397,1.483,214240000.0,551376000.0,1293621000.0,1293621000.0,0.0,,,,0.117,0.0,91535000.0,1.0,90898234.0,96510000,,13.404,1239850000.0,0.0,42687000.0,126502000.0,12.847,308228000.0
99,WOR,MRT,1996-09-30,1996-08-31,1996-08-31,2021-10-12,,,,,,,,,,,1002802000.0,98786000.0,,,,,,,,,,0.023,0.46,154639000.0,,,,154639000.0,143647000.0,1.05,,1.05,,,,,,,,,1.0,187014000.0,0.157,,10992000.0,,,,,,,,,,,,,,,,,,,,,98786000.0,98786000.0,98786000.0,0.0,0.0,0.083,83345000.0,103669000.0,,0.438,,,19.286,,0.0,20.25,,1.643,,,1189816000.0,1189816000.0,0.0,,,,0.13,,83345000.0,1.0,,96512000,,12.328,,,44861000.0,,,
100,WOR,MRT,1996-06-30,1996-05-31,1996-05-31,2021-10-12,-1437000.0,1282424000.0,,505104000.0,777320000.0,,6.916,-119286000.0,17580000.0,17580000.0,948505000.0,100973000.0,3.014,0.922,317997000.0,2475000.0,315522000.0,317997000.0,0.0,41458000.0,0.0,0.028,0.56,155790000.0,197248000.0,0.175,197248000.0,155790000.0,147103000.0,1.05,1.04,1.05,667318000.0,,667318000.0,,,,26907000.0,0.279,1.0,177987000.0,0.158,65256000.0,8687000.0,1350000000.0,,216159000.0,138212000.0,0.0,138212000.0,615106000.0,167585000.0,447521000.0,,15687000.0,-177706000.0,-852000.0,207301000.0,-39963000.0,166486000.0,-296992000.0,0.0,146193000.0,0.0,100973000.0,100973000.0,100973000.0,0.0,0.0,0.09,78852000.0,99135000.0,88718000.0,0.533,,,19.162,544052000.0,0.0,20.12,,1.723,244256000.0,561711000.0,1126492000.0,1126492000.0,0.0,,,,0.138,0.0,78852000.0,1.0,,96487000,96487000.0,11.675,1217168000.0,0.0,46130000.0,121907000.0,12.615,337519000.0
101,WOR,MRT,1996-03-31,1996-02-29,1996-02-29,2021-10-12,,,,,,,,,,,,,,,,,,,,,,0.02,0.43,,,,,,,,,,,,,,,,,,1.0,,,,,,,,,,,,,,,,,,,,,,,,,,,,,,,,,,,,,,,,21.5,,,,,,,,,,,,,,1.0,,96452000,,,,,,,,
102,WOR,MRT,1995-12-31,1995-11-30,1995-11-30,2021-10-12,,,,,,,,,,,,,,,,,,,,,,0.021,0.42,,,,,,,,,,,,,,,,,,1.0,,,,,,,,,,,,,,,,,,,,,,,,,,,,,,,,,,,,,,,,19.62,,,,,,,,,,,,,,1.0,,90748000,,,,,,,,
103,WOR,MRT,1995-06-30,1995-05-31,1995-05-31,2021-10-12,,,,,,,,-71314000.0,,,1310184000.0,123129000.0,,,,,,,,36384000.0,,0.014,0.3,204225000.0,240609000.0,0.154,240609000.0,204225000.0,197552000.0,1.28,,1.28,,,,,,,6999000.0,0.073,1.0,255491000.0,0.163,,6673000.0,,,,,,,,,,,-10289000.0,-10857000.0,4235000.0,35610000.0,-46276000.0,-6431000.0,-82171000.0,0.0,78313000.0,0.0,123129000.0,123129000.0,123129000.0,0.0,0.0,0.079,90241000.0,165250000.0,,0.234,,,16.312,,0.0,20.88,,1.286,,,1565675000.0,1565675000.0,0.0,,,,0.13,0.0,90241000.0,1.0,,96405000,,16.241,,,74423000.0,,,
