None,ticker,dimension,calendardate,datekey,reportperiod,lastupdated,accoci,assets,assetsavg,assetsc,assetsnc,assetturnover,bvps,capex,cashneq,cashnequsd,cor,consolinc,currentratio,de,debt,debtc,debtnc,debtusd,deferredrev,depamor,deposits,divyield,dps,ebit,ebitda,ebitdamargin,ebitdausd,ebitusd,ebt,eps,epsdil,epsusd,equity,equityavg,equityusd,ev,evebit,evebitda,fcf,fcfps,fxusd,gp,grossmargin,intangibles,intexp,invcap,invcapavg,inventory,investments,investmentsc,investmentsnc,liabilities,liabilitiesc,liabilitiesnc,marketcap,ncf,ncfbus,ncfcommon,ncfdebt,ncfdiv,ncff,ncfi,ncfinv,ncfo,ncfx,netinc,netinccmn,netinccmnusd,netincdis,netincnci,netmargin,opex,opinc,payables,payoutratio,pb,pe,pe1,ppnenet,prefdivis,price,ps,ps1,receivables,retearn,revenue,revenueusd,rnd,roa,roe,roic,ros,sbcomp,sgna,sharefactor,sharesbas,shareswa,shareswadil,sps,tangibles,taxassets,taxexp,taxliabilities,tbvps,workingcapital
0,WEC,MRY,2020-12-31,2020-12-31,2020-12-31,2021-08-05,-6800000.0,37028100000.0,35581075000.0,2083000000.0,34945100000.0,0.204,33.195,-2238800000.0,24800000.0,24800000.0,4559700000.0,1201400000.0,0.502,2.537,14290800000.0,2562700000.0,11728100000.0,14290800000.0,412200000.0,975900000.0,0.0,0.027,2.53,1922700000.0,2898600000.0,0.4,2898600000.0,1922700000.0,1429000000.0,3.8,3.79,3.8,10469700000.0,10412050000.0,10469700000.0,42036039888.0,22.0,14.502,-42800000.0,-0.136,1.0,2682000000.0,0.37,3052800000.0,493700000.0,44093200000.0,42395225000.0,528600000.0,1764300000.0,0.0,1764300000.0,26558400000.0,4148100000.0,22410300000.0,29029439888.0,-9700000.0,-605400000.0,-55400000.0,1552700000.0,-798000000.0,601100000.0,-2806800000.0,18400000.0,2196000000.0,0.0,1201100000.0,1199900000.0,1199900000.0,0.0,300000.0,0.166,975900000.0,1706100000.0,880700000.0,0.666,2.773,24.193,24.218,25707400000.0,1200000.0,92.03,4.009,4.008,1222800000.0,6329600000.0,7241700000.0,7241700000.0,0.0,0.034,0.115,0.045,0.266,0.0,0.0,1.0,315434531.0,315400000,316500000.0,22.96,33975300000.0,0.0,227900000.0,4059800000.0,107.721,-2065100000.0
1,WEC,MRY,2019-12-31,2019-12-31,2019-12-31,2021-08-05,-4100000.0,34951800000.0,34250100000.0,2093600000.0,32858200000.0,0.22,32.065,-2260800000.0,37500000.0,37500000.0,5065400000.0,1134700000.0,0.658,2.456,12735000000.0,1524000000.0,11211000000.0,12735000000.0,497100000.0,926300000.0,0.0,0.026,2.36,1761700000.0,2688000000.0,0.357,2688000000.0,1761700000.0,1260200000.0,3.6,3.58,3.6,10113400000.0,10041275000.0,10113400000.0,41348924927.0,23.0,15.383,84700000.0,0.269,1.0,2457700000.0,0.327,3052800000.0,501500000.0,41413800000.0,40302400000.0,549800000.0,1720800000.0,0.0,1720800000.0,24838400000.0,3182700000.0,21655700000.0,29092624927.0,-63800000.0,-283200000.0,-73100000.0,925600000.0,-744500000.0,85600000.0,-2494900000.0,200000.0,2345500000.0,0.0,1135200000.0,1134000000.0,1134000000.0,0.0,-500000.0,0.151,926300000.0,1531400000.0,908100000.0,0.656,2.877,25.655,25.619,23620100000.0,1200000.0,92.23,3.867,3.867,1176500000.0,5927700000.0,7523100000.0,7523100000.0,0.0,0.033,0.113,0.044,0.234,0.0,0.0,1.0,315435595.0,315400000,316700000.0,23.853,31899000000.0,0.0,125000000.0,3769300000.0,101.138,-1089100000.0
2,WEC,MRY,2018-12-31,2018-12-31,2018-12-31,2021-08-05,-2600000.0,33475800000.0,32440350000.0,2247600000.0,31228200000.0,0.237,31.027,-2115700000.0,84500000.0,84500000.0,5365300000.0,1060500000.0,0.675,2.42,11799100000.0,1805100000.0,9994000000.0,11799100000.0,520400000.0,845800000.0,0.0,0.032,2.21,1675400000.0,2521200000.0,0.328,2521200000.0,1675400000.0,1230300000.0,3.36,3.34,3.36,9788900000.0,9739450000.0,9788900000.0,33115534292.0,20.0,13.135,329800000.0,1.045,1.0,2314200000.0,0.301,3052800000.0,445100000.0,38805900000.0,37126075000.0,548200000.0,1665300000.0,0.0,1665300000.0,23686900000.0,3331700000.0,20355200000.0,21853334292.0,87500000.0,-342800000.0,-43300000.0,782200000.0,-697300000.0,26400000.0,-2384400000.0,53600000.0,2445500000.0,0.0,1060500000.0,1059300000.0,1059300000.0,0.0,0.0,0.138,845800000.0,1468400000.0,876400000.0,0.658,2.232,20.63,20.613,22000900000.0,1200000.0,69.26,2.846,2.845,1280900000.0,5538200000.0,7679500000.0,7679500000.0,0.0,0.033,0.109,0.045,0.218,0.0,0.0,1.0,315526051.0,315500000,316900000.0,24.341,30423000000.0,0.0,169800000.0,3388100000.0,96.428,-1084100000.0
3,WEC,MRY,2017-12-31,2017-12-31,2017-12-31,2021-08-05,2900000.0,31590500000.0,30794925000.0,2213500000.0,29377000000.0,0.248,29.979,-1959500000.0,38900000.0,38900000.0,5073800000.0,1204900000.0,0.572,2.339,11033300000.0,2286700000.0,8746600000.0,11033300000.0,543300000.0,798600000.0,0.0,0.031,2.08,2004100000.0,2802700000.0,0.366,2802700000.0,2004100000.0,1588400000.0,3.81,3.79,3.81,9461400000.0,9233775000.0,9461400000.0,31434184584.0,16.0,11.216,119100000.0,0.377,1.0,2574700000.0,0.337,3053500000.0,415700000.0,35662100000.0,35218325000.0,539000000.0,1553400000.0,0.0,1553400000.0,22129100000.0,3869300000.0,18259800000.0,20963684584.0,-14100000.0,-311600000.0,-40500000.0,864900000.0,-656500000.0,161400000.0,-2254100000.0,5000000.0,2078600000.0,0.0,1204900000.0,1203700000.0,1203700000.0,0.0,0.0,0.157,798600000.0,1776100000.0,859900000.0,0.546,2.216,17.416,17.436,21347000000.0,1200000.0,66.43,2.741,2.741,1350700000.0,5176800000.0,7648500000.0,7648500000.0,0.0,0.039,0.13,0.057,0.262,0.0,0.0,1.0,315575562.0,315600000,317200000.0,24.235,28537000000.0,0.0,383500000.0,2999800000.0,90.421,-1655800000.0
4,WEC,MRY,2016-12-31,2016-12-31,2016-12-31,2021-08-05,2900000.0,30123200000.0,29461650000.0,2168700000.0,27954500000.0,0.254,28.295,-1423700000.0,37500000.0,37500000.0,5013400000.0,940200000.0,0.892,2.373,10175600000.0,1017400000.0,9158200000.0,10175600000.0,566200000.0,762600000.0,0.0,0.034,1.98,1909400000.0,2672000000.0,0.358,2672000000.0,1909400000.0,1506700000.0,2.98,2.96,2.98,8929800000.0,8868275000.0,8929800000.0,28452854586.0,15.0,10.649,680100000.0,2.155,1.0,2458900000.0,0.329,3046200000.0,402700000.0,34783500000.0,34207100000.0,587600000.0,1443900000.0,0.0,1443900000.0,21193400000.0,2431600000.0,18761800000.0,18510954586.0,-96100000.0,124000000.0,-66400000.0,-140800000.0,-624900000.0,-845700000.0,-1354200000.0,-57500000.0,2103800000.0,0.0,940200000.0,939000000.0,939000000.0,0.0,0.0,0.126,762600000.0,1696300000.0,861500000.0,0.664,2.073,19.713,19.681,19915500000.0,1200000.0,58.65,2.477,2.477,1241700000.0,4613900000.0,7472300000.0,7472300000.0,0.0,0.032,0.106,0.056,0.256,0.0,0.0,1.0,315617299.0,315600000,316900000.0,23.676,27077000000.0,0.0,566500000.0,5146600000.0,85.795,-262900000.0
5,WEC,MRY,2015-12-31,2015-12-31,2015-12-31,2021-08-05,4600000.0,29355200000.0,25468725000.0,2206800000.0,27148400000.0,0.233,31.925,-1266200000.0,49800000.0,49800000.0,4113800000.0,640300000.0,0.815,2.392,10376800000.0,1252700000.0,9124100000.0,10376800000.0,579400000.0,583500000.0,0.0,0.038,1.933,1405500000.0,1989000000.0,0.336,1989000000.0,1405500000.0,1074100000.0,2.36,2.34,2.36,8654800000.0,7563000000.0,8654800000.0,26170069181.0,19.0,13.157,27400000.0,0.101,1.0,1812300000.0,0.306,3023500000.0,331400000.0,33949700000.0,29229625000.0,687000000.0,1380900000.0,0.0,1380900000.0,20700400000.0,2709000000.0,17991400000.0,16197769181.0,-12100000.0,-1309700000.0,-44600000.0,1783400000.0,-455400000.0,1211800000.0,-2517500000.0,0.0,1293600000.0,0.0,640300000.0,638500000.0,638500000.0,0.0,0.0,0.108,561800000.0,1250500000.0,815400000.0,0.819,1.872,25.368,21.742,19189700000.0,1800000.0,51.31,2.733,2.347,1028600000.0,4299800000.0,5926100000.0,5926100000.0,0.0,0.025,0.084,0.048,0.237,0.0,0.0,1.0,315684451.0,271100000,272700000.0,21.859,26331700000.0,0.0,433800000.0,4622300000.0,97.129,-502200000.0
6,WEC,MRY,2014-12-31,2014-12-31,2014-12-31,2021-08-05,300000.0,14905000000.0,14762625000.0,1292700000.0,13612300000.0,0.338,19.591,-761200000.0,61900000.0,61900000.0,3493600000.0,589500000.0,0.775,2.372,5212400000.0,1041700000.0,4170700000.0,5212400000.0,614100000.0,417000000.0,0.0,0.03,1.56,1191500000.0,1608500000.0,0.322,1608500000.0,1191500000.0,951200000.0,2.61,2.59,2.61,4419700000.0,4376775000.0,4419700000.0,16898184564.0,14.0,10.506,437700000.0,1.94,1.0,1503500000.0,0.301,441900000.0,240300000.0,17944900000.0,18098650000.0,400600000.0,456900000.0,0.0,456900000.0,10485300000.0,1668700000.0,8816600000.0,11893784564.0,35900000.0,800000.0,-72900000.0,5900000.0,-352000000.0,-406200000.0,-756800000.0,0.0,1198900000.0,0.0,589500000.0,588300000.0,588300000.0,0.0,0.0,0.118,391400000.0,1112100000.0,363300000.0,0.598,2.691,20.217,20.207,11257700000.0,1200000.0,52.74,2.38,2.381,643400000.0,4117000000.0,4997100000.0,4997100000.0,0.0,0.04,0.134,0.066,0.238,0.0,0.0,1.0,225517341.0,225600000,227500000.0,22.15,14463100000.0,0.0,361700000.0,2664000000.0,64.109,-376000000.0
7,WEC,MRY,2013-12-31,2013-12-31,2013-12-31,2021-08-05,0.0,14769400000.0,14438625000.0,1551100000.0,13218300000.0,0.313,18.598,-725200000.0,26000000.0,26000000.0,3098800000.0,578600000.0,1.037,2.489,5242800000.0,879600000.0,4363200000.0,5242800000.0,664200000.0,396000000.0,0.0,0.035,1.445,1167400000.0,1563400000.0,0.346,1563400000.0,1167400000.0,916500000.0,2.54,2.51,2.54,4233000000.0,4207525000.0,4233000000.0,14449518982.0,12.0,9.242,507000000.0,2.228,1.0,1420200000.0,0.314,441900000.0,250900000.0,18047900000.0,17800425000.0,329400000.0,438800000.0,0.0,438800000.0,10536400000.0,1496400000.0,9040000000.0,9364318982.0,-9600000.0,-10500000.0,-174900000.0,-3400000.0,-328900000.0,-496000000.0,-745800000.0,0.0,1232200000.0,0.0,578600000.0,577400000.0,577400000.0,0.0,0.0,0.128,340100000.0,1080100000.0,342600000.0,0.569,2.212,16.218,16.276,10906600000.0,1200000.0,41.34,2.072,2.082,727100000.0,,4519000000.0,4519000000.0,0.0,0.04,0.137,0.066,0.258,0.0,0.0,1.0,226519569.0,227600000,229700000.0,19.855,14327500000.0,310000000.0,337900000.0,2634000000.0,62.95,54700000.0
8,WEC,MRY,2012-12-31,2012-12-31,2012-12-31,2021-08-05,0.0,14285000000.0,13957150000.0,1272600000.0,13012400000.0,0.304,17.963,-707000000.0,35600000.0,35600000.0,2881900000.0,546300000.0,0.883,2.455,5260500000.0,806700000.0,4453800000.0,5260500000.0,709700000.0,371700000.0,0.0,0.033,1.2,1100800000.0,1472500000.0,0.347,1472500000.0,1100800000.0,852600000.0,2.37,2.35,2.37,4135100000.0,4103725000.0,4135100000.0,13530482964.0,12.0,9.189,466900000.0,2.028,1.0,1364500000.0,0.321,441900000.0,248200000.0,17626600000.0,17305375000.0,360700000.0,413800000.0,0.0,413800000.0,10149900000.0,1441400000.0,8708500000.0,8478082964.0,21500000.0,-15700000.0,-103400000.0,-43800000.0,-276300000.0,-422800000.0,-729600000.0,0.0,1173900000.0,0.0,546300000.0,546300000.0,546300000.0,0.0,0.0,0.129,329400000.0,1035100000.0,368400000.0,0.506,2.05,15.519,15.549,10572200000.0,0.0,36.85,1.997,1.998,563400000.0,,4246400000.0,4246400000.0,0.0,0.039,0.133,0.064,0.259,0.0,0.0,1.0,230070094.0,230200000,232800000.0,18.447,13843100000.0,105300000.0,306300000.0,2117000000.0,60.135,-168800000.0
9,WEC,MRY,2011-12-31,2011-12-31,2011-12-31,2021-08-05,0.0,13862100000.0,13344125000.0,1426200000.0,12435900000.0,0.336,17.039,-830800000.0,59600000.0,59600000.0,3268900000.0,526200000.0,1.045,2.498,5316800000.0,702500000.0,4614300000.0,5316800000.0,754500000.0,336400000.0,0.0,0.03,1.04,1025900000.0,1362300000.0,0.304,1362300000.0,1025900000.0,790100000.0,2.26,2.24,2.26,3963300000.0,3939075000.0,3963300000.0,13171919666.0,13.0,9.669,162600000.0,0.699,1.0,1217500000.0,0.271,441900000.0,235800000.0,17312900000.0,16671350000.0,382000000.0,393300000.0,0.0,393300000.0,9898800000.0,1364500000.0,8534300000.0,8085119666.0,-10400000.0,-6600000.0,-139500000.0,265400000.0,-242000000.0,-111300000.0,-892500000.0,0.0,993400000.0,0.0,526200000.0,526200000.0,526200000.0,-13400000.0,0.0,0.117,267500000.0,950000000.0,325700000.0,0.46,2.04,15.365,15.469,10160400000.0,0.0,34.96,1.802,1.813,602100000.0,,4486400000.0,4486400000.0,0.0,0.039,0.134,0.062,0.229,0.0,0.0,1.0,231267725.0,232600000,235400000.0,19.288,13420200000.0,155100000.0,263900000.0,1696100000.0,57.696,61700000.0
10,WEC,MRY,2010-12-31,2010-12-31,2010-12-31,2021-08-05,0.0,13059800000.0,12798325000.0,1331100000.0,11728700000.0,0.328,16.262,-798200000.0,32800000.0,32800000.0,3284900000.0,456500000.0,0.773,2.435,5063300000.0,1131300000.0,3932000000.0,5063300000.0,805500000.0,317400000.0,0.0,0.027,0.8,912800000.0,1230200000.0,0.293,1230200000.0,912800000.0,706400000.0,1.95,1.93,1.95,3802100000.0,3712175000.0,3802100000.0,11733651357.0,13.0,9.538,12200000.0,0.052,1.0,917600000.0,0.218,441900000.0,206400000.0,15927300000.0,15664225000.0,379100000.0,376300000.0,0.0,376300000.0,9257700000.0,1721100000.0,7536600000.0,6880551357.0,4300000.0,-5200000.0,-65700000.0,71100000.0,-187000000.0,-172600000.0,-633500000.0,0.0,810400000.0,0.0,456500000.0,456500000.0,456500000.0,-2100000.0,0.0,0.109,265400000.0,652200000.0,315400000.0,0.41,1.81,15.072,15.092,9601500000.0,0.0,29.43,1.637,1.637,624900000.0,,4202500000.0,4202500000.0,0.0,0.036,0.123,0.058,0.217,0.0,0.0,1.0,233793794.0,233800000,236700000.0,17.975,12617900000.0,83700000.0,249900000.0,1154800000.0,53.969,-390000000.0
11,WEC,MRY,2009-12-31,2009-12-31,2009-12-31,2021-08-05,0.0,12697900000.0,12457000000.0,1529300000.0,11168600000.0,0.329,15.256,-814600000.0,214700000.0,214700000.0,3328300000.0,382400000.0,0.807,2.56,4996600000.0,1120800000.0,3875800000.0,4996600000.0,739100000.0,346900000.0,0.0,0.027,0.675,754600000.0,1101500000.0,0.269,1101500000.0,754600000.0,597900000.0,1.64,1.62,1.64,3566900000.0,3490125000.0,3566900000.0,10459675927.0,14.0,9.496,-185700000.0,-0.794,1.0,772600000.0,0.188,441900000.0,156700000.0,15143800000.0,14791050000.0,378100000.0,358700000.0,0.0,358700000.0,9131000000.0,1894100000.0,7236900000.0,5825675927.0,-11500000.0,-25900000.0,-12600000.0,263200000.0,-157800000.0,95700000.0,-736100000.0,0.0,628900000.0,0.0,382400000.0,382400000.0,382400000.0,-6700000.0,0.0,0.093,314500000.0,458100000.0,290600000.0,0.412,1.633,15.235,15.192,9015800000.0,0.0,24.915,1.421,1.42,587400000.0,,4100900000.0,4100900000.0,0.0,0.031,0.11,0.051,0.184,0.0,0.0,1.0,233822032.0,233800000,235900000.0,17.54,12256000000.0,0.0,215500000.0,1055600000.0,52.421,-364800000.0
12,WEC,MRY,2008-12-31,2008-12-31,2008-12-31,2021-08-05,0.0,12617800000.0,11956150000.0,1707500000.0,10910300000.0,0.368,14.272,-1133900000.0,419000000.0,419000000.0,3911700000.0,359100000.0,0.984,2.781,4738800000.0,664100000.0,4074700000.0,4738800000.0,545400000.0,329600000.0,0.0,0.026,0.54,727900000.0,1057500000.0,0.24,1057500000.0,727900000.0,574200000.0,1.535,1.52,1.535,3336900000.0,3252850000.0,3336900000.0,9000659452.0,12.0,8.511,-397600000.0,-1.701,1.0,490700000.0,0.111,441900000.0,153700000.0,14760600000.0,13265225000.0,344700000.0,490300000.0,0.0,490300000.0,9280900000.0,1735100000.0,7545800000.0,4908259452.0,5000000.0,-11000000.0,-11400000.0,316800000.0,-126300000.0,175000000.0,-906300000.0,0.0,736300000.0,0.0,359100000.0,359100000.0,359100000.0,-4000000.0,0.0,0.082,306700000.0,184000000.0,441000000.0,0.352,1.471,13.668,13.674,8502600000.0,0.0,20.99,1.115,1.115,710700000.0,,4402400000.0,4402400000.0,0.0,0.03,0.11,0.055,0.165,0.0,0.0,1.0,233837992.0,233800000,236400000.0,18.83,12175900000.0,0.0,215100000.0,855600000.0,52.078,-27600000.0
13,WEC,MRY,2007-12-31,2007-12-31,2007-12-31,2021-08-05,0.0,11720300000.0,11544725000.0,1849700000.0,9870600000.0,0.367,13.256,-1210200000.0,759000000.0,759000000.0,3286500000.0,335600000.0,0.739,2.782,4426000000.0,1253500000.0,3172500000.0,4426000000.0,347700000.0,337700000.0,0.0,0.021,0.5,719100000.0,1056800000.0,0.25,1056800000.0,719100000.0,551500000.0,1.435,1.415,1.435,3099200000.0,3016300000.0,3099200000.0,8834197037.0,12.0,8.359,-677800000.0,-2.899,1.0,948600000.0,0.224,441900000.0,167600000.0,12442600000.0,12986675000.0,361300000.0,604700000.0,0.0,604700000.0,8621100000.0,2502800000.0,6118300000.0,5696297037.0,-9600000.0,963100000.0,-31700000.0,148400000.0,-116900000.0,1100000.0,-543100000.0,552400000.0,532400000.0,0.0,335600000.0,335600000.0,335600000.0,100000.0,0.0,0.079,279000000.0,669600000.0,478300000.0,0.348,1.838,16.973,16.972,7681200000.0,0.0,24.355,1.345,1.345,674000000.0,,4235100000.0,4235100000.0,0.0,0.029,0.111,0.055,0.17,0.0,0.0,1.0,233886144.0,233800000,237000000.0,18.114,11278400000.0,0.0,215900000.0,599500000.0,48.24,-653100000.0
14,WEC,MRY,2006-12-31,2006-12-31,2006-12-31,2021-08-05,0.0,11130200000.0,10632550000.0,1244900000.0,9885300000.0,0.376,12.346,-928700000.0,37000000.0,37000000.0,3101500000.0,316400000.0,0.658,2.853,4282000000.0,1208600000.0,3073400000.0,4282000000.0,186200000.0,336800000.0,0.0,0.019,0.46,664100000.0,1000900000.0,0.25,1000900000.0,664100000.0,491400000.0,1.35,1.335,1.35,2889000000.0,2819625000.0,2889000000.0,9492917787.0,14.0,9.484,-198700000.0,-0.849,1.0,894900000.0,0.224,441900000.0,172700000.0,13040800000.0,12573000000.0,417200000.0,1164800000.0,0.0,1164800000.0,8241200000.0,1892500000.0,6348700000.0,5551817787.0,-36200000.0,87800000.0,-21200000.0,299700000.0,-107600000.0,173300000.0,-939500000.0,0.0,730000000.0,0.0,316400000.0,316400000.0,316400000.0,-3900000.0,0.0,0.079,273300000.0,621600000.0,404500000.0,0.341,1.922,17.547,17.578,7052500000.0,0.0,23.73,1.389,1.389,637100000.0,,3996400000.0,3996400000.0,0.0,0.03,0.112,0.053,0.166,0.0,0.0,1.0,233957766.0,234000000,236800000.0,17.079,10688300000.0,0.0,175000000.0,624900000.0,45.676,-647600000.0
15,WEC,MRY,2005-12-31,2005-12-31,2005-12-31,2021-08-05,0.0,10462000000.0,9893200000.0,1377000000.0,9085000000.0,0.386,11.453,-745100000.0,73200000.0,73200000.0,2920600000.0,308700000.0,0.836,2.904,3983300000.0,952300000.0,3031000000.0,3983300000.0,0.0,350000000.0,0.0,0.023,0.44,631300000.0,981300000.0,0.257,981300000.0,631300000.0,457900000.0,1.32,1.305,1.32,2680100000.0,2605925000.0,2680100000.0,8228302585.0,13.0,8.385,-166100000.0,-0.71,1.0,894900000.0,0.235,441900000.0,173400000.0,12283400000.0,11900125000.0,451600000.0,1080000000.0,0.0,1080000000.0,7781900000.0,1646800000.0,6135100000.0,4569302585.0,37600000.0,123300000.0,-28100000.0,291900000.0,-102900000.0,157800000.0,-699200000.0,0.0,579000000.0,0.0,308700000.0,308700000.0,308700000.0,-5100000.0,0.0,0.081,303300000.0,591600000.0,418100000.0,0.333,1.705,14.802,14.795,6362900000.0,0.0,19.53,1.198,1.198,704700000.0,,3815500000.0,3815500000.0,0.0,0.031,0.118,0.053,0.165,0.0,0.0,1.0,233963266.0,234000000,236800000.0,16.306,10020100000.0,0.0,149200000.0,681000000.0,42.821,-269800000.0
16,WEC,MRY,2004-12-31,2004-12-31,2004-12-31,2021-08-05,0.0,9565400000.0,9614550000.0,1220500000.0,8344900000.0,0.354,10.588,-636500000.0,35600000.0,35600000.0,2556600000.0,306400000.0,1.23,2.838,3678500000.0,439000000.0,3239500000.0,3678500000.0,0.0,352600000.0,0.0,0.025,0.415,632600000.0,985200000.0,0.289,985200000.0,632600000.0,439200000.0,1.3,1.285,1.3,2492400000.0,2433825000.0,2492400000.0,7347492407.0,12.0,7.458,-37500000.0,-0.159,1.0,849500000.0,0.249,441900000.0,193400000.0,11774000000.0,11734300000.0,403100000.0,1025100000.0,0.0,1025100000.0,7073000000.0,992400000.0,6080600000.0,3944992407.0,7500000.0,873200000.0,-81800000.0,-654200000.0,-97800000.0,-834300000.0,242800000.0,0.0,599000000.0,0.0,306400000.0,306400000.0,306400000.0,-86800000.0,0.0,0.09,333800000.0,515700000.0,306100000.0,0.319,1.583,12.875,12.965,5866400000.0,0.0,16.855,1.158,1.165,590800000.0,,3406100000.0,3406100000.0,0.0,0.032,0.126,0.054,0.186,0.0,0.0,1.0,234054726.0,235400000,238200000.0,14.469,9123500000.0,0.0,132800000.0,603400000.0,38.757,228100000.0
17,WEC,MRY,2003-12-31,2003-12-31,2003-12-31,2021-08-05,0.0,10014500000.0,9428150000.0,2065800000.0,7948700000.0,0.348,9.961,-648000000.0,28100000.0,28100000.0,2431900000.0,244300000.0,1.411,3.246,4327500000.0,757000000.0,3570500000.0,4327500000.0,0.0,351000000.0,0.0,0.024,0.4,568800000.0,919800000.0,0.28,919800000.0,568800000.0,355000000.0,1.045,1.03,1.045,2358700000.0,2279050000.0,2358700000.0,8176291908.0,14.0,8.889,-119100000.0,-0.503,1.0,850200000.0,0.259,441900000.0,213800000.0,12408300000.0,11369550000.0,385600000.0,951300000.0,0.0,951300000.0,7655800000.0,1463700000.0,6192100000.0,3935891909.0,-6900000.0,53600000.0,56100000.0,120700000.0,-93700000.0,59400000.0,-595200000.0,0.0,528900000.0,0.0,244300000.0,244300000.0,244300000.0,-43000000.0,0.0,0.074,324400000.0,525800000.0,248700000.0,0.383,1.669,16.111,16.005,5800300000.0,0.0,16.725,1.199,1.207,545900000.0,,3282100000.0,3282100000.0,0.0,0.026,0.107,0.05,0.173,0.0,0.0,1.0,235329860.0,236800000,234200000.0,13.86,9572600000.0,56500000.0,110700000.0,659800000.0,40.425,602100000.0
18,WEC,MRY,2002-12-31,2002-12-31,2002-12-31,2021-08-05,0.0,9477600000.0,8532150000.0,1339700000.0,8137900000.0,0.358,9.269,-541800000.0,43600000.0,43600000.0,2190600000.0,167000000.0,0.824,3.43,4023900000.0,993400000.0,3030500000.0,4023900000.0,0.0,337900000.0,0.0,0.032,0.4,479400000.0,817300000.0,0.268,817300000.0,479400000.0,252300000.0,0.725,0.72,0.725,2139400000.0,2064725000.0,2139400000.0,6995443456.0,15.0,8.559,119100000.0,0.516,1.0,860400000.0,0.282,833100000.0,227100000.0,10998900000.0,10030775000.0,455100000.0,856600000.0,0.0,856600000.0,7338200000.0,1625900000.0,5712300000.0,2912443456.0,-3900000.0,-71300000.0,300000.0,-190200000.0,-92400000.0,-282300000.0,-382500000.0,0.0,660900000.0,0.0,167000000.0,167000000.0,167000000.0,-35300000.0,0.0,0.055,416300000.0,444100000.0,317600000.0,0.552,1.361,17.44,17.379,5514400000.0,0.0,12.6,0.955,0.953,688300000.0,,3051000000.0,3051000000.0,0.0,0.02,0.081,0.048,0.157,0.0,0.0,1.0,231146306.0,230800000,232600000.0,13.219,8644500000.0,59100000.0,85300000.0,702600000.0,37.455,-286200000.0
19,WEC,MRY,2001-12-31,2001-12-31,2001-12-31,2021-08-05,0.0,8328700000.0,8255350000.0,1714900000.0,6613800000.0,0.476,8.779,-672500000.0,47000000.0,47000000.0,2981500000.0,219000000.0,1.067,3.051,4272000000.0,1034700000.0,3237300000.0,4272000000.0,0.0,377500000.0,0.0,0.035,0.4,614400000.0,991900000.0,0.252,991900000.0,614400000.0,369400000.0,0.935,0.885,0.935,2056100000.0,2054825000.0,2056100000.0,6677878882.0,11.0,6.732,-101900000.0,-0.435,1.0,947000000.0,0.241,832100000.0,245000000.0,10114500000.0,10167125000.0,431000000.0,891000000.0,0.0,891000000.0,6272600000.0,1607100000.0,4665500000.0,2627878882.0,6500000.0,258700000.0,-82000000.0,102600000.0,-93800000.0,-85000000.0,-479100000.0,0.0,570600000.0,0.0,219000000.0,219000000.0,219000000.0,0.0,0.0,0.056,342100000.0,604900000.0,309800000.0,0.428,1.278,11.999,12.064,4188000000.0,0.0,11.28,0.669,0.672,729200000.0,,3928500000.0,3928500000.0,0.0,0.027,0.107,0.06,0.156,0.0,0.0,1.0,232967986.0,234200000,235800000.0,16.774,7496600000.0,8700000.0,150400000.0,656100000.0,32.009,107800000.0
20,WEC,MRY,2000-12-31,2000-12-31,2000-12-31,2021-08-05,0.0,8406100000.0,7905529000.0,1863600000.0,6542500000.0,0.425,8.362,-611000000.0,40500000.0,40500000.0,2581500000.0,154200000.0,0.844,3.168,4174200000.0,1441500000.0,2732700000.0,4174200000.0,0.0,372800000.0,0.0,0.061,0.685,523600000.0,896400000.0,0.267,896400000.0,523600000.0,280100000.0,0.64,0.635,0.64,2016800000.0,2052096250.0,2016800000.0,7042253359.0,13.0,7.856,-150000000.0,-0.622,1.0,781200000.0,0.232,826900000.0,243500000.0,9504200000.0,8982297250.0,381700000.0,779300000.0,0.0,779300000.0,6389300000.0,2208700000.0,4180600000.0,2729653359.0,-33000000.0,-826300000.0,-11500000.0,1203300000.0,-165300000.0,1026500000.0,-1520500000.0,0.0,461000000.0,0.0,154200000.0,154200000.0,154200000.0,0.0,0.0,0.046,336300000.0,444900000.0,427000000.0,1.07,1.353,17.702,17.625,4152400000.0,0.0,11.28,0.812,0.809,802400000.0,,3362700000.0,3362700000.0,0.0,0.02,0.075,0.058,0.156,0.0,0.0,1.0,241990546.0,241200000,242400000.0,13.942,7579200000.0,73400000.0,125900000.0,722700000.0,31.423,-345100000.0
21,WEC,MRY,1999-12-31,1999-12-31,1999-12-31,2021-08-05,0.0,6061800000.0,5826276250.0,832500000.0,5229300000.0,0.39,8.58,-518100000.0,73500000.0,73500000.0,1545700000.0,209000000.0,0.938,2.019,2711200000.0,576600000.0,2134600000.0,2711200000.0,0.0,283400000.0,0.0,0.081,0.78,468400000.0,751800000.0,0.331,751800000.0,468400000.0,320100000.0,0.895,0.895,0.895,2007800000.0,1970202500.0,2007800000.0,4683245374.0,10.0,6.229,-211200000.0,-0.903,1.0,726900000.0,0.32,57800000.0,148300000.0,7754000000.0,7388885750.0,231600000.0,950300000.0,0.0,950300000.0,4054000000.0,887700000.0,3166300000.0,2269160374.0,56900000.0,-265300000.0,79100000.0,548300000.0,-182300000.0,638800000.0,-888800000.0,0.0,306900000.0,0.0,209000000.0,209000000.0,209000000.0,0.0,0.0,0.092,250800000.0,476100000.0,174000000.0,0.872,1.13,10.857,10.754,3846600000.0,0.0,9.625,0.998,0.991,376900000.0,1170800000.0,2272600000.0,2272600000.0,0.0,0.036,0.106,0.063,0.206,0.0,0.0,1.0,235756922.0,234000000,234000000.0,9.712,6004000000.0,37300000.0,111100000.0,575600000.0,25.658,-55200000.0
22,WEC,MRY,1998-12-31,1998-12-31,1998-12-31,2021-08-05,0.0,5361757000.0,5179803250.0,608119000.0,4753638000.0,0.394,8.325,-399000000.0,16603000.0,16603000.0,1416300000.0,188100000.0,0.827,1.817,2155023000.0,405999000.0,1749024000.0,2155023000.0,0.0,264400000.0,0.0,0.049,0.777,408100000.0,672500000.0,0.33,672500000.0,408100000.0,280300000.0,0.825,0.825,0.825,1903105000.0,1882819000.0,1903105000.0,5621310181.0,14.0,8.359,52400000.0,0.229,1.0,623100000.0,0.306,0.0,127800000.0,6764997000.0,6518750000.0,199052000.0,795676000.0,0.0,795676000.0,3458652000.0,735180000.0,2723472000.0,3624281181.0,-3000000.0,0.0,10300000.0,182100000.0,-177400000.0,15000000.0,-469400000.0,0.0,451400000.0,0.0,188100000.0,188100000.0,188100000.0,0.0,0.0,0.092,232400000.0,390700000.0,187452000.0,0.942,1.904,19.268,19.055,3499180000.0,0.0,15.72,1.777,1.762,320621000.0,1144092000.0,2039400000.0,2039400000.0,0.0,0.036,0.1,0.063,0.2,0.0,0.0,1.0,230552238.0,228600000,228600000.0,8.921,5361757000.0,199372000.0,92200000.0,693143000.0,23.455,-127061000.0
23,WEC,MRY,1997-12-31,1997-12-31,1997-12-31,2021-08-05,0.0,5037684000.0,4924261000.0,573317000.0,4464367000.0,0.367,8.275,-345908000.0,19607000.0,19607000.0,1247769000.0,60716000.0,0.808,1.704,1942362000.0,409957000.0,1532405000.0,1942362000.0,0.0,240895000.0,0.0,0.053,0.768,211411000.0,452306000.0,0.25,452306000.0,211411000.0,91721000.0,0.27,0.27,0.27,1862932000.0,1904138000.0,1862932000.0,,,,65198000.0,0.29,1.0,559160000.0,0.309,0.0,119690000.0,6250841000.0,6099724500.0,197204000.0,73194000.0,0.0,73194000.0,3174752000.0,709598000.0,2465154000.0,3244893015.0,8859000.0,0.0,29586000.0,119963000.0,-172714000.0,-23165000.0,-379082000.0,0.0,411106000.0,0.0,60716000.0,60716000.0,60716000.0,0.0,0.0,0.034,301113000.0,258047000.0,148588000.0,2.844,1.742,53.444,53.241,3407014000.0,0.0,14.375,1.796,1.791,287010000.0,1132149000.0,1806929000.0,1806929000.0,0.0,0.012,0.032,0.035,0.117,0.0,0.0,1.0,225731688.0,225140000,225140000.0,8.026,5037684000.0,172546000.0,31005000.0,654032000.0,22.376,-136281000.0
24,WEC,MRY,1996-12-31,1996-12-31,1996-12-31,2021-08-05,0.0,4810838000.0,,565858000.0,4244980000.0,,8.764,-389194000.0,10748000.0,10748000.0,747033000.0,218135000.0,1.074,1.473,1675536000.0,259469000.0,1416067000.0,1675536000.0,0.0,202796000.0,0.0,0.056,0.754,450013000.0,652809000.0,0.368,652809000.0,450013000.0,343465000.0,0.985,0.985,0.985,1945344000.0,,1945344000.0,,,,75605000.0,0.341,1.0,1026787000.0,0.579,0.0,106548000.0,5948608000.0,,184416000.0,92705000.0,0.0,92705000.0,2865494000.0,527018000.0,2338476000.0,,-12878000.0,0.0,23180000.0,97799000.0,-167236000.0,-46258000.0,-431419000.0,0.0,464799000.0,0.0,218135000.0,218135000.0,218135000.0,0.0,0.0,0.123,594316000.0,432471000.0,148429000.0,0.765,,,13.645,3231444000.0,0.0,13.44,,1.682,307311000.0,,1773820000.0,1773820000.0,0.0,,,,0.254,0.0,0.0,1.0,,221966000,221966000.0,7.991,4810838000.0,153806000.0,125330000.0,636559000.0,21.674,38840000.0
25,WEC,MRY,1995-12-31,1995-12-31,1995-12-31,2021-08-05,,,,,,,,-271688000.0,,,721316000.0,234034000.0,,,,,,,,183876000.0,,0.048,0.729,483143000.0,667019000.0,0.377,667019000.0,483143000.0,372538000.0,1.065,1.065,1.065,,,,,,,155204000.0,0.706,1.0,1049168000.0,0.593,,110605000.0,,,,,,,,,,,14650000.0,0.0,52353000.0,4750000.0,-159688000.0,-102585000.0,-309657000.0,2130000.0,426892000.0,0.0,234034000.0,234034000.0,234034000.0,0.0,0.0,0.132,579118000.0,470050000.0,,0.685,,,14.38,,0.0,15.315,,1.9,,,1770484000.0,1770484000.0,0.0,,,,0.273,0.0,0.0,1.0,,219700000,219700000.0,8.059,,,138504000.0,,,
0,WEC,MRQ,2021-06-30,2021-06-30,2021-06-30,2021-08-05,-4600000.0,37794900000.0,,2278100000.0,35516800000.0,,34.34,-539500000.0,35000000.0,35000000.0,1041200000.0,275700000.0,0.675,2.49,14613800000.0,1918100000.0,12695700000.0,14613800000.0,400700000.0,266200000.0,0.0,0.029,0.677,450400000.0,716600000.0,0.428,716600000.0,450400000.0,330400000.0,0.88,0.87,0.88,10830900000.0,,10830900000.0,42716901532.0,22.0,14.203,291500000.0,0.924,1.0,635000000.0,0.379,3052800000.0,120000000.0,45947000000.0,,452700000.0,1782000000.0,0.0,1782000000.0,26964000000.0,3373900000.0,23590100000.0,28057901532.0,10100000.0,-300000.0,-1900000.0,-63600000.0,-213800000.0,-287600000.0,-533300000.0,0.0,831000000.0,0.0,276300000.0,276000000.0,276000000.0,0.0,-600000.0,0.165,266200000.0,368800000.0,744600000.0,0.769,2.591,21.718,21.695,26266400000.0,300000.0,88.95,3.528,3.528,1396300000.0,6688200000.0,1676200000.0,1676200000.0,0.0,,,,,0.0,0.0,1.0,315434531.0,315400000,316300000.0,5.315,34742100000.0,0.0,54100000.0,4269600000.0,110.153,-1095800000.0
1,WEC,MRQ,2021-03-31,2021-03-31,2021-03-31,2021-08-05,-5700000.0,37600600000.0,,2355500000.0,35245100000.0,,34.138,-470600000.0,26100000.0,26100000.0,1800700000.0,510300000.0,0.634,2.492,14685100000.0,2367400000.0,12317700000.0,14685100000.0,406400000.0,261400000.0,0.0,0.028,0.677,704800000.0,966200000.0,0.359,966200000.0,704800000.0,585300000.0,1.62,1.61,1.62,10767100000.0,,10767100000.0,43787517756.0,22.0,14.826,-75400000.0,-0.239,1.0,890700000.0,0.331,3052800000.0,119500000.0,45491900000.0,,353500000.0,1773600000.0,0.0,1773600000.0,26833500000.0,3714900000.0,23118600000.0,29521517756.0,17000000.0,-119400000.0,-5400000.0,388800000.0,-213700000.0,163100000.0,-541300000.0,12700000.0,395200000.0,0.0,510400000.0,510100000.0,510100000.0,0.0,-100000.0,0.19,261400000.0,629300000.0,656000000.0,0.418,2.742,23.476,23.456,25994400000.0,300000.0,93.59,3.773,3.773,1676600000.0,6626000000.0,2691400000.0,2691400000.0,0.0,,,,,0.0,0.0,1.0,315434531.0,315400000,316200000.0,8.533,34547800000.0,0.0,74900000.0,4214100000.0,109.536,-1359400000.0
2,WEC,MRQ,2020-12-31,2020-12-31,2020-12-31,2021-08-05,-6800000.0,37028100000.0,,2083000000.0,34945100000.0,,33.195,-620100000.0,24800000.0,24800000.0,1313600000.0,239600000.0,0.502,2.537,14290800000.0,2562700000.0,11728100000.0,14290800000.0,412200000.0,249300000.0,0.0,0.027,0.632,394400000.0,643700000.0,0.333,643700000.0,394400000.0,276500000.0,0.75,0.75,0.75,10469700000.0,,10469700000.0,42036039888.0,22.0,14.502,-373800000.0,-1.185,1.0,619800000.0,0.321,3052800000.0,117900000.0,44093200000.0,,528600000.0,1764300000.0,0.0,1764300000.0,26558400000.0,4148100000.0,22410300000.0,29029439888.0,11400000.0,-600000000.0,-22000000.0,1285100000.0,-199500000.0,1008800000.0,-1243700000.0,1300000.0,246300000.0,0.0,239300000.0,239000000.0,239000000.0,0.0,300000.0,0.124,249300000.0,370500000.0,880700000.0,0.843,2.773,24.193,24.218,25707400000.0,300000.0,92.03,4.009,4.008,1222800000.0,6329600000.0,1933400000.0,1933400000.0,0.0,,,,,0.0,0.0,1.0,315434531.0,315400000,316200000.0,6.13,33975300000.0,0.0,37200000.0,4059800000.0,107.721,-2065100000.0
3,WEC,MRQ,2020-09-30,2020-09-30,2020-09-30,2021-08-05,-6400000.0,35422000000.0,,1727200000.0,33694800000.0,,33.135,-581500000.0,13100000.0,13100000.0,1035800000.0,267100000.0,0.608,2.389,13019700000.0,1367200000.0,11652500000.0,13019700000.0,417800000.0,245000000.0,0.0,0.026,0.632,436000000.0,681000000.0,0.412,681000000.0,436000000.0,314000000.0,0.85,0.84,0.85,10450700000.0,,10450700000.0,43380406054.0,22.0,14.979,-11400000.0,-0.036,1.0,615200000.0,0.373,3052800000.0,122000000.0,42535800000.0,,573400000.0,1750400000.0,0.0,1750400000.0,24971300000.0,2840000000.0,22131300000.0,30565606054.0,-1200000.0,1500000.0,-3400000.0,195100000.0,-199500000.0,-14400000.0,-556900000.0,0.0,570100000.0,0.0,267100000.0,266800000.0,266800000.0,0.0,0.0,0.162,245000000.0,370200000.0,751300000.0,0.744,2.925,25.37,25.3,24551700000.0,300000.0,96.9,4.213,4.212,911800000.0,6290100000.0,1651000000.0,1651000000.0,0.0,,,,,0.0,0.0,1.0,315434531.0,315400000,316500000.0,5.235,32369200000.0,0.0,46900000.0,3974700000.0,102.629,-1112800000.0
4,WEC,MRQ,2020-06-30,2020-06-30,2020-06-30,2021-08-05,-7300000.0,35042000000.0,,1713400000.0,33328600000.0,,32.922,-541100000.0,13300000.0,13300000.0,967400000.0,242100000.0,0.492,2.375,12828100000.0,2106500000.0,10721600000.0,12828100000.0,423700000.0,242500000.0,0.0,0.028,0.632,420100000.0,662600000.0,0.428,662600000.0,420100000.0,295700000.0,0.77,0.76,0.77,10383700000.0,,10383700000.0,40348636642.0,22.0,14.305,148000000.0,0.469,1.0,581300000.0,0.375,3052800000.0,124400000.0,41319400000.0,,467700000.0,1744700000.0,0.0,1744700000.0,24658300000.0,3484600000.0,21173700000.0,27647836642.0,-3300000.0,-6000000.0,-5600000.0,90100000.0,-199500000.0,-149200000.0,-543200000.0,100000.0,689100000.0,0.0,241900000.0,241600000.0,241600000.0,0.0,200000.0,0.156,242500000.0,338800000.0,696600000.0,0.821,2.663,23.584,23.562,24171800000.0,300000.0,87.65,3.833,3.833,957900000.0,6222800000.0,1548700000.0,1548700000.0,0.0,,,,,0.0,0.0,1.0,315434531.0,315400000,316500000.0,4.91,31989200000.0,0.0,53800000.0,3945900000.0,101.424,-1771200000.0
5,WEC,MRQ,2020-03-31,2020-03-31,2020-03-31,2021-08-05,-7100000.0,34832200000.0,,1845300000.0,32986900000.0,,32.797,-496100000.0,15400000.0,15400000.0,1242900000.0,452600000.0,0.648,2.367,12716200000.0,1521500000.0,11194700000.0,12716200000.0,428500000.0,239100000.0,0.0,0.027,0.632,672200000.0,911300000.0,0.432,911300000.0,672200000.0,542800000.0,1.43,1.43,1.43,10344100000.0,,10344100000.0,40496745217.0,22.0,14.656,194400000.0,0.616,1.0,865700000.0,0.411,3052800000.0,129400000.0,41632500000.0,,391100000.0,1717700000.0,0.0,1717700000.0,24488100000.0,2847700000.0,21640400000.0,27799245217.0,-16600000.0,-3000000.0,-24400000.0,-17600000.0,-199500000.0,-244100000.0,-463000000.0,17000000.0,690500000.0,0.0,452800000.0,452500000.0,452500000.0,0.0,-200000.0,0.215,239100000.0,626600000.0,753700000.0,0.442,2.687,23.833,23.819,23797100000.0,300000.0,88.13,3.832,3.832,1176900000.0,6180700000.0,2108600000.0,2108600000.0,0.0,,,,,0.0,0.0,1.0,315434531.0,315400000,316700000.0,6.685,31779400000.0,0.0,90000000.0,3870000000.0,100.759,-1002400000.0
6,WEC,MRQ,2019-12-31,2019-12-31,2019-12-31,2021-08-05,-4100000.0,34951800000.0,,2093600000.0,32858200000.0,,32.065,-749300000.0,37500000.0,37500000.0,1348200000.0,244200000.0,0.658,2.456,12735000000.0,1524000000.0,11211000000.0,12735000000.0,497100000.0,236200000.0,0.0,0.026,0.59,404900000.0,641100000.0,0.329,641100000.0,404900000.0,277700000.0,0.78,0.77,0.78,10113400000.0,,10113400000.0,41348924927.0,23.0,15.383,-244500000.0,-0.775,1.0,599300000.0,0.308,3052800000.0,127200000.0,41413800000.0,,549800000.0,1720800000.0,0.0,1720800000.0,24838400000.0,3182700000.0,21655700000.0,29092624927.0,15700000.0,-9900000.0,-1000000.0,465300000.0,-186100000.0,271300000.0,-760400000.0,0.0,504800000.0,0.0,244200000.0,243900000.0,243900000.0,0.0,0.0,0.125,236200000.0,363100000.0,908100000.0,0.756,2.877,25.655,25.619,23620100000.0,300000.0,92.23,3.867,3.867,1176500000.0,5927700000.0,1947500000.0,1947500000.0,0.0,,,,,0.0,0.0,1.0,315435595.0,315400000,316700000.0,6.175,31899000000.0,0.0,33500000.0,3769300000.0,101.138,-1089100000.0
7,WEC,MRQ,2019-09-30,2019-09-30,2019-09-30,2021-08-05,-7100000.0,34377200000.0,,1773000000.0,32604200000.0,,31.867,-656300000.0,20000000.0,20000000.0,1063300000.0,234300000.0,0.629,2.42,12276300000.0,1379000000.0,10897300000.0,12276300000.0,502800000.0,233800000.0,0.0,0.024,0.59,371700000.0,605500000.0,0.377,605500000.0,371700000.0,245900000.0,0.74,0.74,0.74,10051000000.0,,10051000000.0,41910246482.0,25.0,16.112,-106800000.0,-0.339,1.0,544700000.0,0.339,3052800000.0,125800000.0,40762300000.0,,593300000.0,1720400000.0,0.0,1720400000.0,24326200000.0,2818400000.0,21507800000.0,29997946482.0,-24100000.0,-13200000.0,-15900000.0,305000000.0,-186100000.0,94500000.0,-668100000.0,100000.0,549500000.0,0.0,234600000.0,234300000.0,234300000.0,0.0,-300000.0,0.146,233800000.0,310900000.0,769000000.0,0.797,2.985,27.393,27.406,23035100000.0,300000.0,95.1,3.92,3.92,911800000.0,5869900000.0,1608000000.0,1608000000.0,0.0,,,,,0.0,0.0,1.0,315435820.0,315400000,316800000.0,5.098,31324400000.0,0.0,11300000.0,3613800000.0,99.316,-1045400000.0
8,WEC,MRQ,2019-06-30,2019-06-30,2019-06-30,2021-08-05,-6600000.0,33934300000.0,,1838700000.0,32095600000.0,,31.757,-496400000.0,37900000.0,37900000.0,1045700000.0,235800000.0,0.547,2.388,11950200000.0,2029200000.0,9921000000.0,11950200000.0,508700000.0,229900000.0,0.0,0.027,0.59,375300000.0,605200000.0,0.381,605200000.0,375300000.0,251200000.0,0.75,0.74,0.75,10016200000.0,,10016200000.0,38105399241.0,23.0,14.821,59100000.0,0.187,1.0,544500000.0,0.342,3052800000.0,124100000.0,39431800000.0,,461400000.0,1696500000.0,0.0,1696500000.0,23918100000.0,3362000000.0,20556100000.0,26298099241.0,1600000.0,11500000.0,-18100000.0,113500000.0,-186100000.0,-94100000.0,-459800000.0,0.0,555500000.0,0.0,236000000.0,235700000.0,235700000.0,0.0,-200000.0,0.148,229900000.0,314600000.0,715600000.0,0.787,2.626,24.038,24.026,22535800000.0,300000.0,83.37,3.421,3.42,1004300000.0,5821700000.0,1590200000.0,1590200000.0,0.0,,,,,0.0,0.0,1.0,315438398.0,315400000,316700000.0,5.042,30881500000.0,0.0,15200000.0,3598100000.0,97.912,-1523300000.0
9,WEC,MRQ,2019-03-31,2019-03-31,2019-03-31,2021-08-05,-4000000.0,33737100000.0,,2008300000.0,31728800000.0,,31.647,-358800000.0,30600000.0,30600000.0,1608200000.0,420400000.0,0.695,2.379,11837900000.0,1511200000.0,10326700000.0,11837900000.0,514500000.0,226400000.0,0.0,0.028,0.59,609800000.0,836200000.0,0.352,836200000.0,609800000.0,485400000.0,1.33,1.33,1.33,9984500000.0,,9984500000.0,36660806943.0,22.0,14.302,376900000.0,1.195,1.0,769200000.0,0.324,3052800000.0,124400000.0,39601700000.0,,330100000.0,1670600000.0,0.0,1670600000.0,23752600000.0,2889900000.0,20862700000.0,24946206943.0,-57000000.0,-271600000.0,-38100000.0,41800000.0,-186200000.0,-186100000.0,-606600000.0,100000.0,735700000.0,0.0,420400000.0,420100000.0,420100000.0,0.0,0.0,0.177,226400000.0,542800000.0,674100000.0,0.444,2.498,22.901,22.922,22193300000.0,300000.0,79.08,3.21,3.211,1430100000.0,5772100000.0,2377400000.0,2377400000.0,0.0,,,,,0.0,0.0,1.0,315455323.0,315500000,316700000.0,7.535,30684300000.0,0.0,65000000.0,3459900000.0,97.256,-881600000.0
10,WEC,MRQ,2018-12-31,2018-12-31,2018-12-31,2021-08-05,-2600000.0,33475800000.0,,2247600000.0,31228200000.0,,31.027,-625200000.0,84500000.0,84500000.0,1569300000.0,205300000.0,0.675,2.42,11799100000.0,1805100000.0,9994000000.0,11799100000.0,520400000.0,217700000.0,0.0,0.032,0.552,336600000.0,554300000.0,0.267,554300000.0,336600000.0,218700000.0,0.65,0.64,0.65,9788900000.0,,9788900000.0,33115534292.0,20.0,13.135,-187900000.0,-0.596,1.0,507500000.0,0.244,3052800000.0,117900000.0,38805900000.0,,548200000.0,1665300000.0,0.0,1665300000.0,23686900000.0,3331700000.0,20355200000.0,21853334292.0,105900000.0,-89400000.0,-15200000.0,532900000.0,-174300000.0,333000000.0,-664400000.0,37000000.0,437300000.0,0.0,205300000.0,205000000.0,205000000.0,0.0,0.0,0.099,217700000.0,289800000.0,876400000.0,0.849,2.232,20.63,20.613,22000900000.0,300000.0,69.26,2.846,2.845,1280900000.0,5538200000.0,2076800000.0,2076800000.0,0.0,,,,,0.0,0.0,1.0,315526051.0,315500000,316900000.0,6.583,30423000000.0,0.0,13400000.0,3388100000.0,96.428,-1084100000.0
11,WEC,MRQ,2018-09-30,2018-09-30,2018-09-30,2021-08-05,2400000.0,32562400000.0,,1839700000.0,30722700000.0,,30.984,-575000000.0,14500000.0,14500000.0,1128200000.0,233500000.0,0.511,2.331,11276700000.0,2157700000.0,9119000000.0,11276700000.0,525900000.0,212800000.0,0.0,0.033,0.552,362500000.0,575300000.0,0.35,575300000.0,362500000.0,250500000.0,0.74,0.74,0.74,9775300000.0,,9775300000.0,31908012988.0,18.0,12.11,-80200000.0,-0.254,1.0,515500000.0,0.314,3052800000.0,112000000.0,37169300000.0,,608500000.0,1613700000.0,0.0,1613700000.0,22787100000.0,3602500000.0,19184600000.0,21065012988.0,-11800000.0,-151800000.0,-13400000.0,405300000.0,-174300000.0,216600000.0,-723200000.0,100000.0,494800000.0,0.0,233500000.0,233200000.0,233200000.0,0.0,0.0,0.142,212800000.0,302700000.0,690400000.0,0.746,2.155,16.369,16.363,21663700000.0,300000.0,66.76,2.751,2.751,1017300000.0,5508100000.0,1643700000.0,1643700000.0,0.0,,,,,0.0,0.0,1.0,315533448.0,315500000,316900000.0,5.21,29509600000.0,0.0,17000000.0,3389500000.0,93.533,-1762800000.0
12,WEC,MRQ,2018-06-30,2018-06-30,2018-06-30,2021-08-05,2500000.0,31937600000.0,,1810400000.0,30127200000.0,,30.827,-475900000.0,29800000.0,29800000.0,1135000000.0,231300000.0,0.593,2.284,10872800000.0,1663500000.0,9209300000.0,10872800000.0,531800000.0,206700000.0,0.0,0.033,0.552,390900000.0,597600000.0,0.357,597600000.0,390900000.0,282400000.0,0.73,0.73,0.73,9725800000.0,,9725800000.0,31127183937.0,16.0,11.486,143500000.0,0.455,1.0,537500000.0,0.321,3052800000.0,108500000.0,36674600000.0,,466600000.0,1596600000.0,0.0,1596600000.0,22211800000.0,3053200000.0,19158600000.0,20399583937.0,-19700000.0,-88800000.0,-1000000.0,100900000.0,-174500000.0,-78100000.0,-561000000.0,0.0,619400000.0,0.0,231300000.0,231000000.0,231000000.0,0.0,0.0,0.138,206700000.0,330800000.0,681000000.0,0.756,2.097,16.074,16.082,21078400000.0,300000.0,64.65,2.659,2.659,1086100000.0,5449100000.0,1672500000.0,1672500000.0,0.0,,,,,0.0,0.0,1.0,315538808.0,315500000,316900000.0,5.301,28884800000.0,0.0,51100000.0,3330600000.0,91.552,-1242800000.0
13,WEC,MRQ,2018-03-31,2018-03-31,2018-03-31,2021-08-05,4600000.0,31785600000.0,,1980800000.0,29804800000.0,,30.643,-439600000.0,48100000.0,48100000.0,1532800000.0,390400000.0,0.549,2.288,10775700000.0,2158200000.0,8617500000.0,10775700000.0,538100000.0,208600000.0,0.0,0.034,0.553,585400000.0,794000000.0,0.347,794000000.0,585400000.0,478700000.0,1.24,1.23,1.24,9667800000.0,,9667800000.0,30779039836.0,16.0,11.286,454400000.0,1.44,1.0,753700000.0,0.33,3052800000.0,106700000.0,35854500000.0,,376000000.0,1598900000.0,0.0,1598900000.0,22117800000.0,3605900000.0,18511900000.0,19784639836.0,13100000.0,-12800000.0,-13700000.0,-256900000.0,-174200000.0,-445100000.0,-435800000.0,16500000.0,894000000.0,0.0,390400000.0,390100000.0,390100000.0,0.0,0.0,0.171,208600000.0,545100000.0,592800000.0,0.446,2.046,15.991,15.995,21466300000.0,300000.0,62.7,2.593,2.592,1356800000.0,5392700000.0,2286500000.0,2286500000.0,0.0,,,,,0.0,0.0,1.0,315544495.0,315500000,316900000.0,7.247,28732800000.0,0.0,88300000.0,3069900000.0,91.071,-1625100000.0
14,WEC,MRQ,2017-12-31,2017-12-31,2017-12-31,2021-08-05,2900000.0,31590500000.0,,2213500000.0,29377000000.0,,29.979,-650300000.0,38900000.0,38900000.0,1442900000.0,432900000.0,0.572,2.339,11033300000.0,2286700000.0,8746600000.0,11033300000.0,543300000.0,205100000.0,0.0,0.031,0.52,462900000.0,668000000.0,0.325,668000000.0,462900000.0,357600000.0,1.37,1.36,1.37,9461400000.0,,9461400000.0,31434184584.0,16.0,11.216,-317400000.0,-1.006,1.0,612100000.0,0.298,3053500000.0,105300000.0,35662100000.0,,539000000.0,1553400000.0,0.0,1553400000.0,22129100000.0,3869300000.0,18259800000.0,20963684584.0,20100000.0,-45000000.0,-5500000.0,548500000.0,-164100000.0,375500000.0,-688300000.0,-3600000.0,332900000.0,0.0,432900000.0,432600000.0,432600000.0,0.0,0.0,0.211,205100000.0,407000000.0,859900000.0,0.38,2.216,17.416,17.436,21347000000.0,300000.0,66.43,2.741,2.741,1350700000.0,5176800000.0,2055000000.0,2055000000.0,0.0,,,,,0.0,0.0,1.0,315575562.0,315600000,316300000.0,6.511,28537000000.0,0.0,-75300000.0,2999800000.0,90.421,-1655800000.0
15,WEC,MRQ,2017-09-30,2017-09-30,2017-09-30,2021-08-05,2400000.0,31013000000.0,,1823300000.0,29189700000.0,,29.136,-519200000.0,18100000.0,18100000.0,1064100000.0,215700000.0,0.603,2.373,10488600000.0,1702800000.0,8785800000.0,10488600000.0,549200000.0,201200000.0,0.0,0.033,0.52,449200000.0,650400000.0,0.392,650400000.0,449200000.0,345400000.0,0.68,0.68,0.68,9195300000.0,,9195300000.0,30058297127.0,15.0,11.033,-40400000.0,-0.128,1.0,593400000.0,0.358,3053500000.0,103800000.0,35403900000.0,,672200000.0,1560800000.0,0.0,1560800000.0,21817700000.0,3026100000.0,18791600000.0,19811897127.0,-19800000.0,-10800000.0,-10900000.0,206400000.0,-164100000.0,31000000.0,-529600000.0,0.0,478800000.0,0.0,215700000.0,215400000.0,215400000.0,0.0,0.0,0.13,201200000.0,392200000.0,743900000.0,0.765,2.155,20.52,20.516,20882900000.0,300000.0,62.78,2.622,2.622,948000000.0,4908300000.0,1657500000.0,1657500000.0,0.0,,,,,0.0,0.0,1.0,315576571.0,315600000,317500000.0,5.252,27959500000.0,0.0,129700000.0,5616000000.0,88.592,-1202800000.0
16,WEC,MRQ,2017-06-30,2017-06-30,2017-06-30,2021-08-05,2500000.0,30559600000.0,,1779700000.0,28779900000.0,,29.001,-460300000.0,36500000.0,36500000.0,1071600000.0,199400000.0,0.639,2.339,10282900000.0,1483200000.0,8799700000.0,10282900000.0,554600000.0,197700000.0,0.0,0.033,0.52,417100000.0,614800000.0,0.377,614800000.0,417100000.0,315200000.0,0.63,0.63,0.63,9152800000.0,,9152800000.0,29296552646.0,15.0,10.793,92000000.0,0.292,1.0,559900000.0,0.343,3053500000.0,101900000.0,34965200000.0,,510000000.0,1544000000.0,0.0,1544000000.0,21406800000.0,2787300000.0,18619500000.0,19370252646.0,-15100000.0,-241300000.0,-9800000.0,311800000.0,-164200000.0,135700000.0,-703100000.0,0.0,552300000.0,0.0,199400000.0,199100000.0,199100000.0,0.0,0.0,0.122,197700000.0,362200000.0,724100000.0,0.825,2.116,20.029,19.993,20524300000.0,300000.0,61.38,2.545,2.545,1004300000.0,4857000000.0,1631500000.0,1631500000.0,0.0,,,,,0.0,0.0,1.0,315579222.0,315600000,317400000.0,5.17,27506100000.0,0.0,115800000.0,5416100000.0,87.155,-1007600000.0
17,WEC,MRQ,2017-03-31,2017-03-31,2017-03-31,2021-08-05,2700000.0,30016600000.0,,1855300000.0,28161300000.0,,28.915,-329700000.0,45700000.0,45700000.0,1495200000.0,356900000.0,0.903,2.289,9972000000.0,828400000.0,9143600000.0,9972000000.0,561000000.0,194600000.0,0.0,0.033,0.52,674900000.0,869500000.0,0.377,869500000.0,674900000.0,570200000.0,1.13,1.12,1.13,9125600000.0,,9125600000.0,29272171519.0,15.0,10.885,384900000.0,1.22,1.0,809300000.0,0.351,3046200000.0,104700000.0,34842100000.0,,417100000.0,1513300000.0,0.0,1513300000.0,20891000000.0,2054600000.0,18836400000.0,19134071519.0,700000.0,-14500000.0,-14300000.0,-201800000.0,-164100000.0,-380800000.0,-333100000.0,8600000.0,714600000.0,0.0,356900000.0,356600000.0,356600000.0,0.0,0.0,0.155,194600000.0,614700000.0,582300000.0,0.46,2.097,20.154,20.143,19990200000.0,300000.0,60.63,2.524,2.524,1191400000.0,4822000000.0,2304500000.0,2304500000.0,0.0,,,,,0.0,0.0,1.0,315587523.0,315600000,317200000.0,7.302,26970400000.0,0.0,213300000.0,5287400000.0,85.458,-199300000.0
18,WEC,MRQ,2016-12-31,2016-12-31,2016-12-31,2021-08-05,2900000.0,30123200000.0,,2168700000.0,27954500000.0,,28.295,-423600000.0,37500000.0,37500000.0,1394000000.0,194700000.0,0.892,2.373,10175600000.0,1017400000.0,9158200000.0,10175600000.0,566200000.0,181100000.0,0.0,0.034,0.495,408700000.0,589800000.0,0.3,589800000.0,408700000.0,306100000.0,0.62,0.61,0.62,8929800000.0,,8929800000.0,28452854586.0,15.0,10.649,-41700000.0,-0.132,1.0,569000000.0,0.29,3046200000.0,102600000.0,34783500000.0,,587600000.0,1443900000.0,0.0,1443900000.0,21193400000.0,2431600000.0,18761800000.0,18510954586.0,-71300000.0,-10100000.0,-1200000.0,218300000.0,-156300000.0,59400000.0,-512600000.0,-57500000.0,381900000.0,0.0,194700000.0,194400000.0,194400000.0,0.0,0.0,0.099,193100000.0,375900000.0,861500000.0,0.798,2.073,19.713,19.681,19915500000.0,300000.0,58.65,2.477,2.477,1241700000.0,4613900000.0,1963000000.0,1963000000.0,0.0,,,,,0.0,0.0,1.0,315617299.0,315600000,316600000.0,6.22,27077000000.0,0.0,111400000.0,5146600000.0,85.795,-262900000.0
19,WEC,MRQ,2016-09-30,2016-09-30,2016-09-30,2021-08-05,3700000.0,29443500000.0,,1817700000.0,27625800000.0,,28.173,-381400000.0,25000000.0,25000000.0,1121900000.0,217300000.0,0.897,2.311,9966900000.0,878800000.0,9088100000.0,9966900000.0,569500000.0,195500000.0,0.0,0.032,0.495,444800000.0,640300000.0,0.374,640300000.0,444800000.0,345700000.0,0.69,0.68,0.69,8891500000.0,,8891500000.0,28792923684.0,15.0,10.666,116400000.0,0.369,1.0,590600000.0,0.345,3046200000.0,99100000.0,34313700000.0,,654300000.0,1544500000.0,0.0,1544500000.0,20552000000.0,2025500000.0,18526500000.0,18899323684.0,-7100000.0,-14800000.0,-6000000.0,49900000.0,-156200000.0,-112400000.0,-392500000.0,0.0,497800000.0,0.0,217300000.0,217000000.0,217000000.0,0.0,0.0,0.127,191600000.0,399000000.0,663500000.0,0.717,2.126,20.456,20.437,19612200000.0,300000.0,59.88,2.569,2.569,871500000.0,4575800000.0,1712500000.0,1712500000.0,0.0,,,,,0.0,0.0,1.0,315619968.0,315600000,316900000.0,5.426,26397300000.0,0.0,128400000.0,5067000000.0,83.642,-207800000.0
20,WEC,MRQ,2016-06-30,2016-06-30,2016-06-30,2021-08-05,4400000.0,29175300000.0,,1765900000.0,27409400000.0,,27.99,-306700000.0,32100000.0,32100000.0,1079900000.0,181700000.0,0.826,2.303,9925700000.0,1023600000.0,8902100000.0,9925700000.0,572300000.0,194100000.0,0.0,0.029,0.495,395400000.0,589500000.0,0.368,589500000.0,395400000.0,295300000.0,0.57,0.57,0.57,8833500000.0,,8833500000.0,30581662617.0,16.0,11.62,221500000.0,0.702,1.0,522100000.0,0.326,3046200000.0,100100000.0,33885600000.0,,494500000.0,1513000000.0,0.0,1513000000.0,20341800000.0,2137100000.0,18204700000.0,20611762617.0,-2600000.0,51400000.0,-21000000.0,-71000000.0,-156200000.0,-270100000.0,-260700000.0,0.0,528200000.0,0.0,181700000.0,181400000.0,181400000.0,0.0,0.0,0.113,190000000.0,332100000.0,620500000.0,0.868,2.333,23.175,23.156,19398900000.0,300000.0,65.3,2.807,2.806,914900000.0,4515000000.0,1602000000.0,1602000000.0,0.0,,,,,0.0,0.0,1.0,315647207.0,315600000,317000000.0,5.076,26129100000.0,0.0,113600000.0,4938300000.0,82.792,-371200000.0
21,WEC,MRQ,2016-03-31,2016-03-31,2016-03-31,2021-08-05,4300000.0,29104600000.0,,1896400000.0,27208200000.0,,27.933,-312000000.0,34700000.0,34700000.0,1417600000.0,346500000.0,0.85,2.3,10004600000.0,1048800000.0,8955800000.0,10004600000.0,576100000.0,191900000.0,0.0,0.033,0.495,660500000.0,852400000.0,0.388,852400000.0,660500000.0,559600000.0,1.1,1.09,1.1,8818300000.0,,8818300000.0,29288222788.0,17.0,12.43,383900000.0,1.216,1.0,777200000.0,0.354,2999100000.0,100900000.0,33845600000.0,,470700000.0,1510000000.0,0.0,1510000000.0,20286300000.0,2229800000.0,18056500000.0,18961222788.0,-15100000.0,97500000.0,-38200000.0,-338000000.0,-156200000.0,-522600000.0,-188400000.0,0.0,695900000.0,0.0,346500000.0,346200000.0,346200000.0,0.0,0.0,0.158,187900000.0,589300000.0,584400000.0,0.45,2.15,24.035,23.015,19259000000.0,300000.0,60.07,2.816,2.817,1088100000.0,4489700000.0,2194800000.0,2194800000.0,0.0,,,,,0.0,0.0,1.0,315652119.0,315700000,317100000.0,6.952,26105500000.0,0.0,213100000.0,4856500000.0,82.691,-333400000.0
22,WEC,MRQ,2015-12-31,2015-12-31,2015-12-31,2021-08-05,4600000.0,29355200000.0,,2206800000.0,27148400000.0,,27.406,-474400000.0,49800000.0,49800000.0,1288900000.0,179900000.0,0.815,2.392,10376800000.0,1252700000.0,9124100000.0,10376800000.0,579400000.0,192600000.0,0.0,0.038,0.458,424600000.0,617200000.0,0.334,617200000.0,424600000.0,317600000.0,0.57,0.56,0.57,8654800000.0,,8654800000.0,26170069181.0,19.0,13.157,-255200000.0,-0.808,1.0,559400000.0,0.303,3023500000.0,107000000.0,33949700000.0,,687000000.0,1380900000.0,0.0,1380900000.0,20700400000.0,2709000000.0,17991400000.0,16197769181.0,27600000.0,-900000.0,-4900000.0,431000000.0,-144500000.0,230000000.0,-421600000.0,0.0,219200000.0,0.0,179900000.0,179300000.0,179300000.0,0.0,0.0,0.097,179200000.0,380200000.0,815400000.0,0.804,1.872,25.368,21.742,19189700000.0,600000.0,51.31,2.733,2.347,1028600000.0,4299800000.0,1848300000.0,1848300000.0,0.0,,,,,0.0,0.0,1.0,315684451.0,315800000,317400000.0,5.853,26331700000.0,0.0,137700000.0,4622300000.0,83.381,-502200000.0
23,WEC,MRQ,2015-09-30,2015-09-30,2015-09-30,2021-08-05,11200000.0,28769600000.0,,2181900000.0,26587700000.0,,27.336,-423800000.0,22200000.0,22200000.0,1176500000.0,183100000.0,0.818,2.334,9994500000.0,1267500000.0,8727000000.0,9994500000.0,588100000.0,175800000.0,0.0,0.036,0.423,396800000.0,572600000.0,0.337,572600000.0,396800000.0,293600000.0,0.58,0.58,0.58,8629900000.0,,8629900000.0,26252942397.0,21.0,15.141,-65900000.0,-0.209,1.0,522200000.0,0.307,3389100000.0,103200000.0,32686000000.0,,719800000.0,1096400000.0,0.0,1096400000.0,20139700000.0,2666800000.0,17472900000.0,16485042397.0,-192200000.0,2000000.0,-19900000.0,19700000.0,-120400000.0,-133400000.0,-416700000.0,0.0,357900000.0,0.0,183100000.0,182500000.0,182500000.0,0.0,0.0,0.107,176500000.0,345700000.0,777600000.0,0.729,1.91,28.393,22.221,18785200000.0,600000.0,52.22,3.109,3.109,844700000.0,4264900000.0,1698700000.0,1698700000.0,0.0,,,,,0.0,0.0,1.0,315684458.0,315700000,317100000.0,5.381,25380500000.0,250800000.0,110500000.0,4690400000.0,80.394,-484900000.0
24,WEC,MRQ,2015-06-30,2015-06-30,2015-06-30,2021-08-05,0.0,28614500000.0,,2276800000.0,26337700000.0,,37.172,-214800000.0,214400000.0,214400000.0,721900000.0,81200000.0,0.774,2.384,9982300000.0,1434700000.0,8547600000.0,9982300000.0,596200000.0,107800000.0,0.0,0.041,0.629,206200000.0,314000000.0,0.317,314000000.0,206200000.0,144400000.0,0.36,0.35,0.36,8456700000.0,,8456700000.0,15234380933.0,14.0,9.927,171700000.0,0.755,1.0,269300000.0,0.272,3386500000.0,61800000.0,32055600000.0,,562500000.0,1169700000.0,0.0,1169700000.0,20157800000.0,2940300000.0,17217500000.0,10140580933.0,149200000.0,-1309500000.0,-4800000.0,1396600000.0,-95200000.0,1285600000.0,-1522900000.0,0.0,386500000.0,0.0,81200000.0,80900000.0,80900000.0,0.0,0.0,0.082,103500000.0,165800000.0,777100000.0,1.747,1.199,19.337,19.3,18529400000.0,300000.0,44.97,2.187,2.206,956600000.0,,991200000.0,991200000.0,0.0,,,,,0.0,0.0,1.0,225496574.0,227500000,229100000.0,4.357,25228000000.0,236400000.0,63200000.0,4624300000.0,110.892,-663500000.0
25,WEC,MRQ,2015-03-31,2015-03-31,2015-03-31,2021-08-05,0.0,15135600000.0,,1326400000.0,13809200000.0,,20.003,-153200000.0,65200000.0,65200000.0,926500000.0,196100000.0,0.85,2.356,5159000000.0,989800000.0,4169200000.0,5159000000.0,604700000.0,107300000.0,0.0,0.032,0.423,377900000.0,485200000.0,0.35,485200000.0,377900000.0,318500000.0,0.87,0.86,0.87,4510600000.0,,4510600000.0,16328784323.0,14.0,10.271,176800000.0,0.784,1.0,461400000.0,0.332,441900000.0,59400000.0,18227200000.0,,289700000.0,464100000.0,0.0,464100000.0,10625000000.0,1560300000.0,9064700000.0,11162584323.0,3300000.0,-1300000.0,-15000000.0,-63900000.0,-95300000.0,-170400000.0,-156300000.0,0.0,330000000.0,0.0,196100000.0,195800000.0,195800000.0,0.0,0.0,0.141,102600000.0,358800000.0,291900000.0,0.486,2.475,19.363,19.336,11316000000.0,300000.0,49.5,2.38,2.38,658900000.0,,1387900000.0,1387900000.0,0.0,,,,,0.0,0.0,1.0,225506754.0,225500000,227300000.0,6.155,14693700000.0,170300000.0,122400000.0,2942400000.0,65.161,-233900000.0
26,WEC,MRQ,2014-12-31,2014-12-31,2014-12-31,2021-08-05,300000.0,14905000000.0,,1292700000.0,13612300000.0,,19.591,-248200000.0,61900000.0,61900000.0,885400000.0,122600000.0,0.775,2.372,5212400000.0,1041700000.0,4170700000.0,5212400000.0,614100000.0,104100000.0,0.0,0.03,0.39,258000000.0,362100000.0,0.296,362100000.0,258000000.0,199400000.0,0.54,0.54,0.54,4419700000.0,,4419700000.0,16898184564.0,14.0,10.506,-83900000.0,-0.372,1.0,339700000.0,0.277,441900000.0,58600000.0,17944900000.0,,400600000.0,456900000.0,0.0,456900000.0,10485300000.0,1668700000.0,8816600000.0,11893784564.0,-26800000.0,11300000.0,-20400000.0,139500000.0,-88000000.0,36800000.0,-227900000.0,0.0,164300000.0,0.0,122600000.0,121400000.0,121400000.0,0.0,0.0,0.099,96200000.0,243500000.0,363300000.0,0.722,2.691,20.217,20.207,11257700000.0,1200000.0,52.74,2.38,2.381,643400000.0,4117000000.0,1225100000.0,1225100000.0,0.0,,,,,0.0,0.0,1.0,225517341.0,225600000,227200000.0,5.43,14463100000.0,0.0,76800000.0,2664000000.0,64.109,-376000000.0
27,WEC,MRQ,2014-09-30,2014-09-30,2014-09-30,2021-08-05,0.0,14724900000.0,,1274500000.0,13450400000.0,,19.505,-207500000.0,88700000.0,88700000.0,687400000.0,126300000.0,1.196,2.348,5093100000.0,523500000.0,4569600000.0,5093100000.0,627200000.0,106400000.0,0.0,0.036,0.39,267000000.0,373400000.0,0.361,373400000.0,267000000.0,206600000.0,0.56,0.56,0.56,4398300000.0,,4398300000.0,14706601004.0,12.0,8.982,105800000.0,0.469,1.0,345900000.0,0.335,441900000.0,60400000.0,18221800000.0,,379300000.0,455900000.0,0.0,455900000.0,10326600000.0,1065600000.0,9261000000.0,9697301004.0,55300000.0,-2600000.0,-12800000.0,54800000.0,-88000000.0,-42000000.0,-216000000.0,0.0,313300000.0,0.0,126300000.0,126300000.0,126300000.0,0.0,0.0,0.122,99800000.0,246100000.0,315000000.0,0.696,2.205,15.866,15.867,11134900000.0,0.0,43.0,1.959,1.959,498100000.0,,1033300000.0,1033300000.0,0.0,,,,,0.0,0.0,1.0,225518628.0,225500000,227400000.0,4.582,14283000000.0,165500000.0,80300000.0,2752700000.0,63.339,208900000.0
28,WEC,MRQ,2014-06-30,2014-06-30,2014-06-30,2021-08-05,0.0,14619800000.0,,1285500000.0,13334300000.0,,19.366,-176300000.0,33400000.0,33400000.0,704700000.0,133000000.0,1.311,2.348,5042700000.0,455200000.0,4587500000.0,5042700000.0,639700000.0,102800000.0,0.0,0.033,0.39,266300000.0,369100000.0,0.354,369100000.0,266300000.0,207300000.0,0.59,0.58,0.59,4367100000.0,,4367100000.0,15668572829.0,13.0,9.53,159900000.0,0.709,1.0,339000000.0,0.325,441900000.0,59000000.0,18206400000.0,,304300000.0,452100000.0,0.0,452100000.0,10252700000.0,980800000.0,9271900000.0,10581372829.0,5800000.0,-4000000.0,-2300000.0,-64300000.0,-87900000.0,-156600000.0,-173800000.0,0.0,336200000.0,0.0,133000000.0,133000000.0,133000000.0,0.0,0.0,0.127,101400000.0,237600000.0,288500000.0,0.661,2.423,17.001,17.0,11024000000.0,0.0,46.92,2.129,2.129,579700000.0,,1043700000.0,1043700000.0,0.0,,,,,0.0,0.0,1.0,225519455.0,225500000,227600000.0,4.628,14177900000.0,199300000.0,74300000.0,2714600000.0,62.873,304700000.0
29,WEC,MRQ,2014-03-31,2014-03-31,2014-03-31,2021-08-05,0.0,14800800000.0,,1545000000.0,13255800000.0,,19.141,-129200000.0,27600000.0,27600000.0,1216100000.0,207600000.0,1.085,2.425,5114800000.0,766000000.0,4348800000.0,5114800000.0,651900000.0,103700000.0,0.0,0.032,0.39,400200000.0,503900000.0,0.297,503900000.0,400200000.0,337900000.0,0.92,0.91,0.92,4322000000.0,,4322000000.0,15734600079.0,13.0,9.67,255900000.0,1.133,1.0,478900000.0,0.283,441900000.0,62300000.0,18021500000.0,,234900000.0,445400000.0,0.0,445400000.0,10478800000.0,1424600000.0,9054200000.0,10517800079.0,1600000.0,-3900000.0,-37400000.0,-124100000.0,-88100000.0,-244400000.0,-139100000.0,0.0,385100000.0,0.0,207600000.0,207600000.0,207600000.0,0.0,0.0,0.122,100600000.0,378300000.0,435000000.0,0.424,2.434,17.288,17.305,10941700000.0,0.0,46.55,2.13,2.128,895000000.0,,1695000000.0,1695000000.0,0.0,,,,,0.0,0.0,1.0,225946296.0,225800000,227700000.0,7.507,14358900000.0,261400000.0,130300000.0,2699000000.0,63.591,120400000.0
30,WEC,MRQ,2013-12-31,2013-12-31,2013-12-31,2021-08-05,0.0,14769400000.0,,1551100000.0,13218300000.0,,18.697,-227500000.0,26000000.0,26000000.0,855700000.0,145500000.0,1.037,2.489,5242800000.0,879600000.0,4363200000.0,5242800000.0,664200000.0,98400000.0,0.0,0.035,0.383,292600000.0,391000000.0,0.332,391000000.0,292600000.0,232000000.0,0.64,0.63,0.64,4233000000.0,,4233000000.0,14449518982.0,12.0,9.242,-45600000.0,-0.201,1.0,322600000.0,0.274,441900000.0,60600000.0,18047900000.0,,329400000.0,438800000.0,0.0,438800000.0,10536400000.0,1496400000.0,9040000000.0,9364318982.0,7500000.0,-2600000.0,-29700000.0,142600000.0,-86600000.0,26600000.0,-201000000.0,0.0,181900000.0,0.0,145500000.0,144300000.0,144300000.0,0.0,0.0,0.122,51000000.0,271600000.0,342600000.0,0.598,2.212,16.218,16.276,10906600000.0,1200000.0,41.34,2.072,2.082,727100000.0,,1178300000.0,1178300000.0,0.0,,,,,0.0,0.0,1.0,226519569.0,226400000,228200000.0,5.205,14327500000.0,310000000.0,86500000.0,2634000000.0,63.284,54700000.0
31,WEC,MRQ,2013-09-30,2013-09-30,2013-09-30,2021-08-05,0.0,14372800000.0,,1238200000.0,13134600000.0,,18.51,-190400000.0,18500000.0,18500000.0,698300000.0,137500000.0,0.959,2.424,5103700000.0,732800000.0,4370900000.0,5103700000.0,676800000.0,99900000.0,0.0,0.034,0.383,280200000.0,380100000.0,0.361,380100000.0,280200000.0,218200000.0,0.61,0.6,0.61,4198100000.0,,4198100000.0,14305882880.0,13.0,9.632,178400000.0,0.787,1.0,354900000.0,0.337,441900000.0,62000000.0,17724900000.0,,367600000.0,433200000.0,0.0,433200000.0,10174700000.0,1291200000.0,8883500000.0,9193182880.0,-2500000.0,-2700000.0,-50200000.0,-26800000.0,-86700000.0,-163100000.0,-208200000.0,0.0,368800000.0,0.0,137500000.0,137500000.0,137500000.0,0.0,0.0,0.131,96900000.0,258000000.0,296900000.0,0.628,2.19,17.284,17.33,10805200000.0,0.0,40.38,2.084,2.076,460000000.0,,1053200000.0,1053200000.0,0.0,,,,,0.0,0.0,1.0,227666738.0,226800000,228800000.0,4.644,13930900000.0,230800000.0,80700000.0,2470300000.0,61.424,-53000000.0
32,WEC,MRQ,2013-06-30,2013-06-30,2013-06-30,2021-08-05,0.0,14317000000.0,,1271100000.0,13045900000.0,,18.369,-173700000.0,21000000.0,21000000.0,686100000.0,119000000.0,0.993,2.413,5133700000.0,750500000.0,4383200000.0,5133700000.0,689600000.0,99500000.0,0.0,0.031,0.34,252600000.0,352100000.0,0.348,352100000.0,252600000.0,189300000.0,0.52,0.52,0.52,4195400000.0,,4195400000.0,14521856590.0,13.0,9.641,177500000.0,0.777,1.0,326200000.0,0.322,441900000.0,63300000.0,17707100000.0,,317900000.0,428800000.0,0.0,428800000.0,10121600000.0,1280700000.0,8840900000.0,9375356590.0,-3700000.0,-3900000.0,-55800000.0,-32800000.0,-77800000.0,-163600000.0,-191300000.0,0.0,351200000.0,0.0,119000000.0,119000000.0,119000000.0,0.0,0.0,0.118,96700000.0,229500000.0,276400000.0,0.654,2.235,17.031,17.079,10704500000.0,0.0,40.99,2.132,2.129,501700000.0,,1012300000.0,1012300000.0,0.0,,,,,0.0,0.0,1.0,228723020.0,228400000,230500000.0,4.432,13875100000.0,0.0,70300000.0,2369700000.0,60.749,-9600000.0
33,WEC,MRQ,2013-03-31,2013-03-31,2013-03-31,2021-08-05,0.0,14295300000.0,,1313800000.0,12981500000.0,,18.364,-133600000.0,24700000.0,24700000.0,858700000.0,176600000.0,1.028,2.401,5171200000.0,730200000.0,4441000000.0,5171200000.0,702600000.0,98200000.0,0.0,0.029,0.34,342000000.0,440200000.0,0.345,440200000.0,342000000.0,277000000.0,0.77,0.76,0.77,4203600000.0,,4203600000.0,15044226895.0,13.0,10.064,196700000.0,0.859,1.0,416500000.0,0.327,441900000.0,65000000.0,17721800000.0,,266800000.0,419800000.0,0.0,419800000.0,10091700000.0,1278100000.0,8813600000.0,9822026895.0,-10900000.0,-1300000.0,-39200000.0,-86400000.0,-77800000.0,-195900000.0,-145300000.0,0.0,330300000.0,0.0,176600000.0,176600000.0,176600000.0,0.0,0.0,0.138,95500000.0,321000000.0,257100000.0,0.442,2.337,17.832,17.871,10616100000.0,0.0,42.89,2.268,2.267,635300000.0,,1275200000.0,1275200000.0,0.0,,,,,0.0,0.0,1.0,229005057.0,228900000,231200000.0,5.571,13853400000.0,0.0,100400000.0,2275600000.0,60.522,35700000.0
34,WEC,MRQ,2012-12-31,2012-12-31,2012-12-31,2021-08-05,0.0,14285000000.0,,1272600000.0,13012400000.0,,18.01,-229500000.0,35600000.0,35600000.0,775300000.0,98800000.0,0.883,2.455,5260500000.0,806700000.0,4453800000.0,5260500000.0,709700000.0,93500000.0,0.0,0.033,0.3,219400000.0,312900000.0,0.292,312900000.0,219400000.0,152500000.0,0.43,0.43,0.43,4135100000.0,,4135100000.0,13530482964.0,12.0,9.189,-48000000.0,-0.209,1.0,295900000.0,0.276,441900000.0,66900000.0,17626600000.0,,360700000.0,413800000.0,0.0,413800000.0,10149900000.0,1441400000.0,8708500000.0,8478082964.0,22600000.0,-2600000.0,-43700000.0,191200000.0,-68900000.0,79300000.0,-238200000.0,0.0,181500000.0,0.0,98800000.0,98800000.0,98800000.0,0.0,0.0,0.092,59700000.0,236200000.0,368400000.0,0.698,2.05,15.519,15.549,10572200000.0,0.0,36.85,1.997,1.998,563400000.0,,1071200000.0,1071200000.0,0.0,,,,,0.0,0.0,1.0,230070094.0,229600000,231900000.0,4.666,13843100000.0,105300000.0,53700000.0,2117000000.0,60.292,-168800000.0
35,WEC,MRQ,2012-09-30,2012-09-30,2012-09-30,2021-08-05,0.0,13834700000.0,,1084800000.0,12749900000.0,,18.0,-163500000.0,22500000.0,22500000.0,666900000.0,156100000.0,0.782,2.336,5074900000.0,834300000.0,4240600000.0,5074900000.0,714100000.0,94400000.0,0.0,0.031,0.3,306700000.0,401100000.0,0.386,401100000.0,306700000.0,245800000.0,0.68,0.67,0.68,4147200000.0,,4147200000.0,13841741391.0,12.0,9.367,220200000.0,0.956,1.0,372400000.0,0.358,441900000.0,60900000.0,17058200000.0,,342100000.0,408900000.0,0.0,408900000.0,9687500000.0,1387000000.0,8300500000.0,8680941391.0,-100000.0,-6500000.0,-21300000.0,-114600000.0,-69100000.0,-205000000.0,-178800000.0,0.0,383700000.0,0.0,156100000.0,156100000.0,156100000.0,0.0,0.0,0.15,91800000.0,280600000.0,277700000.0,0.441,2.093,15.405,15.376,10438800000.0,0.0,37.67,2.024,2.024,477100000.0,,1039300000.0,1039300000.0,0.0,,,,,0.0,0.0,1.0,230447077.0,230400000,232900000.0,4.511,13392800000.0,48400000.0,89700000.0,1994200000.0,58.128,-302200000.0
36,WEC,MRQ,2012-06-30,2012-06-30,2012-06-30,2021-08-05,0.0,13887600000.0,,1236900000.0,12650700000.0,,17.713,-171700000.0,31000000.0,31000000.0,631800000.0,119300000.0,0.866,2.403,5191800000.0,894300000.0,4297500000.0,5191800000.0,727500000.0,93200000.0,0.0,0.028,0.3,247400000.0,340600000.0,0.361,340600000.0,247400000.0,185900000.0,0.52,0.51,0.52,4081100000.0,,4081100000.0,14270205023.0,13.0,10.103,96500000.0,0.419,1.0,312900000.0,0.331,441900000.0,61500000.0,17178100000.0,,335000000.0,399700000.0,0.0,399700000.0,9806500000.0,1428400000.0,8378100000.0,9119105023.0,-5000000.0,-4000000.0,-22100000.0,200000.0,-69200000.0,-91000000.0,-182200000.0,0.0,268200000.0,0.0,119300000.0,119300000.0,119300000.0,0.0,0.0,0.126,90300000.0,222600000.0,267500000.0,0.577,2.234,16.975,16.983,10340700000.0,0.0,39.57,2.12,2.119,498800000.0,,944700000.0,944700000.0,0.0,,,,,0.0,0.0,1.0,230455017.0,230400000,233100000.0,4.1,13445700000.0,0.0,66600000.0,1862500000.0,58.358,-191500000.0
37,WEC,MRQ,2012-03-31,2012-03-31,2012-03-31,2021-08-05,0.0,13821300000.0,,1279800000.0,12541500000.0,,17.577,-142300000.0,42800000.0,42800000.0,807900000.0,172100000.0,1.092,2.411,5193900000.0,591100000.0,4602800000.0,5193900000.0,740900000.0,90600000.0,0.0,0.031,0.3,327300000.0,417900000.0,0.351,417900000.0,327300000.0,268400000.0,0.75,0.74,0.75,4051500000.0,,4051500000.0,13364836872.0,13.0,9.738,198200000.0,0.86,1.0,383300000.0,0.322,441900000.0,58900000.0,17358600000.0,,311600000.0,393400000.0,0.0,393400000.0,9769800000.0,1171900000.0,8597900000.0,8107636872.0,4000000.0,-2600000.0,-16300000.0,-120600000.0,-69100000.0,-206100000.0,-130400000.0,0.0,340500000.0,0.0,172100000.0,172100000.0,172100000.0,0.0,0.0,0.144,87600000.0,295700000.0,239300000.0,0.4,2.001,15.373,15.43,10235000000.0,0.0,35.18,1.864,1.865,577200000.0,,1191200000.0,1191200000.0,0.0,,,,,0.0,0.0,1.0,230461537.0,230500000,233200000.0,5.168,13379400000.0,0.0,96300000.0,1791200000.0,58.045,107900000.0
38,WEC,MRQ,2011-12-31,2011-12-31,2011-12-31,2021-08-05,0.0,13862100000.0,,1426200000.0,12435900000.0,,17.172,-218600000.0,59600000.0,59600000.0,836200000.0,116000000.0,1.045,2.498,5316800000.0,702500000.0,4614300000.0,5316800000.0,754500000.0,87500000.0,0.0,0.03,0.26,230600000.0,318100000.0,0.286,318100000.0,230600000.0,172400000.0,0.5,0.5,0.5,3963300000.0,,3963300000.0,13171919666.0,13.0,9.669,-52800000.0,-0.229,1.0,277000000.0,0.249,441900000.0,58200000.0,17312900000.0,,382000000.0,393300000.0,0.0,393300000.0,9898800000.0,1364500000.0,8534300000.0,8085119666.0,-1000000.0,0.0,-38800000.0,171300000.0,-60000000.0,75400000.0,-242200000.0,0.0,165800000.0,0.0,116000000.0,116000000.0,116000000.0,-1900000.0,0.0,0.104,21300000.0,255700000.0,325700000.0,0.52,2.04,15.365,15.469,10160400000.0,0.0,34.96,1.802,1.813,602100000.0,,1113200000.0,1113200000.0,0.0,,,,,0.0,0.0,1.0,231267725.0,230800000,233600000.0,4.823,13420200000.0,155100000.0,56400000.0,1696100000.0,58.146,61700000.0
39,WEC,MRQ,2011-09-30,2011-09-30,2011-09-30,2021-08-05,0.0,13249500000.0,,1132400000.0,12117100000.0,,16.971,-265100000.0,60600000.0,60600000.0,745900000.0,129800000.0,1.039,2.362,5147400000.0,528500000.0,4618900000.0,5147400000.0,767700000.0,79700000.0,0.0,0.031,0.26,256200000.0,335900000.0,0.319,335900000.0,256200000.0,199400000.0,0.56,0.55,0.56,3940700000.0,,3940700000.0,12165217622.0,12.0,8.884,-86100000.0,-0.371,1.0,306900000.0,0.292,441900000.0,56800000.0,16805000000.0,,368100000.0,382800000.0,0.0,382800000.0,9308800000.0,1089400000.0,8219400000.0,7313717622.0,4500000.0,-2000000.0,-78700000.0,246500000.0,-60500000.0,108300000.0,-282800000.0,0.0,179000000.0,0.0,129800000.0,129800000.0,129800000.0,0.0,0.0,0.123,82600000.0,224300000.0,274600000.0,0.464,1.856,13.642,13.604,9999100000.0,0.0,31.29,1.639,1.628,476200000.0,,1052800000.0,1052800000.0,0.0,,,,,0.0,0.0,1.0,233739777.0,232200000,234900000.0,4.534,12807600000.0,0.0,69600000.0,1447300000.0,55.158,43000000.0
40,WEC,MRQ,2011-06-30,2011-06-30,2011-06-30,2021-08-05,0.0,13076300000.0,,1171900000.0,11904400000.0,,16.892,-211600000.0,56100000.0,56100000.0,735000000.0,109500000.0,1.025,2.312,4907600000.0,573000000.0,4334600000.0,4907600000.0,781300000.0,85000000.0,0.0,0.029,0.26,215500000.0,300500000.0,0.303,300500000.0,215500000.0,158100000.0,0.47,0.46,0.47,3947600000.0,,3947600000.0,12146847477.0,12.0,9.056,46000000.0,0.197,1.0,256700000.0,0.259,441900000.0,57400000.0,16342200000.0,,339100000.0,376700000.0,0.0,376700000.0,9128700000.0,1143700000.0,7985000000.0,7327947477.0,-225400000.0,-2000000.0,-10100000.0,-191000000.0,-60700000.0,-259900000.0,-223100000.0,0.0,257600000.0,0.0,109500000.0,109500000.0,109500000.0,-11500000.0,0.0,0.11,82300000.0,174400000.0,309800000.0,0.553,1.856,14.133,14.122,9821300000.0,0.0,31.35,1.672,1.671,517300000.0,,991700000.0,991700000.0,0.0,,,,,0.0,0.0,1.0,233746331.0,233700000,236600000.0,4.243,12634400000.0,0.0,48600000.0,1339800000.0,54.062,28200000.0
41,WEC,MRQ,2011-03-31,2011-03-31,2011-03-31,2021-08-05,0.0,13188600000.0,,1459800000.0,11728800000.0,,16.708,-135500000.0,281500000.0,281500000.0,951800000.0,170900000.0,1.089,2.378,5100400000.0,761300000.0,4339100000.0,5100400000.0,795000000.0,84200000.0,0.0,0.028,0.26,323600000.0,407800000.0,0.307,407800000.0,323600000.0,260200000.0,0.73,0.72,0.73,3904700000.0,,3904700000.0,12159897692.0,12.0,9.243,255500000.0,1.093,1.0,376900000.0,0.284,441900000.0,63400000.0,16225300000.0,,284400000.0,374800000.0,0.0,374800000.0,9283900000.0,1340300000.0,7943600000.0,7129397692.0,211500000.0,-2600000.0,-11900000.0,38600000.0,-60800000.0,-35100000.0,-144400000.0,0.0,391000000.0,0.0,170900000.0,170900000.0,170900000.0,0.0,0.0,0.129,81300000.0,295600000.0,269100000.0,0.356,1.826,14.325,14.319,9639000000.0,0.0,30.5,1.665,1.664,650100000.0,,1328700000.0,1328700000.0,0.0,,,,,0.0,0.0,1.0,233750744.0,233700000,236600000.0,5.685,12746700000.0,0.0,89300000.0,1267900000.0,54.543,119500000.0
42,WEC,MRQ,2010-12-31,2010-12-31,2010-12-31,2021-08-05,0.0,13059800000.0,,1331100000.0,11728700000.0,,16.262,-252600000.0,32800000.0,32800000.0,843700000.0,125900000.0,0.773,2.435,5063300000.0,1131300000.0,3932000000.0,5063300000.0,805500000.0,79800000.0,0.0,0.027,0.2,245300000.0,325100000.0,0.298,325100000.0,245300000.0,193800000.0,0.54,0.53,0.54,3802100000.0,,3802100000.0,11733651357.0,13.0,9.538,-95900000.0,-0.41,1.0,246100000.0,0.226,441900000.0,51500000.0,15927300000.0,,379100000.0,376300000.0,0.0,376300000.0,9257700000.0,1721100000.0,7536600000.0,6880551357.0,13300000.0,-1300000.0,-13200000.0,137500000.0,-46700000.0,80100000.0,-223500000.0,0.0,156700000.0,0.0,125900000.0,125900000.0,125900000.0,-300000.0,0.0,0.116,36800000.0,209300000.0,315400000.0,0.37,1.81,15.072,15.092,9601500000.0,0.0,29.43,1.637,1.637,624900000.0,,1089800000.0,1089800000.0,0.0,,,,,0.0,0.0,1.0,233793794.0,233800000,236700000.0,4.661,12617900000.0,83700000.0,67900000.0,1154800000.0,53.969,-390000000.0
43,WEC,MRQ,2010-09-30,2010-09-30,2010-09-30,2021-08-05,0.0,12718500000.0,,1188600000.0,11529900000.0,,15.944,-166500000.0,73900000.0,73900000.0,748000000.0,112200000.0,0.739,2.412,4927000000.0,991300000.0,3935700000.0,4927000000.0,791800000.0,80200000.0,0.0,0.027,0.2,227700000.0,307900000.0,0.316,307900000.0,227700000.0,175200000.0,0.48,0.47,0.48,3727700000.0,,3727700000.0,11589798273.0,13.0,9.612,63500000.0,0.272,1.0,225200000.0,0.231,441900000.0,52500000.0,15520300000.0,,422300000.0,365200000.0,0.0,365200000.0,8990800000.0,1609400000.0,7381400000.0,6756698273.0,700000.0,0.0,-26800000.0,-28200000.0,-46800000.0,-94600000.0,-134700000.0,0.0,230000000.0,0.0,112200000.0,112200000.0,112200000.0,100000.0,0.0,0.115,77400000.0,147800000.0,254300000.0,0.417,1.813,15.038,15.052,9399900000.0,0.0,28.9,1.619,1.619,458100000.0,,973200000.0,973200000.0,0.0,,,,,0.0,0.0,1.0,233795788.0,233800000,236900000.0,4.163,12276600000.0,0.0,63000000.0,1047600000.0,52.509,-420800000.0
44,WEC,MRQ,2010-06-30,2010-06-30,2010-06-30,2021-08-05,0.0,12693500000.0,,1273000000.0,11420500000.0,,15.728,-184500000.0,123200000.0,123200000.0,698000000.0,88700000.0,0.77,2.452,4956300000.0,1013700000.0,3942600000.0,4956300000.0,778100000.0,85500000.0,0.0,0.029,0.2,189300000.0,274800000.0,0.308,274800000.0,189300000.0,136300000.0,0.38,0.37,0.38,3677100000.0,,3677100000.0,10684543548.0,14.0,9.559,-64500000.0,-0.276,1.0,192900000.0,0.217,441900000.0,53000000.0,15432000000.0,,390200000.0,362800000.0,0.0,362800000.0,9016400000.0,1652700000.0,7363700000.0,5931543548.0,-1600000.0,0.0,-13800000.0,40600000.0,-46700000.0,-17400000.0,-104200000.0,0.0,120000000.0,0.0,88700000.0,88700000.0,88700000.0,-1200000.0,0.0,0.1,76800000.0,116100000.0,270500000.0,0.526,1.613,14.994,15.012,9290000000.0,0.0,25.37,1.477,1.477,494500000.0,,890900000.0,890900000.0,0.0,,,,,0.0,0.0,1.0,233801480.0,233800000,236600000.0,3.811,12251600000.0,0.0,47600000.0,1039600000.0,52.402,-379700000.0
45,WEC,MRQ,2010-03-31,2010-03-31,2010-03-31,2021-08-05,0.0,12721500000.0,,1319900000.0,11401600000.0,,15.577,-194600000.0,163800000.0,163800000.0,995200000.0,129700000.0,1.051,2.493,4916800000.0,520700000.0,4396100000.0,4916800000.0,764600000.0,71900000.0,0.0,0.029,0.2,250500000.0,322400000.0,0.258,322400000.0,250500000.0,201100000.0,0.55,0.55,0.55,3641800000.0,,3641800000.0,10557267787.0,14.0,9.83,109100000.0,0.467,1.0,253400000.0,0.203,441900000.0,49400000.0,15777300000.0,,337000000.0,358900000.0,0.0,358900000.0,9079700000.0,1255300000.0,7824400000.0,5776067787.0,-8100000.0,-3900000.0,-11900000.0,-78800000.0,-46800000.0,-140700000.0,-171100000.0,0.0,303700000.0,0.0,129700000.0,129700000.0,129700000.0,-700000.0,0.0,0.104,74400000.0,179000000.0,279000000.0,0.364,1.586,15.586,15.636,9237200000.0,0.0,24.705,1.458,1.458,599600000.0,,1248600000.0,1248600000.0,0.0,,,,,0.0,0.0,1.0,233801570.0,233800000,236700000.0,5.34,12279600000.0,0.0,71400000.0,1038900000.0,52.522,64600000.0
46,WEC,MRQ,2009-12-31,2009-12-31,2009-12-31,2021-08-05,0.0,12697900000.0,,1529300000.0,11168600000.0,,15.256,-261500000.0,214700000.0,214700000.0,832900000.0,118700000.0,0.807,2.56,4996600000.0,1120800000.0,3875800000.0,4996600000.0,739100000.0,79100000.0,0.0,0.027,0.169,221600000.0,300700000.0,0.283,300700000.0,221600000.0,183900000.0,0.51,0.5,0.51,3566900000.0,,3566900000.0,10459675927.0,14.0,9.496,-66300000.0,-0.284,1.0,228400000.0,0.215,441900000.0,37700000.0,15143800000.0,,378100000.0,358700000.0,0.0,358700000.0,9131000000.0,1894100000.0,7236900000.0,5825675927.0,10500000.0,-23500000.0,-4100000.0,118000000.0,-39400000.0,75400000.0,-260100000.0,0.0,195200000.0,0.0,118700000.0,118700000.0,118700000.0,-5600000.0,0.0,0.112,57400000.0,171000000.0,290600000.0,0.331,1.633,15.235,15.192,9015800000.0,0.0,24.915,1.421,1.42,587400000.0,,1061300000.0,1061300000.0,0.0,,,,,0.0,0.0,1.0,233822032.0,233800000,236200000.0,4.539,12256000000.0,0.0,65200000.0,1055600000.0,52.421,-364800000.0
47,WEC,MRQ,2009-09-30,2009-09-30,2009-09-30,2021-08-05,0.0,12420700000.0,,1328600000.0,11092100000.0,,14.914,-189700000.0,247700000.0,247700000.0,682500000.0,58500000.0,0.661,2.562,4881700000.0,1250500000.0,3631200000.0,4881700000.0,687900000.0,90000000.0,0.0,0.028,0.169,129800000.0,219800000.0,0.27,219800000.0,129800000.0,91400000.0,0.25,0.25,0.25,3486900000.0,,3486900000.0,9858314137.0,13.0,9.116,13000000.0,0.056,1.0,133000000.0,0.163,441900000.0,38400000.0,14602900000.0,,388900000.0,397500000.0,0.0,397500000.0,8933800000.0,2009900000.0,6923900000.0,5280914137.0,-2100000.0,-5700000.0,-4300000.0,9100000.0,-39500000.0,-33600000.0,-171200000.0,0.0,202700000.0,0.0,58500000.0,58500000.0,58500000.0,-300000.0,0.0,0.072,86500000.0,46500000.0,263800000.0,0.676,1.515,14.504,14.524,8903700000.0,0.0,22.585,1.251,1.251,457300000.0,,815500000.0,815500000.0,0.0,,,,,0.0,0.0,1.0,233823960.0,233800000,236000000.0,3.488,11978800000.0,0.0,32900000.0,950000000.0,51.235,-681300000.0
48,WEC,MRQ,2009-06-30,2009-06-30,2009-06-30,2021-08-05,0.0,12298300000.0,,1300100000.0,10998200000.0,,14.829,-192000000.0,295900000.0,295900000.0,686800000.0,63700000.0,0.714,2.547,4873300000.0,1053200000.0,3820100000.0,4873300000.0,639000000.0,90200000.0,0.0,0.03,0.169,140900000.0,231100000.0,0.277,231100000.0,140900000.0,101100000.0,0.27,0.27,0.27,3467100000.0,,3467100000.0,9300869266.0,12.0,8.395,18700000.0,0.08,1.0,148900000.0,0.178,441900000.0,39800000.0,14612800000.0,,314500000.0,442300000.0,0.0,442300000.0,8831200000.0,1821000000.0,7010200000.0,4759569266.0,-4500000.0,9500000.0,-1600000.0,-12700000.0,-39400000.0,-53400000.0,-161800000.0,0.0,210700000.0,0.0,63700000.0,63700000.0,63700000.0,-700000.0,0.0,0.076,85600000.0,63300000.0,279300000.0,0.626,1.373,12.424,12.45,8751800000.0,0.0,20.355,1.118,1.118,513700000.0,,835700000.0,835700000.0,0.0,,,,,0.0,0.0,1.0,233828016.0,233800000,235600000.0,3.574,11856400000.0,0.0,37400000.0,839700000.0,50.712,-520900000.0
49,WEC,MRQ,2009-03-31,2009-03-31,2009-03-31,2021-08-05,0.0,12411100000.0,,1532800000.0,10878300000.0,,14.712,-171400000.0,345700000.0,345700000.0,1131600000.0,141500000.0,0.899,2.608,4887000000.0,803600000.0,4083400000.0,4887000000.0,592200000.0,87600000.0,0.0,0.028,0.169,263600000.0,351200000.0,0.252,351200000.0,263600000.0,222800000.0,0.605,0.6,0.605,3439600000.0,,3439600000.0,9133305414.0,12.0,8.406,-151100000.0,-0.646,1.0,264600000.0,0.19,441900000.0,40800000.0,14804700000.0,,251300000.0,469500000.0,0.0,469500000.0,8971500000.0,1705800000.0,7265700000.0,4813505414.0,-15400000.0,-6200000.0,-2600000.0,148800000.0,-39500000.0,107300000.0,-143000000.0,0.0,20300000.0,0.0,141500000.0,141500000.0,141500000.0,0.0,0.0,0.101,85800000.0,178800000.0,303900000.0,0.279,1.399,12.754,12.746,8600400000.0,0.0,20.585,1.102,1.102,750700000.0,,1396200000.0,1396200000.0,0.0,,,,,0.0,0.0,1.0,233835580.0,233800000,236000000.0,5.972,11969200000.0,0.0,81300000.0,829400000.0,51.194,-173000000.0
50,WEC,MRQ,2008-12-31,2008-12-31,2008-12-31,2021-08-05,0.0,12617800000.0,,1707500000.0,10910300000.0,,14.272,-245000000.0,419000000.0,419000000.0,986200000.0,100400000.0,0.984,2.781,4738800000.0,664100000.0,4074700000.0,4738800000.0,545400000.0,79700000.0,0.0,0.026,0.135,199600000.0,279300000.0,0.238,279300000.0,199600000.0,159300000.0,0.43,0.425,0.43,3336900000.0,,3336900000.0,9000659452.0,12.0,8.511,-151700000.0,-0.649,1.0,188200000.0,0.16,441900000.0,40300000.0,14760600000.0,,344700000.0,490300000.0,0.0,490300000.0,9280900000.0,1735100000.0,7545800000.0,4908259452.0,9100000.0,-7400000.0,-1500000.0,176500000.0,-31600000.0,140400000.0,-224600000.0,0.0,93300000.0,0.0,100400000.0,100400000.0,100400000.0,-3100000.0,0.0,0.085,64600000.0,123600000.0,441000000.0,0.314,1.471,13.668,13.674,8502600000.0,0.0,20.99,1.115,1.115,710700000.0,,1174400000.0,1174400000.0,0.0,,,,,0.0,0.0,1.0,233837992.0,233800000,236400000.0,5.023,12175900000.0,0.0,58900000.0,855600000.0,52.078,-27600000.0
51,WEC,MRQ,2008-09-30,2008-09-30,2008-09-30,2021-08-05,0.0,11803700000.0,,1385800000.0,10417900000.0,,13.966,-246900000.0,474200000.0,474200000.0,786500000.0,77500000.0,0.613,2.615,4566600000.0,1295500000.0,3271100000.0,4566600000.0,495000000.0,85500000.0,0.0,0.024,0.135,160800000.0,246300000.0,0.289,246300000.0,160800000.0,122000000.0,0.33,0.325,0.33,3265300000.0,,3265300000.0,9102605351.0,13.0,8.63,-177600000.0,-0.76,1.0,65000000.0,0.076,441900000.0,38800000.0,13194600000.0,,359500000.0,518400000.0,0.0,518400000.0,8538400000.0,2259600000.0,6278800000.0,5249705351.0,-3300000.0,-3700000.0,-2600000.0,109900000.0,-31600000.0,74700000.0,-147300000.0,0.0,69300000.0,0.0,77500000.0,77500000.0,77500000.0,-900000.0,0.0,0.091,84000000.0,-19000000.0,330900000.0,0.409,1.608,14.872,14.868,8333700000.0,0.0,22.45,1.2,1.2,489200000.0,,851500000.0,851500000.0,0.0,,,,,0.0,0.0,1.0,233839882.0,233800000,236400000.0,3.642,11361800000.0,0.0,44500000.0,684500000.0,48.596,-873800000.0
52,WEC,MRQ,2008-06-30,2008-06-30,2008-06-30,2021-08-05,0.0,11725000000.0,,1522800000.0,10202200000.0,,13.763,-293800000.0,604100000.0,604100000.0,844100000.0,58000000.0,0.648,2.644,4457000000.0,1330400000.0,3126600000.0,4457000000.0,447600000.0,82000000.0,0.0,0.023,0.135,127700000.0,209700000.0,0.222,209700000.0,127700000.0,92300000.0,0.25,0.245,0.25,3217700000.0,,3217700000.0,9003782035.0,12.0,8.375,-63900000.0,-0.273,1.0,101300000.0,0.107,441900000.0,35400000.0,12786200000.0,,279000000.0,546200000.0,0.0,546200000.0,8507300000.0,2349800000.0,6157500000.0,5287482035.0,2400000.0,-9000000.0,-4500000.0,72700000.0,-31500000.0,36000000.0,-263500000.0,0.0,229900000.0,0.0,58000000.0,58000000.0,58000000.0,200000.0,0.0,0.061,80400000.0,20900000.0,343500000.0,0.54,1.643,14.753,14.73,8132100000.0,0.0,22.61,1.201,1.2,567500000.0,,945400000.0,945400000.0,0.0,,,,,0.0,0.0,1.0,233855906.0,233800000,236600000.0,4.044,11283100000.0,0.0,34300000.0,662700000.0,48.26,-827000000.0
53,WEC,MRQ,2008-03-31,2008-03-31,2008-03-31,2021-08-05,0.0,11678100000.0,,1657000000.0,10021100000.0,,13.651,-348200000.0,667500000.0,667500000.0,1294900000.0,123200000.0,0.629,2.659,4383800000.0,1409600000.0,2974200000.0,4383800000.0,397700000.0,82400000.0,0.0,0.023,0.135,239800000.0,322200000.0,0.225,322200000.0,239800000.0,200600000.0,0.525,0.52,0.525,3191500000.0,,3191500000.0,8810925164.0,12.0,8.129,-4400000.0,-0.019,1.0,136200000.0,0.095,441900000.0,39200000.0,12319500000.0,,235100000.0,579000000.0,0.0,579000000.0,8486600000.0,2633000000.0,5853600000.0,5143925164.0,-3200000.0,9100000.0,-2800000.0,-42300000.0,-31600000.0,-76100000.0,-270900000.0,0.0,343800000.0,0.0,123200000.0,123200000.0,123200000.0,-200000.0,0.0,0.086,77700000.0,58500000.0,422100000.0,0.257,1.612,14.373,14.376,7911700000.0,0.0,21.995,1.178,1.178,780800000.0,,1431100000.0,1431100000.0,0.0,,,,,0.0,0.0,1.0,233867932.0,233800000,236600000.0,6.121,11236200000.0,0.0,77400000.0,542900000.0,48.059,-976000000.0
54,WEC,MRQ,2007-12-31,2007-12-31,2007-12-31,2021-08-05,0.0,11720300000.0,,1849700000.0,9870600000.0,,13.256,-368000000.0,759000000.0,759000000.0,891000000.0,94300000.0,0.739,2.782,4426000000.0,1253500000.0,3172500000.0,4426000000.0,347700000.0,79500000.0,0.0,0.021,0.125,197100000.0,276600000.0,0.241,276600000.0,197100000.0,156700000.0,0.405,0.395,0.405,3099200000.0,,3099200000.0,8834197037.0,12.0,8.359,-468300000.0,-2.003,1.0,255000000.0,0.223,441900000.0,40400000.0,12442600000.0,,361300000.0,604700000.0,0.0,604700000.0,8621100000.0,2502800000.0,6118300000.0,5696297037.0,-472600000.0,5500000.0,-6600000.0,-181600000.0,-29200000.0,-215600000.0,-156700000.0,0.0,-100300000.0,0.0,94300000.0,94300000.0,94300000.0,-500000.0,0.0,0.082,28100000.0,226900000.0,478300000.0,0.309,1.838,16.973,16.972,7681200000.0,0.0,24.355,1.345,1.345,674000000.0,,1146000000.0,1146000000.0,0.0,,,,,0.0,0.0,1.0,233886144.0,233800000,237000000.0,4.902,11278400000.0,0.0,62400000.0,599500000.0,48.24,-653100000.0
55,WEC,MRQ,2007-09-30,2007-09-30,2007-09-30,2021-08-05,0.0,11762200000.0,,1478700000.0,10283500000.0,,12.979,-269700000.0,1469100000.0,1469100000.0,642800000.0,82900000.0,0.718,2.876,4607000000.0,1113600000.0,3493400000.0,4607000000.0,301500000.0,88000000.0,0.0,0.022,0.125,178600000.0,266600000.0,0.302,266600000.0,178600000.0,136100000.0,0.355,0.35,0.355,3034600000.0,,3034600000.0,9730683705.0,14.0,9.512,-92600000.0,-0.396,1.0,238700000.0,0.271,441900000.0,42500000.0,12398700000.0,,410300000.0,1240700000.0,0.0,1240700000.0,8727600000.0,2059500000.0,6668100000.0,5266183705.0,463300000.0,941600000.0,-400000.0,105400000.0,-29200000.0,75800000.0,210400000.0,552400000.0,177100000.0,0.0,82900000.0,82900000.0,82900000.0,200000.0,0.0,0.094,85600000.0,153100000.0,364500000.0,0.352,1.735,16.545,16.616,7281600000.0,0.0,22.515,1.259,1.258,468000000.0,,881500000.0,881500000.0,0.0,,,,,0.0,0.0,1.0,233896678.0,233800000,236400000.0,3.77,11320300000.0,0.0,53200000.0,242700000.0,48.419,-580800000.0
56,WEC,MRQ,2007-06-30,2007-06-30,2007-06-30,2021-08-05,0.0,11462400000.0,,1061800000.0,10400600000.0,,12.74,-282300000.0,36700000.0,36700000.0,720200000.0,57500000.0,0.697,2.848,4501200000.0,957100000.0,3544100000.0,4501200000.0,256700000.0,83300000.0,0.0,0.022,0.125,135200000.0,218500000.0,0.241,218500000.0,135200000.0,93200000.0,0.245,0.245,0.245,2978600000.0,,2978600000.0,9401310575.0,14.0,9.432,-189600000.0,-0.811,1.0,186300000.0,0.206,441900000.0,42000000.0,13962000000.0,,333700000.0,1206700000.0,0.0,1206700000.0,8483800000.0,1523000000.0,6960800000.0,5172710575.0,12600000.0,10900000.0,-7600000.0,254300000.0,-29300000.0,212400000.0,-292500000.0,0.0,92700000.0,0.0,57500000.0,57500000.0,57500000.0,200000.0,0.0,0.063,81200000.0,105100000.0,317100000.0,0.51,1.737,16.893,16.946,7486600000.0,0.0,22.115,1.249,1.248,525200000.0,,906500000.0,906500000.0,0.0,,,,,0.0,0.0,1.0,233900546.0,233800000,237000000.0,3.877,11020500000.0,0.0,35700000.0,555800000.0,47.136,-461200000.0
57,WEC,MRQ,2007-03-31,2007-03-31,2007-03-31,2021-08-05,0.0,11234000000.0,,1119300000.0,10114700000.0,,12.619,-290200000.0,24100000.0,24100000.0,1032500000.0,100900000.0,0.596,2.805,4252700000.0,1187200000.0,3065500000.0,4252700000.0,0.0,86900000.0,0.0,0.019,0.125,208200000.0,295100000.0,0.227,295100000.0,208200000.0,165500000.0,0.43,0.425,0.43,2952800000.0,,2952800000.0,9919510652.0,15.0,9.947,72700000.0,0.311,1.0,268600000.0,0.206,441900000.0,42700000.0,13143400000.0,,264900000.0,1174700000.0,0.0,1174700000.0,8281200000.0,1877300000.0,6403900000.0,5674510652.0,-12900000.0,5100000.0,-17100000.0,-29700000.0,-29200000.0,-71500000.0,-304300000.0,0.0,362900000.0,0.0,100900000.0,100900000.0,100900000.0,200000.0,0.0,0.078,84100000.0,184500000.0,339100000.0,0.291,1.922,18.211,18.241,7277800000.0,0.0,24.26,1.401,1.402,711000000.0,,1301100000.0,1301100000.0,0.0,,,,,0.0,0.0,1.0,233903984.0,234000000,237400000.0,5.56,10792100000.0,0.0,64600000.0,565600000.0,46.12,-758000000.0
58,WEC,MRQ,2006-12-31,2006-12-31,2006-12-31,2021-08-05,0.0,11130200000.0,,1244900000.0,9885300000.0,,12.346,-264700000.0,37000000.0,37000000.0,873600000.0,77000000.0,0.658,2.853,4282000000.0,1208600000.0,3073400000.0,4282000000.0,186200000.0,86600000.0,0.0,0.019,0.115,156200000.0,242800000.0,0.222,242800000.0,156200000.0,112800000.0,0.325,0.325,0.325,2889000000.0,,2889000000.0,9492917787.0,14.0,9.484,-243000000.0,-1.038,1.0,221600000.0,0.202,441900000.0,43400000.0,13040800000.0,,417200000.0,1164800000.0,0.0,1164800000.0,8241200000.0,1892500000.0,6348700000.0,5551817787.0,15800000.0,33400000.0,-11900000.0,322000000.0,-26900000.0,283300000.0,-289200000.0,0.0,21700000.0,0.0,77000000.0,77000000.0,77000000.0,600000.0,0.0,0.07,29900000.0,191700000.0,404500000.0,0.354,1.922,17.547,17.578,7052500000.0,0.0,23.73,1.389,1.389,637100000.0,,1095200000.0,1095200000.0,0.0,,,,,0.0,0.0,1.0,233957766.0,234000000,237400000.0,4.68,10688300000.0,0.0,35800000.0,624900000.0,45.676,-647600000.0
59,WEC,MRQ,2006-09-30,2006-09-30,2006-09-30,2021-08-05,0.0,10624200000.0,,976400000.0,9647800000.0,,12.114,-243100000.0,21200000.0,21200000.0,626600000.0,70800000.0,0.633,2.748,3962300000.0,927500000.0,3034800000.0,3962300000.0,0.0,84200000.0,0.0,0.021,0.115,156100000.0,240300000.0,0.286,240300000.0,156100000.0,114600000.0,0.305,0.3,0.305,2834600000.0,,2834600000.0,8835969013.0,13.0,8.569,-115400000.0,-0.493,1.0,213200000.0,0.254,441900000.0,41500000.0,12582100000.0,,427700000.0,1112200000.0,0.0,1112200000.0,7789600000.0,1541300000.0,6248300000.0,5046469013.0,3100000.0,12900000.0,-3800000.0,154000000.0,-26900000.0,124200000.0,-248800000.0,0.0,127700000.0,0.0,70800000.0,70800000.0,70800000.0,0.0,0.0,0.084,82000000.0,131200000.0,278600000.0,0.377,1.78,15.292,15.244,6833000000.0,0.0,21.57,1.25,1.251,419500000.0,,839800000.0,839800000.0,0.0,,,,,0.0,0.0,1.0,233957766.0,234000000,236800000.0,3.589,10182300000.0,0.0,43800000.0,579400000.0,43.514,-564900000.0
60,WEC,MRQ,2006-06-30,2006-06-30,2006-06-30,2021-08-05,0.0,10400400000.0,,988200000.0,9412200000.0,,11.95,-206400000.0,18100000.0,18100000.0,628500000.0,62900000.0,0.708,2.719,3807600000.0,782200000.0,3025400000.0,3807600000.0,0.0,81000000.0,0.0,0.022,0.115,138000000.0,219000000.0,0.269,219000000.0,138000000.0,95400000.0,0.27,0.265,0.27,2796400000.0,,2796400000.0,8530325232.0,12.0,8.285,34500000.0,0.147,1.0,185900000.0,0.228,441900000.0,42600000.0,12351400000.0,,342900000.0,1069000000.0,0.0,1069000000.0,7604000000.0,1396600000.0,6207400000.0,4714325232.0,-19000000.0,41500000.0,-1000000.0,-46100000.0,-26900000.0,-72600000.0,-187300000.0,0.0,240900000.0,0.0,62900000.0,62900000.0,62900000.0,-3200000.0,0.0,0.077,78800000.0,107100000.0,277700000.0,0.426,1.686,14.488,14.444,6677900000.0,0.0,20.15,1.18,1.181,485100000.0,,814400000.0,814400000.0,0.0,,,,,0.0,0.0,1.0,233961550.0,234000000,236800000.0,3.48,9958500000.0,0.0,32500000.0,569400000.0,42.558,-408400000.0
61,WEC,MRQ,2006-03-31,2006-03-31,2006-03-31,2021-08-05,0.0,10375400000.0,,1103900000.0,9271500000.0,,11.788,-214500000.0,37100000.0,37100000.0,972800000.0,105700000.0,0.771,2.761,3853100000.0,827800000.0,3025300000.0,3853100000.0,0.0,85000000.0,0.0,0.022,0.115,213800000.0,298800000.0,0.24,298800000.0,213800000.0,168600000.0,0.45,0.445,0.45,2758500000.0,,2758500000.0,8588161192.0,13.0,8.523,125200000.0,0.535,1.0,274200000.0,0.22,441900000.0,45200000.0,12317700000.0,,278400000.0,1112500000.0,0.0,1112500000.0,7616900000.0,1431800000.0,6185100000.0,4678061192.0,-36100000.0,0.0,-4500000.0,-130200000.0,-26900000.0,-161600000.0,-214200000.0,0.0,339700000.0,0.0,105700000.0,105700000.0,105700000.0,-1300000.0,0.0,0.085,82600000.0,191600000.0,271600000.0,0.256,1.696,14.416,14.385,6501900000.0,0.0,19.995,1.179,1.179,689400000.0,,1247000000.0,1247000000.0,0.0,,,,,0.0,0.0,1.0,233961550.0,234000000,237000000.0,5.329,9933500000.0,0.0,62900000.0,591600000.0,42.451,-327900000.0
62,WEC,MRQ,2005-12-31,2005-12-31,2005-12-31,2021-08-05,0.0,10462000000.0,,1377000000.0,9085000000.0,,11.453,-242000000.0,73200000.0,73200000.0,870600000.0,90600000.0,0.836,2.904,3983300000.0,952300000.0,3031000000.0,3983300000.0,0.0,88600000.0,0.0,0.023,0.11,184400000.0,273000000.0,0.241,273000000.0,184400000.0,139500000.0,0.39,0.385,0.39,2680100000.0,,2680100000.0,8228302585.0,13.0,8.385,-227000000.0,-0.97,1.0,264400000.0,0.233,441900000.0,44900000.0,12283400000.0,,451600000.0,1080000000.0,0.0,1080000000.0,7781900000.0,1646800000.0,6135100000.0,4569302585.0,43400000.0,61700000.0,-1900000.0,287000000.0,-25700000.0,256300000.0,-227900000.0,0.0,15000000.0,0.0,90600000.0,90600000.0,90600000.0,400000.0,0.0,0.08,57900000.0,206500000.0,418100000.0,0.282,1.705,14.802,14.795,6362900000.0,0.0,19.53,1.198,1.198,704700000.0,,1135000000.0,1135000000.0,0.0,,,,,0.0,0.0,1.0,233963266.0,234000000,236800000.0,4.85,10020100000.0,0.0,48900000.0,681000000.0,42.821,-269800000.0
63,WEC,MRQ,2005-09-30,2005-09-30,2005-09-30,2021-08-05,0.0,10000100000.0,,1165400000.0,8834700000.0,,11.185,-181300000.0,29800000.0,29800000.0,584300000.0,66200000.0,0.982,2.821,3688800000.0,556000000.0,3132800000.0,3688800000.0,0.0,88000000.0,0.0,0.022,0.11,150800000.0,238800000.0,0.3,238800000.0,150800000.0,106200000.0,0.285,0.28,0.285,2617200000.0,,2617200000.0,8238906789.0,13.0,8.386,-52300000.0,-0.224,1.0,213000000.0,0.267,441900000.0,44600000.0,12030500000.0,,504200000.0,1048100000.0,0.0,1048100000.0,7382900000.0,1186700000.0,6196200000.0,4669906789.0,9200000.0,6900000.0,-4000000.0,96000000.0,-25700000.0,66300000.0,-186100000.0,0.0,129000000.0,0.0,66200000.0,66200000.0,66200000.0,-400000.0,0.0,0.083,84600000.0,128400000.0,343900000.0,0.386,1.784,15.03,15.008,6190500000.0,0.0,19.96,1.288,1.288,431900000.0,,797300000.0,797300000.0,0.0,,,,,0.0,0.0,1.0,233963266.0,234000000,237200000.0,3.407,9558200000.0,0.0,40000000.0,608000000.0,40.847,-21300000.0
64,WEC,MRQ,2005-06-30,2005-06-30,2005-06-30,2021-08-05,0.0,9620700000.0,,1048400000.0,8572300000.0,,11.022,-153200000.0,20600000.0,20600000.0,619600000.0,62000000.0,0.898,2.73,3589600000.0,597200000.0,2992400000.0,3589600000.0,0.0,85300000.0,0.0,0.022,0.11,111700000.0,197000000.0,0.25,197000000.0,111700000.0,70200000.0,0.265,0.26,0.265,2579100000.0,,2579100000.0,8029338478.0,13.0,8.177,-94900000.0,-0.406,1.0,168900000.0,0.214,441900000.0,41500000.0,11579800000.0,,319200000.0,1021000000.0,0.0,1021000000.0,7041600000.0,1168000000.0,5873600000.0,4562438478.0,2100000.0,48000000.0,-11300000.0,103100000.0,-25800000.0,66000000.0,-122200000.0,0.0,58300000.0,0.0,62000000.0,62000000.0,62000000.0,-5200000.0,0.0,0.079,79000000.0,89900000.0,294400000.0,0.415,1.769,13.872,13.879,6053300000.0,0.0,19.5,1.296,1.296,511500000.0,,788500000.0,788500000.0,0.0,,,,,0.0,0.0,1.0,233971204.0,234000000,236600000.0,3.37,9178800000.0,13500000.0,8200000.0,546100000.0,39.226,-119600000.0
65,WEC,MRQ,2005-03-31,2005-03-31,2005-03-31,2021-08-05,0.0,9490000000.0,,1032400000.0,8457600000.0,,10.886,-168600000.0,18500000.0,18500000.0,846100000.0,89900000.0,1.277,2.726,3485400000.0,254900000.0,3230500000.0,3485400000.0,0.0,88100000.0,0.0,0.024,0.11,184400000.0,272500000.0,0.249,272500000.0,184400000.0,142000000.0,0.385,0.38,0.385,2547300000.0,,2547300000.0,7795888871.0,13.0,7.995,208100000.0,0.889,1.0,248600000.0,0.227,441900000.0,42400000.0,11706800000.0,,209500000.0,1007700000.0,0.0,1007700000.0,6942700000.0,808200000.0,6134500000.0,4152988871.0,-17100000.0,6700000.0,-10900000.0,-194200000.0,-25700000.0,-230800000.0,-163000000.0,0.0,376700000.0,0.0,89900000.0,89900000.0,89900000.0,100000.0,0.0,0.082,81800000.0,166800000.0,259100000.0,0.286,1.63,13.594,13.602,5974300000.0,0.0,17.75,1.205,1.205,653900000.0,,1094700000.0,1094700000.0,0.0,,,,,0.0,0.0,1.0,233971204.0,234000000,236600000.0,4.678,9048100000.0,15600000.0,52100000.0,571000000.0,38.667,224200000.0
66,WEC,MRQ,2004-12-31,2004-12-31,2004-12-31,2021-08-05,0.0,9565400000.0,,1220500000.0,8344900000.0,,10.67,-220800000.0,35600000.0,35600000.0,689900000.0,92600000.0,1.23,2.838,3678500000.0,439000000.0,3239500000.0,3678500000.0,0.0,88300000.0,0.0,0.025,0.105,185900000.0,274200000.0,0.29,274200000.0,185900000.0,143600000.0,0.395,0.39,0.395,2492400000.0,,2492400000.0,7347492407.0,12.0,7.458,-207400000.0,-0.888,1.0,256000000.0,0.271,441900000.0,42300000.0,11774000000.0,,403100000.0,1025100000.0,0.0,1025100000.0,7073000000.0,992400000.0,6080600000.0,3944992407.0,-12100000.0,-29100000.0,-4800000.0,229100000.0,-24600000.0,199200000.0,-224700000.0,0.0,13400000.0,0.0,92600000.0,92600000.0,92600000.0,-8100000.0,0.0,0.098,96500000.0,159500000.0,306100000.0,0.266,1.583,12.875,12.965,5866400000.0,0.0,16.855,1.158,1.165,590800000.0,,945900000.0,945900000.0,0.0,,,,,0.0,0.0,1.0,234054726.0,233600000,235800000.0,4.049,9123500000.0,0.0,51000000.0,603400000.0,39.056,228100000.0
67,WEC,MRQ,2004-09-30,2004-09-30,2004-09-30,2021-08-05,0.0,9012500000.0,,990500000.0,8022000000.0,,10.357,-160800000.0,47700000.0,47700000.0,508800000.0,84400000.0,1.015,2.706,3450200000.0,385000000.0,3065200000.0,3450200000.0,0.0,87900000.0,0.0,0.026,0.105,150300000.0,238200000.0,0.345,238200000.0,150300000.0,104200000.0,0.36,0.355,0.36,2431900000.0,,2431900000.0,7875140402.0,13.0,8.257,-69200000.0,-0.295,1.0,181600000.0,0.263,441900000.0,46100000.0,10996900000.0,,426800000.0,954600000.0,0.0,954600000.0,6580600000.0,976200000.0,5604400000.0,3751740402.0,26300000.0,886400000.0,-26100000.0,-697100000.0,-24700000.0,-747900000.0,682600000.0,0.0,91600000.0,0.0,84400000.0,84400000.0,84400000.0,-53000000.0,0.0,0.122,81100000.0,100500000.0,236000000.0,0.292,1.543,13.123,13.074,5802200000.0,0.0,15.95,1.138,1.136,390000000.0,,690400000.0,690400000.0,0.0,,,,,0.0,0.0,1.0,235218834.0,234800000,237400000.0,2.94,8570600000.0,0.0,19800000.0,448500000.0,36.502,14300000.0
68,WEC,MRQ,2004-06-30,2004-06-30,2004-06-30,2021-08-05,0.0,9928400000.0,,1890800000.0,8037600000.0,,10.164,-120500000.0,21400000.0,21400000.0,558400000.0,38600000.0,1.262,3.139,4144800000.0,777600000.0,3367200000.0,4144800000.0,0.0,88400000.0,0.0,0.025,0.105,101800000.0,190200000.0,0.266,190200000.0,101800000.0,51000000.0,0.165,0.16,0.165,2398700000.0,,2398700000.0,7941415777.0,14.0,8.769,-18200000.0,-0.077,1.0,156600000.0,0.219,441900000.0,50800000.0,12112100000.0,,312800000.0,947400000.0,0.0,947400000.0,7529700000.0,1497800000.0,6031900000.0,3855715777.0,3600000.0,12700000.0,-32200000.0,39200000.0,-24800000.0,-17800000.0,-80900000.0,0.0,102300000.0,0.0,38600000.0,38600000.0,38600000.0,-17100000.0,0.0,0.054,82200000.0,74400000.0,227900000.0,0.636,1.607,16.591,16.47,5887800000.0,0.0,16.305,1.168,1.165,440400000.0,,715000000.0,715000000.0,0.0,,,,,0.0,0.0,1.0,236474442.0,236000000,239000000.0,3.03,9486500000.0,0.0,12400000.0,615300000.0,40.197,393000000.0
69,WEC,MRQ,2004-03-31,2004-03-31,2004-03-31,2021-08-05,0.0,9951900000.0,,1956700000.0,7995200000.0,,10.178,-134400000.0,17800000.0,17800000.0,806300000.0,90800000.0,1.269,3.125,4103500000.0,745600000.0,3357900000.0,4103500000.0,0.0,88000000.0,0.0,0.025,0.1,195200000.0,283200000.0,0.266,283200000.0,195200000.0,141000000.0,0.385,0.38,0.385,2412300000.0,,2412300000.0,8108996365.0,14.0,8.748,257300000.0,1.086,1.0,258700000.0,0.243,441900000.0,54200000.0,12054200000.0,,227100000.0,945100000.0,0.0,945100000.0,7539600000.0,1541500000.0,5998100000.0,3811096365.0,-10300000.0,3200000.0,-18700000.0,-225400000.0,-23700000.0,-267800000.0,-134200000.0,0.0,391700000.0,0.0,90800000.0,90800000.0,90800000.0,-7400000.0,0.0,0.085,75600000.0,183100000.0,214400000.0,0.26,1.58,15.677,15.531,5843200000.0,0.0,16.075,1.156,1.156,591100000.0,,1065000000.0,1065000000.0,0.0,,,,,0.0,0.0,1.0,237082200.0,237000000,240400000.0,4.494,9510000000.0,0.0,50200000.0,603700000.0,40.127,415200000.0
70,WEC,MRQ,2003-12-31,2003-12-31,2003-12-31,2021-08-05,0.0,10014500000.0,,2065800000.0,7948700000.0,,9.573,-153300000.0,28100000.0,28100000.0,605500000.0,72100000.0,1.411,3.246,4327500000.0,757000000.0,3570500000.0,4327500000.0,0.0,81100000.0,0.0,0.024,0.1,161100000.0,242200000.0,0.293,242200000.0,161100000.0,107600000.0,0.31,0.3,0.31,2358700000.0,,2358700000.0,8176291908.0,14.0,8.889,-97800000.0,-0.397,1.0,221200000.0,0.268,441900000.0,53500000.0,12408300000.0,,385600000.0,951300000.0,0.0,951300000.0,7655800000.0,1463700000.0,6192100000.0,3935891909.0,8000000.0,44000000.0,20100000.0,73000000.0,-23700000.0,68200000.0,-115700000.0,0.0,55500000.0,0.0,72100000.0,72100000.0,72100000.0,-9600000.0,0.0,0.087,69700000.0,151500000.0,248700000.0,0.323,1.669,16.111,16.005,5800300000.0,0.0,16.725,1.199,1.207,545900000.0,,826700000.0,826700000.0,0.0,,,,,0.0,0.0,1.0,235329860.0,246400000,229400000.0,3.355,9572600000.0,56500000.0,35500000.0,659800000.0,38.85,602100000.0
71,WEC,MRQ,2003-09-30,2003-09-30,2003-09-30,2021-08-05,0.0,9326200000.0,,1295500000.0,8030700000.0,,9.717,-187900000.0,31300000.0,31300000.0,494900000.0,30900000.0,0.872,3.088,4271700000.0,849500000.0,3422200000.0,4271700000.0,0.0,91900000.0,0.0,0.026,0.1,98100000.0,190000000.0,0.273,190000000.0,98100000.0,44000000.0,0.13,0.13,0.13,2281600000.0,,2281600000.0,7560171078.0,14.0,8.441,-77300000.0,-0.329,1.0,200900000.0,0.289,835200000.0,54100000.0,11245700000.0,,542600000.0,922600000.0,0.0,922600000.0,7044600000.0,1485700000.0,5558900000.0,3581071078.0,-3900000.0,1000000.0,13500000.0,56100000.0,-23400000.0,44700000.0,-159200000.0,0.0,110600000.0,0.0,30900000.0,30900000.0,30900000.0,-9600000.0,0.0,0.044,112400000.0,88500000.0,306300000.0,0.769,1.57,14.563,14.488,5262800000.0,0.0,15.285,1.288,1.291,552500000.0,,695800000.0,695800000.0,0.0,,,,,0.0,0.0,1.0,234286626.0,234800000,237600000.0,2.963,8491000000.0,0.0,13100000.0,590200000.0,36.163,-190200000.0
72,WEC,MRQ,2003-06-30,2003-06-30,2003-06-30,2021-08-05,0.0,9223500000.0,,1271900000.0,7951600000.0,,9.687,-169900000.0,38200000.0,38200000.0,532900000.0,49300000.0,0.982,3.079,4017300000.0,646800000.0,3370500000.0,4017300000.0,0.0,91400000.0,0.0,0.028,0.1,120200000.0,211600000.0,0.299,211600000.0,120200000.0,65100000.0,0.21,0.21,0.21,2261000000.0,,2261000000.0,7270366730.0,12.0,7.739,-79000000.0,-0.338,1.0,175300000.0,0.248,835200000.0,55100000.0,11072800000.0,,449600000.0,914100000.0,0.0,914100000.0,6962500000.0,1294600000.0,5667900000.0,3371666730.0,5200000.0,10400000.0,18100000.0,83700000.0,-23400000.0,61400000.0,-147100000.0,0.0,90900000.0,0.0,49300000.0,49300000.0,49300000.0,-14300000.0,0.0,0.07,82700000.0,92600000.0,317000000.0,0.476,1.491,12.623,12.609,5155200000.0,0.0,14.5,1.142,1.146,624000000.0,,708200000.0,708200000.0,0.0,,,,,0.0,0.0,1.0,232528740.0,233400000,235800000.0,3.034,8388300000.0,0.0,15800000.0,571200000.0,35.94,-22700000.0
73,WEC,MRQ,2003-03-31,2003-03-31,2003-03-31,2021-08-05,0.0,9148400000.0,,1366700000.0,7781700000.0,,9.531,-136900000.0,30500000.0,30500000.0,798600000.0,92000000.0,0.934,3.13,3929200000.0,708700000.0,3220500000.0,3929200000.0,0.0,86600000.0,0.0,0.031,0.1,189400000.0,276000000.0,0.263,276000000.0,189400000.0,138300000.0,0.395,0.395,0.395,2214900000.0,,2214900000.0,6930283280.0,12.0,7.649,135000000.0,0.581,1.0,252800000.0,0.24,833200000.0,51100000.0,10751400000.0,,373500000.0,848200000.0,0.0,848200000.0,6933500000.0,1462500000.0,5471000000.0,2949983280.0,-16200000.0,-1800000.0,4400000.0,-92100000.0,-23200000.0,-114900000.0,-173200000.0,0.0,271900000.0,0.0,92000000.0,92000000.0,92000000.0,-9500000.0,0.0,0.088,80600000.0,172200000.0,355400000.0,0.253,1.332,13.217,11.189,5035200000.0,0.0,12.7,0.947,0.947,808500000.0,,1051400000.0,1051400000.0,0.0,,,,,0.0,0.0,1.0,232282148.0,232400000,233800000.0,4.524,8315200000.0,0.0,46300000.0,573400000.0,35.78,-95800000.0
74,WEC,MRQ,2002-12-31,2002-12-31,2002-12-31,2021-08-05,0.0,9477600000.0,,1339700000.0,8137900000.0,,9.222,-148300000.0,43600000.0,43600000.0,127500000.0,73700000.0,0.824,3.43,4023900000.0,993400000.0,3030500000.0,4023900000.0,0.0,67400000.0,0.0,0.032,0.1,150700000.0,218100000.0,0.673,218100000.0,150700000.0,97000000.0,0.32,0.32,0.32,2139400000.0,,2139400000.0,6995443456.0,15.0,8.559,-129100000.0,-0.556,1.0,196800000.0,0.607,833100000.0,53700000.0,10998900000.0,,455100000.0,856600000.0,0.0,856600000.0,7338200000.0,1625900000.0,5712300000.0,2912443456.0,6600000.0,-102600000.0,10300000.0,-30700000.0,-23200000.0,-43600000.0,31000000.0,0.0,19200000.0,0.0,73700000.0,73700000.0,73700000.0,-35300000.0,0.0,0.227,36300000.0,160500000.0,317600000.0,0.312,1.361,17.44,17.379,5514400000.0,0.0,12.6,0.955,0.953,688300000.0,,324300000.0,324300000.0,0.0,,,,,0.0,0.0,1.0,231146306.0,232000000,233200000.0,1.398,8644500000.0,59100000.0,23300000.0,702600000.0,37.261,-286200000.0
75,WEC,MRQ,2002-09-30,2002-09-30,2002-09-30,2021-08-05,0.0,8262500000.0,,1521400000.0,6741100000.0,,8.974,-137500000.0,36500000.0,36500000.0,651400000.0,52100000.0,0.879,2.993,4119500000.0,1082300000.0,3037200000.0,4119500000.0,0.0,91400000.0,0.0,0.033,0.1,142300000.0,233700000.0,0.269,233700000.0,142300000.0,84800000.0,0.225,0.225,0.225,2069500000.0,,2069500000.0,6893616359.0,17.0,8.905,59100000.0,0.256,1.0,218400000.0,0.251,832200000.0,57500000.0,9781600000.0,,439600000.0,848100000.0,0.0,848100000.0,6193000000.0,1731700000.0,4461300000.0,2797516359.0,-12000000.0,-5300000.0,4800000.0,-26900000.0,-23000000.0,-45100000.0,-163500000.0,0.0,196600000.0,0.0,52100000.0,52100000.0,52100000.0,0.0,0.0,0.06,81400000.0,137000000.0,276000000.0,0.444,1.352,30.912,21.696,4304900000.0,0.0,12.15,0.775,0.776,543500000.0,,869800000.0,869800000.0,0.0,,,,,0.0,0.0,1.0,230248260.0,230600000,232200000.0,3.772,7430300000.0,0.0,32700000.0,533400000.0,32.222,-210300000.0
76,WEC,MRQ,2002-06-30,2002-06-30,2002-06-30,2021-08-05,0.0,8239000000.0,,1590300000.0,6648700000.0,,8.827,-142800000.0,48500000.0,48500000.0,679600000.0,5400000.0,0.902,3.047,4144600000.0,1126500000.0,3018100000.0,4144600000.0,0.0,89600000.0,0.0,0.032,0.1,88600000.0,178200000.0,0.205,178200000.0,88600000.0,31200000.0,0.195,0.195,0.195,2035600000.0,,2035600000.0,6943568635.0,17.0,8.957,-44000000.0,-0.191,1.0,191300000.0,0.22,832300000.0,57400000.0,9740000000.0,,398800000.0,846000000.0,0.0,846000000.0,6203400000.0,1762800000.0,4440600000.0,2913168635.0,16000000.0,14100000.0,-2600000.0,80300000.0,-23100000.0,54100000.0,-136900000.0,0.0,98800000.0,0.0,5400000.0,5400000.0,5400000.0,0.0,0.0,0.006,79000000.0,112300000.0,279700000.0,0.513,1.431,33.756,23.398,4241400000.0,0.0,12.635,0.817,0.817,600100000.0,,870900000.0,870900000.0,0.0,,,,,0.0,0.0,1.0,230563406.0,230600000,232800000.0,3.777,7406700000.0,0.0,25800000.0,534000000.0,32.119,-172500000.0
77,WEC,MRQ,2002-03-31,2002-03-31,2002-03-31,2021-08-05,0.0,8149500000.0,,1548000000.0,6601500000.0,,8.751,-113200000.0,32500000.0,32500000.0,732100000.0,-4200000.0,0.887,3.046,4062900000.0,1056100000.0,3006800000.0,4062900000.0,0.0,89500000.0,0.0,0.032,0.1,57800000.0,147300000.0,0.149,147300000.0,57800000.0,-700000.0,-0.02,-0.02,-0.02,2014400000.0,,2014400000.0,7080253705.0,15.0,8.483,233100000.0,1.013,1.0,253900000.0,0.258,832000000.0,58500000.0,9602600000.0,,351800000.0,873800000.0,0.0,873800000.0,6135100000.0,1745300000.0,4389800000.0,2855253705.0,-14500000.0,22500000.0,-12200000.0,-212900000.0,-23100000.0,-247700000.0,-113100000.0,0.0,346300000.0,0.0,-4200000.0,-4200000.0,-4200000.0,0.0,0.0,-0.004,196100000.0,57800000.0,255000000.0,-5.0,1.417,22.482,23.037,4179900000.0,0.0,12.44,0.803,0.805,692400000.0,,986000000.0,986000000.0,0.0,,,,,0.0,0.0,1.0,229522002.0,230200000,232000000.0,4.283,7317500000.0,0.0,3500000.0,493500000.0,31.788,-197300000.0
78,WEC,MRQ,2001-12-31,2001-12-31,2001-12-31,2021-08-05,0.0,8328700000.0,,1714900000.0,6613800000.0,,8.87,-243800000.0,47000000.0,47000000.0,635100000.0,37200000.0,1.067,3.051,4272000000.0,1034700000.0,3237300000.0,4272000000.0,0.0,88900000.0,0.0,0.035,0.1,126000000.0,214900000.0,0.243,214900000.0,126000000.0,69300000.0,0.16,0.115,0.16,2056100000.0,,2056100000.0,6677878882.0,11.0,6.732,-107000000.0,-0.462,1.0,249100000.0,0.282,832100000.0,56700000.0,10114500000.0,,431000000.0,891000000.0,0.0,891000000.0,6272600000.0,1607100000.0,4665500000.0,2627878882.0,-25200000.0,24900000.0,-26400000.0,160000000.0,-23200000.0,98600000.0,-260600000.0,0.0,136800000.0,0.0,37200000.0,37200000.0,37200000.0,0.0,0.0,0.042,82200000.0,166900000.0,309800000.0,0.625,1.278,11.999,12.064,4188000000.0,0.0,11.28,0.669,0.672,729200000.0,,884200000.0,884200000.0,0.0,,,,,0.0,0.0,1.0,232967986.0,231800000,233400000.0,3.814,7496600000.0,8700000.0,32100000.0,656100000.0,32.341,107800000.0
79,WEC,MRQ,2001-09-30,2001-09-30,2001-09-30,2021-08-05,0.0,8139600000.0,,1627500000.0,6512100000.0,,8.822,-172600000.0,72200000.0,72200000.0,588800000.0,47900000.0,1.364,2.946,4122200000.0,627100000.0,3495100000.0,4122200000.0,0.0,94100000.0,0.0,0.036,0.1,140700000.0,234800000.0,0.285,234800000.0,140700000.0,81900000.0,0.205,0.205,0.205,2062600000.0,,2062600000.0,6640691302.0,11.0,6.507,-4400000.0,-0.019,1.0,236100000.0,0.286,837300000.0,58800000.0,10159100000.0,,422600000.0,879100000.0,0.0,879100000.0,6077000000.0,1193200000.0,4883800000.0,2626991302.0,2200000.0,5700000.0,-19200000.0,36700000.0,-23500000.0,-6000000.0,-160000000.0,0.0,168200000.0,0.0,47900000.0,47900000.0,47900000.0,0.0,0.0,0.058,85600000.0,150500000.0,233900000.0,0.488,1.274,12.468,12.64,4076800000.0,0.0,11.25,0.629,0.63,626200000.0,,824900000.0,824900000.0,0.0,,,,,0.0,0.0,1.0,233510338.0,233800000,235600000.0,3.528,7302300000.0,0.0,34000000.0,531400000.0,31.233,434300000.0
80,WEC,MRQ,2001-06-30,2001-06-30,2001-06-30,2021-08-05,0.0,8139200000.0,,1614000000.0,6525200000.0,,8.75,-131200000.0,70000000.0,70000000.0,671700000.0,46100000.0,1.302,2.955,4083700000.0,695600000.0,3388100000.0,4083700000.0,0.0,96800000.0,0.0,0.042,0.1,140800000.0,237600000.0,0.276,237600000.0,140800000.0,76700000.0,0.195,0.195,0.195,2058000000.0,,2058000000.0,6991002910.0,11.0,6.76,20200000.0,0.086,1.0,190500000.0,0.221,815900000.0,64100000.0,10097000000.0,,338000000.0,920800000.0,0.0,920800000.0,6081200000.0,1240000000.0,4841200000.0,2800002910.0,10900000.0,214500000.0,-11400000.0,-167300000.0,-23500000.0,-202200000.0,61700000.0,0.0,151400000.0,0.0,46100000.0,46100000.0,46100000.0,0.0,0.0,0.053,86800000.0,103700000.0,271900000.0,0.513,1.361,13.5,13.661,3955100000.0,0.0,11.885,0.667,0.666,594100000.0,,862200000.0,862200000.0,0.0,,,,,0.0,0.0,1.0,235591326.0,235200000,237000000.0,3.666,7323300000.0,0.0,30600000.0,577400000.0,31.136,374000000.0
81,WEC,MRQ,2001-03-31,2001-03-31,2001-03-31,2021-08-05,0.0,8413900000.0,,1779800000.0,6634100000.0,,8.662,-124900000.0,59100000.0,59100000.0,1085900000.0,87800000.0,1.198,3.119,4250100000.0,842000000.0,3408100000.0,4250100000.0,0.0,97700000.0,0.0,0.055,0.1,206900000.0,304600000.0,0.224,304600000.0,206900000.0,141500000.0,0.37,0.37,0.37,2042600000.0,,2042600000.0,6680926246.0,11.0,6.69,-10700000.0,-0.045,1.0,271300000.0,0.2,821100000.0,65400000.0,10297900000.0,,283400000.0,1041500000.0,0.0,1041500000.0,6371300000.0,1485900000.0,4885400000.0,2547226246.0,18600000.0,13600000.0,-25000000.0,73200000.0,-23600000.0,24600000.0,-120200000.0,0.0,114200000.0,0.0,87800000.0,87800000.0,87800000.0,0.0,0.0,0.065,74900000.0,196400000.0,321600000.0,0.27,1.247,13.308,13.488,3933000000.0,0.0,10.79,0.623,0.622,819700000.0,,1357200000.0,1357200000.0,0.0,,,,,0.0,0.0,1.0,236072868.0,235800000,237400000.0,5.756,7592800000.0,0.0,53700000.0,582300000.0,32.2,293900000.0
82,WEC,MRQ,2000-12-31,2000-12-31,2000-12-31,2021-08-05,0.0,8406100000.0,,1863600000.0,6542500000.0,,8.382,-149000000.0,40500000.0,40500000.0,947100000.0,28900000.0,0.844,3.168,4174200000.0,1441500000.0,2732700000.0,4174200000.0,0.0,106700000.0,0.0,0.061,0.1,136800000.0,243500000.0,0.216,243500000.0,136800000.0,68600000.0,0.12,0.12,0.12,2016800000.0,,2016800000.0,7042253359.0,13.0,7.856,-105000000.0,-0.436,1.0,181800000.0,0.161,826900000.0,68200000.0,9504200000.0,,381700000.0,779300000.0,0.0,779300000.0,6389300000.0,2208700000.0,4180600000.0,2729653359.0,-5800000.0,374200000.0,-61500000.0,-187200000.0,-24200000.0,-272900000.0,223100000.0,0.0,44000000.0,0.0,28900000.0,28900000.0,28900000.0,0.0,0.0,0.026,123700000.0,58100000.0,427000000.0,0.833,1.353,17.702,17.625,4152400000.0,0.0,11.28,0.812,0.809,802400000.0,,1128900000.0,1128900000.0,0.0,,,,,0.0,0.0,1.0,241990546.0,240600000,241800000.0,4.692,7579200000.0,73400000.0,39700000.0,722700000.0,31.501,-345100000.0
83,WEC,MRQ,2000-09-30,2000-09-30,2000-09-30,2021-08-05,0.0,8607000000.0,,1599200000.0,7007800000.0,,8.518,-159000000.0,46300000.0,46300000.0,628100000.0,44600000.0,0.596,3.145,4358900000.0,2068300000.0,2290600000.0,4358900000.0,0.0,99700000.0,0.0,0.078,0.195,148800000.0,248500000.0,0.292,248500000.0,148800000.0,77600000.0,0.185,0.18,0.185,2076600000.0,,2076600000.0,6580726218.0,14.0,7.942,-42500000.0,-0.174,1.0,222700000.0,0.262,909500000.0,71200000.0,9325400000.0,,425900000.0,838300000.0,0.0,838300000.0,6530400000.0,2684700000.0,3845700000.0,2432626218.0,18900000.0,-25100000.0,-400000.0,184700000.0,-47600000.0,136700000.0,-234300000.0,0.0,116500000.0,0.0,44600000.0,44600000.0,44600000.0,0.0,0.0,0.052,73900000.0,148800000.0,292700000.0,1.054,1.171,14.924,14.676,4325900000.0,0.0,9.98,0.863,0.863,621600000.0,,850800000.0,850800000.0,0.0,,,,,0.0,0.0,1.0,243750122.0,243800000,245600000.0,3.49,7697500000.0,226400000.0,33000000.0,753100000.0,31.573,-1085500000.0
84,WEC,MRQ,2000-06-30,2000-06-30,2000-06-30,2021-08-05,0.0,8411000000.0,,1284900000.0,7126100000.0,,8.609,-168000000.0,27400000.0,27400000.0,569600000.0,30100000.0,0.517,3.044,4175500000.0,1884000000.0,2291500000.0,4175500000.0,0.0,90100000.0,0.0,0.079,0.195,112000000.0,202100000.0,0.268,202100000.0,112000000.0,51100000.0,0.125,0.125,0.125,2080000000.0,,2080000000.0,4936529414.0,10.0,6.104,-128900000.0,-0.534,1.0,185400000.0,0.246,891600000.0,60900000.0,9182400000.0,,363900000.0,846300000.0,0.0,846300000.0,6331000000.0,2485100000.0,3845900000.0,2386146414.0,2600000.0,-1182000000.0,27300000.0,1343000000.0,-47000000.0,1323300000.0,-1359800000.0,0.0,39100000.0,0.0,30100000.0,30100000.0,30100000.0,0.0,0.0,0.04,73400000.0,112000000.0,305000000.0,1.56,1.147,12.74,12.538,4456900000.0,0.0,9.905,0.932,0.935,601300000.0,1157900000.0,755000000.0,755000000.0,0.0,,,,,0.0,0.0,1.0,240903222.0,241600000,243400000.0,3.125,7519400000.0,223600000.0,21000000.0,750100000.0,31.123,-1200200000.0
85,WEC,MRQ,2000-03-31,2000-03-31,2000-03-31,2021-08-05,0.0,6198016000.0,,686449000.0,5511567000.0,,8.515,-135000000.0,24746000.0,24746000.0,436700000.0,50600000.0,0.826,2.046,2575129000.0,439624000.0,2135505000.0,2575129000.0,0.0,76300000.0,0.0,0.078,0.195,126000000.0,202300000.0,0.322,202300000.0,126000000.0,82800000.0,0.21,0.21,0.21,2034985000.0,,2034985000.0,5231181422.0,11.0,6.78,126400000.0,0.529,1.0,191300000.0,0.305,0.0,43200000.0,7917189000.0,,196051000.0,969921000.0,0.0,969921000.0,4163031000.0,831210000.0,3331821000.0,2393437422.0,-48700000.0,6600000.0,23100000.0,-137200000.0,-46500000.0,-160600000.0,-149500000.0,0.0,261400000.0,0.0,50600000.0,50600000.0,50600000.0,0.0,0.0,0.081,65300000.0,126000000.0,191196000.0,0.929,1.176,11.613,11.394,3889712000.0,0.0,9.97,1.021,1.017,366165000.0,1174830000.0,628000000.0,628000000.0,0.0,,,,,0.0,0.0,1.0,240063934.0,239000000,239000000.0,2.628,6198016000.0,199832000.0,32200000.0,624325000.0,25.933,-144761000.0
86,WEC,MRQ,1999-12-31,1999-12-31,1999-12-31,2021-08-05,0.0,6061800000.0,,832500000.0,5229300000.0,,8.493,-135700000.0,73500000.0,73500000.0,399000000.0,37700000.0,0.938,2.019,2711200000.0,576600000.0,2134600000.0,2711200000.0,0.0,78200000.0,0.0,0.081,0.195,97500000.0,175700000.0,0.3,175700000.0,97500000.0,56700000.0,0.16,0.16,0.16,2007800000.0,,2007800000.0,4683245374.0,10.0,6.229,-230500000.0,-0.975,1.0,186600000.0,0.319,57800000.0,40800000.0,7754000000.0,,231600000.0,950300000.0,0.0,950300000.0,4054000000.0,887700000.0,3166300000.0,2269160374.0,33400000.0,11500000.0,25100000.0,255700000.0,-46000000.0,236200000.0,-108000000.0,0.0,-94800000.0,0.0,37700000.0,37700000.0,37700000.0,0.0,0.0,0.064,65200000.0,121400000.0,174000000.0,1.219,1.13,10.857,10.754,3846600000.0,0.0,9.625,0.998,0.991,376900000.0,1170800000.0,585600000.0,585600000.0,0.0,,,,,0.0,0.0,1.0,235756922.0,236400000,236400000.0,2.477,6004000000.0,37300000.0,19000000.0,575600000.0,25.398,-55200000.0
87,WEC,MRQ,1999-09-30,1999-09-30,1999-09-30,2021-08-05,0.0,5932290000.0,,639747000.0,5292543000.0,,8.486,-145100000.0,40131000.0,40131000.0,384700000.0,68900000.0,0.807,1.98,2454216000.0,465169000.0,1989047000.0,2454216000.0,0.0,83700000.0,0.0,0.067,0.195,144900000.0,228600000.0,0.387,228600000.0,144900000.0,107000000.0,0.295,0.295,0.295,1990802000.0,,1990802000.0,5094416531.0,11.0,6.679,35000000.0,0.149,1.0,206600000.0,0.349,0.0,37900000.0,7553644000.0,,234588000.0,897760000.0,0.0,897760000.0,3941488000.0,792731000.0,3148757000.0,2746575531.0,4700000.0,0.0,17200000.0,69800000.0,-45700000.0,39900000.0,-215300000.0,0.0,180100000.0,0.0,68900000.0,68900000.0,68900000.0,0.0,0.0,0.117,64100000.0,142500000.0,155602000.0,0.661,1.38,12.298,12.145,3858948000.0,0.0,11.72,1.24,1.241,291824000.0,1179049000.0,591300000.0,591300000.0,0.0,,,,,0.0,0.0,1.0,234349448.0,234600000,234600000.0,2.52,5932290000.0,209474000.0,38100000.0,586219000.0,25.287,-152984000.0
88,WEC,MRQ,1999-06-30,1999-06-30,1999-06-30,2021-08-05,0.0,5816577000.0,,631091000.0,5185486000.0,,8.37,-131333000.0,35369000.0,35369000.0,353400000.0,48900000.0,0.878,1.98,2383210000.0,403842000.0,1979368000.0,2383210000.0,0.0,54544000.0,0.0,0.062,0.195,110400000.0,164944000.0,0.306,164944000.0,110400000.0,74400000.0,0.21,0.21,0.21,1951907000.0,,1951907000.0,4855657526.0,11.0,6.76,-62429000.0,-0.268,1.0,185600000.0,0.344,0.0,36000000.0,7445872000.0,,209852000.0,864800000.0,0.0,864800000.0,3864670000.0,718546000.0,3146124000.0,2918644526.0,-83479000.0,-276800000.0,18089000.0,323058000.0,-45431000.0,289416000.0,-441799000.0,0.0,68904000.0,0.0,48900000.0,48900000.0,48900000.0,0.0,0.0,0.091,77500000.0,108100000.0,162182000.0,0.929,1.495,13.728,13.62,3798985000.0,0.0,12.53,1.361,1.363,305882000.0,1155903000.0,539000000.0,539000000.0,0.0,,,,,0.0,0.0,1.0,232932524.0,233200000,233200000.0,2.311,5816577000.0,206010000.0,25500000.0,582080000.0,24.942,-87455000.0
89,WEC,MRQ,1999-03-31,1999-03-31,1999-03-31,2021-08-05,0.0,5494438000.0,,673400000.0,4821038000.0,,8.326,-105967000.0,118882000.0,118882000.0,371721000.0,53511000.0,1.07,1.846,2055895000.0,289516000.0,1766379000.0,2055895000.0,0.0,66956000.0,0.0,0.06,0.195,115466000.0,182422000.0,0.328,182422000.0,115466000.0,81900000.0,0.23,0.23,0.23,1930301000.0,,1930301000.0,5167677842.0,12.0,7.525,46729000.0,0.202,1.0,184996000.0,0.332,0.0,33566000.0,6802027000.0,,172405000.0,0.0,0.0,0.0,3564137000.0,629424000.0,2934713000.0,3029257842.0,102279000.0,0.0,18711000.0,-100258000.0,-45169000.0,73284000.0,-123701000.0,0.0,152696000.0,0.0,53511000.0,53511000.0,53511000.0,0.0,0.0,0.096,84680000.0,100316000.0,139896000.0,0.848,1.569,15.731,15.605,3232691000.0,0.0,13.03,1.456,1.452,304719000.0,1152434000.0,556717000.0,556717000.0,0.0,,,,,0.0,0.0,1.0,232483334.0,231852000,231852000.0,2.401,5494438000.0,202594000.0,28389000.0,575889000.0,23.698,43976000.0
90,WEC,MRQ,1998-12-31,1998-12-31,1998-12-31,2021-08-05,0.0,5361757000.0,,608119000.0,4753638000.0,,8.25,-118725000.0,16603000.0,16603000.0,414448000.0,52022000.0,0.827,1.817,2155023000.0,405999000.0,1749024000.0,2155023000.0,0.0,81295000.0,0.0,0.049,0.195,105444000.0,186739000.0,0.353,186739000.0,105444000.0,72501000.0,0.23,0.23,0.23,1903105000.0,,1903105000.0,5621310181.0,14.0,8.359,-68236000.0,-0.296,1.0,114050000.0,0.216,0.0,32943000.0,6764997000.0,,199052000.0,795676000.0,0.0,795676000.0,3458652000.0,735180000.0,2723472000.0,3624281181.0,-5744000.0,0.0,10239000.0,135549000.0,-44971000.0,102242000.0,-158475000.0,0.0,50489000.0,0.0,52022000.0,52022000.0,52022000.0,0.0,0.0,0.098,1484000.0,112566000.0,187452000.0,0.848,1.904,19.268,19.055,3499180000.0,0.0,15.72,1.777,1.762,320621000.0,1144092000.0,528498000.0,528498000.0,0.0,,,,,0.0,0.0,1.0,230552238.0,230688000,230688000.0,2.291,5361757000.0,199372000.0,20479000.0,693143000.0,23.242,-127061000.0
91,WEC,MRQ,1998-09-30,1998-09-30,1998-09-30,2021-08-05,0.0,5181013000.0,,544603000.0,4636410000.0,,8.179,-109572000.0,22351000.0,22351000.0,324263000.0,58176000.0,0.869,1.748,2019380000.0,323934000.0,1695446000.0,2019380000.0,0.0,61084000.0,0.0,0.049,0.195,123111000.0,184195000.0,0.354,184195000.0,123111000.0,90572000.0,0.25,0.25,0.25,1885719000.0,,1885719000.0,5598129316.0,16.0,9.486,36653000.0,0.159,1.0,195386000.0,0.376,0.0,32539000.0,6551148000.0,,194891000.0,0.0,0.0,0.0,3295294000.0,626894000.0,2668400000.0,3638114316.0,8249000.0,0.0,0.0,44411000.0,-44958000.0,-1972000.0,-136004000.0,0.0,146225000.0,0.0,58176000.0,58176000.0,58176000.0,0.0,0.0,0.112,77619000.0,117767000.0,134274000.0,0.78,1.929,26.29,26.3,3263882000.0,0.0,15.78,1.82,1.82,265701000.0,1135581000.0,519649000.0,519649000.0,0.0,,,,,0.0,0.0,1.0,230552238.0,230552000,230552000.0,2.254,5181013000.0,184131000.0,32396000.0,554549000.0,22.472,-82291000.0
92,WEC,MRQ,1998-06-30,1998-06-30,1998-06-30,2021-08-05,0.0,5113660000.0,,546806000.0,4566854000.0,,8.242,-92919000.0,14102000.0,14102000.0,333816000.0,28854000.0,0.998,1.729,1974117000.0,248800000.0,1725317000.0,1974117000.0,0.0,59748000.0,0.0,0.051,0.195,73604000.0,133352000.0,0.28,133352000.0,73604000.0,42174000.0,0.125,0.125,0.125,1873926000.0,,1873926000.0,5322956341.0,19.0,10.019,2682000.0,0.012,1.0,141760000.0,0.298,0.0,31430000.0,6525921000.0,,187672000.0,0.0,0.0,0.0,3239734000.0,547754000.0,2691980000.0,3428864341.0,-6439000.0,0.0,61000.0,30939000.0,-44017000.0,-13017000.0,-89023000.0,0.0,95601000.0,0.0,28854000.0,28854000.0,28854000.0,0.0,0.0,0.061,73977000.0,67783000.0,144258000.0,1.56,1.83,32.913,33.385,3198156000.0,0.0,15.19,1.824,1.838,263168000.0,1123788000.0,475576000.0,475576000.0,0.0,,,,,0.0,0.0,1.0,225731688.0,227374000,227374000.0,2.092,5113660000.0,185457000.0,13320000.0,549939000.0,22.49,-948000.0
93,WEC,MRQ,1998-03-31,1998-03-31,1998-03-31,2021-08-05,0.0,5062783000.0,,578251000.0,4484532000.0,,8.278,-77784000.0,20541000.0,20541000.0,244327000.0,49048000.0,0.799,1.71,1914633000.0,382694000.0,1531939000.0,1914633000.0,0.0,62273000.0,0.0,0.05,0.193,103943000.0,166216000.0,0.325,166216000.0,103943000.0,75053000.0,0.215,0.215,0.215,1868526000.0,,1868526000.0,5386607752.0,25.0,11.648,81301000.0,0.36,1.0,266354000.0,0.522,0.0,28890000.0,6232934000.0,,171471000.0,0.0,0.0,0.0,3194257000.0,723941000.0,2470316000.0,3463852752.0,934000.0,0.0,0.0,-28799000.0,-43454000.0,-72253000.0,-85898000.0,0.0,159085000.0,0.0,49048000.0,49048000.0,49048000.0,0.0,0.0,0.096,172311000.0,94043000.0,161999000.0,0.898,1.854,53.541,53.842,3163514000.0,0.0,15.345,1.917,1.917,282115000.0,1137743000.0,510681000.0,510681000.0,0.0,,,,,0.0,0.0,1.0,225731688.0,225732000,225732000.0,2.262,5062783000.0,174329000.0,26005000.0,534722000.0,22.428,-145690000.0
94,WEC,MRQ,1997-12-31,1997-12-31,1997-12-31,2021-08-05,0.0,5037684000.0,,573317000.0,4464367000.0,,8.253,-104161000.0,19607000.0,19607000.0,591316000.0,2304000.0,0.808,1.704,1942362000.0,409957000.0,1532405000.0,1942362000.0,0.0,65002000.0,0.0,0.053,0.193,41371000.0,106373000.0,0.216,106373000.0,41371000.0,5871000.0,0.01,0.01,0.01,1862932000.0,,1862932000.0,,,,-21689000.0,-0.096,1.0,-98598000.0,-0.2,0.0,35500000.0,6250841000.0,,197204000.0,73194000.0,0.0,73194000.0,3174752000.0,709598000.0,2465154000.0,3244893015.0,-16176000.0,0.0,0.0,68141000.0,-43453000.0,24688000.0,-123336000.0,0.0,82472000.0,0.0,2304000.0,2304000.0,2304000.0,0.0,0.0,0.005,-173543000.0,74945000.0,148588000.0,19.3,1.742,53.444,53.241,3407014000.0,0.0,14.375,1.796,1.791,287010000.0,1132149000.0,492718000.0,492718000.0,0.0,,,,,0.0,0.0,1.0,225731688.0,225734000,225734000.0,2.183,5037684000.0,172546000.0,3567000.0,654032000.0,22.317,-136281000.0
95,WEC,MRQ,1997-09-30,1997-09-30,1997-09-30,2021-08-05,,,,,,,,-99370000.0,,,191716000.0,23975000.0,,,,,,,,61160000.0,,0.059,0.193,64191000.0,125351000.0,0.313,125351000.0,64191000.0,35667000.0,0.105,0.105,0.105,,,,,,,-822000.0,-0.004,1.0,208898000.0,0.521,,28524000.0,,,,,,,,,,,-32194000.0,0.0,0.0,35570000.0,-43453000.0,-7883000.0,-122859000.0,0.0,98548000.0,0.0,23975000.0,23975000.0,23975000.0,0.0,0.0,0.06,150819000.0,58079000.0,,1.838,,,,,0.0,13.0,,,,,400614000.0,400614000.0,0.0,,,,,0.0,0.0,1.0,,225732000,225732000.0,1.775,,,11692000.0,,,
96,WEC,MRQ,1997-06-30,1997-06-30,1997-06-30,2021-08-05,,,,,,,,-75968000.0,,,205667000.0,-10632000.0,,,,,,,,57068000.0,,0.061,0.193,7461000.0,64529000.0,0.16,64529000.0,7461000.0,-20653000.0,-0.045,-0.045,-0.045,,,,,,,-7146000.0,-0.032,1.0,197547000.0,0.49,,28114000.0,,,,,,,,,,,3154000.0,0.0,13275000.0,40080000.0,-43300000.0,10055000.0,-75723000.0,0.0,68822000.0,0.0,-10632000.0,-10632000.0,-10632000.0,0.0,0.0,-0.026,163773000.0,33774000.0,,-4.289,,,,,0.0,12.44,,,,,403214000.0,403214000.0,0.0,,,,,0.0,0.0,1.0,,225154000,225154000.0,1.791,,,-10021000.0,,,
97,WEC,MRQ,1997-03-31,1997-03-31,1997-03-31,2021-08-05,,,,,,,,-66409000.0,,,259070000.0,45069000.0,,,,,,,,57665000.0,,0.062,0.19,98388000.0,156053000.0,0.306,156053000.0,98388000.0,70836000.0,0.2,0.2,0.2,,,,,,,94855000.0,0.424,1.0,251313000.0,0.492,,27552000.0,,,,,,,,,,,54075000.0,0.0,16311000.0,-23828000.0,-42508000.0,-50025000.0,-57164000.0,0.0,161264000.0,0.0,45069000.0,45069000.0,45069000.0,0.0,0.0,0.088,160064000.0,91249000.0,,0.95,,,,,0.0,12.25,,,,,510383000.0,510383000.0,0.0,,,,,0.0,0.0,1.0,,223918000,223918000.0,2.279,,,25767000.0,,,
98,WEC,MRQ,1996-12-31,1996-12-31,1996-12-31,2021-08-05,0.0,4810838000.0,,565858000.0,4244980000.0,,8.764,,10748000.0,10748000.0,,,1.074,1.473,1675536000.0,259469000.0,1416067000.0,1675536000.0,0.0,,0.0,0.056,0.19,,,,,,,,,,1945344000.0,,1945344000.0,,,,,,1.0,,,0.0,,5948608000.0,,184416000.0,92705000.0,0.0,92705000.0,2865494000.0,527018000.0,2338476000.0,,,,,,,,,,,,,,,,,,,,148429000.0,,,,13.645,3231444000.0,,13.44,,1.682,307311000.0,,,,,,,,,,,1.0,,221966000,,,4810838000.0,153806000.0,,636559000.0,21.674,38840000.0
0,WEC,MRT,2021-06-30,2021-06-30,2021-06-30,2021-08-05,-4600000.0,37794900000.0,36961400000.0,2278100000.0,35516800000.0,0.215,34.34,-2211700000.0,35000000.0,35000000.0,5191300000.0,1292700000.0,0.675,2.49,14613800000.0,1918100000.0,12695700000.0,14613800000.0,400700000.0,1021900000.0,0.0,0.029,2.62,1985600000.0,3007500000.0,0.378,3007500000.0,1985600000.0,1506200000.0,4.1,4.07,4.1,10830900000.0,10629600000.0,10830900000.0,42716901532.0,22.0,14.203,-169100000.0,-0.536,1.0,2760700000.0,0.347,3052800000.0,479400000.0,45947000000.0,44516975000.0,452700000.0,1782000000.0,0.0,1782000000.0,26964000000.0,3373900000.0,23590100000.0,28057901532.0,37300000.0,-718200000.0,-32700000.0,1805400000.0,-826500000.0,869900000.0,-2875200000.0,14000000.0,2042600000.0,0.0,1293100000.0,1291900000.0,1291900000.0,0.0,-400000.0,0.162,1021900000.0,1738800000.0,744600000.0,0.639,2.591,21.718,21.695,26266400000.0,1200000.0,88.95,3.528,3.528,1396300000.0,6688200000.0,7952000000.0,7952000000.0,0.0,0.035,0.122,0.045,0.25,0.0,0.0,1.0,315434531.0,315400000,316300000.0,25.212,34742100000.0,0.0,213100000.0,4269600000.0,110.153,-1095800000.0
1,WEC,MRT,2021-03-31,2021-03-31,2021-03-31,2021-08-05,-5700000.0,37600600000.0,36273175000.0,2355500000.0,35245100000.0,0.216,34.138,-2213300000.0,26100000.0,26100000.0,5117500000.0,1259100000.0,0.634,2.492,14685100000.0,2367400000.0,12317700000.0,14685100000.0,406400000.0,998200000.0,0.0,0.028,2.575,1955300000.0,2953500000.0,0.377,2953500000.0,1955300000.0,1471500000.0,3.99,3.96,3.99,10767100000.0,10517800000.0,10767100000.0,43787517756.0,22.0,14.826,-312600000.0,-0.991,1.0,2707000000.0,0.346,3052800000.0,483800000.0,45491900000.0,43360075000.0,353500000.0,1773600000.0,0.0,1773600000.0,26833500000.0,3714900000.0,23118600000.0,29521517756.0,23900000.0,-723900000.0,-36400000.0,1959100000.0,-812200000.0,1008300000.0,-2885100000.0,14100000.0,1900700000.0,0.0,1258700000.0,1257500000.0,1257500000.0,0.0,400000.0,0.161,998200000.0,1708800000.0,656000000.0,0.645,2.742,23.476,23.456,25994400000.0,1200000.0,93.59,3.773,3.773,1676600000.0,6626000000.0,7824500000.0,7824500000.0,0.0,0.035,0.12,0.045,0.25,0.0,0.0,1.0,315434531.0,315400000,316200000.0,24.808,34547800000.0,0.0,212800000.0,4214100000.0,109.536,-1359400000.0
2,WEC,MRT,2020-12-31,2020-12-31,2020-12-31,2021-08-05,-6800000.0,37028100000.0,35581075000.0,2083000000.0,34945100000.0,0.204,33.195,-2238800000.0,24800000.0,24800000.0,4559700000.0,1201400000.0,0.502,2.537,14290800000.0,2562700000.0,11728100000.0,14290800000.0,412200000.0,975900000.0,0.0,0.027,2.53,1922700000.0,2898600000.0,0.4,2898600000.0,1922700000.0,1429000000.0,3.8,3.79,3.8,10469700000.0,10412050000.0,10469700000.0,42036039888.0,22.0,14.502,-42800000.0,-0.136,1.0,2682000000.0,0.37,3052800000.0,493700000.0,44093200000.0,42395225000.0,528600000.0,1764300000.0,0.0,1764300000.0,26558400000.0,4148100000.0,22410300000.0,29029439888.0,-9700000.0,-605400000.0,-55400000.0,1552700000.0,-798000000.0,601100000.0,-2806800000.0,18400000.0,2196000000.0,0.0,1201100000.0,1199900000.0,1199900000.0,0.0,300000.0,0.166,975900000.0,1706100000.0,880700000.0,0.666,2.773,24.193,24.218,25707400000.0,1200000.0,92.03,4.009,4.008,1222800000.0,6329600000.0,7241700000.0,7241700000.0,0.0,0.034,0.115,0.045,0.266,0.0,0.0,1.0,315434531.0,315400000,316500000.0,22.96,33975300000.0,0.0,227900000.0,4059800000.0,107.721,-2065100000.0
3,WEC,MRT,2020-09-30,2020-09-30,2020-09-30,2021-08-05,-6400000.0,35422000000.0,35062000000.0,1727200000.0,33694800000.0,0.207,33.135,-2368000000.0,13100000.0,13100000.0,4594300000.0,1206000000.0,0.608,2.389,13019700000.0,1367200000.0,11652500000.0,13019700000.0,417800000.0,962800000.0,0.0,0.026,2.487,1933200000.0,2896000000.0,0.399,2896000000.0,1933200000.0,1430200000.0,3.83,3.8,3.83,10450700000.0,10322975000.0,10450700000.0,43380406054.0,22.0,14.979,86500000.0,0.274,1.0,2661500000.0,0.367,3052800000.0,503000000.0,42535800000.0,41725375000.0,573400000.0,1750400000.0,0.0,1750400000.0,24971300000.0,2840000000.0,22131300000.0,30565606054.0,-5400000.0,-17400000.0,-34400000.0,732900000.0,-784600000.0,-136400000.0,-2323500000.0,17100000.0,2454500000.0,0.0,1206000000.0,1204800000.0,1204800000.0,0.0,0.0,0.166,962800000.0,1698700000.0,751300000.0,0.649,2.925,25.37,25.3,24551700000.0,1200000.0,96.9,4.213,4.212,911800000.0,6290100000.0,7255800000.0,7255800000.0,0.0,0.034,0.117,0.046,0.266,0.0,0.0,1.0,315434531.0,315400000,316500000.0,23.005,32369200000.0,0.0,224200000.0,3974700000.0,102.629,-1112800000.0
4,WEC,MRT,2020-06-30,2020-06-30,2020-06-30,2021-08-05,-7300000.0,35042000000.0,34800800000.0,1713400000.0,33328600000.0,0.207,32.922,-2442800000.0,13300000.0,13300000.0,4621800000.0,1173200000.0,0.492,2.375,12828100000.0,2106500000.0,10721600000.0,12828100000.0,423700000.0,951600000.0,0.0,0.028,2.445,1868900000.0,2820500000.0,0.391,2820500000.0,1868900000.0,1362100000.0,3.72,3.7,3.72,10383700000.0,10223050000.0,10383700000.0,40348636642.0,22.0,14.305,-8900000.0,-0.028,1.0,2591000000.0,0.359,3052800000.0,506800000.0,41319400000.0,41282000000.0,467700000.0,1744700000.0,0.0,1744700000.0,24658300000.0,3484600000.0,21173700000.0,27647836642.0,-28300000.0,-32100000.0,-46900000.0,842800000.0,-771200000.0,-27500000.0,-2434700000.0,17200000.0,2433900000.0,0.0,1173500000.0,1172300000.0,1172300000.0,0.0,-300000.0,0.163,951600000.0,1639400000.0,696600000.0,0.657,2.663,23.584,23.562,24171800000.0,1200000.0,87.65,3.833,3.833,957900000.0,6222800000.0,7212800000.0,7212800000.0,0.0,0.034,0.115,0.045,0.259,0.0,0.0,1.0,315434531.0,315400000,316500000.0,22.869,31989200000.0,0.0,188600000.0,3945900000.0,101.424,-1771200000.0
5,WEC,MRT,2020-03-31,2020-03-31,2020-03-31,2021-08-05,-7100000.0,34832200000.0,34523875000.0,1845300000.0,32986900000.0,0.21,32.797,-2398100000.0,15400000.0,15400000.0,4700100000.0,1166900000.0,0.648,2.367,12716200000.0,1521500000.0,11194700000.0,12716200000.0,428500000.0,939000000.0,0.0,0.027,2.402,1824100000.0,2763100000.0,0.381,2763100000.0,1824100000.0,1317600000.0,3.7,3.68,3.7,10344100000.0,10131175000.0,10344100000.0,40496745217.0,22.0,14.656,-97800000.0,-0.31,1.0,2554200000.0,0.352,3052800000.0,506500000.0,41632500000.0,40810100000.0,391100000.0,1717700000.0,0.0,1717700000.0,24488100000.0,2847700000.0,21640400000.0,27799245217.0,-23400000.0,-14600000.0,-59400000.0,866200000.0,-757800000.0,27600000.0,-2351300000.0,17100000.0,2300300000.0,0.0,1167600000.0,1166400000.0,1166400000.0,0.0,-700000.0,0.161,939000000.0,1615200000.0,753700000.0,0.649,2.687,23.833,23.819,23797100000.0,1200000.0,88.13,3.832,3.832,1176900000.0,6180700000.0,7254300000.0,7254300000.0,0.0,0.034,0.115,0.045,0.251,0.0,0.0,1.0,315434531.0,315400000,316700000.0,23.0,31779400000.0,0.0,150000000.0,3870000000.0,100.759,-1002400000.0
6,WEC,MRT,2019-12-31,2019-12-31,2019-12-31,2021-08-05,-4100000.0,34951800000.0,34250100000.0,2093600000.0,32858200000.0,0.22,32.065,-2260800000.0,37500000.0,37500000.0,5065400000.0,1134700000.0,0.658,2.456,12735000000.0,1524000000.0,11211000000.0,12735000000.0,497100000.0,926300000.0,0.0,0.026,2.36,1761700000.0,2688000000.0,0.357,2688000000.0,1761700000.0,1260200000.0,3.6,3.58,3.6,10113400000.0,10041275000.0,10113400000.0,41348924927.0,23.0,15.383,84700000.0,0.269,1.0,2457700000.0,0.327,3052800000.0,501500000.0,41413800000.0,40302400000.0,549800000.0,1720800000.0,0.0,1720800000.0,24838400000.0,3182700000.0,21655700000.0,29092624927.0,-63800000.0,-283200000.0,-73100000.0,925600000.0,-744500000.0,85600000.0,-2494900000.0,200000.0,2345500000.0,0.0,1135200000.0,1134000000.0,1134000000.0,0.0,-500000.0,0.151,926300000.0,1531400000.0,908100000.0,0.656,2.877,25.655,25.619,23620100000.0,1200000.0,92.23,3.867,3.867,1176500000.0,5927700000.0,7523100000.0,7523100000.0,0.0,0.033,0.113,0.044,0.234,0.0,0.0,1.0,315435595.0,315400000,316700000.0,23.853,31899000000.0,0.0,125000000.0,3769300000.0,101.138,-1089100000.0
7,WEC,MRT,2019-09-30,2019-09-30,2019-09-30,2021-08-05,-7100000.0,34377200000.0,33881100000.0,1773000000.0,32604200000.0,0.226,31.867,-2136700000.0,20000000.0,20000000.0,5286500000.0,1095800000.0,0.629,2.42,12276300000.0,1379000000.0,10897300000.0,12276300000.0,502800000.0,907800000.0,0.0,0.024,2.322,1693400000.0,2601200000.0,0.34,2601200000.0,1693400000.0,1201200000.0,3.47,3.45,3.47,10051000000.0,9960150000.0,10051000000.0,41910246482.0,25.0,16.112,141300000.0,0.448,1.0,2365900000.0,0.309,3052800000.0,492200000.0,40762300000.0,39650425000.0,593300000.0,1720400000.0,0.0,1720400000.0,24326200000.0,2818400000.0,21507800000.0,29997946482.0,26400000.0,-362700000.0,-87300000.0,993200000.0,-732700000.0,147300000.0,-2398900000.0,37200000.0,2278000000.0,0.0,1096300000.0,1095100000.0,1095100000.0,0.0,-500000.0,0.143,907800000.0,1458100000.0,769000000.0,0.669,2.985,27.393,27.406,23035100000.0,1200000.0,95.1,3.92,3.92,911800000.0,5869900000.0,7652400000.0,7652400000.0,0.0,0.032,0.11,0.043,0.221,0.0,0.0,1.0,315435820.0,315400000,316800000.0,24.263,31324400000.0,0.0,104900000.0,3613800000.0,99.316,-1045400000.0
8,WEC,MRT,2019-06-30,2019-06-30,2019-06-30,2021-08-05,-6600000.0,33934300000.0,33427400000.0,1838700000.0,32095600000.0,0.23,31.757,-2055400000.0,37900000.0,37900000.0,5351400000.0,1095000000.0,0.547,2.388,11950200000.0,2029200000.0,9921000000.0,11950200000.0,508700000.0,886800000.0,0.0,0.027,2.285,1684200000.0,2571000000.0,0.334,2571000000.0,1684200000.0,1205800000.0,3.47,3.45,3.47,10016200000.0,9891225000.0,10016200000.0,38105399241.0,23.0,14.821,167900000.0,0.532,1.0,2336700000.0,0.304,3052800000.0,478400000.0,39431800000.0,38752175000.0,461400000.0,1696500000.0,0.0,1696500000.0,23918100000.0,3362000000.0,20556100000.0,26298099241.0,38700000.0,-501300000.0,-84800000.0,1093500000.0,-720900000.0,269400000.0,-2454000000.0,37200000.0,2223300000.0,0.0,1095200000.0,1094000000.0,1094000000.0,0.0,-200000.0,0.142,886800000.0,1449900000.0,715600000.0,0.659,2.626,24.038,24.026,22535800000.0,1200000.0,83.37,3.421,3.42,1004300000.0,5821700000.0,7688100000.0,7688100000.0,0.0,0.033,0.111,0.043,0.219,0.0,0.0,1.0,315438398.0,315400000,316700000.0,24.376,30881500000.0,0.0,110600000.0,3598100000.0,97.912,-1523300000.0
9,WEC,MRT,2019-03-31,2019-03-31,2019-03-31,2021-08-05,-4000000.0,33737100000.0,32928225000.0,2008300000.0,31728800000.0,0.236,31.647,-2034900000.0,30600000.0,30600000.0,5440700000.0,1090500000.0,0.695,2.379,11837900000.0,1511200000.0,10326700000.0,11837900000.0,514500000.0,863600000.0,0.0,0.028,2.247,1699800000.0,2563400000.0,0.33,2563400000.0,1699800000.0,1237000000.0,3.45,3.44,3.45,9984500000.0,9818625000.0,9984500000.0,36660806943.0,22.0,14.302,252300000.0,0.8,1.0,2329700000.0,0.3,3052800000.0,462800000.0,39601700000.0,38062875000.0,330100000.0,1670600000.0,0.0,1670600000.0,23752600000.0,2889900000.0,20862700000.0,24946206943.0,17400000.0,-601600000.0,-67700000.0,1080900000.0,-709300000.0,285400000.0,-2555200000.0,37200000.0,2287200000.0,0.0,1090500000.0,1089300000.0,1089300000.0,0.0,0.0,0.14,863600000.0,1466100000.0,674100000.0,0.651,2.498,22.901,22.922,22193300000.0,1200000.0,79.08,3.21,3.211,1430100000.0,5772100000.0,7770400000.0,7770400000.0,0.0,0.033,0.111,0.045,0.219,0.0,0.0,1.0,315455323.0,315500000,316700000.0,24.629,30684300000.0,0.0,146500000.0,3459900000.0,97.256,-881600000.0
10,WEC,MRT,2018-12-31,2018-12-31,2018-12-31,2021-08-05,-2600000.0,33475800000.0,32440350000.0,2247600000.0,31228200000.0,0.237,31.027,-2115700000.0,84500000.0,84500000.0,5365300000.0,1060500000.0,0.675,2.42,11799100000.0,1805100000.0,9994000000.0,11799100000.0,520400000.0,845800000.0,0.0,0.032,2.21,1675400000.0,2521200000.0,0.328,2521200000.0,1675400000.0,1230300000.0,3.36,3.34,3.36,9788900000.0,9739450000.0,9788900000.0,33115534292.0,20.0,13.135,329800000.0,1.045,1.0,2314200000.0,0.301,3052800000.0,445100000.0,38805900000.0,37126075000.0,548200000.0,1665300000.0,0.0,1665300000.0,23686900000.0,3331700000.0,20355200000.0,21853334292.0,87500000.0,-342800000.0,-43300000.0,782200000.0,-697300000.0,26400000.0,-2384400000.0,53600000.0,2445500000.0,0.0,1060500000.0,1059300000.0,1059300000.0,0.0,0.0,0.138,845800000.0,1468400000.0,876400000.0,0.658,2.232,20.63,20.613,22000900000.0,1200000.0,69.26,2.846,2.845,1280900000.0,5538200000.0,7679500000.0,7679500000.0,0.0,0.033,0.109,0.045,0.218,0.0,0.0,1.0,315526051.0,315500000,316900000.0,24.341,30423000000.0,0.0,169800000.0,3388100000.0,96.428,-1084100000.0
11,WEC,MRT,2018-09-30,2018-09-30,2018-09-30,2021-08-05,2400000.0,32562400000.0,31969025000.0,1839700000.0,30722700000.0,0.24,30.984,-2140800000.0,14500000.0,14500000.0,5238900000.0,1288100000.0,0.511,2.331,11276700000.0,2157700000.0,9119000000.0,11276700000.0,525900000.0,833200000.0,0.0,0.033,2.178,1801700000.0,2634900000.0,0.344,2634900000.0,1801700000.0,1369200000.0,4.08,4.06,4.08,9775300000.0,9657575000.0,9775300000.0,31908012988.0,18.0,12.11,200300000.0,0.635,1.0,2418800000.0,0.316,3052800000.0,432500000.0,37169300000.0,36340125000.0,608500000.0,1613700000.0,0.0,1613700000.0,22787100000.0,3602500000.0,19184600000.0,21065012988.0,1700000.0,-298400000.0,-33600000.0,797800000.0,-687100000.0,68900000.0,-2408300000.0,13000000.0,2341100000.0,0.0,1288100000.0,1286900000.0,1286900000.0,0.0,0.0,0.168,833200000.0,1585600000.0,690400000.0,0.534,2.155,16.369,16.363,21663700000.0,1200000.0,66.76,2.751,2.751,1017300000.0,5508100000.0,7657700000.0,7657700000.0,0.0,0.04,0.133,0.05,0.235,0.0,0.0,1.0,315533448.0,315500000,316900000.0,24.272,29509600000.0,0.0,81100000.0,3389500000.0,93.533,-1762800000.0
12,WEC,MRT,2018-06-30,2018-06-30,2018-06-30,2021-08-05,2500000.0,31937600000.0,31581675000.0,1810400000.0,30127200000.0,0.243,30.827,-2085000000.0,29800000.0,29800000.0,5174800000.0,1270300000.0,0.593,2.284,10872800000.0,1663500000.0,9209300000.0,10872800000.0,531800000.0,821600000.0,0.0,0.033,2.145,1888400000.0,2710000000.0,0.353,2710000000.0,1888400000.0,1464100000.0,4.02,4.0,4.02,9725800000.0,9512575000.0,9725800000.0,31127183937.0,16.0,11.486,240100000.0,0.761,1.0,2496700000.0,0.325,3052800000.0,424300000.0,36674600000.0,35898775000.0,466600000.0,1596600000.0,0.0,1596600000.0,22211800000.0,3053200000.0,19158600000.0,20399583937.0,-6300000.0,-157400000.0,-31100000.0,598900000.0,-676900000.0,-116700000.0,-2214700000.0,12900000.0,2325100000.0,0.0,1270300000.0,1269100000.0,1269100000.0,0.0,0.0,0.165,821600000.0,1675100000.0,681000000.0,0.534,2.097,16.074,16.082,21078400000.0,1200000.0,64.65,2.659,2.659,1086100000.0,5449100000.0,7671500000.0,7671500000.0,0.0,0.04,0.133,0.053,0.246,0.0,0.0,1.0,315538808.0,315500000,316900000.0,24.315,28884800000.0,0.0,193800000.0,3330600000.0,91.552,-1242800000.0
13,WEC,MRT,2018-03-31,2018-03-31,2018-03-31,2021-08-05,4600000.0,31785600000.0,31237175000.0,1980800000.0,29804800000.0,0.244,30.643,-2069400000.0,48100000.0,48100000.0,5111400000.0,1238400000.0,0.549,2.288,10775700000.0,2158200000.0,8617500000.0,10775700000.0,538100000.0,812600000.0,0.0,0.034,2.113,1914600000.0,2727200000.0,0.357,2727200000.0,1914600000.0,1496900000.0,3.92,3.9,3.92,9667800000.0,9369325000.0,9667800000.0,30779039836.0,16.0,11.286,188600000.0,0.598,1.0,2519100000.0,0.33,3052800000.0,417700000.0,35854500000.0,35471425000.0,376000000.0,1598900000.0,0.0,1598900000.0,22117800000.0,3605900000.0,18511900000.0,19784639836.0,-1700000.0,-309900000.0,-39900000.0,809800000.0,-666600000.0,97100000.0,-2356800000.0,12900000.0,2258000000.0,0.0,1238400000.0,1237200000.0,1237200000.0,0.0,0.0,0.162,812600000.0,1706500000.0,592800000.0,0.539,2.046,15.991,15.995,21466300000.0,1200000.0,62.7,2.593,2.592,1356800000.0,5392700000.0,7630500000.0,7630500000.0,0.0,0.04,0.132,0.054,0.251,0.0,0.0,1.0,315544495.0,315500000,316900000.0,24.185,28732800000.0,0.0,258500000.0,3069900000.0,91.071,-1625100000.0
14,WEC,MRT,2017-12-31,2017-12-31,2017-12-31,2021-08-05,2900000.0,31590500000.0,30794925000.0,2213500000.0,29377000000.0,0.248,29.979,-1959500000.0,38900000.0,38900000.0,5073800000.0,1204900000.0,0.572,2.339,11033300000.0,2286700000.0,8746600000.0,11033300000.0,543300000.0,798600000.0,0.0,0.031,2.08,2004100000.0,2802700000.0,0.366,2802700000.0,2004100000.0,1588400000.0,3.81,3.79,3.81,9461400000.0,9233775000.0,9461400000.0,31434184584.0,16.0,11.216,119100000.0,0.377,1.0,2574700000.0,0.337,3053500000.0,415700000.0,35662100000.0,35218325000.0,539000000.0,1553400000.0,0.0,1553400000.0,22129100000.0,3869300000.0,18259800000.0,20963684584.0,-14100000.0,-311600000.0,-40500000.0,864900000.0,-656500000.0,161400000.0,-2254100000.0,5000000.0,2078600000.0,0.0,1204900000.0,1203700000.0,1203700000.0,0.0,0.0,0.157,798600000.0,1776100000.0,859900000.0,0.546,2.216,17.416,17.436,21347000000.0,1200000.0,66.43,2.741,2.741,1350700000.0,5176800000.0,7648500000.0,7648500000.0,0.0,0.039,0.13,0.057,0.262,0.0,0.0,1.0,315575562.0,315600000,317200000.0,24.235,28537000000.0,0.0,383500000.0,2999800000.0,90.421,-1655800000.0
15,WEC,MRT,2017-09-30,2017-09-30,2017-09-30,2021-08-05,2400000.0,31013000000.0,30428100000.0,1823300000.0,29189700000.0,0.248,29.136,-1732800000.0,18100000.0,18100000.0,5024900000.0,966700000.0,0.603,2.373,10488600000.0,1702800000.0,8785800000.0,10488600000.0,549200000.0,774600000.0,0.0,0.033,2.055,1949900000.0,2724500000.0,0.361,2724500000.0,1949900000.0,1536900000.0,3.06,3.04,3.06,9195300000.0,9100875000.0,9195300000.0,30058297127.0,15.0,11.033,394800000.0,1.251,1.0,2531600000.0,0.335,3053500000.0,413000000.0,35403900000.0,34998675000.0,672200000.0,1560800000.0,0.0,1560800000.0,21817700000.0,3026100000.0,18791600000.0,19811897127.0,-105500000.0,-276700000.0,-36200000.0,534700000.0,-648700000.0,-154700000.0,-2078400000.0,-48900000.0,2127600000.0,0.0,966700000.0,965500000.0,965500000.0,0.0,0.0,0.128,786600000.0,1745000000.0,743900000.0,0.672,2.155,20.52,20.516,20882900000.0,1200000.0,62.78,2.622,2.622,948000000.0,4908300000.0,7556500000.0,7556500000.0,0.0,0.032,0.106,0.056,0.258,0.0,0.0,1.0,315576571.0,315600000,317500000.0,23.943,27959500000.0,0.0,570200000.0,5616000000.0,88.592,-1202800000.0
16,WEC,MRT,2017-06-30,2017-06-30,2017-06-30,2021-08-05,2500000.0,30559600000.0,30035725000.0,1779700000.0,28779900000.0,0.253,29.001,-1595000000.0,36500000.0,36500000.0,5082700000.0,968300000.0,0.639,2.339,10282900000.0,1483200000.0,8799700000.0,10282900000.0,554600000.0,768900000.0,0.0,0.033,2.03,1945500000.0,2714400000.0,0.357,2714400000.0,1945500000.0,1537200000.0,3.07,3.04,3.07,9152800000.0,9024925000.0,9152800000.0,29296552646.0,15.0,10.793,551600000.0,1.748,1.0,2528800000.0,0.332,3053500000.0,408300000.0,34965200000.0,34726125000.0,510000000.0,1544000000.0,0.0,1544000000.0,21406800000.0,2787300000.0,18619500000.0,19370252646.0,-92800000.0,-280700000.0,-31300000.0,378200000.0,-640800000.0,-298100000.0,-1941300000.0,-48900000.0,2146600000.0,0.0,968300000.0,967100000.0,967100000.0,0.0,0.0,0.127,777000000.0,1751800000.0,724100000.0,0.661,2.116,20.029,19.993,20524300000.0,1200000.0,61.38,2.545,2.545,1004300000.0,4857000000.0,7611500000.0,7611500000.0,0.0,0.032,0.107,0.056,0.256,0.0,0.0,1.0,315579222.0,315600000,317400000.0,24.118,27506100000.0,0.0,568900000.0,5416100000.0,87.155,-1007600000.0
17,WEC,MRT,2017-03-31,2017-03-31,2017-03-31,2021-08-05,2700000.0,30016600000.0,29689650000.0,1855300000.0,28161300000.0,0.255,28.915,-1441400000.0,45700000.0,45700000.0,5091000000.0,950600000.0,0.903,2.289,9972000000.0,828400000.0,9143600000.0,9972000000.0,561000000.0,765300000.0,0.0,0.033,2.005,1923800000.0,2689100000.0,0.355,2689100000.0,1923800000.0,1517300000.0,3.01,2.98,3.01,9125600000.0,8945100000.0,9125600000.0,29272171519.0,15.0,10.885,681100000.0,2.158,1.0,2491000000.0,0.329,3046200000.0,406500000.0,34842100000.0,34456225000.0,417100000.0,1513300000.0,0.0,1513300000.0,20891000000.0,2054600000.0,18836400000.0,19134071519.0,-80300000.0,12000000.0,-42500000.0,-4600000.0,-632800000.0,-703900000.0,-1498900000.0,-48900000.0,2122500000.0,0.0,950600000.0,949400000.0,949400000.0,0.0,0.0,0.125,769300000.0,1721700000.0,582300000.0,0.666,2.097,20.154,20.143,19990200000.0,1200000.0,60.63,2.524,2.524,1191400000.0,4822000000.0,7582000000.0,7582000000.0,0.0,0.032,0.106,0.056,0.254,0.0,0.0,1.0,315587523.0,315600000,317200000.0,24.024,26970400000.0,0.0,566700000.0,5287400000.0,85.458,-199300000.0
18,WEC,MRT,2016-12-31,2016-12-31,2016-12-31,2021-08-05,2900000.0,30123200000.0,29461650000.0,2168700000.0,27954500000.0,0.254,28.295,-1423700000.0,37500000.0,37500000.0,5013400000.0,940200000.0,0.892,2.373,10175600000.0,1017400000.0,9158200000.0,10175600000.0,566200000.0,762600000.0,0.0,0.034,1.98,1909400000.0,2672000000.0,0.358,2672000000.0,1909400000.0,1506700000.0,2.98,2.96,2.98,8929800000.0,8868275000.0,8929800000.0,28452854586.0,15.0,10.649,680100000.0,2.155,1.0,2458900000.0,0.329,3046200000.0,402700000.0,34783500000.0,34207100000.0,587600000.0,1443900000.0,0.0,1443900000.0,21193400000.0,2431600000.0,18761800000.0,18510954586.0,-96100000.0,124000000.0,-66400000.0,-140800000.0,-624900000.0,-845700000.0,-1354200000.0,-57500000.0,2103800000.0,0.0,940200000.0,939000000.0,939000000.0,0.0,0.0,0.126,762600000.0,1696300000.0,861500000.0,0.664,2.073,19.713,19.681,19915500000.0,1200000.0,58.65,2.477,2.477,1241700000.0,4613900000.0,7472300000.0,7472300000.0,0.0,0.032,0.106,0.056,0.256,0.0,0.0,1.0,315617299.0,315600000,316900000.0,23.676,27077000000.0,0.0,566500000.0,5146600000.0,85.795,-262900000.0
19,WEC,MRT,2016-09-30,2016-09-30,2016-09-30,2021-08-05,3700000.0,29443500000.0,29269650000.0,1817700000.0,27625800000.0,0.251,28.173,-1474500000.0,25000000.0,25000000.0,4908300000.0,925400000.0,0.897,2.311,9966900000.0,878800000.0,9088100000.0,9966900000.0,569500000.0,774100000.0,0.0,0.032,1.942,1925300000.0,2699400000.0,0.367,2699400000.0,1925300000.0,1518200000.0,2.93,2.9,2.93,8891500000.0,8799525000.0,8891500000.0,28792923684.0,15.0,10.666,466600000.0,1.478,1.0,2449300000.0,0.333,3046200000.0,407100000.0,34313700000.0,33998650000.0,654300000.0,1544500000.0,0.0,1544500000.0,20552000000.0,2025500000.0,18526500000.0,18899323684.0,2800000.0,133200000.0,-70100000.0,71900000.0,-613100000.0,-675100000.0,-1263200000.0,0.0,1941100000.0,0.0,925400000.0,923900000.0,923900000.0,0.0,0.0,0.126,748700000.0,1700600000.0,663500000.0,0.663,2.126,20.456,20.437,19612200000.0,1500000.0,59.88,2.569,2.569,871500000.0,4575800000.0,7357600000.0,7357600000.0,0.0,0.032,0.105,0.057,0.262,0.0,0.0,1.0,315619968.0,315600000,316900000.0,23.313,26397300000.0,0.0,592800000.0,5067000000.0,83.642,-207800000.0
20,WEC,MRT,2016-06-30,2016-06-30,2016-06-30,2021-08-05,4400000.0,29175300000.0,29101175000.0,1765900000.0,27409400000.0,0.252,27.99,-1516900000.0,32100000.0,32100000.0,4962900000.0,891200000.0,0.826,2.303,9925700000.0,1023600000.0,8902100000.0,9925700000.0,572300000.0,754400000.0,0.0,0.029,1.871,1877300000.0,2631700000.0,0.358,2631700000.0,1877300000.0,1466100000.0,2.82,2.8,2.82,8833500000.0,8734125000.0,8833500000.0,30581662617.0,16.0,11.62,284300000.0,0.901,1.0,2380900000.0,0.324,3046200000.0,411200000.0,33885600000.0,33591725000.0,494500000.0,1513000000.0,0.0,1513000000.0,20341800000.0,2137100000.0,18204700000.0,20611762617.0,-182300000.0,150000000.0,-84000000.0,41700000.0,-577300000.0,-696100000.0,-1287400000.0,0.0,1801200000.0,0.0,891200000.0,889400000.0,889400000.0,0.0,0.0,0.121,733600000.0,1647300000.0,620500000.0,0.663,2.333,23.175,23.156,19398900000.0,1800000.0,65.3,2.807,2.806,914900000.0,4515000000.0,7343800000.0,7343800000.0,0.0,0.031,0.102,0.056,0.256,0.0,0.0,1.0,315647207.0,315600000,317000000.0,23.269,26129100000.0,0.0,574900000.0,4938300000.0,82.792,-371200000.0
21,WEC,MRT,2016-03-31,2016-03-31,2016-03-31,2021-08-05,4300000.0,29104600000.0,28960975000.0,1896400000.0,27208200000.0,0.232,27.933,-1425000000.0,34700000.0,34700000.0,4604900000.0,790700000.0,0.85,2.3,10004600000.0,1048800000.0,8955800000.0,10004600000.0,576100000.0,668100000.0,0.0,0.033,2.005,1688100000.0,2356200000.0,0.35,2356200000.0,1688100000.0,1315200000.0,2.61,2.58,2.61,8818300000.0,8639925000.0,8818300000.0,29288222788.0,17.0,12.43,234500000.0,0.743,1.0,2128100000.0,0.316,2999100000.0,372900000.0,33845600000.0,33134225000.0,470700000.0,1510000000.0,0.0,1510000000.0,20286300000.0,2229800000.0,18056500000.0,18961222788.0,-30500000.0,-1210900000.0,-67800000.0,1509300000.0,-516300000.0,859600000.0,-2549600000.0,0.0,1659500000.0,0.0,790700000.0,788900000.0,788900000.0,0.0,0.0,0.117,647100000.0,1481000000.0,584400000.0,0.768,2.15,24.035,23.015,19259000000.0,1800000.0,60.07,2.816,2.817,1088100000.0,4489700000.0,6733000000.0,6733000000.0,0.0,0.027,0.091,0.051,0.251,0.0,0.0,1.0,315652119.0,315700000,317100000.0,21.327,26105500000.0,0.0,524500000.0,4856500000.0,82.691,-333400000.0
22,WEC,MRT,2015-12-31,2015-12-31,2015-12-31,2021-08-05,4600000.0,29355200000.0,25468725000.0,2206800000.0,27148400000.0,0.233,31.925,-1266200000.0,49800000.0,49800000.0,4113800000.0,640300000.0,0.815,2.392,10376800000.0,1252700000.0,9124100000.0,10376800000.0,579400000.0,583500000.0,0.0,0.038,1.933,1405500000.0,1989000000.0,0.336,1989000000.0,1405500000.0,1074100000.0,2.36,2.34,2.36,8654800000.0,7563000000.0,8654800000.0,26170069181.0,19.0,13.157,27400000.0,0.101,1.0,1812300000.0,0.306,3023500000.0,331400000.0,33949700000.0,29229625000.0,687000000.0,1380900000.0,0.0,1380900000.0,20700400000.0,2709000000.0,17991400000.0,16197769181.0,-12100000.0,-1309700000.0,-44600000.0,1783400000.0,-455400000.0,1211800000.0,-2517500000.0,0.0,1293600000.0,0.0,640300000.0,638500000.0,638500000.0,0.0,0.0,0.108,561800000.0,1250500000.0,815400000.0,0.819,1.872,25.368,21.742,19189700000.0,1800000.0,51.31,2.733,2.347,1028600000.0,4299800000.0,5926100000.0,5926100000.0,0.0,0.025,0.084,0.048,0.237,0.0,0.0,1.0,315684451.0,271100000,272700000.0,21.859,26331700000.0,0.0,433800000.0,4622300000.0,97.129,-502200000.0
23,WEC,MRT,2015-09-30,2015-09-30,2015-09-30,2021-08-05,11200000.0,28769600000.0,21856175000.0,2181900000.0,26587700000.0,0.243,27.336,-1040000000.0,22200000.0,22200000.0,3710300000.0,583000000.0,0.818,2.334,9994500000.0,1267500000.0,8727000000.0,9994500000.0,588100000.0,495000000.0,0.0,0.036,1.865,1238900000.0,1733900000.0,0.327,1733900000.0,1238900000.0,955900000.0,2.35,2.33,2.35,8629900000.0,6504225000.0,8629900000.0,26252942397.0,21.0,15.141,198700000.0,0.629,1.0,1592600000.0,0.3,3389100000.0,283000000.0,32686000000.0,25228425000.0,719800000.0,1096400000.0,0.0,1096400000.0,20139700000.0,2666800000.0,17472900000.0,16485042397.0,-66500000.0,-1297500000.0,-60100000.0,1491900000.0,-398900000.0,1018600000.0,-2323800000.0,0.0,1238700000.0,0.0,583000000.0,580600000.0,580600000.0,0.0,0.0,0.109,478800000.0,1113800000.0,777600000.0,0.794,1.91,28.393,22.221,18785200000.0,2400000.0,52.22,3.109,3.109,844700000.0,4264900000.0,5302900000.0,5302900000.0,0.0,0.027,0.089,0.049,0.234,0.0,0.0,1.0,315684458.0,315700000,317100000.0,16.797,25380500000.0,250800000.0,372900000.0,4690400000.0,80.394,-484900000.0
24,WEC,MRT,2015-06-30,2015-06-30,2015-06-30,2021-08-05,0.0,28614500000.0,18345000000.0,2276800000.0,26337700000.0,0.253,37.172,-823700000.0,214400000.0,214400000.0,3221200000.0,526200000.0,0.774,2.384,9982300000.0,1434700000.0,8547600000.0,9982300000.0,596200000.0,425600000.0,0.0,0.041,1.832,1109100000.0,1534700000.0,0.331,1534700000.0,1109100000.0,868900000.0,2.33,2.31,2.33,8456700000.0,5446325000.0,8456700000.0,15234380933.0,14.0,9.927,370400000.0,1.628,1.0,1416300000.0,0.305,3386500000.0,240200000.0,32055600000.0,21612375000.0,562500000.0,1169700000.0,0.0,1169700000.0,20157800000.0,2940300000.0,17217500000.0,10140580933.0,181000000.0,-1302100000.0,-53000000.0,1527000000.0,-366500000.0,1110000000.0,-2123100000.0,0.0,1194100000.0,0.0,526200000.0,524400000.0,524400000.0,0.0,0.0,0.113,402100000.0,1014200000.0,777100000.0,0.786,1.199,19.337,19.3,18529400000.0,1800000.0,44.97,2.187,2.206,956600000.0,,4637500000.0,4637500000.0,0.0,0.029,0.096,0.051,0.239,0.0,0.0,1.0,225496574.0,227500000,229100000.0,20.385,25228000000.0,236400000.0,342700000.0,4624300000.0,110.892,-663500000.0
25,WEC,MRT,2015-03-31,2015-03-31,2015-03-31,2021-08-05,0.0,15135600000.0,14846325000.0,1326400000.0,13809200000.0,0.316,20.003,-785200000.0,65200000.0,65200000.0,3204000000.0,578000000.0,0.85,2.356,5159000000.0,989800000.0,4169200000.0,5159000000.0,604700000.0,420600000.0,0.0,0.032,1.593,1169200000.0,1589800000.0,0.339,1589800000.0,1169200000.0,931800000.0,2.56,2.54,2.56,4510600000.0,4423925000.0,4510600000.0,16328784323.0,14.0,10.271,358600000.0,1.59,1.0,1486000000.0,0.317,441900000.0,237400000.0,18227200000.0,18150075000.0,289700000.0,464100000.0,0.0,464100000.0,10625000000.0,1560300000.0,9064700000.0,11162584323.0,37600000.0,3400000.0,-50500000.0,66100000.0,-359200000.0,-332200000.0,-774000000.0,0.0,1143800000.0,0.0,578000000.0,576500000.0,576500000.0,0.0,0.0,0.123,400000000.0,1086000000.0,291900000.0,0.622,2.475,19.363,19.336,11316000000.0,1500000.0,49.5,2.38,2.38,658900000.0,,4690000000.0,4690000000.0,0.0,0.039,0.13,0.064,0.249,0.0,0.0,1.0,225506754.0,225500000,227300000.0,20.798,14693700000.0,170300000.0,353800000.0,2942400000.0,65.161,-233900000.0
26,WEC,MRT,2014-12-31,2014-12-31,2014-12-31,2021-08-05,300000.0,14905000000.0,14762625000.0,1292700000.0,13612300000.0,0.338,19.591,-761200000.0,61900000.0,61900000.0,3493600000.0,589500000.0,0.775,2.372,5212400000.0,1041700000.0,4170700000.0,5212400000.0,614100000.0,417000000.0,0.0,0.03,1.56,1191500000.0,1608500000.0,0.322,1608500000.0,1191500000.0,951200000.0,2.61,2.59,2.61,4419700000.0,4376775000.0,4419700000.0,16898184564.0,14.0,10.506,437700000.0,1.94,1.0,1503500000.0,0.301,441900000.0,240300000.0,17944900000.0,18098650000.0,400600000.0,456900000.0,0.0,456900000.0,10485300000.0,1668700000.0,8816600000.0,11893784564.0,35900000.0,800000.0,-72900000.0,5900000.0,-352000000.0,-406200000.0,-756800000.0,0.0,1198900000.0,0.0,589500000.0,588300000.0,588300000.0,0.0,0.0,0.118,391400000.0,1112100000.0,363300000.0,0.598,2.691,20.217,20.207,11257700000.0,1200000.0,52.74,2.38,2.381,643400000.0,4117000000.0,4997100000.0,4997100000.0,0.0,0.04,0.134,0.066,0.238,0.0,0.0,1.0,225517341.0,225600000,227500000.0,22.15,14463100000.0,0.0,361700000.0,2664000000.0,64.109,-376000000.0
27,WEC,MRT,2014-09-30,2014-09-30,2014-09-30,2021-08-05,0.0,14724900000.0,14728725000.0,1274500000.0,13450400000.0,0.336,19.505,-740500000.0,88700000.0,88700000.0,3463900000.0,612400000.0,1.196,2.348,5093100000.0,523500000.0,4569600000.0,5093100000.0,627200000.0,411300000.0,0.0,0.036,1.552,1226100000.0,1637400000.0,0.331,1637400000.0,1226100000.0,983800000.0,2.71,2.68,2.71,4398300000.0,4330100000.0,4398300000.0,14706601004.0,12.0,8.982,476000000.0,2.111,1.0,1486400000.0,0.3,441900000.0,242300000.0,18221800000.0,18124400000.0,379300000.0,455900000.0,0.0,455900000.0,10326600000.0,1065600000.0,9261000000.0,9697301004.0,70200000.0,-13100000.0,-82200000.0,9000000.0,-350600000.0,-416400000.0,-729900000.0,0.0,1216500000.0,0.0,612400000.0,611200000.0,611200000.0,0.0,0.0,0.123,352800000.0,1133600000.0,315000000.0,0.573,2.205,15.866,15.867,11134900000.0,1200000.0,43.0,1.959,1.959,498100000.0,,4950300000.0,4950300000.0,0.0,0.041,0.141,0.068,0.248,0.0,0.0,1.0,225518628.0,225500000,227400000.0,21.953,14283000000.0,165500000.0,371400000.0,2752700000.0,63.339,208900000.0
28,WEC,MRT,2014-06-30,2014-06-30,2014-06-30,2021-08-05,0.0,14619800000.0,14640700000.0,1285500000.0,13334300000.0,0.339,19.366,-723400000.0,33400000.0,33400000.0,3474800000.0,623600000.0,1.311,2.348,5042700000.0,455200000.0,4587500000.0,5042700000.0,639700000.0,404800000.0,0.0,0.033,1.545,1239300000.0,1644100000.0,0.331,1644100000.0,1239300000.0,995400000.0,2.76,2.72,2.76,4367100000.0,4280050000.0,4367100000.0,15668572829.0,13.0,9.53,548600000.0,2.433,1.0,1495400000.0,0.301,441900000.0,243900000.0,18206400000.0,18000175000.0,304300000.0,452100000.0,0.0,452100000.0,10252700000.0,980800000.0,9271900000.0,10581372829.0,12400000.0,-13200000.0,-119600000.0,-72600000.0,-349300000.0,-537500000.0,-722100000.0,0.0,1272000000.0,0.0,623600000.0,622400000.0,622400000.0,0.0,0.0,0.125,349900000.0,1145500000.0,288500000.0,0.56,2.423,17.001,17.0,11024000000.0,1200000.0,46.92,2.129,2.129,579700000.0,,4970200000.0,4970200000.0,0.0,0.043,0.145,0.069,0.249,0.0,0.0,1.0,225519455.0,225500000,227600000.0,22.041,14177900000.0,199300000.0,371800000.0,2714600000.0,62.873,304700000.0
29,WEC,MRT,2014-03-31,2014-03-31,2014-03-31,2021-08-05,0.0,14800800000.0,14565000000.0,1545000000.0,13255800000.0,0.339,19.141,-720800000.0,27600000.0,27600000.0,3456200000.0,609600000.0,1.085,2.425,5114800000.0,766000000.0,4348800000.0,5114800000.0,651900000.0,401500000.0,0.0,0.032,1.495,1225600000.0,1627100000.0,0.329,1627100000.0,1225600000.0,977400000.0,2.69,2.66,2.69,4322000000.0,4237125000.0,4322000000.0,15734600079.0,13.0,9.67,566200000.0,2.508,1.0,1482600000.0,0.3,441900000.0,248200000.0,18021500000.0,17875350000.0,234900000.0,445400000.0,0.0,445400000.0,10478800000.0,1424600000.0,9054200000.0,10517800079.0,2900000.0,-13100000.0,-173100000.0,-41100000.0,-339200000.0,-544500000.0,-739600000.0,0.0,1287000000.0,0.0,609600000.0,608400000.0,608400000.0,0.0,0.0,0.123,345200000.0,1137400000.0,435000000.0,0.556,2.434,17.288,17.305,10941700000.0,1200000.0,46.55,2.13,2.128,895000000.0,,4938800000.0,4938800000.0,0.0,0.042,0.144,0.069,0.248,0.0,0.0,1.0,225946296.0,225800000,227700000.0,21.872,14358900000.0,261400000.0,367800000.0,2699000000.0,63.591,120400000.0
30,WEC,MRT,2013-12-31,2013-12-31,2013-12-31,2021-08-05,0.0,14769400000.0,14438625000.0,1551100000.0,13218300000.0,0.313,18.598,-725200000.0,26000000.0,26000000.0,3098800000.0,578600000.0,1.037,2.489,5242800000.0,879600000.0,4363200000.0,5242800000.0,664200000.0,396000000.0,0.0,0.035,1.445,1167400000.0,1563400000.0,0.346,1563400000.0,1167400000.0,916500000.0,2.54,2.51,2.54,4233000000.0,4207525000.0,4233000000.0,14449518982.0,12.0,9.242,507000000.0,2.228,1.0,1420200000.0,0.314,441900000.0,250900000.0,18047900000.0,17800425000.0,329400000.0,438800000.0,0.0,438800000.0,10536400000.0,1496400000.0,9040000000.0,9364318982.0,-9600000.0,-10500000.0,-174900000.0,-3400000.0,-328900000.0,-496000000.0,-745800000.0,0.0,1232200000.0,0.0,578600000.0,577400000.0,577400000.0,0.0,0.0,0.128,340100000.0,1080100000.0,342600000.0,0.569,2.212,16.218,16.276,10906600000.0,1200000.0,41.34,2.072,2.082,727100000.0,,4519000000.0,4519000000.0,0.0,0.04,0.137,0.066,0.258,0.0,0.0,1.0,226519569.0,227600000,229700000.0,19.855,14327500000.0,310000000.0,337900000.0,2634000000.0,62.95,54700000.0
31,WEC,MRT,2013-09-30,2013-09-30,2013-09-30,2021-08-05,0.0,14372800000.0,14317525000.0,1238200000.0,13134600000.0,0.308,18.51,-727200000.0,18500000.0,18500000.0,3018400000.0,531900000.0,0.959,2.424,5103700000.0,732800000.0,4370900000.0,5103700000.0,676800000.0,391100000.0,0.0,0.034,1.363,1094200000.0,1485300000.0,0.337,1485300000.0,1094200000.0,837000000.0,2.33,2.31,2.33,4198100000.0,4183050000.0,4198100000.0,14305882880.0,13.0,9.632,504600000.0,2.225,1.0,1393500000.0,0.316,441900000.0,257200000.0,17724900000.0,17695100000.0,367600000.0,433200000.0,0.0,433200000.0,10174700000.0,1291200000.0,8883500000.0,9193182880.0,5500000.0,-10500000.0,-188900000.0,45200000.0,-311200000.0,-443300000.0,-783000000.0,0.0,1231800000.0,0.0,531900000.0,531900000.0,531900000.0,0.0,0.0,0.121,348800000.0,1044700000.0,296900000.0,0.585,2.19,17.284,17.33,10805200000.0,0.0,40.38,2.084,2.076,460000000.0,,4411900000.0,4411900000.0,0.0,0.037,0.127,0.062,0.248,0.0,0.0,1.0,227666738.0,226800000,228800000.0,19.453,13930900000.0,230800000.0,305100000.0,2470300000.0,61.424,-53000000.0
32,WEC,MRT,2013-06-30,2013-06-30,2013-06-30,2021-08-05,0.0,14317000000.0,14183000000.0,1271100000.0,13045900000.0,0.31,18.369,-700300000.0,21000000.0,21000000.0,2987000000.0,550500000.0,0.993,2.413,5133700000.0,750500000.0,4383200000.0,5133700000.0,689600000.0,385600000.0,0.0,0.031,1.28,1120700000.0,1506300000.0,0.342,1506300000.0,1120700000.0,864600000.0,2.4,2.38,2.4,4195400000.0,4170325000.0,4195400000.0,14521856590.0,13.0,9.641,546400000.0,2.392,1.0,1411000000.0,0.321,441900000.0,256100000.0,17707100000.0,17528425000.0,317900000.0,428800000.0,0.0,428800000.0,10121600000.0,1280700000.0,8840900000.0,9375356590.0,7900000.0,-14300000.0,-160000000.0,-42600000.0,-293600000.0,-485200000.0,-753600000.0,0.0,1246700000.0,0.0,550500000.0,550500000.0,550500000.0,0.0,0.0,0.125,343700000.0,1067300000.0,276400000.0,0.533,2.235,17.031,17.079,10704500000.0,0.0,40.99,2.132,2.129,501700000.0,,4398000000.0,4398000000.0,0.0,0.039,0.132,0.064,0.255,0.0,0.0,1.0,228723020.0,228400000,230500000.0,19.256,13875100000.0,0.0,314100000.0,2369700000.0,60.749,-9600000.0
33,WEC,MRT,2013-03-31,2013-03-31,2013-03-31,2021-08-05,0.0,14295300000.0,14075650000.0,1313800000.0,12981500000.0,0.308,18.364,-698300000.0,24700000.0,24700000.0,2932700000.0,550800000.0,1.028,2.401,5171200000.0,730200000.0,4441000000.0,5171200000.0,702600000.0,379300000.0,0.0,0.029,1.24,1115500000.0,1494800000.0,0.345,1494800000.0,1115500000.0,861200000.0,2.4,2.37,2.4,4203600000.0,4141750000.0,4203600000.0,15044226895.0,13.0,10.064,465400000.0,2.033,1.0,1397700000.0,0.323,441900000.0,254300000.0,17721800000.0,17396175000.0,266800000.0,419800000.0,0.0,419800000.0,10091700000.0,1278100000.0,8813600000.0,9822026895.0,6600000.0,-14400000.0,-126300000.0,-9600000.0,-285000000.0,-412600000.0,-744500000.0,0.0,1163700000.0,0.0,550800000.0,550800000.0,550800000.0,0.0,0.0,0.127,337300000.0,1060400000.0,257100000.0,0.517,2.337,17.832,17.871,10616100000.0,0.0,42.89,2.268,2.267,635300000.0,,4330400000.0,4330400000.0,0.0,0.039,0.133,0.064,0.258,0.0,0.0,1.0,229005057.0,228900000,231200000.0,18.918,13853400000.0,0.0,310400000.0,2275600000.0,60.522,35700000.0
34,WEC,MRT,2012-12-31,2012-12-31,2012-12-31,2021-08-05,0.0,14285000000.0,13957150000.0,1272600000.0,13012400000.0,0.304,17.963,-707000000.0,35600000.0,35600000.0,2881900000.0,546300000.0,0.883,2.455,5260500000.0,806700000.0,4453800000.0,5260500000.0,709700000.0,371700000.0,0.0,0.033,1.2,1100800000.0,1472500000.0,0.347,1472500000.0,1100800000.0,852600000.0,2.37,2.35,2.37,4135100000.0,4103725000.0,4135100000.0,13530482964.0,12.0,9.189,466900000.0,2.028,1.0,1364500000.0,0.321,441900000.0,248200000.0,17626600000.0,17305375000.0,360700000.0,413800000.0,0.0,413800000.0,10149900000.0,1441400000.0,8708500000.0,8478082964.0,21500000.0,-15700000.0,-103400000.0,-43800000.0,-276300000.0,-422800000.0,-729600000.0,0.0,1173900000.0,0.0,546300000.0,546300000.0,546300000.0,0.0,0.0,0.129,329400000.0,1035100000.0,368400000.0,0.506,2.05,15.519,15.549,10572200000.0,0.0,36.85,1.997,1.998,563400000.0,,4246400000.0,4246400000.0,0.0,0.039,0.133,0.064,0.259,0.0,0.0,1.0,230070094.0,230200000,232800000.0,18.447,13843100000.0,105300000.0,306300000.0,2117000000.0,60.135,-168800000.0
35,WEC,MRT,2012-09-30,2012-09-30,2012-09-30,2021-08-05,0.0,13834700000.0,13851425000.0,1084800000.0,12749900000.0,0.31,18.0,-696100000.0,22500000.0,22500000.0,2942800000.0,563500000.0,0.782,2.336,5074900000.0,834300000.0,4240600000.0,5074900000.0,714100000.0,365700000.0,0.0,0.031,1.16,1112000000.0,1477700000.0,0.345,1477700000.0,1112000000.0,872500000.0,2.45,2.42,2.45,4147200000.0,4060775000.0,4147200000.0,13841741391.0,12.0,9.367,462100000.0,2.006,1.0,1345600000.0,0.314,441900000.0,239500000.0,17058200000.0,17226950000.0,342100000.0,408900000.0,0.0,408900000.0,9687500000.0,1387000000.0,8300500000.0,8680941391.0,-2100000.0,-13100000.0,-98500000.0,-63700000.0,-267400000.0,-426700000.0,-733600000.0,0.0,1158200000.0,0.0,563500000.0,563500000.0,563500000.0,-1900000.0,0.0,0.131,291000000.0,1054600000.0,277700000.0,0.473,2.093,15.405,15.376,10438800000.0,0.0,37.67,2.024,2.024,477100000.0,,4288400000.0,4288400000.0,0.0,0.041,0.139,0.065,0.259,0.0,0.0,1.0,230447077.0,230400000,232900000.0,18.613,13392800000.0,48400000.0,309000000.0,1994200000.0,58.128,-302200000.0
36,WEC,MRT,2012-06-30,2012-06-30,2012-06-30,2021-08-05,0.0,13887600000.0,13705125000.0,1236900000.0,12650700000.0,0.314,17.713,-797700000.0,31000000.0,31000000.0,3021800000.0,537200000.0,0.866,2.403,5191800000.0,894300000.0,4297500000.0,5191800000.0,727500000.0,351000000.0,0.0,0.028,1.12,1061500000.0,1412500000.0,0.328,1412500000.0,1061500000.0,826100000.0,2.33,2.3,2.33,4081100000.0,4009150000.0,4081100000.0,14270205023.0,13.0,10.103,155800000.0,0.676,1.0,1280100000.0,0.298,441900000.0,235400000.0,17178100000.0,17163650000.0,335000000.0,399700000.0,0.0,399700000.0,9806500000.0,1428400000.0,8378100000.0,9119105023.0,2500000.0,-8600000.0,-155900000.0,297400000.0,-258800000.0,-113400000.0,-837600000.0,0.0,953500000.0,0.0,537200000.0,537200000.0,537200000.0,-1900000.0,0.0,0.125,281800000.0,998300000.0,267500000.0,0.481,2.234,16.975,16.983,10340700000.0,0.0,39.57,2.12,2.119,498800000.0,,4301900000.0,4301900000.0,0.0,0.039,0.134,0.062,0.247,0.0,0.0,1.0,230455017.0,230400000,233100000.0,18.671,13445700000.0,0.0,288900000.0,1862500000.0,58.358,-191500000.0
37,WEC,MRT,2012-03-31,2012-03-31,2012-03-31,2021-08-05,0.0,13821300000.0,13502300000.0,1279800000.0,12541500000.0,0.322,17.577,-837600000.0,42800000.0,42800000.0,3125000000.0,527400000.0,1.092,2.411,5193900000.0,591100000.0,4602800000.0,5193900000.0,740900000.0,342800000.0,0.0,0.031,1.08,1029600000.0,1372400000.0,0.316,1372400000.0,1029600000.0,798300000.0,2.28,2.25,2.28,4051500000.0,3975775000.0,4051500000.0,13364836872.0,13.0,9.738,105300000.0,0.457,1.0,1223900000.0,0.281,441900000.0,231300000.0,17358600000.0,16954675000.0,311600000.0,393400000.0,0.0,393400000.0,9769800000.0,1171900000.0,8597900000.0,8107636872.0,-217900000.0,-6600000.0,-143900000.0,106200000.0,-250300000.0,-282300000.0,-878500000.0,0.0,942900000.0,0.0,527400000.0,527400000.0,527400000.0,-13400000.0,0.0,0.121,273800000.0,950100000.0,239300000.0,0.474,2.001,15.373,15.43,10235000000.0,0.0,35.18,1.864,1.865,577200000.0,,4348900000.0,4348900000.0,0.0,0.039,0.133,0.061,0.237,0.0,0.0,1.0,230461537.0,230500000,233200000.0,18.867,13379400000.0,0.0,270900000.0,1791200000.0,58.045,107900000.0
38,WEC,MRT,2011-12-31,2011-12-31,2011-12-31,2021-08-05,0.0,13862100000.0,13344125000.0,1426200000.0,12435900000.0,0.336,17.039,-830800000.0,59600000.0,59600000.0,3268900000.0,526200000.0,1.045,2.498,5316800000.0,702500000.0,4614300000.0,5316800000.0,754500000.0,336400000.0,0.0,0.03,1.04,1025900000.0,1362300000.0,0.304,1362300000.0,1025900000.0,790100000.0,2.26,2.24,2.26,3963300000.0,3939075000.0,3963300000.0,13171919666.0,13.0,9.669,162600000.0,0.699,1.0,1217500000.0,0.271,441900000.0,235800000.0,17312900000.0,16671350000.0,382000000.0,393300000.0,0.0,393300000.0,9898800000.0,1364500000.0,8534300000.0,8085119666.0,-10400000.0,-6600000.0,-139500000.0,265400000.0,-242000000.0,-111300000.0,-892500000.0,0.0,993400000.0,0.0,526200000.0,526200000.0,526200000.0,-13400000.0,0.0,0.117,267500000.0,950000000.0,325700000.0,0.46,2.04,15.365,15.469,10160400000.0,0.0,34.96,1.802,1.813,602100000.0,,4486400000.0,4486400000.0,0.0,0.039,0.134,0.062,0.229,0.0,0.0,1.0,231267725.0,232600000,235400000.0,19.288,13420200000.0,155100000.0,263900000.0,1696100000.0,57.696,61700000.0
39,WEC,MRT,2011-09-30,2011-09-30,2011-09-30,2021-08-05,0.0,13249500000.0,13143550000.0,1132400000.0,12117100000.0,0.34,16.971,-864800000.0,60600000.0,60600000.0,3276400000.0,536100000.0,1.039,2.362,5147400000.0,528500000.0,4618900000.0,5147400000.0,767700000.0,328700000.0,0.0,0.031,0.98,1040600000.0,1369300000.0,0.307,1369300000.0,1040600000.0,811500000.0,2.3,2.26,2.3,3940700000.0,3898775000.0,3940700000.0,12165217622.0,12.0,8.884,119500000.0,0.515,1.0,1186600000.0,0.266,441900000.0,229100000.0,16805000000.0,16324950000.0,368100000.0,382800000.0,0.0,382800000.0,9308800000.0,1089400000.0,8219400000.0,7313717622.0,3900000.0,-7900000.0,-113900000.0,231600000.0,-228700000.0,-106600000.0,-873800000.0,0.0,984300000.0,0.0,536100000.0,536100000.0,536100000.0,-11800000.0,0.0,0.12,283000000.0,903600000.0,274600000.0,0.426,1.856,13.642,13.604,9999100000.0,0.0,31.29,1.639,1.628,476200000.0,,4463000000.0,4463000000.0,0.0,0.041,0.138,0.064,0.233,0.0,0.0,1.0,233739777.0,232200000,234900000.0,19.22,12807600000.0,0.0,275400000.0,1447300000.0,55.158,43000000.0
40,WEC,MRT,2011-06-30,2011-06-30,2011-06-30,2021-08-05,0.0,13076300000.0,13010800000.0,1171900000.0,11904400000.0,0.337,16.892,-766200000.0,56100000.0,56100000.0,3278500000.0,518500000.0,1.025,2.312,4907600000.0,573000000.0,4334600000.0,4907600000.0,781300000.0,329200000.0,0.0,0.029,0.92,1012100000.0,1341300000.0,0.306,1341300000.0,1012100000.0,787300000.0,2.22,2.18,2.22,3947600000.0,3845525000.0,3947600000.0,12146847477.0,12.0,9.056,269100000.0,1.151,1.0,1104900000.0,0.252,441900000.0,224800000.0,16342200000.0,16003775000.0,339100000.0,376700000.0,0.0,376700000.0,9128700000.0,1143700000.0,7985000000.0,7327947477.0,100000.0,-5900000.0,-62000000.0,-43100000.0,-215000000.0,-309500000.0,-725700000.0,0.0,1035300000.0,0.0,518500000.0,518500000.0,518500000.0,-11700000.0,0.0,0.118,277800000.0,827100000.0,309800000.0,0.414,1.856,14.133,14.122,9821300000.0,0.0,31.35,1.672,1.671,517300000.0,,4383400000.0,4383400000.0,0.0,0.04,0.135,0.063,0.231,0.0,0.0,1.0,233746331.0,233700000,236600000.0,18.757,12634400000.0,0.0,268800000.0,1339800000.0,54.062,28200000.0
41,WEC,MRT,2011-03-31,2011-03-31,2011-03-31,2021-08-05,0.0,13188600000.0,12915100000.0,1459800000.0,11728800000.0,0.332,16.708,-739100000.0,281500000.0,281500000.0,3241500000.0,497700000.0,1.089,2.378,5100400000.0,761300000.0,4339100000.0,5100400000.0,795000000.0,329700000.0,0.0,0.028,0.86,985900000.0,1315600000.0,0.307,1315600000.0,985900000.0,765500000.0,2.13,2.09,2.13,3904700000.0,3777900000.0,3904700000.0,12159897692.0,12.0,9.243,158600000.0,0.679,1.0,1041100000.0,0.243,441900000.0,220400000.0,16225300000.0,15776225000.0,284400000.0,374800000.0,0.0,374800000.0,9283900000.0,1340300000.0,7943600000.0,7129397692.0,223900000.0,-3900000.0,-65700000.0,188500000.0,-201000000.0,-67000000.0,-606800000.0,0.0,897700000.0,0.0,497700000.0,497700000.0,497700000.0,-1400000.0,0.0,0.116,272300000.0,768800000.0,269100000.0,0.404,1.826,14.325,14.319,9639000000.0,0.0,30.5,1.665,1.664,650100000.0,,4282600000.0,4282600000.0,0.0,0.039,0.132,0.062,0.23,0.0,0.0,1.0,233750744.0,233700000,236600000.0,18.325,12746700000.0,0.0,267800000.0,1267900000.0,54.543,119500000.0
42,WEC,MRT,2010-12-31,2010-12-31,2010-12-31,2021-08-05,0.0,13059800000.0,12798325000.0,1331100000.0,11728700000.0,0.328,16.262,-798200000.0,32800000.0,32800000.0,3284900000.0,456500000.0,0.773,2.435,5063300000.0,1131300000.0,3932000000.0,5063300000.0,805500000.0,317400000.0,0.0,0.027,0.8,912800000.0,1230200000.0,0.293,1230200000.0,912800000.0,706400000.0,1.95,1.93,1.95,3802100000.0,3712175000.0,3802100000.0,11733651357.0,13.0,9.538,12200000.0,0.052,1.0,917600000.0,0.218,441900000.0,206400000.0,15927300000.0,15664225000.0,379100000.0,376300000.0,0.0,376300000.0,9257700000.0,1721100000.0,7536600000.0,6880551357.0,4300000.0,-5200000.0,-65700000.0,71100000.0,-187000000.0,-172600000.0,-633500000.0,0.0,810400000.0,0.0,456500000.0,456500000.0,456500000.0,-2100000.0,0.0,0.109,265400000.0,652200000.0,315400000.0,0.41,1.81,15.072,15.092,9601500000.0,0.0,29.43,1.637,1.637,624900000.0,,4202500000.0,4202500000.0,0.0,0.036,0.123,0.058,0.217,0.0,0.0,1.0,233793794.0,233800000,236700000.0,17.975,12617900000.0,83700000.0,249900000.0,1154800000.0,53.969,-390000000.0
43,WEC,MRT,2010-09-30,2010-09-30,2010-09-30,2021-08-05,0.0,12718500000.0,12707850000.0,1188600000.0,11529900000.0,0.328,15.944,-807100000.0,73900000.0,73900000.0,3274100000.0,449300000.0,0.739,2.412,4927000000.0,991300000.0,3935700000.0,4927000000.0,791800000.0,316700000.0,0.0,0.027,0.769,889100000.0,1205800000.0,0.289,1205800000.0,889100000.0,696500000.0,1.92,1.89,1.92,3727700000.0,3653375000.0,3727700000.0,11589798273.0,13.0,9.612,41800000.0,0.179,1.0,899900000.0,0.216,441900000.0,192600000.0,15520300000.0,15468350000.0,422300000.0,365200000.0,0.0,365200000.0,8990800000.0,1609400000.0,7381400000.0,6756698273.0,1500000.0,-27400000.0,-56600000.0,51600000.0,-179700000.0,-177300000.0,-670100000.0,0.0,848900000.0,0.0,449300000.0,449300000.0,449300000.0,-7400000.0,0.0,0.108,286000000.0,613900000.0,254300000.0,0.401,1.813,15.038,15.052,9399900000.0,0.0,28.9,1.619,1.619,458100000.0,,4174000000.0,4174000000.0,0.0,0.035,0.123,0.057,0.213,0.0,0.0,1.0,233795788.0,233800000,236900000.0,17.853,12276600000.0,0.0,247200000.0,1047600000.0,52.509,-420800000.0
44,WEC,MRT,2010-06-30,2010-06-30,2010-06-30,2021-08-05,0.0,12693500000.0,12633400000.0,1273000000.0,11420500000.0,0.318,15.728,-830300000.0,123200000.0,123200000.0,3208600000.0,395600000.0,0.77,2.452,4956300000.0,1013700000.0,3942600000.0,4956300000.0,778100000.0,326500000.0,0.0,0.029,0.738,791200000.0,1117700000.0,0.278,1117700000.0,791200000.0,612700000.0,1.69,1.67,1.69,3677100000.0,3593175000.0,3677100000.0,10684543548.0,14.0,9.559,-8700000.0,-0.037,1.0,807700000.0,0.201,441900000.0,178500000.0,15432000000.0,15239000000.0,390200000.0,362800000.0,0.0,362800000.0,9016400000.0,1652700000.0,7363700000.0,5931543548.0,-1300000.0,-33100000.0,-34100000.0,88900000.0,-172400000.0,-116300000.0,-706600000.0,0.0,821600000.0,0.0,395600000.0,395600000.0,395600000.0,-7800000.0,0.0,0.098,295100000.0,512600000.0,270500000.0,0.437,1.613,14.994,15.012,9290000000.0,0.0,25.37,1.477,1.477,494500000.0,,4016300000.0,4016300000.0,0.0,0.031,0.11,0.052,0.197,0.0,0.0,1.0,233801480.0,233800000,236600000.0,17.178,12251600000.0,0.0,217100000.0,1039600000.0,52.402,-379700000.0
45,WEC,MRT,2010-03-31,2010-03-31,2010-03-31,2021-08-05,0.0,12721500000.0,12534600000.0,1319900000.0,11401600000.0,0.316,15.577,-837800000.0,163800000.0,163800000.0,3197400000.0,370600000.0,1.051,2.493,4916800000.0,520700000.0,4396100000.0,4916800000.0,764600000.0,331200000.0,0.0,0.029,0.706,742800000.0,1074000000.0,0.271,1074000000.0,742800000.0,577500000.0,1.58,1.57,1.58,3641800000.0,3540675000.0,3641800000.0,10557267787.0,14.0,9.83,74500000.0,0.319,1.0,763700000.0,0.193,441900000.0,165300000.0,15777300000.0,15034200000.0,337000000.0,358900000.0,0.0,358900000.0,9079700000.0,1255300000.0,7824400000.0,5776067787.0,-4200000.0,-23600000.0,-21900000.0,35600000.0,-165100000.0,-152300000.0,-764200000.0,0.0,912300000.0,0.0,370600000.0,370600000.0,370600000.0,-7300000.0,0.0,0.094,303900000.0,459800000.0,279000000.0,0.447,1.586,15.586,15.636,9237200000.0,0.0,24.705,1.458,1.458,599600000.0,,3961100000.0,3961100000.0,0.0,0.03,0.105,0.049,0.188,0.0,0.0,1.0,233801570.0,233800000,236700000.0,16.942,12279600000.0,0.0,206900000.0,1038900000.0,52.522,64600000.0
46,WEC,MRT,2009-12-31,2009-12-31,2009-12-31,2021-08-05,0.0,12697900000.0,12457000000.0,1529300000.0,11168600000.0,0.329,15.256,-814600000.0,214700000.0,214700000.0,3328300000.0,382400000.0,0.807,2.56,4996600000.0,1120800000.0,3875800000.0,4996600000.0,739100000.0,346900000.0,0.0,0.027,0.675,754600000.0,1101500000.0,0.269,1101500000.0,754600000.0,597900000.0,1.64,1.62,1.64,3566900000.0,3490125000.0,3566900000.0,10459675927.0,14.0,9.496,-185700000.0,-0.794,1.0,772600000.0,0.188,441900000.0,156700000.0,15143800000.0,14791050000.0,378100000.0,358700000.0,0.0,358700000.0,9131000000.0,1894100000.0,7236900000.0,5825675927.0,-11500000.0,-25900000.0,-12600000.0,263200000.0,-157800000.0,95700000.0,-736100000.0,0.0,628900000.0,0.0,382400000.0,382400000.0,382400000.0,-6700000.0,0.0,0.093,314500000.0,458100000.0,290600000.0,0.412,1.633,15.235,15.192,9015800000.0,0.0,24.915,1.421,1.42,587400000.0,,4100900000.0,4100900000.0,0.0,0.031,0.11,0.051,0.184,0.0,0.0,1.0,233822032.0,233800000,235900000.0,17.54,12256000000.0,0.0,215500000.0,1055600000.0,52.421,-364800000.0
47,WEC,MRT,2009-09-30,2009-09-30,2009-09-30,2021-08-05,0.0,12420700000.0,12436975000.0,1328600000.0,11092100000.0,0.339,14.914,-798100000.0,247700000.0,247700000.0,3487100000.0,364100000.0,0.661,2.562,4881700000.0,1250500000.0,3631200000.0,4881700000.0,687900000.0,347500000.0,0.0,0.028,0.641,733900000.0,1081400000.0,0.256,1081400000.0,733900000.0,574600000.0,1.555,1.545,1.555,3486900000.0,3432625000.0,3486900000.0,9858314137.0,13.0,9.116,-271100000.0,-1.16,1.0,734700000.0,0.174,441900000.0,159300000.0,14602900000.0,14695250000.0,388900000.0,397500000.0,0.0,397500000.0,8933800000.0,2009900000.0,6923900000.0,5280914137.0,-12900000.0,-9800000.0,-10000000.0,321700000.0,-150000000.0,160700000.0,-700600000.0,0.0,527000000.0,0.0,364100000.0,364100000.0,364100000.0,-4100000.0,0.0,0.086,322500000.0,412200000.0,263800000.0,0.412,1.515,14.504,14.524,8903700000.0,0.0,22.585,1.251,1.251,457300000.0,,4221800000.0,4221800000.0,0.0,0.029,0.106,0.05,0.174,0.0,0.0,1.0,233823960.0,233800000,236000000.0,18.057,11978800000.0,0.0,210500000.0,950000000.0,51.235,-681300000.0
48,WEC,MRT,2009-06-30,2009-06-30,2009-06-30,2021-08-05,0.0,12298300000.0,12282725000.0,1300100000.0,10998200000.0,0.347,14.829,-855300000.0,295900000.0,295900000.0,3591100000.0,383100000.0,0.714,2.547,4873300000.0,1053200000.0,3820100000.0,4873300000.0,639000000.0,343000000.0,0.0,0.03,0.608,764900000.0,1107900000.0,0.26,1107900000.0,764900000.0,605200000.0,1.635,1.62,1.635,3467100000.0,3377225000.0,3467100000.0,9300869266.0,12.0,8.395,-461700000.0,-1.975,1.0,666700000.0,0.157,441900000.0,159700000.0,14612800000.0,14343175000.0,314500000.0,442300000.0,0.0,442300000.0,8831200000.0,1821000000.0,7010200000.0,4759569266.0,-14100000.0,-7800000.0,-8300000.0,422500000.0,-142100000.0,269000000.0,-676700000.0,0.0,393600000.0,0.0,383100000.0,383100000.0,383100000.0,-4700000.0,0.0,0.09,320000000.0,346700000.0,279300000.0,0.372,1.373,12.424,12.45,8751800000.0,0.0,20.355,1.118,1.118,513700000.0,,4257800000.0,4257800000.0,0.0,0.031,0.113,0.053,0.18,0.0,0.0,1.0,233828016.0,233800000,235600000.0,18.211,11856400000.0,0.0,222100000.0,839700000.0,50.712,-520900000.0
49,WEC,MRT,2009-03-31,2009-03-31,2009-03-31,2021-08-05,0.0,12411100000.0,12139400000.0,1532800000.0,10878300000.0,0.36,14.712,-957100000.0,345700000.0,345700000.0,3748400000.0,377400000.0,0.899,2.608,4887000000.0,803600000.0,4083400000.0,4887000000.0,592200000.0,334800000.0,0.0,0.028,0.574,751700000.0,1086500000.0,0.249,1086500000.0,751700000.0,596400000.0,1.615,1.595,1.615,3439600000.0,3314875000.0,3439600000.0,9133305414.0,12.0,8.406,-544300000.0,-2.328,1.0,619100000.0,0.142,441900000.0,155300000.0,14804700000.0,13886525000.0,251300000.0,469500000.0,0.0,469500000.0,8971500000.0,1705800000.0,7265700000.0,4813505414.0,-7200000.0,-26300000.0,-11200000.0,507900000.0,-134200000.0,358400000.0,-778400000.0,0.0,412800000.0,0.0,377400000.0,377400000.0,377400000.0,-3800000.0,0.0,0.086,314800000.0,304300000.0,303900000.0,0.355,1.399,12.754,12.746,8600400000.0,0.0,20.585,1.102,1.102,750700000.0,,4367500000.0,4367500000.0,0.0,0.031,0.114,0.054,0.172,0.0,0.0,1.0,233835580.0,233800000,236000000.0,18.68,11969200000.0,0.0,219000000.0,829400000.0,51.194,-173000000.0
50,WEC,MRT,2008-12-31,2008-12-31,2008-12-31,2021-08-05,0.0,12617800000.0,11956150000.0,1707500000.0,10910300000.0,0.368,14.272,-1133900000.0,419000000.0,419000000.0,3911700000.0,359100000.0,0.984,2.781,4738800000.0,664100000.0,4074700000.0,4738800000.0,545400000.0,329600000.0,0.0,0.026,0.54,727900000.0,1057500000.0,0.24,1057500000.0,727900000.0,574200000.0,1.535,1.52,1.535,3336900000.0,3252850000.0,3336900000.0,9000659452.0,12.0,8.511,-397600000.0,-1.701,1.0,490700000.0,0.111,441900000.0,153700000.0,14760600000.0,13265225000.0,344700000.0,490300000.0,0.0,490300000.0,9280900000.0,1735100000.0,7545800000.0,4908259452.0,5000000.0,-11000000.0,-11400000.0,316800000.0,-126300000.0,175000000.0,-906300000.0,0.0,736300000.0,0.0,359100000.0,359100000.0,359100000.0,-4000000.0,0.0,0.082,306700000.0,184000000.0,441000000.0,0.352,1.471,13.668,13.674,8502600000.0,0.0,20.99,1.115,1.115,710700000.0,,4402400000.0,4402400000.0,0.0,0.03,0.11,0.055,0.165,0.0,0.0,1.0,233837992.0,233800000,236400000.0,18.83,12175900000.0,0.0,215100000.0,855600000.0,52.078,-27600000.0
51,WEC,MRT,2008-09-30,2008-09-30,2008-09-30,2021-08-05,0.0,11803700000.0,11731775000.0,1385800000.0,10417900000.0,0.373,13.966,-1256900000.0,474200000.0,474200000.0,3816500000.0,353000000.0,0.613,2.615,4566600000.0,1295500000.0,3271100000.0,4566600000.0,495000000.0,329400000.0,0.0,0.024,0.53,725400000.0,1054800000.0,0.241,1054800000.0,725400000.0,571600000.0,1.51,1.485,1.51,3265300000.0,3193425000.0,3265300000.0,9102605351.0,13.0,8.63,-714200000.0,-3.055,1.0,557500000.0,0.127,441900000.0,153800000.0,13194600000.0,12685725000.0,359500000.0,518400000.0,0.0,518400000.0,8538400000.0,2259600000.0,6278800000.0,5249705351.0,-476700000.0,1900000.0,-16500000.0,-41300000.0,-123900000.0,-181000000.0,-838400000.0,0.0,542700000.0,0.0,353000000.0,353000000.0,353000000.0,-1400000.0,0.0,0.081,270200000.0,287300000.0,330900000.0,0.351,1.608,14.872,14.868,8333700000.0,0.0,22.45,1.2,1.2,489200000.0,,4374000000.0,4374000000.0,0.0,0.03,0.111,0.057,0.166,0.0,0.0,1.0,233839882.0,233800000,236400000.0,18.708,11361800000.0,0.0,218600000.0,684500000.0,48.596,-873800000.0
52,WEC,MRT,2008-06-30,2008-06-30,2008-06-30,2021-08-05,0.0,11725000000.0,11721400000.0,1522800000.0,10202200000.0,0.376,13.763,-1279700000.0,604100000.0,604100000.0,3672800000.0,358400000.0,0.648,2.644,4457000000.0,1330400000.0,3126600000.0,4457000000.0,447600000.0,331900000.0,0.0,0.023,0.52,743200000.0,1075100000.0,0.244,1075100000.0,743200000.0,585700000.0,1.535,1.51,1.535,3217700000.0,3135750000.0,3217700000.0,9003782035.0,12.0,8.375,-629200000.0,-2.691,1.0,731200000.0,0.166,441900000.0,157500000.0,12786200000.0,12486750000.0,279000000.0,546200000.0,0.0,546200000.0,8507300000.0,2349800000.0,6157500000.0,5287482035.0,-10100000.0,947200000.0,-14300000.0,-45800000.0,-121500000.0,-179900000.0,-480700000.0,552400000.0,650500000.0,0.0,358400000.0,358400000.0,358400000.0,-300000.0,0.0,0.081,271800000.0,459400000.0,343500000.0,0.339,1.643,14.753,14.73,8132100000.0,0.0,22.61,1.201,1.2,567500000.0,,4404000000.0,4404000000.0,0.0,0.031,0.114,0.06,0.169,0.0,0.0,1.0,233855906.0,233800000,236600000.0,18.837,11283100000.0,0.0,227300000.0,662700000.0,48.26,-827000000.0
53,WEC,MRT,2008-03-31,2008-03-31,2008-03-31,2021-08-05,0.0,11678100000.0,11655750000.0,1657000000.0,10021100000.0,0.375,13.651,-1268200000.0,667500000.0,667500000.0,3548900000.0,357900000.0,0.629,2.659,4383800000.0,1409600000.0,2974200000.0,4383800000.0,397700000.0,333200000.0,0.0,0.023,0.51,750700000.0,1083900000.0,0.248,1083900000.0,750700000.0,586600000.0,1.53,1.51,1.53,3191500000.0,3075975000.0,3191500000.0,8810925164.0,12.0,8.129,-754900000.0,-3.229,1.0,816200000.0,0.187,441900000.0,164100000.0,12319500000.0,12780700000.0,235100000.0,579000000.0,0.0,579000000.0,8486600000.0,2633000000.0,5853600000.0,5143925164.0,100000.0,967100000.0,-17400000.0,135800000.0,-119300000.0,-3500000.0,-509700000.0,552400000.0,513300000.0,0.0,357900000.0,357900000.0,357900000.0,-300000.0,0.0,0.082,272600000.0,543600000.0,422100000.0,0.333,1.612,14.373,14.376,7911700000.0,0.0,21.995,1.178,1.178,780800000.0,,4365100000.0,4365100000.0,0.0,0.031,0.116,0.059,0.172,0.0,0.0,1.0,233867932.0,233800000,236600000.0,18.67,11236200000.0,0.0,228700000.0,542900000.0,48.059,-976000000.0
54,WEC,MRT,2007-12-31,2007-12-31,2007-12-31,2021-08-05,0.0,11720300000.0,11544725000.0,1849700000.0,9870600000.0,0.367,13.256,-1210200000.0,759000000.0,759000000.0,3286500000.0,335600000.0,0.739,2.782,4426000000.0,1253500000.0,3172500000.0,4426000000.0,347700000.0,337700000.0,0.0,0.021,0.5,719100000.0,1056800000.0,0.25,1056800000.0,719100000.0,551500000.0,1.435,1.415,1.435,3099200000.0,3016300000.0,3099200000.0,8834197037.0,12.0,8.359,-677800000.0,-2.899,1.0,948600000.0,0.224,441900000.0,167600000.0,12442600000.0,12986675000.0,361300000.0,604700000.0,0.0,604700000.0,8621100000.0,2502800000.0,6118300000.0,5696297037.0,-9600000.0,963100000.0,-31700000.0,148400000.0,-116900000.0,1100000.0,-543100000.0,552400000.0,532400000.0,0.0,335600000.0,335600000.0,335600000.0,100000.0,0.0,0.079,279000000.0,669600000.0,478300000.0,0.348,1.838,16.973,16.972,7681200000.0,0.0,24.355,1.345,1.345,674000000.0,,4235100000.0,4235100000.0,0.0,0.029,0.111,0.055,0.17,0.0,0.0,1.0,233886144.0,233800000,237000000.0,18.114,11278400000.0,0.0,215900000.0,599500000.0,48.24,-653100000.0
55,WEC,MRT,2007-09-30,2007-09-30,2007-09-30,2021-08-05,0.0,11762200000.0,11397200000.0,1478700000.0,10283500000.0,0.367,12.979,-1106900000.0,1469100000.0,1469100000.0,3269100000.0,318300000.0,0.718,2.876,4607000000.0,1113600000.0,3493400000.0,4607000000.0,301500000.0,344800000.0,0.0,0.022,0.49,678200000.0,1023000000.0,0.244,1023000000.0,678200000.0,507600000.0,1.355,1.345,1.355,3034600000.0,2963750000.0,3034600000.0,9730683705.0,14.0,9.512,-452500000.0,-1.935,1.0,915200000.0,0.219,441900000.0,170600000.0,12398700000.0,13136225000.0,410300000.0,1240700000.0,0.0,1240700000.0,8727600000.0,2059500000.0,6668100000.0,5266183705.0,478800000.0,991000000.0,-37000000.0,652000000.0,-114600000.0,500000000.0,-675600000.0,552400000.0,654400000.0,0.0,318300000.0,318300000.0,318300000.0,1200000.0,0.0,0.076,280800000.0,634400000.0,364500000.0,0.362,1.735,16.545,16.616,7281600000.0,0.0,22.515,1.259,1.258,468000000.0,,4184300000.0,4184300000.0,0.0,0.028,0.107,0.052,0.162,0.0,0.0,1.0,233896678.0,233800000,236400000.0,17.897,11320300000.0,0.0,189300000.0,242700000.0,48.419,-580800000.0
56,WEC,MRT,2007-06-30,2007-06-30,2007-06-30,2021-08-05,0.0,11462400000.0,11112700000.0,1061800000.0,10400600000.0,0.373,12.74,-1080300000.0,36700000.0,36700000.0,3252900000.0,306200000.0,0.697,2.848,4501200000.0,957100000.0,3544100000.0,4501200000.0,256700000.0,341000000.0,0.0,0.022,0.48,655700000.0,996700000.0,0.241,996700000.0,655700000.0,486100000.0,1.305,1.295,1.305,2978600000.0,2913750000.0,2978600000.0,9401310575.0,14.0,9.432,-475300000.0,-2.033,1.0,889700000.0,0.215,441900000.0,169600000.0,13962000000.0,13182075000.0,333700000.0,1206700000.0,0.0,1206700000.0,8483800000.0,1523000000.0,6960800000.0,5172710575.0,18600000.0,62300000.0,-40400000.0,700600000.0,-112300000.0,548400000.0,-1134800000.0,0.0,605000000.0,0.0,306200000.0,306200000.0,306200000.0,1000000.0,0.0,0.074,277200000.0,612500000.0,317100000.0,0.368,1.737,16.893,16.946,7486600000.0,0.0,22.115,1.249,1.248,525200000.0,,4142600000.0,4142600000.0,0.0,0.028,0.105,0.05,0.158,0.0,0.0,1.0,233900546.0,233800000,237000000.0,17.719,11020500000.0,0.0,179900000.0,555800000.0,47.136,-461200000.0
57,WEC,MRT,2007-03-31,2007-03-31,2007-03-31,2021-08-05,0.0,11234000000.0,10847200000.0,1119300000.0,10114700000.0,0.373,12.619,-1004400000.0,24100000.0,24100000.0,3161200000.0,311600000.0,0.596,2.805,4252700000.0,1187200000.0,3065500000.0,4252700000.0,0.0,338700000.0,0.0,0.019,0.47,658500000.0,997200000.0,0.246,997200000.0,658500000.0,488300000.0,1.33,1.315,1.33,2952800000.0,2868200000.0,2952800000.0,9919510652.0,15.0,9.947,-251200000.0,-1.074,1.0,889300000.0,0.22,441900000.0,170200000.0,13143400000.0,12779425000.0,264900000.0,1174700000.0,0.0,1174700000.0,8281200000.0,1877300000.0,6403900000.0,5674510652.0,-13000000.0,92900000.0,-33800000.0,400200000.0,-109900000.0,263400000.0,-1029600000.0,0.0,753200000.0,0.0,311600000.0,311600000.0,311600000.0,-2400000.0,0.0,0.077,274800000.0,614500000.0,339100000.0,0.353,1.922,18.211,18.241,7277800000.0,0.0,24.26,1.401,1.402,711000000.0,,4050500000.0,4050500000.0,0.0,0.029,0.109,0.052,0.163,0.0,0.0,1.0,233903984.0,234000000,237400000.0,17.31,10792100000.0,0.0,176700000.0,565600000.0,46.12,-758000000.0
58,WEC,MRT,2006-12-31,2006-12-31,2006-12-31,2021-08-05,0.0,11130200000.0,10632550000.0,1244900000.0,9885300000.0,0.376,12.346,-928700000.0,37000000.0,37000000.0,3101500000.0,316400000.0,0.658,2.853,4282000000.0,1208600000.0,3073400000.0,4282000000.0,186200000.0,336800000.0,0.0,0.019,0.46,664100000.0,1000900000.0,0.25,1000900000.0,664100000.0,491400000.0,1.35,1.335,1.35,2889000000.0,2819625000.0,2889000000.0,9492917787.0,14.0,9.484,-198700000.0,-0.849,1.0,894900000.0,0.224,441900000.0,172700000.0,13040800000.0,12573000000.0,417200000.0,1164800000.0,0.0,1164800000.0,8241200000.0,1892500000.0,6348700000.0,5551817787.0,-36200000.0,87800000.0,-21200000.0,299700000.0,-107600000.0,173300000.0,-939500000.0,0.0,730000000.0,0.0,316400000.0,316400000.0,316400000.0,-3900000.0,0.0,0.079,273300000.0,621600000.0,404500000.0,0.341,1.922,17.547,17.578,7052500000.0,0.0,23.73,1.389,1.389,637100000.0,,3996400000.0,3996400000.0,0.0,0.03,0.112,0.053,0.166,0.0,0.0,1.0,233957766.0,234000000,236800000.0,17.079,10688300000.0,0.0,175000000.0,624900000.0,45.676,-647600000.0
59,WEC,MRT,2006-09-30,2006-09-30,2006-09-30,2021-08-05,0.0,10624200000.0,10465500000.0,976400000.0,9647800000.0,0.386,12.114,-906000000.0,21200000.0,21200000.0,3098500000.0,330000000.0,0.633,2.748,3962300000.0,927500000.0,3034800000.0,3962300000.0,0.0,338800000.0,0.0,0.021,0.455,692300000.0,1031100000.0,0.255,1031100000.0,692300000.0,518100000.0,1.415,1.395,1.415,2834600000.0,2767400000.0,2834600000.0,8835969013.0,13.0,8.569,-182700000.0,-0.781,1.0,937700000.0,0.232,441900000.0,174200000.0,12582100000.0,12383650000.0,427700000.0,1112200000.0,0.0,1112200000.0,7789600000.0,1541300000.0,6248300000.0,5046469013.0,-8600000.0,116100000.0,-11200000.0,264700000.0,-106400000.0,146300000.0,-878200000.0,0.0,723300000.0,0.0,330000000.0,330000000.0,330000000.0,-4100000.0,0.0,0.082,301300000.0,636400000.0,278600000.0,0.322,1.78,15.292,15.244,6833000000.0,0.0,21.57,1.25,1.251,419500000.0,,4036200000.0,4036200000.0,0.0,0.032,0.119,0.056,0.172,0.0,0.0,1.0,233957766.0,234000000,236800000.0,17.249,10182300000.0,0.0,188100000.0,579400000.0,43.514,-564900000.0
60,WEC,MRT,2006-06-30,2006-06-30,2006-06-30,2021-08-05,0.0,10400400000.0,10309475000.0,988200000.0,9412200000.0,0.387,11.95,-844200000.0,18100000.0,18100000.0,3056200000.0,325400000.0,0.708,2.719,3807600000.0,782200000.0,3025400000.0,3807600000.0,0.0,342600000.0,0.0,0.022,0.45,687000000.0,1029600000.0,0.258,1029600000.0,687000000.0,509700000.0,1.395,1.375,1.395,2796400000.0,2713050000.0,2796400000.0,8530325232.0,12.0,8.285,-119600000.0,-0.511,1.0,937500000.0,0.235,441900000.0,177300000.0,12351400000.0,12245750000.0,342900000.0,1069000000.0,0.0,1069000000.0,7604000000.0,1396600000.0,6207400000.0,4714325232.0,-2500000.0,110100000.0,-11400000.0,206700000.0,-105200000.0,88400000.0,-815500000.0,0.0,724600000.0,0.0,325400000.0,325400000.0,325400000.0,-4500000.0,0.0,0.081,303900000.0,633600000.0,277700000.0,0.323,1.686,14.488,14.444,6677900000.0,0.0,20.15,1.18,1.181,485100000.0,,3993700000.0,3993700000.0,0.0,0.032,0.12,0.056,0.172,0.0,0.0,1.0,233961550.0,234000000,236800000.0,17.067,9958500000.0,0.0,184300000.0,569400000.0,42.558,-408400000.0
61,WEC,MRT,2006-03-31,2006-03-31,2006-03-31,2021-08-05,0.0,10375400000.0,10114550000.0,1103900000.0,9271500000.0,0.392,11.788,-791000000.0,37100000.0,37100000.0,3047300000.0,324500000.0,0.771,2.761,3853100000.0,827800000.0,3025300000.0,3853100000.0,0.0,346900000.0,0.0,0.022,0.445,660700000.0,1007600000.0,0.254,1007600000.0,660700000.0,484500000.0,1.39,1.37,1.39,2758500000.0,2658725000.0,2758500000.0,8588161192.0,13.0,8.523,-249000000.0,-1.064,1.0,920500000.0,0.232,441900000.0,176200000.0,12317700000.0,12052850000.0,278400000.0,1112500000.0,0.0,1112500000.0,7616900000.0,1431800000.0,6185100000.0,4678061192.0,18600000.0,116600000.0,-21700000.0,355900000.0,-104100000.0,227000000.0,-750400000.0,0.0,542000000.0,0.0,324500000.0,324500000.0,324500000.0,-6500000.0,0.0,0.082,304100000.0,616400000.0,271600000.0,0.32,1.696,14.416,14.385,6501900000.0,0.0,19.995,1.179,1.179,689400000.0,,3967800000.0,3967800000.0,0.0,0.032,0.122,0.055,0.167,0.0,0.0,1.0,233961550.0,234000000,237000000.0,16.956,9933500000.0,0.0,160000000.0,591600000.0,42.451,-327900000.0
62,WEC,MRT,2005-12-31,2005-12-31,2005-12-31,2021-08-05,0.0,10462000000.0,9893200000.0,1377000000.0,9085000000.0,0.386,11.453,-745100000.0,73200000.0,73200000.0,2920600000.0,308700000.0,0.836,2.904,3983300000.0,952300000.0,3031000000.0,3983300000.0,0.0,350000000.0,0.0,0.023,0.44,631300000.0,981300000.0,0.257,981300000.0,631300000.0,457900000.0,1.32,1.305,1.32,2680100000.0,2605925000.0,2680100000.0,8228302585.0,13.0,8.385,-166100000.0,-0.71,1.0,894900000.0,0.235,441900000.0,173400000.0,12283400000.0,11900125000.0,451600000.0,1080000000.0,0.0,1080000000.0,7781900000.0,1646800000.0,6135100000.0,4569302585.0,37600000.0,123300000.0,-28100000.0,291900000.0,-102900000.0,157800000.0,-699200000.0,0.0,579000000.0,0.0,308700000.0,308700000.0,308700000.0,-5100000.0,0.0,0.081,303300000.0,591600000.0,418100000.0,0.333,1.705,14.802,14.795,6362900000.0,0.0,19.53,1.198,1.198,704700000.0,,3815500000.0,3815500000.0,0.0,0.031,0.118,0.053,0.165,0.0,0.0,1.0,233963266.0,234000000,236800000.0,16.306,10020100000.0,0.0,149200000.0,681000000.0,42.821,-269800000.0
63,WEC,MRT,2005-09-30,2005-09-30,2005-09-30,2021-08-05,0.0,10000100000.0,9669050000.0,1165400000.0,8834700000.0,0.375,11.185,-723900000.0,29800000.0,29800000.0,2739900000.0,310700000.0,0.982,2.821,3688800000.0,556000000.0,3132800000.0,3688800000.0,0.0,349700000.0,0.0,0.022,0.435,632800000.0,982500000.0,0.271,982500000.0,632800000.0,462000000.0,1.33,1.31,1.33,2617200000.0,2559000000.0,2617200000.0,8238906789.0,13.0,8.386,-146500000.0,-0.626,1.0,886500000.0,0.244,441900000.0,170800000.0,12030500000.0,11772775000.0,504200000.0,1048100000.0,0.0,1048100000.0,7382900000.0,1186700000.0,6196200000.0,4669906789.0,-17900000.0,32500000.0,-31000000.0,234000000.0,-101800000.0,100700000.0,-696000000.0,0.0,577400000.0,0.0,310700000.0,310700000.0,310700000.0,-13600000.0,0.0,0.086,341900000.0,544600000.0,343900000.0,0.327,1.784,15.03,15.008,6190500000.0,0.0,19.96,1.288,1.288,431900000.0,,3626400000.0,3626400000.0,0.0,0.032,0.121,0.054,0.174,0.0,0.0,1.0,233963266.0,234000000,237200000.0,15.497,9558200000.0,0.0,151300000.0,608000000.0,40.847,-21300000.0
64,WEC,MRT,2005-06-30,2005-06-30,2005-06-30,2021-08-05,0.0,9620700000.0,9422150000.0,1048400000.0,8572300000.0,0.374,11.022,-703400000.0,20600000.0,20600000.0,2664400000.0,328900000.0,0.898,2.73,3589600000.0,597200000.0,2992400000.0,3589600000.0,0.0,349600000.0,0.0,0.022,0.43,632300000.0,981900000.0,0.279,981900000.0,632300000.0,460000000.0,1.405,1.385,1.405,2579100000.0,2512675000.0,2579100000.0,8029338478.0,13.0,8.177,-163400000.0,-0.698,1.0,855100000.0,0.243,441900000.0,172300000.0,11579800000.0,11514375000.0,319200000.0,1021000000.0,0.0,1021000000.0,7041600000.0,1168000000.0,5873600000.0,4562438478.0,-800000.0,912000000.0,-53100000.0,-559100000.0,-100800000.0,-713500000.0,172700000.0,0.0,540000000.0,0.0,328900000.0,328900000.0,328900000.0,-66200000.0,0.0,0.093,338400000.0,516700000.0,294400000.0,0.306,1.769,13.872,13.879,6053300000.0,0.0,19.5,1.296,1.296,511500000.0,,3519500000.0,3519500000.0,0.0,0.035,0.131,0.055,0.18,0.0,0.0,1.0,233971204.0,234000000,236600000.0,15.041,9178800000.0,13500000.0,131100000.0,546100000.0,39.226,-119600000.0
65,WEC,MRT,2005-03-31,2005-03-31,2005-03-31,2021-08-05,0.0,9490000000.0,9499075000.0,1032400000.0,8457600000.0,0.363,10.886,-670700000.0,18500000.0,18500000.0,2603200000.0,305500000.0,1.277,2.726,3485400000.0,254900000.0,3230500000.0,3485400000.0,0.0,352700000.0,0.0,0.024,0.425,622400000.0,975100000.0,0.283,975100000.0,622400000.0,440800000.0,1.305,1.285,1.305,2547300000.0,2467575000.0,2547300000.0,7795888871.0,13.0,7.995,-86700000.0,-0.371,1.0,842800000.0,0.245,441900000.0,181600000.0,11706800000.0,11647450000.0,209500000.0,1007700000.0,0.0,1007700000.0,6942700000.0,808200000.0,6134500000.0,4152988871.0,700000.0,876700000.0,-74000000.0,-623000000.0,-99800000.0,-797300000.0,214000000.0,0.0,584000000.0,0.0,305500000.0,305500000.0,305500000.0,-78100000.0,0.0,0.089,341600000.0,501200000.0,259100000.0,0.326,1.63,13.594,13.602,5974300000.0,0.0,17.75,1.205,1.205,653900000.0,,3446000000.0,3446000000.0,0.0,0.032,0.124,0.053,0.181,0.0,0.0,1.0,233971204.0,234000000,236600000.0,14.726,9048100000.0,15600000.0,135300000.0,571000000.0,38.667,224200000.0
66,WEC,MRT,2004-12-31,2004-12-31,2004-12-31,2021-08-05,0.0,9565400000.0,9614550000.0,1220500000.0,8344900000.0,0.354,10.588,-636500000.0,35600000.0,35600000.0,2556600000.0,306400000.0,1.23,2.838,3678500000.0,439000000.0,3239500000.0,3678500000.0,0.0,352600000.0,0.0,0.025,0.415,632600000.0,985200000.0,0.289,985200000.0,632600000.0,439200000.0,1.3,1.285,1.3,2492400000.0,2433825000.0,2492400000.0,7347492407.0,12.0,7.458,-37500000.0,-0.159,1.0,849500000.0,0.249,441900000.0,193400000.0,11774000000.0,11734300000.0,403100000.0,1025100000.0,0.0,1025100000.0,7073000000.0,992400000.0,6080600000.0,3944992407.0,7500000.0,873200000.0,-81800000.0,-654200000.0,-97800000.0,-834300000.0,242800000.0,0.0,599000000.0,0.0,306400000.0,306400000.0,306400000.0,-86800000.0,0.0,0.09,333800000.0,515700000.0,306100000.0,0.319,1.583,12.875,12.965,5866400000.0,0.0,16.855,1.158,1.165,590800000.0,,3406100000.0,3406100000.0,0.0,0.032,0.126,0.054,0.186,0.0,0.0,1.0,234054726.0,235400000,238200000.0,14.469,9123500000.0,0.0,132800000.0,603400000.0,38.757,228100000.0
67,WEC,MRT,2004-09-30,2004-09-30,2004-09-30,2021-08-05,0.0,9012500000.0,9726825000.0,990500000.0,8022000000.0,0.339,10.357,-569000000.0,47700000.0,47700000.0,2479000000.0,285900000.0,1.015,2.706,3450200000.0,385000000.0,3065200000.0,3450200000.0,0.0,345400000.0,0.0,0.026,0.41,608400000.0,953800000.0,0.289,953800000.0,608400000.0,403800000.0,1.22,1.195,1.22,2431900000.0,2400400000.0,2431900000.0,7875140402.0,13.0,8.257,72100000.0,0.307,1.0,818100000.0,0.248,441900000.0,204600000.0,10996900000.0,11892875000.0,426800000.0,954600000.0,0.0,954600000.0,6580600000.0,976200000.0,5604400000.0,3751740402.0,27600000.0,946300000.0,-56900000.0,-810300000.0,-96900000.0,-965300000.0,351800000.0,0.0,641100000.0,0.0,285900000.0,285900000.0,285900000.0,-87100000.0,0.0,0.087,308600000.0,509500000.0,236000000.0,0.336,1.543,13.123,13.074,5802200000.0,0.0,15.95,1.138,1.136,390000000.0,,3297100000.0,3297100000.0,0.0,0.029,0.119,0.051,0.185,0.0,0.0,1.0,235218834.0,234800000,237400000.0,14.042,8570600000.0,0.0,117900000.0,448500000.0,36.502,14300000.0
68,WEC,MRT,2004-06-30,2004-06-30,2004-06-30,2021-08-05,0.0,9928400000.0,9805250000.0,1890800000.0,8037600000.0,0.337,10.164,-596100000.0,21400000.0,21400000.0,2465100000.0,232400000.0,1.262,3.139,4144800000.0,777600000.0,3367200000.0,4144800000.0,0.0,349400000.0,0.0,0.025,0.405,556200000.0,905600000.0,0.274,905600000.0,556200000.0,343600000.0,0.99,0.97,0.99,2398700000.0,2362825000.0,2398700000.0,7941415777.0,14.0,8.769,64000000.0,0.271,1.0,837400000.0,0.254,441900000.0,212600000.0,12112100000.0,11955075000.0,312800000.0,947400000.0,0.0,947400000.0,7529700000.0,1497800000.0,6031900000.0,3855715777.0,-2600000.0,60900000.0,-17300000.0,-57100000.0,-95600000.0,-172700000.0,-490000000.0,0.0,660100000.0,0.0,232400000.0,232400000.0,232400000.0,-43700000.0,0.0,0.07,339900000.0,497500000.0,227900000.0,0.409,1.607,16.591,16.47,5887800000.0,0.0,16.305,1.168,1.165,440400000.0,,3302500000.0,3302500000.0,0.0,0.024,0.098,0.047,0.168,0.0,0.0,1.0,236474442.0,236000000,239000000.0,13.994,9486500000.0,0.0,111200000.0,615300000.0,40.197,393000000.0
69,WEC,MRT,2004-03-31,2004-03-31,2004-03-31,2021-08-05,0.0,9951900000.0,9629025000.0,1956700000.0,7995200000.0,0.342,10.178,-645500000.0,17800000.0,17800000.0,2439600000.0,243100000.0,1.269,3.125,4103500000.0,745600000.0,3357900000.0,4103500000.0,0.0,352400000.0,0.0,0.025,0.4,574600000.0,927000000.0,0.281,927000000.0,574600000.0,357700000.0,1.035,1.02,1.035,2412300000.0,2328400000.0,2412300000.0,8108996365.0,14.0,8.748,3200000.0,0.014,1.0,856100000.0,0.26,441900000.0,216900000.0,12054200000.0,11695250000.0,227100000.0,945100000.0,0.0,945100000.0,7539600000.0,1541500000.0,5998100000.0,3811096365.0,-1000000.0,58600000.0,33000000.0,-12600000.0,-94200000.0,-93500000.0,-556200000.0,0.0,648700000.0,0.0,243100000.0,243100000.0,243100000.0,-40900000.0,0.0,0.074,340400000.0,515700000.0,214400000.0,0.386,1.58,15.677,15.531,5843200000.0,0.0,16.075,1.156,1.156,591100000.0,,3295700000.0,3295700000.0,0.0,0.025,0.104,0.049,0.174,0.0,0.0,1.0,237082200.0,237000000,240400000.0,13.906,9510000000.0,0.0,114600000.0,603700000.0,40.127,415200000.0
70,WEC,MRT,2003-12-31,2003-12-31,2003-12-31,2021-08-05,0.0,10014500000.0,9428150000.0,2065800000.0,7948700000.0,0.348,9.961,-648000000.0,28100000.0,28100000.0,2431900000.0,244300000.0,1.411,3.246,4327500000.0,757000000.0,3570500000.0,4327500000.0,0.0,351000000.0,0.0,0.024,0.4,568800000.0,919800000.0,0.28,919800000.0,568800000.0,355000000.0,1.045,1.03,1.045,2358700000.0,2279050000.0,2358700000.0,8176291908.0,14.0,8.889,-119100000.0,-0.503,1.0,850200000.0,0.259,441900000.0,213800000.0,12408300000.0,11369550000.0,385600000.0,951300000.0,0.0,951300000.0,7655800000.0,1463700000.0,6192100000.0,3935891909.0,-6900000.0,53600000.0,56100000.0,120700000.0,-93700000.0,59400000.0,-595200000.0,0.0,528900000.0,0.0,244300000.0,244300000.0,244300000.0,-43000000.0,0.0,0.074,324400000.0,525800000.0,248700000.0,0.383,1.669,16.111,16.005,5800300000.0,0.0,16.725,1.199,1.207,545900000.0,,3282100000.0,3282100000.0,0.0,0.026,0.107,0.05,0.173,0.0,0.0,1.0,235329860.0,236800000,234200000.0,13.86,9572600000.0,56500000.0,110700000.0,659800000.0,40.425,602100000.0
71,WEC,MRT,2003-09-30,2003-09-30,2003-09-30,2021-08-05,0.0,9326200000.0,9293925000.0,1295500000.0,8030700000.0,0.299,9.717,-643000000.0,31300000.0,31300000.0,1953900000.0,245900000.0,0.872,3.088,4271700000.0,849500000.0,3422200000.0,4271700000.0,0.0,337300000.0,0.0,0.026,0.4,558400000.0,895700000.0,0.322,895700000.0,558400000.0,344400000.0,1.055,1.055,1.055,2281600000.0,2224225000.0,2281600000.0,7560171078.0,14.0,8.441,-150400000.0,-0.641,1.0,825800000.0,0.297,835200000.0,214000000.0,11245700000.0,11017200000.0,542600000.0,922600000.0,0.0,922600000.0,7044600000.0,1485700000.0,5558900000.0,3581071078.0,-8300000.0,-93000000.0,46300000.0,17000000.0,-93200000.0,-52400000.0,-448500000.0,0.0,492600000.0,0.0,245900000.0,245900000.0,245900000.0,-68700000.0,0.0,0.088,312000000.0,513800000.0,306300000.0,0.379,1.57,14.563,14.488,5262800000.0,0.0,15.285,1.288,1.291,552500000.0,,2779700000.0,2779700000.0,0.0,0.026,0.111,0.051,0.201,0.0,0.0,1.0,234286626.0,234800000,237600000.0,11.839,8491000000.0,0.0,98500000.0,590200000.0,36.163,-190200000.0
72,WEC,MRT,2003-06-30,2003-06-30,2003-06-30,2021-08-05,0.0,9223500000.0,9028000000.0,1271900000.0,7951600000.0,0.327,9.687,-592600000.0,38200000.0,38200000.0,2110400000.0,267100000.0,0.982,3.079,4017300000.0,646800000.0,3370500000.0,4017300000.0,0.0,336800000.0,0.0,0.028,0.4,602600000.0,939400000.0,0.318,939400000.0,602600000.0,385200000.0,1.15,1.15,1.15,2261000000.0,2171200000.0,2261000000.0,7270366730.0,12.0,7.739,-14000000.0,-0.06,1.0,843300000.0,0.286,835200000.0,217400000.0,11072800000.0,10651175000.0,449600000.0,914100000.0,0.0,914100000.0,6962500000.0,1294600000.0,5667900000.0,3371666730.0,-16400000.0,-99300000.0,37600000.0,-66000000.0,-92800000.0,-142200000.0,-452800000.0,0.0,578600000.0,0.0,267100000.0,267100000.0,267100000.0,-59100000.0,0.0,0.09,281000000.0,562300000.0,317000000.0,0.348,1.491,12.623,12.609,5155200000.0,0.0,14.5,1.142,1.146,624000000.0,,2953700000.0,2953700000.0,0.0,0.03,0.123,0.057,0.204,0.0,0.0,1.0,232528740.0,233400000,235800000.0,12.655,8388300000.0,0.0,118100000.0,571200000.0,35.94,-22700000.0
73,WEC,MRT,2003-03-31,2003-03-31,2003-03-31,2021-08-05,0.0,9148400000.0,8781875000.0,1366700000.0,7781700000.0,0.355,9.531,-565500000.0,30500000.0,30500000.0,2257100000.0,223200000.0,0.934,3.13,3929200000.0,708700000.0,3220500000.0,3929200000.0,0.0,335000000.0,0.0,0.031,0.4,571000000.0,906000000.0,0.291,906000000.0,571000000.0,351300000.0,1.135,1.135,1.135,2214900000.0,2114850000.0,2214900000.0,6930283280.0,12.0,7.649,21000000.0,0.09,1.0,859300000.0,0.276,833200000.0,219700000.0,10751400000.0,10317975000.0,373500000.0,848200000.0,0.0,848200000.0,6933500000.0,1462500000.0,5471000000.0,2949983280.0,-5600000.0,-95600000.0,16900000.0,-69400000.0,-92500000.0,-149500000.0,-442600000.0,0.0,586500000.0,0.0,223200000.0,223200000.0,223200000.0,-44800000.0,0.0,0.072,277300000.0,582000000.0,355400000.0,0.352,1.332,13.217,11.189,5035200000.0,0.0,12.7,0.947,0.947,808500000.0,,3116400000.0,3116400000.0,0.0,0.025,0.106,0.055,0.183,0.0,0.0,1.0,232282148.0,232400000,233800000.0,13.41,8315200000.0,0.0,128100000.0,573400000.0,35.78,-95800000.0
74,WEC,MRT,2002-12-31,2002-12-31,2002-12-31,2021-08-05,0.0,9477600000.0,8532150000.0,1339700000.0,8137900000.0,0.358,9.269,-541800000.0,43600000.0,43600000.0,2190600000.0,167000000.0,0.824,3.43,4023900000.0,993400000.0,3030500000.0,4023900000.0,0.0,337900000.0,0.0,0.032,0.4,479400000.0,817300000.0,0.268,817300000.0,479400000.0,252300000.0,0.725,0.72,0.725,2139400000.0,2064725000.0,2139400000.0,6995443456.0,15.0,8.559,119100000.0,0.516,1.0,860400000.0,0.282,833100000.0,227100000.0,10998900000.0,10030775000.0,455100000.0,856600000.0,0.0,856600000.0,7338200000.0,1625900000.0,5712300000.0,2912443456.0,-3900000.0,-71300000.0,300000.0,-190200000.0,-92400000.0,-282300000.0,-382500000.0,0.0,660900000.0,0.0,167000000.0,167000000.0,167000000.0,-35300000.0,0.0,0.055,416300000.0,444100000.0,317600000.0,0.552,1.361,17.44,17.379,5514400000.0,0.0,12.6,0.955,0.953,688300000.0,,3051000000.0,3051000000.0,0.0,0.02,0.081,0.048,0.157,0.0,0.0,1.0,231146306.0,230800000,232600000.0,13.219,8644500000.0,59100000.0,85300000.0,702600000.0,37.455,-286200000.0
75,WEC,MRT,2002-09-30,2002-09-30,2002-09-30,2021-08-05,0.0,8262500000.0,8244925000.0,1521400000.0,6741100000.0,0.438,8.974,-637300000.0,36500000.0,36500000.0,2698200000.0,90500000.0,0.879,2.993,4119500000.0,1082300000.0,3037200000.0,4119500000.0,0.0,359400000.0,0.0,0.033,0.4,414700000.0,774100000.0,0.214,774100000.0,414700000.0,184600000.0,0.56,0.515,0.56,2069500000.0,2043900000.0,2069500000.0,6893616359.0,17.0,8.905,141200000.0,0.612,1.0,912700000.0,0.253,832200000.0,230100000.0,9781600000.0,9809675000.0,439600000.0,848100000.0,0.0,848100000.0,6193000000.0,1731700000.0,4461300000.0,2797516359.0,-35700000.0,56200000.0,-36400000.0,500000.0,-92400000.0,-140100000.0,-674100000.0,0.0,778500000.0,0.0,90500000.0,90500000.0,90500000.0,0.0,0.0,0.025,438700000.0,474000000.0,276000000.0,0.714,1.352,30.912,21.696,4304900000.0,0.0,12.15,0.775,0.776,543500000.0,,3610900000.0,3610900000.0,0.0,0.011,0.044,0.042,0.115,0.0,0.0,1.0,230248260.0,230600000,232200000.0,15.659,7430300000.0,0.0,94100000.0,533400000.0,32.222,-210300000.0
76,WEC,MRT,2002-06-30,2002-06-30,2002-06-30,2021-08-05,0.0,8239000000.0,8214200000.0,1590300000.0,6648700000.0,0.434,8.827,-672400000.0,48500000.0,48500000.0,2635600000.0,86300000.0,0.902,3.047,4144600000.0,1126500000.0,3018100000.0,4144600000.0,0.0,362100000.0,0.0,0.032,0.4,413100000.0,775200000.0,0.217,775200000.0,413100000.0,181700000.0,0.54,0.495,0.54,2035600000.0,2042175000.0,2035600000.0,6943568635.0,17.0,8.957,77700000.0,0.337,1.0,930400000.0,0.261,832300000.0,231400000.0,9740000000.0,9904050000.0,398800000.0,846000000.0,0.0,846000000.0,6203400000.0,1762800000.0,4440600000.0,2913168635.0,-21500000.0,67200000.0,-60400000.0,64100000.0,-92900000.0,-101000000.0,-670600000.0,0.0,750100000.0,0.0,86300000.0,86300000.0,86300000.0,0.0,0.0,0.024,442900000.0,487500000.0,279700000.0,0.741,1.431,33.756,23.398,4241400000.0,0.0,12.635,0.817,0.817,600100000.0,,3566000000.0,3566000000.0,0.0,0.011,0.042,0.042,0.116,0.0,0.0,1.0,230563406.0,230600000,232800000.0,15.464,7406700000.0,0.0,95400000.0,534000000.0,32.119,-172500000.0
77,WEC,MRT,2002-03-31,2002-03-31,2002-03-31,2021-08-05,0.0,8149500000.0,8189250000.0,1548000000.0,6601500000.0,0.434,8.751,-660800000.0,32500000.0,32500000.0,2627700000.0,127000000.0,0.887,3.046,4062900000.0,1056100000.0,3006800000.0,4062900000.0,0.0,369300000.0,0.0,0.032,0.4,465300000.0,834600000.0,0.235,834600000.0,465300000.0,227200000.0,0.54,0.495,0.54,2014400000.0,2047775000.0,2014400000.0,7080253705.0,15.0,8.483,141900000.0,0.616,1.0,929600000.0,0.261,832000000.0,238100000.0,9602600000.0,9993300000.0,351800000.0,873800000.0,0.0,873800000.0,6135100000.0,1745300000.0,4389800000.0,2855253705.0,-26600000.0,267600000.0,-69200000.0,-183500000.0,-93300000.0,-357300000.0,-472000000.0,0.0,802700000.0,0.0,127000000.0,127000000.0,127000000.0,0.0,0.0,0.036,450700000.0,478900000.0,255000000.0,0.741,1.417,22.482,23.037,4179900000.0,0.0,12.44,0.803,0.805,692400000.0,,3557300000.0,3557300000.0,0.0,0.016,0.062,0.047,0.131,0.0,0.0,1.0,229522002.0,230200000,232000000.0,15.453,7317500000.0,0.0,100200000.0,493500000.0,31.788,-197300000.0
78,WEC,MRT,2001-12-31,2001-12-31,2001-12-31,2021-08-05,0.0,8328700000.0,8255350000.0,1714900000.0,6613800000.0,0.476,8.779,-672500000.0,47000000.0,47000000.0,2981500000.0,219000000.0,1.067,3.051,4272000000.0,1034700000.0,3237300000.0,4272000000.0,0.0,377500000.0,0.0,0.035,0.4,614400000.0,991900000.0,0.252,991900000.0,614400000.0,369400000.0,0.935,0.885,0.935,2056100000.0,2054825000.0,2056100000.0,6677878882.0,11.0,6.732,-101900000.0,-0.435,1.0,947000000.0,0.241,832100000.0,245000000.0,10114500000.0,10167125000.0,431000000.0,891000000.0,0.0,891000000.0,6272600000.0,1607100000.0,4665500000.0,2627878882.0,6500000.0,258700000.0,-82000000.0,102600000.0,-93800000.0,-85000000.0,-479100000.0,0.0,570600000.0,0.0,219000000.0,219000000.0,219000000.0,0.0,0.0,0.056,342100000.0,604900000.0,309800000.0,0.428,1.278,11.999,12.064,4188000000.0,0.0,11.28,0.669,0.672,729200000.0,,3928500000.0,3928500000.0,0.0,0.027,0.107,0.06,0.156,0.0,0.0,1.0,232967986.0,234200000,235800000.0,16.774,7496600000.0,8700000.0,150400000.0,656100000.0,32.009,107800000.0
79,WEC,MRT,2001-09-30,2001-09-30,2001-09-30,2021-08-05,0.0,8139600000.0,8274700000.0,1627500000.0,6512100000.0,0.504,8.822,-577700000.0,72200000.0,72200000.0,3293500000.0,210700000.0,1.364,2.946,4122200000.0,627100000.0,3495100000.0,4122200000.0,0.0,395300000.0,0.0,0.036,0.4,625200000.0,1020500000.0,0.245,1020500000.0,625200000.0,368700000.0,0.89,0.89,0.89,2062600000.0,2045000000.0,2062600000.0,6640691302.0,11.0,6.507,-99900000.0,-0.427,1.0,879700000.0,0.211,837300000.0,256500000.0,10159100000.0,10014550000.0,422600000.0,879100000.0,0.0,879100000.0,6077000000.0,1193200000.0,4883800000.0,2626991302.0,25900000.0,608000000.0,-117100000.0,-244600000.0,-94800000.0,-456500000.0,4600000.0,0.0,477800000.0,0.0,210700000.0,210700000.0,210700000.0,0.0,0.0,0.05,371000000.0,508700000.0,233900000.0,0.449,1.274,12.468,12.64,4076800000.0,0.0,11.25,0.629,0.63,626200000.0,,4173200000.0,4173200000.0,0.0,0.025,0.103,0.062,0.15,0.0,0.0,1.0,233510338.0,233800000,235600000.0,17.849,7302300000.0,0.0,158000000.0,531400000.0,31.233,434300000.0
80,WEC,MRT,2001-06-30,2001-06-30,2001-06-30,2021-08-05,0.0,8139200000.0,8391550000.0,1614000000.0,6525200000.0,0.5,8.75,-564100000.0,70000000.0,70000000.0,3332800000.0,207400000.0,1.302,2.955,4083700000.0,695600000.0,3388100000.0,4083700000.0,0.0,400900000.0,0.0,0.042,0.495,633300000.0,1034200000.0,0.246,1034200000.0,633300000.0,364400000.0,0.87,0.865,0.87,2058000000.0,2048500000.0,2058000000.0,6991002910.0,11.0,6.76,-138000000.0,-0.587,1.0,866300000.0,0.206,815900000.0,268900000.0,10097000000.0,9806125000.0,338000000.0,920800000.0,0.0,920800000.0,6081200000.0,1240000000.0,4841200000.0,2800002910.0,42600000.0,577200000.0,-98300000.0,-96600000.0,-118900000.0,-313800000.0,-69700000.0,0.0,426100000.0,0.0,207400000.0,207400000.0,207400000.0,0.0,0.0,0.049,359300000.0,507000000.0,271900000.0,0.569,1.361,13.5,13.661,3955100000.0,0.0,11.885,0.667,0.666,594100000.0,,4199100000.0,4199100000.0,0.0,0.025,0.101,0.065,0.151,0.0,0.0,1.0,235591326.0,235200000,237000000.0,17.853,7323300000.0,0.0,157000000.0,577400000.0,31.136,374000000.0
81,WEC,MRT,2001-03-31,2001-03-31,2001-03-31,2021-08-05,0.0,8413900000.0,8459500000.0,1779800000.0,6634100000.0,0.484,8.662,-600900000.0,59100000.0,59100000.0,3230700000.0,191400000.0,1.198,3.119,4250100000.0,842000000.0,3408100000.0,4250100000.0,0.0,394200000.0,0.0,0.055,0.59,604500000.0,998700000.0,0.244,998700000.0,604500000.0,338800000.0,0.8,0.795,0.8,2042600000.0,2054000000.0,2042600000.0,6680926246.0,11.0,6.69,-287100000.0,-1.218,1.0,861200000.0,0.21,821100000.0,265700000.0,10297900000.0,9577475000.0,283400000.0,1041500000.0,0.0,1041500000.0,6371300000.0,1485900000.0,4885400000.0,2547226246.0,34300000.0,-819300000.0,-59600000.0,1413700000.0,-142400000.0,1211700000.0,-1491200000.0,0.0,313800000.0,0.0,191400000.0,191400000.0,191400000.0,0.0,0.0,0.047,345900000.0,515300000.0,321600000.0,0.738,1.247,13.308,13.488,3933000000.0,0.0,10.79,0.623,0.622,819700000.0,,4091900000.0,4091900000.0,0.0,0.023,0.093,0.063,0.148,0.0,0.0,1.0,236072868.0,235800000,237400000.0,17.353,7592800000.0,0.0,147400000.0,582300000.0,32.2,293900000.0
82,WEC,MRT,2000-12-31,2000-12-31,2000-12-31,2021-08-05,0.0,8406100000.0,7905529000.0,1863600000.0,6542500000.0,0.425,8.362,-611000000.0,40500000.0,40500000.0,2581500000.0,154200000.0,0.844,3.168,4174200000.0,1441500000.0,2732700000.0,4174200000.0,0.0,372800000.0,0.0,0.061,0.685,523600000.0,896400000.0,0.267,896400000.0,523600000.0,280100000.0,0.64,0.635,0.64,2016800000.0,2052096250.0,2016800000.0,7042253359.0,13.0,7.856,-150000000.0,-0.622,1.0,781200000.0,0.232,826900000.0,243500000.0,9504200000.0,8982297250.0,381700000.0,779300000.0,0.0,779300000.0,6389300000.0,2208700000.0,4180600000.0,2729653359.0,-33000000.0,-826300000.0,-11500000.0,1203300000.0,-165300000.0,1026500000.0,-1520500000.0,0.0,461000000.0,0.0,154200000.0,154200000.0,154200000.0,0.0,0.0,0.046,336300000.0,444900000.0,427000000.0,1.07,1.353,17.702,17.625,4152400000.0,0.0,11.28,0.812,0.809,802400000.0,,3362700000.0,3362700000.0,0.0,0.02,0.075,0.058,0.156,0.0,0.0,1.0,241990546.0,241200000,242400000.0,13.942,7579200000.0,73400000.0,125900000.0,722700000.0,31.423,-345100000.0
83,WEC,MRT,2000-09-30,2000-09-30,2000-09-30,2021-08-05,0.0,8607000000.0,7319454000.0,1599200000.0,7007800000.0,0.385,8.518,-597700000.0,46300000.0,46300000.0,2033400000.0,163000000.0,0.596,3.145,4358900000.0,2068300000.0,2290600000.0,4358900000.0,0.0,344300000.0,0.0,0.078,0.78,484300000.0,828600000.0,0.294,828600000.0,484300000.0,268200000.0,0.68,0.675,0.68,2076600000.0,2049846250.0,2076600000.0,6580726218.0,14.0,7.942,-275500000.0,-1.13,1.0,786000000.0,0.279,909500000.0,216100000.0,9325400000.0,8544747250.0,425900000.0,838300000.0,0.0,838300000.0,6530400000.0,2684700000.0,3845700000.0,2432626218.0,6200000.0,-1189000000.0,75100000.0,1646200000.0,-187100000.0,1535600000.0,-1851600000.0,0.0,322200000.0,0.0,163000000.0,163000000.0,163000000.0,0.0,0.0,0.058,277800000.0,508200000.0,292700000.0,1.147,1.171,14.924,14.676,4325900000.0,0.0,9.98,0.863,0.863,621600000.0,,2819400000.0,2819400000.0,0.0,0.022,0.08,0.057,0.172,0.0,0.0,1.0,243750122.0,243800000,245600000.0,11.564,7697500000.0,226400000.0,105200000.0,753100000.0,31.573,-1085500000.0
84,WEC,MRT,2000-06-30,2000-06-30,2000-06-30,2021-08-05,0.0,8411000000.0,6650776500.0,1284900000.0,7126100000.0,0.385,8.609,-583800000.0,27400000.0,27400000.0,1790000000.0,187300000.0,0.517,3.044,4175500000.0,1884000000.0,2291500000.0,4175500000.0,0.0,328300000.0,0.0,0.079,0.78,480400000.0,808700000.0,0.316,808700000.0,480400000.0,297600000.0,0.79,0.79,0.79,2080000000.0,2028396750.0,2080000000.0,4936529414.0,10.0,6.104,-198000000.0,-0.82,1.0,769900000.0,0.301,891600000.0,182800000.0,9182400000.0,8101808250.0,363900000.0,846300000.0,0.0,846300000.0,6331000000.0,2485100000.0,3845900000.0,2386146414.0,-8000000.0,-1163900000.0,92700000.0,1531300000.0,-185200000.0,1438800000.0,-1832600000.0,0.0,385800000.0,0.0,187300000.0,187300000.0,187300000.0,0.0,0.0,0.073,268000000.0,501900000.0,305000000.0,0.987,1.147,12.74,12.538,4456900000.0,0.0,9.905,0.932,0.935,601300000.0,1157900000.0,2559900000.0,2559900000.0,0.0,0.028,0.092,0.059,0.188,0.0,0.0,1.0,240903222.0,241600000,243400000.0,10.596,7519400000.0,223600000.0,110300000.0,750100000.0,31.123,-1200200000.0
85,WEC,MRT,2000-03-31,2000-03-31,2000-03-31,2021-08-05,0.0,6198016000.0,6002170750.0,686449000.0,5511567000.0,0.391,8.515,-547133000.0,24746000.0,24746000.0,1573800000.0,206100000.0,0.826,2.046,2575129000.0,439624000.0,2135505000.0,2575129000.0,0.0,292744000.0,0.0,0.078,0.78,478800000.0,771544000.0,0.329,771544000.0,478800000.0,320900000.0,0.875,0.875,0.875,2034985000.0,1996373500.0,2034985000.0,5231181422.0,11.0,6.78,-131529000.0,-0.55,1.0,770100000.0,0.329,0.0,157900000.0,7917189000.0,7667676250.0,196051000.0,969921000.0,0.0,969921000.0,4163031000.0,831210000.0,3331821000.0,2393437422.0,-94079000.0,-258700000.0,83489000.0,511358000.0,-183631000.0,404916000.0,-914599000.0,0.0,415604000.0,0.0,206100000.0,206100000.0,206100000.0,0.0,0.0,0.088,272100000.0,498000000.0,191196000.0,0.891,1.176,11.613,11.394,3889712000.0,0.0,9.97,1.021,1.017,366165000.0,1174830000.0,2343900000.0,2343900000.0,0.0,0.034,0.103,0.062,0.204,0.0,0.0,1.0,240063934.0,239000000,239000000.0,9.807,6198016000.0,199832000.0,114800000.0,624325000.0,25.933,-144761000.0
86,WEC,MRT,1999-12-31,1999-12-31,1999-12-31,2021-08-05,0.0,6061800000.0,5826276250.0,832500000.0,5229300000.0,0.39,8.58,-518100000.0,73500000.0,73500000.0,1545700000.0,209000000.0,0.938,2.019,2711200000.0,576600000.0,2134600000.0,2711200000.0,0.0,283400000.0,0.0,0.081,0.78,468400000.0,751800000.0,0.331,751800000.0,468400000.0,320100000.0,0.895,0.895,0.895,2007800000.0,1970202500.0,2007800000.0,4683245374.0,10.0,6.229,-211200000.0,-0.903,1.0,726900000.0,0.32,57800000.0,148300000.0,7754000000.0,7388885750.0,231600000.0,950300000.0,0.0,950300000.0,4054000000.0,887700000.0,3166300000.0,2269160374.0,56900000.0,-265300000.0,79100000.0,548300000.0,-182300000.0,638800000.0,-888800000.0,0.0,306900000.0,0.0,209000000.0,209000000.0,209000000.0,0.0,0.0,0.092,250800000.0,476100000.0,174000000.0,0.872,1.13,10.857,10.754,3846600000.0,0.0,9.625,0.998,0.991,376900000.0,1170800000.0,2272600000.0,2272600000.0,0.0,0.036,0.106,0.063,0.206,0.0,0.0,1.0,235756922.0,234000000,234000000.0,9.712,6004000000.0,37300000.0,111100000.0,575600000.0,25.658,-55200000.0
87,WEC,MRT,1999-09-30,1999-09-30,1999-09-30,2021-08-05,0.0,5932290000.0,5651265500.0,639747000.0,5292543000.0,0.392,8.486,-501125000.0,40131000.0,40131000.0,1524269000.0,223333000.0,0.807,1.98,2454216000.0,465169000.0,1989047000.0,2454216000.0,0.0,286495000.0,0.0,0.067,0.78,476210000.0,762705000.0,0.344,762705000.0,476210000.0,335801000.0,0.965,0.965,0.965,1990802000.0,1944028750.0,1990802000.0,5094416531.0,11.0,6.679,-48936000.0,-0.209,1.0,691246000.0,0.312,0.0,140409000.0,7553644000.0,7141635000.0,234588000.0,897760000.0,0.0,897760000.0,3941488000.0,792731000.0,3148757000.0,2746575531.0,17756000.0,-276800000.0,64239000.0,428149000.0,-181271000.0,504842000.0,-939275000.0,0.0,452189000.0,0.0,223333000.0,223333000.0,223333000.0,0.0,0.0,0.101,227764000.0,463482000.0,155602000.0,0.808,1.38,12.298,12.145,3858948000.0,0.0,11.72,1.24,1.241,291824000.0,1179049000.0,2215515000.0,2215515000.0,0.0,0.04,0.115,0.067,0.215,0.0,0.0,1.0,234349448.0,234600000,234600000.0,9.444,5932290000.0,209474000.0,112468000.0,586219000.0,25.287,-152984000.0
88,WEC,MRT,1999-06-30,1999-06-30,1999-06-30,2021-08-05,0.0,5816577000.0,5463446250.0,631091000.0,5185486000.0,0.392,8.37,-465597000.0,35369000.0,35369000.0,1463832000.0,212609000.0,0.878,1.98,2383210000.0,403842000.0,1979368000.0,2383210000.0,0.0,263879000.0,0.0,0.062,0.78,454421000.0,718300000.0,0.335,718300000.0,454421000.0,319373000.0,0.92,0.92,0.92,1951907000.0,1917758000.0,1951907000.0,4855657526.0,11.0,6.76,-47283000.0,-0.203,1.0,680032000.0,0.317,0.0,135048000.0,7445872000.0,6891011000.0,209852000.0,864800000.0,0.0,864800000.0,3864670000.0,718546000.0,3146124000.0,2918644526.0,21305000.0,-276800000.0,47039000.0,402760000.0,-180529000.0,462970000.0,-859979000.0,0.0,418314000.0,0.0,212609000.0,212609000.0,212609000.0,0.0,0.0,0.099,241283000.0,438749000.0,162182000.0,0.848,1.495,13.728,13.62,3798985000.0,0.0,12.53,1.361,1.363,305882000.0,1155903000.0,2143864000.0,2143864000.0,0.0,0.039,0.111,0.066,0.212,0.0,0.0,1.0,232932524.0,233200000,233200000.0,9.193,5816577000.0,206010000.0,106764000.0,582080000.0,24.942,-87455000.0
89,WEC,MRT,1999-03-31,1999-03-31,1999-03-31,2021-08-05,0.0,5494438000.0,5287717000.0,673400000.0,4821038000.0,0.393,8.326,-427183000.0,118882000.0,118882000.0,1444248000.0,192563000.0,1.07,1.846,2055895000.0,289516000.0,1766379000.0,2055895000.0,0.0,269083000.0,0.0,0.06,0.78,417625000.0,686708000.0,0.33,686708000.0,417625000.0,287147000.0,0.835,0.835,0.835,1930301000.0,1898262750.0,1930301000.0,5167677842.0,12.0,7.525,17828000.0,0.077,1.0,636192000.0,0.306,0.0,130478000.0,6802027000.0,6661023250.0,172405000.0,0.0,0.0,0.0,3564137000.0,629424000.0,2934713000.0,3029257842.0,98345000.0,0.0,29011000.0,110641000.0,-179115000.0,160537000.0,-507203000.0,0.0,445011000.0,0.0,192563000.0,192563000.0,192563000.0,0.0,0.0,0.093,237760000.0,398432000.0,139896000.0,0.934,1.569,15.731,15.605,3232691000.0,0.0,13.03,1.456,1.452,304719000.0,1152434000.0,2080440000.0,2080440000.0,0.0,0.036,0.101,0.063,0.201,0.0,0.0,1.0,232483334.0,231852000,231852000.0,8.973,5494438000.0,202594000.0,94584000.0,575889000.0,23.698,43976000.0
90,WEC,MRT,1998-12-31,1998-12-31,1998-12-31,2021-08-05,0.0,5361757000.0,5179803250.0,608119000.0,4753638000.0,0.394,8.325,-399000000.0,16603000.0,16603000.0,1416300000.0,188100000.0,0.827,1.817,2155023000.0,405999000.0,1749024000.0,2155023000.0,0.0,264400000.0,0.0,0.049,0.777,408100000.0,672500000.0,0.33,672500000.0,408100000.0,280300000.0,0.825,0.825,0.825,1903105000.0,1882819000.0,1903105000.0,5621310181.0,14.0,8.359,52400000.0,0.229,1.0,623100000.0,0.306,0.0,127800000.0,6764997000.0,6518750000.0,199052000.0,795676000.0,0.0,795676000.0,3458652000.0,735180000.0,2723472000.0,3624281181.0,-3000000.0,0.0,10300000.0,182100000.0,-177400000.0,15000000.0,-469400000.0,0.0,451400000.0,0.0,188100000.0,188100000.0,188100000.0,0.0,0.0,0.092,232400000.0,390700000.0,187452000.0,0.942,1.904,19.268,19.055,3499180000.0,0.0,15.72,1.777,1.762,320621000.0,1144092000.0,2039400000.0,2039400000.0,0.0,0.036,0.1,0.063,0.2,0.0,0.0,1.0,230552238.0,228600000,228600000.0,8.921,5361757000.0,199372000.0,92200000.0,693143000.0,23.455,-127061000.0
91,WEC,MRT,1998-09-30,1998-09-30,1998-09-30,2021-08-05,0.0,5181013000.0,5098785000.0,544603000.0,4636410000.0,0.392,8.179,-384436000.0,22351000.0,22351000.0,1493722000.0,138382000.0,0.869,1.748,2019380000.0,323934000.0,1695446000.0,2019380000.0,0.0,248107000.0,0.0,0.049,0.775,342029000.0,590136000.0,0.295,590136000.0,342029000.0,213670000.0,0.6,0.6,0.6,1885719000.0,1872775750.0,1885719000.0,5598129316.0,16.0,9.486,98947000.0,0.429,1.0,504902000.0,0.253,0.0,128359000.0,6551148000.0,6390211000.0,194891000.0,0.0,0.0,0.0,3295294000.0,626894000.0,2668400000.0,3638114316.0,-13432000.0,0.0,61000.0,114692000.0,-175882000.0,-62554000.0,-434261000.0,0.0,483383000.0,0.0,138382000.0,138382000.0,138382000.0,0.0,0.0,0.069,150364000.0,354538000.0,134274000.0,1.292,1.929,26.29,26.3,3263882000.0,0.0,15.78,1.82,1.82,265701000.0,1135581000.0,1998624000.0,1998624000.0,0.0,0.027,0.074,0.054,0.171,0.0,0.0,1.0,230552238.0,230552000,230552000.0,8.669,5181013000.0,184131000.0,75288000.0,554549000.0,22.472,-82291000.0
92,WEC,MRT,1998-06-30,1998-06-30,1998-06-30,2021-08-05,0.0,5113660000.0,,546806000.0,4566854000.0,,8.242,-374234000.0,14102000.0,14102000.0,1361175000.0,104181000.0,0.998,1.729,1974117000.0,248800000.0,1725317000.0,1974117000.0,0.0,248183000.0,0.0,0.051,0.773,283109000.0,531292000.0,0.283,531292000.0,283109000.0,158765000.0,0.455,0.455,0.455,1873926000.0,,1873926000.0,5322956341.0,19.0,10.019,61472000.0,0.27,1.0,518414000.0,0.276,0.0,124344000.0,6525921000.0,,187672000.0,0.0,0.0,0.0,3239734000.0,547754000.0,2691980000.0,3428864341.0,-53875000.0,0.0,61000.0,105851000.0,-174377000.0,-68465000.0,-421116000.0,0.0,435706000.0,0.0,104181000.0,104181000.0,104181000.0,0.0,0.0,0.055,223564000.0,294850000.0,144258000.0,1.699,1.83,32.913,33.385,3198156000.0,0.0,15.19,1.824,1.838,263168000.0,1123788000.0,1879589000.0,1879589000.0,0.0,,,,0.151,0.0,0.0,1.0,225731688.0,227374000,227374000.0,8.267,5113660000.0,185457000.0,54584000.0,549939000.0,22.49,-948000.0
93,WEC,MRT,1998-03-31,1998-03-31,1998-03-31,2021-08-05,0.0,5062783000.0,,578251000.0,4484532000.0,,8.278,-357283000.0,20541000.0,20541000.0,1233026000.0,64695000.0,0.799,1.71,1914633000.0,382694000.0,1531939000.0,1914633000.0,0.0,245503000.0,0.0,0.05,0.77,216966000.0,462469000.0,0.256,462469000.0,216966000.0,95938000.0,0.285,0.285,0.285,1868526000.0,,1868526000.0,5386607752.0,25.0,11.648,51644000.0,0.229,1.0,574201000.0,0.318,0.0,121028000.0,6232934000.0,,171471000.0,0.0,0.0,0.0,3194257000.0,723941000.0,2470316000.0,3463852752.0,-44282000.0,0.0,13275000.0,114992000.0,-173660000.0,-45393000.0,-407816000.0,0.0,408927000.0,0.0,64695000.0,64695000.0,64695000.0,0.0,0.0,0.036,313360000.0,260841000.0,161999000.0,2.702,1.854,53.541,53.842,3163514000.0,0.0,15.345,1.917,1.917,282115000.0,1137743000.0,1807227000.0,1807227000.0,0.0,,,,0.12,0.0,0.0,1.0,225731688.0,225732000,225732000.0,8.006,5062783000.0,174329000.0,31243000.0,534722000.0,22.428,-145690000.0
94,WEC,MRT,1997-12-31,1997-12-31,1997-12-31,2021-08-05,0.0,5037684000.0,4924261000.0,573317000.0,4464367000.0,0.367,8.275,-345908000.0,19607000.0,19607000.0,1247769000.0,60716000.0,0.808,1.704,1942362000.0,409957000.0,1532405000.0,1942362000.0,0.0,240895000.0,0.0,0.053,0.768,211411000.0,452306000.0,0.25,452306000.0,211411000.0,91721000.0,0.27,0.27,0.27,1862932000.0,1904138000.0,1862932000.0,,,,65198000.0,0.29,1.0,559160000.0,0.309,0.0,119690000.0,6250841000.0,6099724500.0,197204000.0,73194000.0,0.0,73194000.0,3174752000.0,709598000.0,2465154000.0,3244893015.0,8859000.0,0.0,29586000.0,119963000.0,-172714000.0,-23165000.0,-379082000.0,0.0,411106000.0,0.0,60716000.0,60716000.0,60716000.0,0.0,0.0,0.034,301113000.0,258047000.0,148588000.0,2.844,1.742,53.444,53.241,3407014000.0,0.0,14.375,1.796,1.791,287010000.0,1132149000.0,1806929000.0,1806929000.0,0.0,0.012,0.032,0.035,0.117,0.0,0.0,1.0,225731688.0,225140000,225140000.0,8.026,5037684000.0,172546000.0,31005000.0,654032000.0,22.376,-136281000.0
95,WEC,MRT,1997-09-30,1997-09-30,1997-09-30,2021-08-05,,,,,,,,,,,,,,,,,,,,,,0.059,0.765,,,,,,,,,,,,,,,,,,1.0,,,,,,,,,,,,,,,,,,,,,,,,,,,,,,,,,,,,,,,,13.0,,,,,,,,,,,,,,1.0,,225732000,,,,,,,,
96,WEC,MRT,1997-06-30,1997-06-30,1997-06-30,2021-08-05,,,,,,,,,,,,,,,,,,,,,,0.061,0.762,,,,,,,,,,,,,,,,,,1.0,,,,,,,,,,,,,,,,,,,,,,,,,,,,,,,,,,,,,,,,12.44,,,,,,,,,,,,,,1.0,,225154000,,,,,,,,
97,WEC,MRT,1997-03-31,1997-03-31,1997-03-31,2021-08-05,,,,,,,,,,,,,,,,,,,,,,0.062,0.76,,,,,,,,,,,,,,,,,,1.0,,,,,,,,,,,,,,,,,,,,,,,,,,,,,,,,,,,,,,,,12.25,,,,,,,,,,,,,,1.0,,223918000,,,,,,,,
98,WEC,MRT,1996-12-31,1996-12-31,1996-12-31,2021-08-05,0.0,4810838000.0,,565858000.0,4244980000.0,,8.764,-389194000.0,10748000.0,10748000.0,747033000.0,218135000.0,1.074,1.473,1675536000.0,259469000.0,1416067000.0,1675536000.0,0.0,202796000.0,0.0,0.056,0.754,450013000.0,652809000.0,0.368,652809000.0,450013000.0,343465000.0,0.985,0.985,0.985,1945344000.0,,1945344000.0,,,,75605000.0,0.341,1.0,1026787000.0,0.579,0.0,106548000.0,5948608000.0,,184416000.0,92705000.0,0.0,92705000.0,2865494000.0,527018000.0,2338476000.0,,-12878000.0,0.0,23180000.0,97799000.0,-167236000.0,-46258000.0,-431419000.0,0.0,464799000.0,0.0,218135000.0,218135000.0,218135000.0,0.0,0.0,0.123,594316000.0,432471000.0,148429000.0,0.765,,,13.645,3231444000.0,0.0,13.44,,1.682,307311000.0,,1773820000.0,1773820000.0,0.0,,,,0.254,0.0,0.0,1.0,,221966000,221966000.0,7.991,4810838000.0,153806000.0,125330000.0,636559000.0,21.674,38840000.0
99,WEC,MRT,1995-12-31,1995-12-31,1995-12-31,2021-08-05,,,,,,,,-271688000.0,,,721316000.0,234034000.0,,,,,,,,183876000.0,,0.048,0.729,483143000.0,667019000.0,0.377,667019000.0,483143000.0,372538000.0,1.065,1.065,1.065,,,,,,,155204000.0,0.706,1.0,1049168000.0,0.593,,110605000.0,,,,,,,,,,,14650000.0,0.0,52353000.0,4750000.0,-159688000.0,-102585000.0,-309657000.0,2130000.0,426892000.0,0.0,234034000.0,234034000.0,234034000.0,0.0,0.0,0.132,579118000.0,470050000.0,,0.685,,,14.38,,0.0,15.315,,1.9,,,1770484000.0,1770484000.0,0.0,,,,0.273,0.0,0.0,1.0,,219700000,219700000.0,8.059,,,138504000.0,,,
