None,ticker,dimension,calendardate,datekey,reportperiod,lastupdated,accoci,assets,assetsavg,assetsc,assetsnc,assetturnover,bvps,capex,cashneq,cashnequsd,cor,consolinc,currentratio,de,debt,debtc,debtnc,debtusd,deferredrev,depamor,deposits,divyield,dps,ebit,ebitda,ebitdamargin,ebitdausd,ebitusd,ebt,eps,epsdil,epsusd,equity,equityavg,equityusd,ev,evebit,evebitda,fcf,fcfps,fxusd,gp,grossmargin,intangibles,intexp,invcap,invcapavg,inventory,investments,investmentsc,investmentsnc,liabilities,liabilitiesc,liabilitiesnc,marketcap,ncf,ncfbus,ncfcommon,ncfdebt,ncfdiv,ncff,ncfi,ncfinv,ncfo,ncfx,netinc,netinccmn,netinccmnusd,netincdis,netincnci,netmargin,opex,opinc,payables,payoutratio,pb,pe,pe1,ppnenet,prefdivis,price,ps,ps1,receivables,retearn,revenue,revenueusd,rnd,roa,roe,roic,ros,sbcomp,sgna,sharefactor,sharesbas,shareswa,shareswadil,sps,tangibles,taxassets,taxexp,taxliabilities,tbvps,workingcapital
0,X,ARY,2020-12-31,2021-02-12,2020-12-31,2021-08-02,-47000000,12059000000,12176750000.0,4432000000,7627000000,0.8,14.424,-558000000.0,1985000000,1985000000,9558000000.0,-1165000000.0,1.669,2.161,5109000000,251000000,4858000000,5109000000,0,643000000.0,0,0.002,0.04,-1075000000.0,-432000000.0,-0.044,-432000000.0,-1075000000.0,-1307000000.0,-5.92,-5.92,-5.92,3786000000,3644250000.0,3786000000,7454785608,-7.0,-17.256,-420000000.0,-1.6,1.0,183000000.0,0.019,129000000,232000000.0,12398000000,12964000000.0,1402000000,130000000,0,130000000,8180000000,2656000000,5524000000,4330785608,1179000000.0,-1000000.0,0.0,1086000000.0,-8000000.0,1581000000.0,-563000000.0,-4000000.0,138000000.0,23000000.0,-1165000000.0,-1165000000.0,-1165000000.0,0.0,0.0,-0.12,1169000000.0,-986000000.0,2192000000,-0.007,1.144,-3.717,-2.787,5658000000,0.0,16.5,0.445,0.445,2171000000,-623000000.0,9741000000.0,9741000000.0,0.0,-0.096,-0.32,-0.083,-0.11,0.0,274000000.0,1.0,262471855,262471855,,37.113,11930000000,22000000,-142000000.0,165000000,45.452,1776000000
1,X,ARY,2019-12-31,2020-02-14,2019-12-31,2021-08-02,-478000000,11608000000,11242000000.0,3813000000,7795000000,1.151,24.064,-1248000000.0,749000000,749000000,12082000000.0,-630000000.0,1.453,1.837,3878000000,74000000,3804000000,3878000000,0,616000000.0,0,0.018,0.16,-230000000.0,386000000.0,0.03,386000000.0,-230000000.0,-452000000.0,-3.67,-3.67,-3.67,4092000000,4209250000.0,4092000000,4623713798,-20.0,11.979,-566000000.0,-3.328,1.0,855000000.0,0.066,150000000,222000000.0,11962000000,10485750000.0,1785000000,188000000,0,188000000,7515000000,2625000000,4890000000,1494713798,-101000000.0,-710000000.0,-88000000.0,1307000000.0,-35000000.0,1177000000.0,-1958000000.0,0.0,682000000.0,-2000000.0,-630000000.0,-630000000.0,-630000000.0,0.0,0.0,-0.049,1164000000.0,-309000000.0,2390000000,-0.044,0.365,-2.373,-2.395,5677000000,0.0,8.79,0.116,0.116,2643000000,544000000.0,12937000000.0,12937000000.0,0.0,-0.056,-0.15,-0.022,-0.018,0.0,289000000.0,1.0,170047076,170047076,,76.079,11458000000,19000000,178000000.0,120000000,67.381,1188000000
2,X,ARY,2018-12-31,2019-02-15,2018-12-31,2021-08-02,-1026000000,10982000000,10408750000.0,4830000000,6152000000,1.362,24.258,-991000000.0,1000000000,1000000000,12305000000.0,1115000000.0,1.511,1.613,2381000000,65000000,2316000000,2381000000,0,521000000.0,0,0.009,0.2,1124000000.0,1645000000.0,0.116,1645000000.0,1124000000.0,812000000.0,6.31,6.25,6.31,4202000000,3796500000.0,4202000000,5351263780,5.0,3.253,-53000000.0,-0.306,1.0,1873000000.0,0.132,158000000,312000000.0,9008000000,8532250000.0,2092000000,0,0,0,6779000000,3197000000,3582000000,3970263780,-557000000.0,30000000.0,-40000000.0,-431000000.0,-36000000.0,-515000000.0,-963000000.0,-2000000.0,938000000.0,-17000000.0,1115000000.0,1115000000.0,1115000000.0,0.0,0.0,0.079,848000000.0,1025000000.0,2975000000,0.032,0.945,3.561,3.632,4865000000,0.0,22.92,0.28,0.28,2172000000,1212000000.0,14178000000.0,14178000000.0,0.0,0.107,0.294,0.132,0.079,0.0,336000000.0,1.0,173222678,173222678,,81.848,10824000000,445000000,-303000000.0,132000000,62.486,1633000000
3,X,ARY,2017-12-31,2018-02-21,2017-12-31,2021-08-02,-845000000,9862000000,9626500000.0,4755000000,5107000000,1.273,18.876,-500000000.0,1553000000,1553000000,10864000000.0,387000000.0,1.748,1.97,2703000000,3000000,2700000000,2703000000,0,501000000.0,0,0.005,0.2,608000000.0,1109000000.0,0.091,1109000000.0,608000000.0,301000000.0,2.21,2.19,2.21,3320000000,2713500000.0,3320000000,8688354209,14.0,7.834,302000000.0,1.717,1.0,1386000000.0,0.113,167000000,307000000.0,8124000000,8112750000.0,1738000000,0,0,0,6541000000,2721000000,3820000000,7538354209,38000000.0,116000000.0,20000000.0,-367000000.0,-35000000.0,-392000000.0,-389000000.0,-2000000.0,802000000.0,17000000.0,387000000.0,387000000.0,387000000.0,0.0,0.0,0.032,822000000.0,564000000.0,2517000000,0.09,2.271,19.479,19.394,4280000000,0.0,42.86,0.615,0.615,1859000000,133000000.0,12250000000.0,12250000000.0,0.0,0.04,0.143,0.075,0.05,0.0,375000000.0,1.0,175883206,175883206,,69.648,9695000000,56000000,-86000000.0,138000000,55.122,2034000000
4,X,ARY,2016-12-31,2017-02-28,2016-12-31,2021-08-02,-1497000000,9160000000,9126000000.0,4356000000,4804000000,1.124,13.047,-294000000.0,1515000000,1515000000,9623000000.0,-440000000.0,1.869,3.028,3031000000,50000000,2981000000,3031000000,0,507000000.0,0,0.005,0.2,-165000000.0,342000000.0,0.033,342000000.0,-165000000.0,-416000000.0,-2.81,-2.81,-2.81,2274000000,2182500000.0,2274000000,8264538266,-50.0,24.165,433000000.0,2.484,1.0,638000000.0,0.062,175000000,251000000.0,8170000000,8608250000.0,1573000000,0,0,0,6885000000,2331000000,4554000000,6748538266,760000000.0,0.0,35000000.0,-112000000.0,-31000000.0,359000000.0,-318000000.0,-21000000.0,727000000.0,-8000000.0,-440000000.0,-440000000.0,-440000000.0,0.0,0.0,-0.043,901000000.0,-263000000.0,2068000000,-0.071,2.968,-15.338,-13.779,3979000000,0.0,38.72,0.658,0.658,1776000000,-250000000.0,10261000000.0,10261000000.0,0.0,-0.048,-0.202,-0.019,-0.016,0.0,255000000.0,1.0,174290761,174290761,,58.873,8985000000,6000000,24000000.0,156000000,51.552,2025000000
5,X,ARY,2015-12-31,2016-02-29,2015-12-31,2021-08-02,-1169000000,9190000000,10784500000.0,3917000000,5273000000,1.073,16.652,-496000000.0,755000000,755000000,11141000000.0,-1642000000.0,1.824,2.772,3161000000,45000000,3116000000,3161000000,0,547000000.0,0,0.022,0.2,-1202000000.0,-655000000.0,-0.057,-655000000.0,-1202000000.0,-1459000000.0,-11.24,-11.24,-11.24,2436000000,3188500000.0,2436000000,3740118233,-3.0,-5.71,-137000000.0,-0.937,1.0,433000000.0,0.037,196000000,257000000.0,9252000000,9901250000.0,2074000000,0,0,0,6753000000,2148000000,4605000000,1334118233,-599000000.0,-25000000.0,1000000.0,-379000000.0,-29000000.0,-407000000.0,-510000000.0,-2000000.0,359000000.0,-41000000.0,-1642000000.0,-1642000000.0,-1642000000.0,0.0,0.0,-0.142,1281000000.0,-848000000.0,1955000000,-0.018,0.548,-0.812,-0.811,4411000000,0.0,9.12,0.115,0.115,1603000000,190000000.0,11574000000.0,11574000000.0,0.0,-0.152,-0.515,-0.121,-0.104,0.0,415000000.0,1.0,146284894,146284894,,79.12,8994000000,15000000,183000000.0,128000000,61.483,1769000000
6,X,ARY,2014-12-31,2015-02-24,2014-12-31,2021-08-02,-1441000000,12314000000,12780500000.0,6431000000,5883000000,1.37,26.081,-390000000.0,1354000000,1354000000,15455000000.0,102000000.0,1.802,2.241,3498000000,378000000,3120000000,3498000000,0,627000000.0,0,0.008,0.2,413000000.0,1040000000.0,0.059,1040000000.0,413000000.0,170000000.0,0.71,0.69,0.71,3799000000,3676000000.0,3799000000,5804455753,14.0,5.581,1102000000.0,7.566,1.0,2052000000.0,0.117,204000000,243000000.0,10685000000,11369000000.0,2496000000,0,0,0,8514000000,3569000000,4945000000,3660455753,750000000.0,0.0,13000000.0,-325000000.0,-29000000.0,-341000000.0,-366000000.0,-5000000.0,1492000000.0,-35000000.0,102000000.0,102000000.0,102000000.0,0.0,0.0,0.006,1365000000.0,687000000.0,3005000000,0.282,0.964,35.887,35.394,4574000000,0.0,25.13,0.209,0.209,2866000000,1862000000.0,17507000000.0,17507000000.0,0.0,0.008,0.028,0.036,0.024,0.0,523000000.0,1.0,145660794,145660794,,120.19,12110000000,663000000,68000000.0,435000000,83.138,2862000000
7,X,ARY,2013-12-31,2014-02-25,2013-12-31,2021-08-02,-1752000000,13143000000,14041000000.0,6078000000,7065000000,1.241,23.14,-474000000.0,604000000,604000000,16016000000.0,-1672000000.0,1.873,2.925,3939000000,323000000,3616000000,3939000000,0,684000000.0,0,0.008,0.2,-1900000000.0,-1216000000.0,-0.07,-1216000000.0,-1900000000.0,-2232000000.0,-11.56,-11.56,-11.56,3348000000,3016250000.0,3348000000,6764094414,-4.0,-5.563,-60000000.0,-0.415,1.0,1408000000.0,0.081,275000000,332000000.0,12958000000,12923750000.0,2688000000,0,0,0,9794000000,3245000000,6549000000,3429094414,34000000.0,0.0,0.0,33000000.0,-29000000.0,4000000.0,-393000000.0,-7000000.0,414000000.0,9000000.0,-1672000000.0,-1672000000.0,-1672000000.0,0.0,0.0,-0.096,3348000000.0,-1940000000.0,2728000000,-0.017,1.024,-2.051,-2.05,5922000000,0.0,23.7,0.197,0.197,2596000000,1762000000.0,17424000000.0,17424000000.0,0.0,-0.119,-0.554,-0.147,-0.109,0.0,610000000.0,1.0,144687528,144687528,,120.425,12868000000,777000000,-560000000.0,585000000,88.936,2833000000
8,X,ARY,2012-12-31,2013-02-15,2012-12-31,2021-08-02,-3268000000,15217000000,15480250000.0,5374000000,9843000000,1.249,24.099,-568000000.0,570000000,570000000,17630000000.0,-125000000.0,1.797,3.376,3953000000,17000000,3936000000,3953000000,0,661000000.0,0,0.009,0.2,248000000.0,909000000.0,0.047,909000000.0,248000000.0,7000000.0,-0.86,-0.86,-0.86,3477000000,3582500000.0,3477000000,6724579411,27.0,7.398,567000000.0,3.93,1.0,1698000000.0,0.088,2075000000,241000000.0,13535000000,13528250000.0,2503000000,0,0,0,11739000000,2990000000,8749000000,3341579411,162000000.0,0.0,0.0,36000000.0,-29000000.0,-373000000.0,-602000000.0,-13000000.0,1135000000.0,2000000.0,-124000000.0,-124000000.0,-124000000.0,0.0,-1000000.0,-0.006,1595000000.0,103000000.0,2777000000,-0.233,0.961,-26.948,-26.93,6408000000,0.0,23.16,0.173,0.173,2699000000,3463000000.0,19328000000.0,19328000000.0,0.0,-0.008,-0.035,0.018,0.013,0.0,654000000.0,1.0,144282358,144282358,,133.96,13142000000,595000000,131000000.0,146000000,91.085,2384000000
9,X,ARY,2011-12-31,2012-02-28,2011-12-31,2021-08-02,-3367000000,16073000000,16004250000.0,5774000000,10299000000,1.242,23.19,-807000000.0,408000000,408000000,18326000000.0,-53000000.0,1.582,3.592,4252000000,424000000,3828000000,4252000000,0,681000000.0,0,0.007,0.2,265000000.0,946000000.0,0.048,946000000.0,265000000.0,27000000.0,-0.37,-0.37,-0.37,3500000000,3948000000.0,3500000000,8056342176,30.0,8.516,-639000000.0,-4.234,1.0,1558000000.0,0.078,2045000000,238000000.0,14223000000,13945500000.0,2775000000,0,0,0,12572000000,3649000000,8923000000,4212342176,-170000000.0,0.0,3000000.0,122000000.0,-29000000.0,477000000.0,-813000000.0,-41000000.0,168000000.0,-2000000.0,-53000000.0,-53000000.0,-53000000.0,0.0,0.0,-0.003,1389000000.0,169000000.0,3066000000,-0.541,1.204,-79.478,-75.432,6579000000,0.0,27.91,0.212,0.212,3109000000,3616000000.0,19884000000.0,19884000000.0,0.0,-0.003,-0.013,0.019,0.013,0.0,733000000.0,1.0,150925911,150925911,,131.747,14028000000,770000000,80000000.0,118000000,92.946,2125000000
10,X,ARY,2010-12-31,2011-02-22,2010-12-31,2021-08-02,-3068000000,15350000000,15437000000.0,5304000000,10046000000,1.125,26.788,-507000000.0,578000000,578000000,16259000000.0,-482000000.0,1.685,2.986,3763000000,246000000,3517000000,3763000000,0,658000000.0,0,0.003,0.2,-111000000.0,547000000.0,0.031,547000000.0,-111000000.0,-385000000.0,-3.36,-3.36,-3.36,3851000000,4343500000.0,3851000000,11462633028,-103.0,20.955,-886000000.0,-6.163,1.0,1115000000.0,0.064,2035000000,274000000.0,13353000000,13319250000.0,2352000000,0,0,0,11498000000,3147000000,8351000000,8277633028,-640000000.0,0.0,5000000.0,359000000.0,-29000000.0,335000000.0,-583000000.0,-34000000.0,-379000000.0,-13000000.0,-482000000.0,-482000000.0,-482000000.0,0.0,0.0,-0.028,1261000000.0,-146000000.0,2742000000,-0.06,2.149,-17.174,-17.137,6486000000,0.0,57.58,0.476,0.476,2693000000,3698000000.0,17374000000.0,17374000000.0,0.0,-0.031,-0.111,-0.008,-0.006,0.0,610000000.0,1.0,143758823,143758823,,120.855,13315000000,815000000,97000000.0,116000000,92.62,2157000000
11,X,ARY,2009-12-31,2010-02-24,2009-12-31,2021-08-02,-2728000000,15422000000,15537500000.0,5015000000,10407000000,0.711,32.615,-253000000.0,1218000000,1218000000,11597000000.0,-1406000000.0,2.027,2.233,3387000000,42000000,3345000000,3387000000,0,661000000.0,0,0.004,0.2,-1679000000.0,-1018000000.0,-0.092,-1018000000.0,-1679000000.0,-1840000000.0,-10.42,-10.42,-10.42,4676000000,4669250000.0,4676000000,9641452010,-6.0,-9.471,-314000000.0,-2.19,1.0,-549000000.0,-0.05,2006000000,161000000.0,13111000000,13062250000.0,1679000000,0,0,0,10443000000,2474000000,7969000000,7472452010,494000000.0,-24000000.0,667000000.0,166000000.0,-56000000.0,938000000.0,-374000000.0,-38000000.0,-61000000.0,-9000000.0,-1401000000.0,-1401000000.0,-1401000000.0,0.0,-5000000.0,-0.127,1155000000.0,-1704000000.0,2311000000,-0.019,1.598,-5.334,-5.002,6820000000,0.0,52.12,0.676,0.676,2262000000,4209000000.0,11048000000.0,11048000000.0,0.0,-0.09,-0.3,-0.129,-0.152,0.0,618000000.0,1.0,143370146,143370146,,77.059,13416000000,1048000000,-439000000.0,89000000,93.576,2541000000
12,X,ARY,2008-12-31,2009-02-24,2008-12-31,2021-08-02,-3269000000,16087000000,16709750000.0,5732000000,10355000000,1.422,42.126,-872000000.0,724000000,724000000,19723000000.0,2112000000.0,2.063,2.253,3156000000,92000000,3064000000,3156000000,0,605000000.0,0,0.052,1.15,3027000000.0,3632000000.0,0.153,3632000000.0,3027000000.0,2965000000.0,18.04,17.96,18.04,4895000000,5815250000.0,4895000000,5005787694,2.0,1.378,786000000.0,6.764,1.0,4031000000.0,0.17,1891000000,62000000.0,13850000000,13960750000.0,2492000000,0,0,0,11028000000,2778000000,8250000000,2573787694,323000000.0,-141000000.0,-222000000.0,-65000000.0,-129000000.0,-305000000.0,-1032000000.0,-21000000.0,1658000000.0,2000000.0,2112000000.0,2112000000.0,2112000000.0,0.0,0.0,0.089,1213000000.0,2818000000.0,2450000000,0.064,0.526,1.219,1.228,6676000000,0.0,22.15,0.108,0.108,2983000000,5666000000.0,23754000000.0,23754000000.0,0.0,0.126,0.363,0.217,0.127,0.0,625000000.0,1.0,116198090,116198090,,204.427,14196000000,843000000,853000000.0,212000000,122.171,2954000000
13,X,ARY,2007-12-31,2008-02-27,2007-12-31,2021-08-02,-836000000,15632000000,13192750000.0,4959000000,10673000000,1.279,46.953,-650000000.0,401000000,401000000,14633000000.0,879000000.0,1.651,1.81,3310000000,163000000,3147000000,3310000000,0,506000000.0,0,0.008,0.85,1202000000.0,1708000000.0,0.101,1708000000.0,1202000000.0,1097000000.0,7.44,7.4,7.44,5531000000,5124750000.0,5531000000,16127196615,13.0,9.442,1095000000.0,9.296,1.0,2240000000.0,0.133,2131000000,105000000.0,13407000000,10126750000.0,2279000000,0,0,0,10013000000,3003000000,7010000000,13218196615,-1021000000.0,-4029000000.0,-99000000.0,2090000000.0,-95000000.0,1891000000.0,-4675000000.0,-9000000.0,1745000000.0,18000000.0,879000000.0,879000000.0,879000000.0,0.0,0.0,0.052,1053000000.0,1187000000.0,2725000000,0.114,2.39,15.038,15.082,6688000000,0.0,112.21,0.783,0.783,2771000000,3683000000.0,16873000000.0,16873000000.0,0.0,0.067,0.172,0.119,0.071,0.0,589000000.0,1.0,117798740,117798740,,143.236,13501000000,167000000,218000000.0,257000000,114.611,1956000000
14,X,ARY,2006-12-31,2007-02-27,2006-12-31,2021-08-02,-1286000000,10586000000,10414250000.0,5196000000,5390000000,1.509,36.839,-586000000.0,1422000000,1422000000,12968000000.0,1374000000.0,1.923,1.416,1091000000,148000000,943000000,1091000000,0,441000000.0,0,0.008,0.7,1760000000.0,2201000000.0,0.14,2201000000.0,1760000000.0,1698000000.0,11.88,11.18,11.88,4365000000,4074500000.0,4365000000,9919373263,6.0,4.507,1100000000.0,9.284,1.0,2747000000.0,0.175,0,62000000.0,7553000000,7465000000.0,1604000000,0,0,0,6183000000,2702000000,3481000000,10250373263,-57000000.0,0.0,-409000000.0,-656000000.0,-77000000.0,-1155000000.0,-590000000.0,-8000000.0,1686000000.0,2000000.0,1374000000.0,1366000000.0,1366000000.0,0.0,0.0,0.087,1032000000.0,1715000000.0,2341000000,0.059,2.348,7.504,7.282,4429000000,8000000.0,86.51,0.652,0.652,2135000000,2902000000.0,15715000000.0,15715000000.0,0.0,0.131,0.335,0.236,0.112,0.0,604000000.0,1.0,118487727,118487727,,132.63,10586000000,465000000,324000000.0,182000000,89.343,2494000000
15,X,ARY,2005-12-31,2006-02-28,2005-12-31,2021-08-02,-1418000000,9822000000,10913500000.0,4831000000,4991000000,1.286,30.542,-710000000.0,1479000000,1479000000,11601000000.0,910000000.0,1.757,1.945,1727000000,364000000,1363000000,1727000000,0,366000000.0,0,0.007,0.4,1402000000.0,1768000000.0,0.126,1768000000.0,1402000000.0,1275000000.0,7.87,7.0,7.87,3324000000,4273500000.0,3324000000,6179372231,4.0,3.495,508000000.0,4.668,1.0,2438000000.0,0.174,280000000,127000000.0,7041000000,8671750000.0,1466000000,0,0,0,6466000000,2749000000,3717000000,5931372231,442000000.0,0.0,-226000000.0,258000000.0,-60000000.0,-61000000.0,-708000000.0,-5000000.0,1218000000.0,-7000000.0,910000000.0,892000000.0,892000000.0,0.0,0.0,0.064,1043000000.0,1395000000.0,2168000000,0.051,1.784,6.65,6.925,4015000000,18000000.0,54.5,0.422,0.422,1901000000,1605000000.0,14039000000.0,14039000000.0,0.0,0.082,0.209,0.162,0.1,0.0,698000000.0,1.0,108832518,108832518,,128.996,9542000000,486000000,365000000.0,186000000,87.676,2082000000
16,X,ARY,2004-12-31,2005-02-25,2004-12-31,2021-08-02,-49000000,10956000000,9116250000.0,4243000000,6713000000,1.548,34.775,-484000000.0,1037000000,1037000000,11407000000.0,1091000000.0,1.676,1.753,1449000000,86000000,1363000000,1449000000,0,382000000.0,0,0.004,0.23,1561000000.0,1943000000.0,0.138,1943000000.0,1561000000.0,1442000000.0,9.6,8.37,9.6,3970000000,2292500000.0,3970000000,7617895656,5.0,3.921,916000000.0,8.024,1.0,2701000000.0,0.191,38000000,119000000.0,8799000000,7126750000.0,1197000000,0,0,0,6958000000,2531000000,4427000000,7205895656,721000000.0,7000000.0,361000000.0,-498000000.0,-39000000.0,-203000000.0,-484000000.0,-13000000.0,1400000000.0,8000000.0,1091000000.0,1073000000.0,1073000000.0,0.0,0.0,0.076,1121000000.0,1580000000.0,2092000000,0.024,1.815,6.716,6.575,3627000000,18000000.0,63.12,0.511,0.511,2072000000,651000000.0,14108000000.0,14108000000.0,0.0,0.118,0.468,0.219,0.111,0.0,739000000.0,1.0,114161845,114161845,,123.579,10918000000,263000000,351000000.0,922000000,95.636,1712000000
17,X,ARY,2003-12-31,2004-02-25,2003-12-31,2021-08-02,-1501000000,7838000000,8684250000.0,3107000000,4731000000,1.089,10.395,-222000000.0,316000000,316000000,8469000000.0,-463000000.0,1.459,6.171,1933000000,43000000,1890000000,1933000000,0,363000000.0,0,0.006,0.2,-787000000.0,-424000000.0,-0.045,-424000000.0,-787000000.0,-917000000.0,-4.64,-4.64,-4.64,1093000000,1785500000.0,1093000000,5241237363,-7.0,-12.361,355000000.0,3.376,1.0,989000000.0,0.105,477000000,130000000.0,6848000000,7948750000.0,1283000000,0,0,0,6745000000,2130000000,4615000000,3624237363,73000000.0,-871000000.0,23000000.0,397000000.0,-35000000.0,627000000.0,-1130000000.0,-88000000.0,577000000.0,-1000000.0,-463000000.0,-479000000.0,-479000000.0,0.0,0.0,-0.051,1719000000.0,-730000000.0,1677000000,-0.043,3.316,-7.566,-7.429,3415000000,16000000.0,34.47,0.383,0.383,1514000000,-421000000.0,9458000000.0,9458000000.0,0.0,-0.055,-0.268,-0.099,-0.083,0.0,673000000.0,1.0,105141786,105141786,,89.955,7361000000,610000000,-454000000.0,366000000,70.01,977000000
18,X,ARY,2002-12-31,2003-03-10,2002-12-31,2021-08-02,-803000000,7977000000,8385250000.0,2440000000,5537000000,0.841,19.74,-191000000.0,243000000,243000000,6158000000.0,61000000.0,1.778,2.935,1434000000,26000000,1408000000,1434000000,0,350000000.0,0,0.018,0.2,128000000.0,478000000.0,0.068,478000000.0,128000000.0,13000000.0,0.62,0.62,0.62,2027000000,2478000000.0,2027000000,2333898207,18.0,4.883,88000000.0,0.857,1.0,896000000.0,0.127,414000000,115000000.0,7382000000,8285500000.0,1030000000,0,0,0,5950000000,1372000000,4578000000,1142898207,96000000.0,-38000000.0,227000000.0,-32000000.0,-19000000.0,122000000.0,-309000000.0,-85000000.0,279000000.0,4000000.0,61000000.0,61000000.0,61000000.0,0.0,0.0,0.009,768000000.0,128000000.0,1021000000,0.323,0.564,18.736,17.952,2978000000,0.0,11.13,0.162,0.162,1281000000,42000000.0,7054000000.0,7054000000.0,0.0,0.007,0.025,0.015,0.018,0.0,418000000.0,1.0,102686272,102686272,,68.695,7563000000,217000000,-48000000.0,504000000,73.652,1068000000
19,X,ARY,2001-12-31,2002-03-19,2001-12-31,2021-08-02,-49000000,8337000000,,2073000000,6264000000,,27.96,-243000000.0,147000000,147000000,6344000000.0,-218000000.0,1.647,2.327,1466000000,32000000,1434000000,1466000000,0,344000000.0,0,0.021,0.35,-405000000.0,-61000000.0,-0.01,-61000000.0,-405000000.0,-546000000.0,-2.45,-2.45,-2.45,2506000000,,2506000000,2842694836,-7.0,-46.602,426000000.0,4.753,1.0,31000000.0,0.005,0,141000000.0,8397000000,,870000000,346000000,0,346000000,5831000000,1259000000,4572000000,1523694836,-72000000.0,-14000000.0,0.0,-444000000.0,-57000000.0,-501000000.0,-239000000.0,3000000.0,669000000.0,-1000000.0,-218000000.0,-218000000.0,-218000000.0,0.0,0.0,-0.034,436000000.0,-405000000.0,931000000,-0.143,0.608,-6.989,-6.939,3084000000,0.0,17.0,0.239,0.239,838000000,,6375000000.0,6375000000.0,0.0,,,,-0.064,0.0,92000000.0,1.0,89629108,89629108,,71.126,8337000000,216000000,-328000000.0,980000000,93.017,814000000
0,X,ARQ,2021-06-30,2021-07-30,2021-06-30,2021-08-02,107000000,16084000000,,5638000000,10446000000,,21.66,-123000000.0,1329000000,1329000000,3678000000.0,1012000000.0,1.267,1.733,5767000000,819000000,4948000000,5767000000,0,202000000.0,0,0.002,0.01,1034000000.0,1236000000.0,0.246,1236000000.0,1034000000.0,975000000.0,3.75,3.53,3.75,5851000000,,5851000000,11591005249,9.0,5.778,869000000.0,3.217,1.0,1347000000.0,0.268,1442000000,59000000.0,14629000000,,1914000000,95000000,0,95000000,10141000000,4451000000,5690000000,7153005249,590000000.0,0.0,-1000000.0,-280000000.0,0.0,-282000000.0,-123000000.0,0.0,992000000.0,3000000.0,1012000000.0,1012000000.0,1012000000.0,0.0,0.0,0.201,348000000.0,999000000.0,3244000000,0.003,1.223,7.792,7.438,7567000000,0.0,26.48,0.526,0.526,2582000000,480000000.0,5025000000.0,5025000000.0,0.0,,,,,0.0,106000000.0,1.0,270128597,270128597,,18.602,14642000000,44000000,-37000000.0,254000000,54.204,1187000000
1,X,ARQ,2021-03-31,2021-04-30,2021-03-31,2021-08-02,-90000000,14689000000,,4250000000,10439000000,,17.159,-136000000.0,753000000,753000000,3080000000.0,91000000.0,1.352,2.155,6051000000,103000000,5948000000,6051000000,0,189000000.0,0,0.002,0.0,425000000.0,614000000.0,0.168,614000000.0,425000000.0,92000000.0,0.36,0.35,0.36,4627000000,,4627000000,11502907203,-42.0,28.975,-25000000.0,-0.093,1.0,584000000.0,0.159,1448000000,333000000.0,15395000000,,1750000000,122000000,0,122000000,9969000000,3144000000,6825000000,6204907203,-1236000000.0,-625000000.0,791000000.0,-1354000000.0,0.0,-573000000.0,-762000000.0,0.0,111000000.0,-12000000.0,91000000.0,91000000.0,91000000.0,0.0,0.0,0.025,284000000.0,300000000.0,2813000000,0.0,1.341,-9.085,-6.482,7773000000,0.0,23.01,0.582,0.582,2164000000,-532000000.0,3664000000.0,3664000000.0,0.0,,,,,0.0,96000000.0,1.0,269661330,269661330,,13.587,13241000000,14000000,1000000.0,222000000,49.102,1106000000
2,X,ARQ,2020-12-31,2021-02-12,2020-12-31,2021-08-02,-47000000,12059000000,,4432000000,7627000000,,14.424,30000000.0,1985000000,1985000000,2384000000.0,49000000.0,1.669,2.161,5109000000,251000000,4858000000,5109000000,0,162000000.0,0,0.002,0.02,43000000.0,205000000.0,0.08,205000000.0,43000000.0,-45000000.0,0.51,0.51,0.51,3786000000,,3786000000,7454785608,-7.0,-17.256,317000000.0,1.208,1.0,178000000.0,0.069,129000000,88000000.0,12398000000,,1402000000,130000000,0,130000000,8180000000,2656000000,5524000000,4330785608,331000000.0,-6000000.0,0.0,-30000000.0,-2000000.0,7000000.0,24000000.0,0.0,287000000.0,13000000.0,49000000.0,49000000.0,49000000.0,0.0,0.0,0.019,93000000.0,85000000.0,2192000000,0.039,1.144,-3.717,-2.787,5658000000,0.0,16.5,0.445,0.445,2171000000,-623000000.0,2562000000.0,2562000000.0,0.0,,,,,0.0,75000000.0,1.0,262471855,262471855,,9.761,11930000000,22000000,-94000000.0,165000000,45.452,1776000000
3,X,ARQ,2020-09-30,2020-10-30,2020-09-30,2021-08-02,-332000000,11731000000,,4244000000,7487000000,,15.649,-134000000.0,1696000000,1696000000,2295000000.0,-234000000.0,1.723,2.385,5124000000,322000000,4802000000,5124000000,0,162000000.0,0,0.008,0.01,-211000000.0,-49000000.0,-0.021,-49000000.0,-211000000.0,-258000000.0,-1.06,-1.06,-1.06,3449000000,,3449000000,5557104727,-4.0,-6.53,79000000.0,0.358,1.0,45000000.0,0.019,131000000,47000000.0,12565000000,,1398000000,89000000,0,89000000,8227000000,2463000000,5764000000,2129104727,-642000000.0,0.0,0.0,-744000000.0,-3000000.0,-732000000.0,-134000000.0,0.0,213000000.0,11000000.0,-234000000.0,-234000000.0,-234000000.0,0.0,0.0,-0.1,225000000.0,-180000000.0,1958000000,-0.009,0.617,-1.131,-0.91,5655000000,0.0,9.66,0.213,0.213,2385000000,-671000000.0,2340000000.0,2340000000.0,0.0,,,,,0.0,65000000.0,1.0,220404216,220404216,,10.617,11600000000,21000000,-24000000.0,115000000,52.631,1781000000
4,X,ARQ,2020-06-30,2020-07-31,2020-06-30,2021-08-02,-390000000,12551000000,,4924000000,7627000000,,16.411,-173000000.0,2300000000,2300000000,2274000000.0,-589000000.0,2.3,2.46,5842000000,152000000,5690000000,5842000000,0,159000000.0,0,0.018,0.01,-532000000.0,-373000000.0,-0.178,-373000000.0,-532000000.0,-594000000.0,-3.36,-3.36,-3.36,3617000000,,3617000000,5009869415,-4.0,-6.949,-393000000.0,-1.783,1.0,-183000000.0,-0.088,132000000,62000000.0,13820000000,,1634000000,128000000,0,128000000,8897000000,2141000000,6756000000,1467869415,932000000.0,-3000000.0,0.0,874000000.0,-1000000.0,1323000000.0,-176000000.0,0.0,-220000000.0,5000000.0,-589000000.0,-589000000.0,-589000000.0,0.0,0.0,-0.282,310000000.0,-493000000.0,1813000000,-0.003,0.406,-0.847,-0.663,5646000000,0.0,6.66,0.137,0.137,2315000000,-438000000.0,2091000000.0,2091000000.0,0.0,,,,,0.0,62000000.0,1.0,220400813,220400813,,9.487,12419000000,19000000,-5000000.0,122000000,56.347,2783000000
5,X,ARQ,2020-03-31,2020-05-01,2020-03-31,2021-08-02,-454000000,12366000000,,4686000000,7680000000,,21.863,-281000000.0,1350000000,1350000000,2605000000.0,-391000000.0,1.687,2.319,4968000000,159000000,4809000000,4968000000,0,160000000.0,0,0.021,0.0,-375000000.0,-215000000.0,-0.078,-215000000.0,-375000000.0,-410000000.0,-2.3,-2.3,-2.3,3725000000,,3725000000,4897522506,-7.0,-59.006,-423000000.0,-2.483,1.0,143000000.0,0.052,134000000,35000000.0,13073000000,,2075000000,143000000,0,143000000,8640000000,2777000000,5863000000,1279522506,558000000.0,8000000.0,0.0,986000000.0,-2000000.0,983000000.0,-277000000.0,-4000000.0,-142000000.0,-6000000.0,-391000000.0,-391000000.0,-391000000.0,0.0,0.0,-0.142,541000000.0,-398000000.0,2458000000,0.0,0.343,-1.19,-1.194,5653000000,0.0,7.51,0.105,0.105,2593000000,151000000.0,2748000000.0,2748000000.0,0.0,,,,,0.0,72000000.0,1.0,170375833,170375833,,16.129,12232000000,5000000,-19000000.0,124000000,71.794,1909000000
6,X,ARQ,2019-12-31,2020-02-14,2019-12-31,2021-08-02,-478000000,11608000000,,3813000000,7795000000,,24.064,-274000000.0,749000000,749000000,2781000000.0,-668000000.0,1.453,1.837,3878000000,74000000,3804000000,3878000000,0,162000000.0,0,0.018,0.06,-376000000.0,-214000000.0,-0.076,-214000000.0,-376000000.0,-447000000.0,-3.89,-3.89,-3.89,4092000000,,4092000000,4623713798,-20.0,11.979,12000000.0,0.071,1.0,43000000.0,0.015,150000000,71000000.0,11962000000,,1785000000,188000000,0,188000000,7515000000,2625000000,4890000000,1494713798,443000000.0,-710000000.0,0.0,1146000000.0,-9000000.0,1137000000.0,-984000000.0,0.0,286000000.0,4000000.0,-668000000.0,-668000000.0,-668000000.0,0.0,0.0,-0.237,430000000.0,-387000000.0,2390000000,-0.015,0.365,-2.373,-2.395,5677000000,0.0,8.79,0.116,0.116,2643000000,544000000.0,2824000000.0,2824000000.0,0.0,,,,,0.0,66000000.0,1.0,170047076,170047076,,16.607,11458000000,19000000,221000000.0,120000000,67.381,1188000000
7,X,ARQ,2019-09-30,2019-11-01,2019-09-30,2021-08-02,-975000000,10917000000,,4042000000,6875000000,,24.694,-347000000.0,476000000,476000000,2902000000.0,-84000000.0,1.418,1.6,2812000000,123000000,2689000000,2812000000,0,161000000.0,0,0.015,0.05,-80000000.0,81000000.0,0.026,81000000.0,-80000000.0,-128000000.0,-0.49,-0.49,-0.49,4199000000,,4199000000,4582201372,10.0,4.364,-317000000.0,-1.864,1.0,167000000.0,0.054,152000000,48000000.0,10251000000,,2071000000,0,0,0,6717000000,2850000000,3867000000,2246201372,-186000000.0,0.0,-18000000.0,162000000.0,-8000000.0,136000000.0,-347000000.0,0.0,30000000.0,-5000000.0,-84000000.0,-84000000.0,-84000000.0,0.0,0.0,-0.027,278000000.0,-111000000.0,2594000000,-0.102,0.535,3.565,3.711,5549000000,0.0,13.21,0.163,0.163,1976000000,1221000000.0,3069000000.0,3069000000.0,0.0,,,,,0.0,63000000.0,1.0,170037954,170037954,,18.049,10765000000,460000000,-44000000.0,115000000,63.309,1192000000
8,X,ARQ,2019-06-30,2019-08-02,2019-06-30,2021-08-02,-963000000,11291000000,,4547000000,6744000000,,25.248,-325000000.0,651000000,651000000,3227000000.0,68000000.0,1.411,1.619,2657000000,124000000,2533000000,2657000000,0,150000000.0,0,0.015,0.05,115000000.0,265000000.0,0.075,265000000.0,115000000.0,61000000.0,0.39,0.39,0.39,4311000000,,4311000000,4271764029,5.0,2.91,12000000.0,0.07,1.0,318000000.0,0.09,154000000,54000000.0,9920000000,,2166000000,0,0,0,6979000000,3223000000,3756000000,2265764029,-27000000.0,0.0,-28000000.0,-1000000.0,-9000000.0,-40000000.0,-325000000.0,0.0,337000000.0,1000000.0,68000000.0,68000000.0,68000000.0,0.0,0.0,0.019,231000000.0,87000000.0,2949000000,0.128,0.526,2.254,2.332,5470000000,0.0,13.27,0.157,0.157,2188000000,1314000000.0,3545000000.0,3545000000.0,0.0,,,,,0.0,82000000.0,1.0,170743333,170743333,,20.762,11137000000,433000000,-7000000.0,129000000,65.227,1324000000
9,X,ARQ,2019-03-31,2019-05-03,2019-03-31,2021-08-02,-996000000,11152000000,,4630000000,6522000000,,24.566,-302000000.0,676000000,676000000,3172000000.0,54000000.0,1.475,1.633,2630000000,119000000,2511000000,2630000000,0,143000000.0,0,0.012,0.0,111000000.0,254000000.0,0.073,254000000.0,111000000.0,62000000.0,0.31,0.31,0.31,4235000000,,4235000000,4863970833,4.0,2.977,-273000000.0,-1.584,1.0,327000000.0,0.093,156000000,49000000.0,9810000000,,2133000000,0,0,0,6916000000,3140000000,3776000000,2909970833,-331000000.0,0.0,-42000000.0,0.0,-9000000.0,-56000000.0,-302000000.0,0.0,29000000.0,-2000000.0,54000000.0,54000000.0,54000000.0,0.0,0.0,0.015,225000000.0,102000000.0,2880000000,0.0,0.687,2.528,2.593,5223000000,0.0,16.88,0.2,0.2,2264000000,1255000000.0,3499000000.0,3499000000.0,0.0,,,,,0.0,78000000.0,1.0,172391637,172391637,,20.297,10996000000,427000000,8000000.0,127000000,63.785,1490000000
10,X,ARQ,2018-12-31,2019-02-15,2018-12-31,2021-08-02,-1026000000,10982000000,,4830000000,6152000000,,24.258,-355000000.0,1000000000,1000000000,3204000000.0,592000000.0,1.511,1.613,2381000000,65000000,2316000000,2381000000,0,137000000.0,0,0.009,0.1,313000000.0,450000000.0,0.122,450000000.0,313000000.0,253000000.0,3.35,3.33,3.35,4202000000,,4202000000,5351263780,5.0,3.253,-139000000.0,-0.802,1.0,487000000.0,0.132,158000000,60000000.0,9008000000,,2092000000,0,0,0,6779000000,3197000000,3582000000,3970263780,-345000000.0,30000000.0,-40000000.0,-149000000.0,-9000000.0,-231000000.0,-326000000.0,-1000000.0,216000000.0,-4000000.0,592000000.0,592000000.0,592000000.0,0.0,0.0,0.16,216000000.0,271000000.0,2975000000,0.03,0.945,3.561,3.632,4865000000,0.0,22.92,0.28,0.28,2172000000,1212000000.0,3691000000.0,3691000000.0,0.0,,,,,0.0,85000000.0,1.0,173222678,173222678,,21.308,10824000000,445000000,-339000000.0,132000000,62.486,1633000000
11,X,ARQ,2018-09-30,2018-11-02,2018-09-30,2021-08-02,-771000000,10569000000,,5068000000,5501000000,,22.232,-256000000.0,1344000000,1344000000,3172000000.0,291000000.0,1.616,1.682,2502000000,4000000,2498000000,2502000000,0,126000000.0,0,0.007,0.05,373000000.0,499000000.0,0.134,499000000.0,373000000.0,314000000.0,1.64,1.62,1.64,3941000000,,3941000000,6116203805,6.0,4.166,173000000.0,0.976,1.0,557000000.0,0.149,160000000,59000000.0,8431000000,,1950000000,0,0,0,6627000000,3136000000,3491000000,4958203805,113000000.0,0.0,0.0,-48000000.0,-9000000.0,-57000000.0,-256000000.0,0.0,429000000.0,-3000000.0,291000000.0,291000000.0,291000000.0,0.0,0.0,0.078,201000000.0,356000000.0,2950000000,0.03,1.258,7.27,7.246,4643000000,0.0,27.97,0.364,0.364,2181000000,629000000.0,3729000000.0,3729000000.0,0.0,,,,,0.0,81000000.0,1.0,177268638,177268638,,21.036,10409000000,56000000,23000000.0,151000000,58.719,1932000000
12,X,ARQ,2018-06-30,2018-08-02,2018-06-30,2021-08-02,-818000000,10058000000,,4812000000,5246000000,,20.342,-172000000.0,1231000000,1231000000,3121000000.0,214000000.0,1.658,1.79,2545000000,4000000,2541000000,2545000000,0,130000000.0,0,0.006,0.05,301000000.0,431000000.0,0.119,431000000.0,301000000.0,226000000.0,1.21,1.2,1.21,3605000000,,3605000000,7008190284,8.0,5.261,220000000.0,1.241,1.0,488000000.0,0.135,162000000,75000000.0,8308000000,,1848000000,0,0,0,6452000000,2902000000,3550000000,5694190284,-145000000.0,0.0,0.0,-336000000.0,-9000000.0,-344000000.0,-173000000.0,-1000000.0,392000000.0,-20000000.0,214000000.0,214000000.0,214000000.0,0.0,0.0,0.059,206000000.0,282000000.0,2717000000,0.041,1.58,10.584,10.5,4401000000,0.0,32.13,0.433,0.433,2154000000,347000000.0,3609000000.0,3609000000.0,0.0,,,,,0.0,92000000.0,1.0,177223476,177223476,,20.364,9896000000,56000000,12000000.0,141000000,55.839,1910000000
13,X,ARQ,2018-03-31,2018-04-27,2018-03-31,2021-08-02,-775000000,10026000000,,4830000000,5196000000,,19.446,-208000000.0,1372000000,1372000000,2808000000.0,18000000.0,1.632,1.916,2852000000,281000000,2571000000,2852000000,0,128000000.0,0,0.006,0.0,137000000.0,265000000.0,0.084,265000000.0,137000000.0,19000000.0,0.1,0.1,0.1,3438000000,,3438000000,7202833886,9.0,5.395,-307000000.0,-1.736,1.0,341000000.0,0.108,165000000,118000000.0,8382000000,,1824000000,0,0,0,6587000000,2959000000,3628000000,5722833886,-180000000.0,0.0,0.0,102000000.0,-9000000.0,117000000.0,-208000000.0,0.0,-99000000.0,10000000.0,18000000.0,18000000.0,18000000.0,0.0,0.0,0.006,207000000.0,134000000.0,2500000000,0.0,1.665,9.783,9.692,4357000000,0.0,32.37,0.452,0.452,2057000000,142000000.0,3149000000.0,3149000000.0,0.0,,,,,0.0,78000000.0,1.0,176794374,176794374,,17.812,9861000000,56000000,1000000.0,137000000,55.777,1871000000
14,X,ARQ,2017-12-31,2018-02-21,2017-12-31,2021-08-02,-845000000,9862000000,,4755000000,5107000000,,18.876,-209000000.0,1553000000,1553000000,2749000000.0,159000000.0,1.748,1.97,2703000000,3000000,2700000000,2703000000,0,125000000.0,0,0.005,0.1,148000000.0,273000000.0,0.087,273000000.0,148000000.0,70000000.0,0.91,0.9,0.91,3320000000,,3320000000,8688354209,14.0,7.834,52000000.0,0.296,1.0,384000000.0,0.123,167000000,78000000.0,8124000000,,1738000000,0,0,0,6541000000,2721000000,3820000000,7538354209,-141000000.0,11000000.0,6000000.0,-202000000.0,-9000000.0,-205000000.0,-199000000.0,1000000.0,261000000.0,2000000.0,159000000.0,159000000.0,159000000.0,0.0,0.0,0.051,158000000.0,226000000.0,2517000000,0.11,2.271,19.479,19.394,4280000000,0.0,42.86,0.615,0.615,1859000000,133000000.0,3133000000.0,3133000000.0,0.0,,,,,0.0,110000000.0,1.0,175883206,175883206,,17.813,9695000000,56000000,-89000000.0,138000000,55.122,2034000000
15,X,ARQ,2017-09-30,2017-11-01,2017-09-30,2021-08-02,-1196000000,9878000000,,5001000000,4877000000,,16.041,-171000000.0,1694000000,1694000000,2829000000.0,147000000.0,1.886,2.519,2899000000,3000000,2896000000,2899000000,0,118000000.0,0,0.007,0.05,245000000.0,363000000.0,0.112,363000000.0,245000000.0,147000000.0,0.84,0.83,0.84,2807000000,,2807000000,5982348867,15.0,6.684,128000000.0,0.731,1.0,419000000.0,0.129,169000000,98000000.0,8262000000,,1737000000,0,0,0,7070000000,2652000000,4418000000,4777348867,172000000.0,105000000.0,1000000.0,-57000000.0,-8000000.0,-64000000.0,-68000000.0,-2000000.0,299000000.0,5000000.0,147000000.0,147000000.0,147000000.0,0.0,0.0,0.045,204000000.0,215000000.0,2430000000,0.06,1.702,38.84,38.451,4111000000,0.0,27.3,0.406,0.406,1997000000,-18000000.0,3248000000.0,3248000000.0,0.0,,,,,0.0,89000000.0,1.0,174994464,174994464,,18.561,9709000000,0,0.0,186000000,55.482,2349000000
16,X,ARQ,2017-06-30,2017-07-26,2017-06-30,2021-08-02,-1303000000,9580000000,,4723000000,4857000000,,14.602,-73000000.0,1522000000,1522000000,2725000000.0,261000000.0,1.717,2.751,2927000000,175000000,2752000000,2927000000,0,121000000.0,0,0.008,0.05,313000000.0,434000000.0,0.138,434000000.0,313000000.0,245000000.0,1.49,1.48,1.49,2554000000,,2554000000,5987683999,21.0,7.579,304000000.0,1.738,1.0,419000000.0,0.133,171000000,68000000.0,8063000000,,1727000000,0,0,0,7025000000,2751000000,4274000000,4582683999,196000000.0,0.0,13000000.0,-108000000.0,-9000000.0,-119000000.0,-71000000.0,0.0,377000000.0,9000000.0,261000000.0,261000000.0,261000000.0,0.0,0.0,0.083,194000000.0,225000000.0,2363000000,0.034,1.794,169.729,137.895,4010000000,0.0,26.2,0.409,0.409,1992000000,-165000000.0,3144000000.0,3144000000.0,0.0,,,,,0.0,79000000.0,1.0,174911603,174911603,,17.975,9409000000,4000000,-16000000.0,168000000,53.793,1972000000
17,X,ARQ,2017-03-31,2017-04-26,2017-03-31,2021-08-02,-1428000000,9186000000,,4478000000,4708000000,,12.441,-47000000.0,1326000000,1326000000,2561000000.0,-180000000.0,1.648,3.227,3033000000,281000000,2752000000,3033000000,0,137000000.0,0,0.009,0.05,-98000000.0,39000000.0,0.014,39000000.0,-98000000.0,-161000000.0,-1.03,-1.03,-1.03,2173000000,,2173000000,5685753502,-2843.0,11.083,-182000000.0,-1.042,1.0,164000000.0,0.06,173000000,63000000.0,8002000000,,1718000000,0,0,0,7012000000,2718000000,4294000000,3978753502,-189000000.0,0.0,0.0,0.0,-9000000.0,-4000000.0,-51000000.0,-1000000.0,-135000000.0,1000000.0,-180000000.0,-180000000.0,-180000000.0,0.0,0.0,-0.066,266000000.0,-102000000.0,2231000000,-0.049,1.831,-14.21,-14.062,3880000000,0.0,22.78,0.374,0.374,1932000000,-425000000.0,2725000000.0,2725000000.0,0.0,,,,,0.0,97000000.0,1.0,174659943,174659943,,15.602,9013000000,4000000,19000000.0,168000000,51.603,1760000000
18,X,ARQ,2016-12-31,2017-02-28,2016-12-31,2021-08-02,-1497000000,9160000000,,4356000000,4804000000,,13.047,-32000000.0,1515000000,1515000000,2430000000.0,-105000000.0,1.869,3.028,3031000000,50000000,2981000000,3031000000,0,123000000.0,0,0.005,0.1,-64000000.0,59000000.0,0.022,59000000.0,-64000000.0,-107000000.0,-0.59,-0.59,-0.59,2274000000,,2274000000,8264538266,-50.0,24.165,118000000.0,0.677,1.0,220000000.0,0.083,175000000,43000000.0,8170000000,,1573000000,0,0,0,6885000000,2331000000,4554000000,6748538266,70000000.0,0.0,31000000.0,-51000000.0,-9000000.0,-29000000.0,-36000000.0,-4000000.0,150000000.0,-15000000.0,-105000000.0,-105000000.0,-105000000.0,0.0,0.0,-0.04,291000000.0,-71000000.0,2068000000,-0.169,2.968,-15.338,-13.779,3979000000,0.0,38.72,0.658,0.658,1776000000,-250000000.0,2650000000.0,2650000000.0,0.0,,,,,0.0,49000000.0,1.0,174290761,174290761,,15.204,8985000000,6000000,-2000000.0,156000000,51.552,2025000000
19,X,ARQ,2016-09-30,2016-11-02,2016-09-30,2021-08-02,-1245000000,9467000000,,4411000000,5056000000,,15.082,-46000000.0,1445000000,1445000000,2360000000.0,51000000.0,1.84,2.639,3080000000,92000000,2988000000,3080000000,0,126000000.0,0,0.011,0.05,132000000.0,258000000.0,0.096,258000000.0,132000000.0,70000000.0,0.32,0.32,0.32,2601000000,,2601000000,4708220503,-8.0,-114.835,218000000.0,1.264,1.0,326000000.0,0.121,177000000,62000000.0,8528000000,,1742000000,0,0,0,6865000000,2397000000,4468000000,3073220503,625000000.0,0.0,4000000.0,-57000000.0,-7000000.0,407000000.0,-48000000.0,-2000000.0,264000000.0,2000000.0,51000000.0,51000000.0,51000000.0,0.0,0.0,0.019,212000000.0,114000000.0,2119000000,0.156,1.182,-2.093,-1.77,4218000000,0.0,17.82,0.302,0.302,1734000000,-145000000.0,2686000000.0,2686000000.0,0.0,,,,,0.0,73000000.0,1.0,172459063,172459063,,15.575,9290000000,6000000,19000000.0,136000000,53.868,2014000000
20,X,ARQ,2016-06-30,2016-07-27,2016-06-30,2021-08-02,-1299000000,8941000000,,3777000000,5164000000,,13.037,-68000000.0,820000000,820000000,2397000000.0,-46000000.0,1.626,3.673,3140000000,82000000,3058000000,3140000000,0,129000000.0,0,0.008,0.05,28000000.0,157000000.0,0.061,157000000.0,28000000.0,-53000000.0,-0.32,-0.32,-0.32,1913000000,,1913000000,6060163861,-7.0,-18.199,132000000.0,0.9,1.0,187000000.0,0.072,193000000,81000000.0,8745000000,,1675000000,0,0,0,7027000000,2323000000,4704000000,3740163861,115000000.0,0.0,0.0,13000000.0,-8000000.0,5000000.0,-82000000.0,-14000000.0,200000000.0,-8000000.0,-46000000.0,-46000000.0,-46000000.0,0.0,0.0,-0.018,187000000.0,0.0,2086000000,-0.156,1.955,-2.21,-2.203,4306000000,0.0,25.49,0.362,0.362,1784000000,-197000000.0,2584000000.0,2584000000.0,0.0,,,,,0.0,64000000.0,1.0,146730634,146730634,,17.611,8748000000,14000000,-7000000.0,137000000,59.619,1454000000
21,X,ARQ,2016-03-31,2016-04-27,2016-03-31,2021-08-02,-1321000000,8936000000,,3683000000,5253000000,,13.263,-148000000.0,705000000,705000000,2436000000.0,-340000000.0,1.679,3.601,3147000000,71000000,3076000000,3147000000,0,129000000.0,0,0.011,0.05,-261000000.0,-132000000.0,-0.056,-132000000.0,-261000000.0,-326000000.0,-2.32,-2.32,-2.32,1942000000,,1942000000,5153771498,-4.0,-6.927,-35000000.0,-0.239,1.0,-95000000.0,-0.041,195000000,65000000.0,8990000000,,1801000000,0,0,0,6993000000,2193000000,4800000000,2711771498,-50000000.0,0.0,0.0,-17000000.0,-7000000.0,-24000000.0,-152000000.0,-1000000.0,113000000.0,13000000.0,-340000000.0,-340000000.0,-340000000.0,0.0,0.0,-0.145,211000000.0,-306000000.0,1951000000,-0.022,1.396,-1.422,-1.42,4395000000,0.0,18.52,0.255,0.255,1679000000,-157000000.0,2341000000.0,2341000000.0,0.0,,,,,0.0,69000000.0,1.0,146423947,146423947,,15.988,8741000000,7000000,14000000.0,133000000,59.697,1490000000
22,X,ARQ,2015-12-31,2016-02-29,2015-12-31,2021-08-02,-1169000000,9190000000,,3917000000,5273000000,,16.652,-89000000.0,755000000,755000000,2629000000.0,-1133000000.0,1.824,2.772,3161000000,45000000,3116000000,3161000000,0,129000000.0,0,0.022,0.1,-453000000.0,-324000000.0,-0.126,-324000000.0,-453000000.0,-540000000.0,-7.75,-7.75,-7.75,2436000000,,2436000000,3740118233,-3.0,-5.71,-38000000.0,-0.26,1.0,-57000000.0,-0.022,196000000,87000000.0,9252000000,,2074000000,0,0,0,6753000000,2148000000,4605000000,1334118233,-410000000.0,0.0,0.0,-361000000.0,-7000000.0,-368000000.0,-84000000.0,0.0,51000000.0,-9000000.0,-1133000000.0,-1133000000.0,-1133000000.0,0.0,0.0,-0.441,284000000.0,-341000000.0,1955000000,-0.013,0.548,-0.812,-0.811,4411000000,0.0,9.12,0.115,0.115,1603000000,190000000.0,2572000000.0,2572000000.0,0.0,,,,,0.0,107000000.0,1.0,146284894,146284894,,17.582,8994000000,15000000,593000000.0,128000000,61.483,1769000000
23,X,ARQ,2015-09-30,2015-11-04,2015-09-30,2021-08-02,-1568000000,11191000000,,5385000000,5806000000,,21.679,-132000000.0,1165000000,1165000000,2654000000.0,-173000000.0,1.616,2.529,3498000000,371000000,3127000000,3498000000,0,136000000.0,0,0.018,0.05,-170000000.0,-34000000.0,-0.012,-34000000.0,-170000000.0,-223000000.0,-1.18,-1.18,-1.18,3171000000,,3171000000,3950788084,-11.0,19.367,-39000000.0,-0.267,1.0,176000000.0,0.062,198000000,53000000.0,9993000000,,2435000000,0,0,0,8019000000,3333000000,4686000000,1617788084,-45000000.0,0.0,0.0,0.0,-7000000.0,-7000000.0,-131000000.0,0.0,93000000.0,0.0,-173000000.0,-173000000.0,-173000000.0,0.0,0.0,-0.061,336000000.0,-160000000.0,2800000000,-0.042,0.51,-6.914,-6.956,4415000000,0.0,11.06,0.124,0.124,1992000000,1331000000.0,2830000000.0,2830000000.0,0.0,,,,,0.0,99000000.0,1.0,146273787,146273787,,19.347,10993000000,833000000,-50000000.0,99000000,75.154,2052000000
24,X,ARQ,2015-06-30,2015-07-29,2015-06-30,2021-08-02,-1432000000,11213000000,,5436000000,5777000000,,23.795,-103000000.0,1210000000,1210000000,2792000000.0,-261000000.0,1.677,2.222,3498000000,374000000,3124000000,3498000000,0,138000000.0,0,0.01,0.05,-392000000.0,-254000000.0,-0.088,-254000000.0,-392000000.0,-447000000.0,-1.79,-1.79,-1.79,3480000000,,3480000000,5218838838,-16.0,20.466,-24000000.0,-0.164,1.0,108000000.0,0.037,200000000,55000000.0,10059000000,,2330000000,0,0,0,7732000000,3242000000,4490000000,2930838838,-56000000.0,-25000000.0,1000000.0,-18000000.0,-8000000.0,-25000000.0,-124000000.0,-1000000.0,79000000.0,14000000.0,-261000000.0,-261000000.0,-261000000.0,0.0,0.0,-0.09,262000000.0,-154000000.0,2690000000,-0.028,0.842,-10.936,-10.951,4431000000,0.0,20.04,0.198,0.198,2169000000,1510000000.0,2900000000.0,2900000000.0,0.0,,,,,0.0,107000000.0,1.0,146249443,146249443,,19.829,11013000000,718000000,-186000000.0,142000000,75.303,2194000000
25,X,ARQ,2015-03-31,2015-04-29,2015-03-31,2021-08-02,-1501000000,11544000000,,5742000000,5802000000,,25.172,-172000000.0,1266000000,1266000000,3066000000.0,-75000000.0,1.735,2.148,3534000000,410000000,3124000000,3534000000,0,144000000.0,0,0.008,0.0,-187000000.0,-43000000.0,-0.013,-43000000.0,-187000000.0,-249000000.0,-0.52,-0.52,-0.52,3667000000,,3667000000,5716227492,55.0,8.062,-36000000.0,-0.247,1.0,206000000.0,0.063,202000000,62000000.0,10301000000,,2418000000,0,0,0,7876000000,3309000000,4567000000,3448227492,-88000000.0,0.0,0.0,0.0,-7000000.0,-7000000.0,-171000000.0,-1000000.0,136000000.0,-46000000.0,-75000000.0,-75000000.0,-75000000.0,0.0,0.0,-0.023,399000000.0,-193000000.0,2693000000,0.0,0.94,-137.929,-147.938,4354000000,0.0,23.67,0.211,0.211,2562000000,1779000000.0,3272000000.0,3272000000.0,0.0,,,,,0.0,102000000.0,1.0,145679235,145679235,,22.46,11342000000,578000000,-174000000.0,140000000,77.856,2433000000
26,X,ARQ,2014-12-31,2015-02-24,2014-12-31,2021-08-02,-1441000000,12314000000,,6431000000,5883000000,,26.081,-136000000.0,1354000000,1354000000,3472000000.0,275000000.0,1.802,2.241,3498000000,378000000,3120000000,3498000000,0,138000000.0,0,0.008,0.1,397000000.0,535000000.0,0.131,535000000.0,397000000.0,347000000.0,1.9,1.88,1.9,3799000000,,3799000000,5804455753,14.0,5.581,109000000.0,0.748,1.0,600000000.0,0.147,204000000,50000000.0,10685000000,,2496000000,0,0,0,8514000000,3569000000,4945000000,3660455753,97000000.0,0.0,3000000.0,-2000000.0,-7000000.0,-6000000.0,-132000000.0,-2000000.0,245000000.0,-10000000.0,275000000.0,275000000.0,275000000.0,0.0,0.0,0.068,239000000.0,361000000.0,3005000000,0.053,0.964,35.887,35.394,4574000000,0.0,25.13,0.209,0.209,2866000000,1862000000.0,4072000000.0,4072000000.0,0.0,,,,,0.0,117000000.0,1.0,145660794,145660794,,27.955,12110000000,663000000,72000000.0,435000000,83.138,2862000000
27,X,ARQ,2014-09-30,2014-10-29,2014-09-30,2021-08-02,-1016000000,12008000000,,6101000000,5907000000,,27.096,-94000000.0,1257000000,1257000000,3848000000.0,-207000000.0,1.719,2.046,3524000000,362000000,3162000000,3524000000,0,158000000.0,0,0.005,0.05,-141000000.0,17000000.0,0.004,17000000.0,-141000000.0,-201000000.0,-1.42,-1.42,-1.42,3942000000,,3942000000,8098023650,-38.0,18.157,-200000000.0,-1.375,1.0,739000000.0,0.161,205000000,60000000.0,10520000000,,2199000000,0,0,0,8065000000,3550000000,4515000000,5831023650,-214000000.0,0.0,9000000.0,-1000000.0,-7000000.0,1000000.0,-87000000.0,-1000000.0,-106000000.0,-22000000.0,-207000000.0,-207000000.0,-207000000.0,0.0,0.0,-0.045,517000000.0,222000000.0,2997000000,-0.035,1.479,60.114,57.257,4570000000,0.0,40.08,0.329,0.329,3044000000,1594000000.0,4587000000.0,4587000000.0,0.0,,,,,0.0,125000000.0,1.0,145484622,145484622,,31.529,11803000000,562000000,6000000.0,529000000,81.129,2551000000
28,X,ARQ,2014-06-30,2014-07-30,2014-06-30,2021-08-02,-1644000000,13406000000,,6527000000,6879000000,,24.207,-89000000.0,1471000000,1471000000,4097000000.0,-18000000.0,1.854,2.816,3669000000,64000000,3605000000,3669000000,0,165000000.0,0,0.006,0.05,35000000.0,200000000.0,0.045,200000000.0,35000000.0,-29000000.0,-0.12,-0.12,-0.12,3513000000,,3513000000,6991433301,-4.0,-6.356,694000000.0,4.782,1.0,303000000.0,0.069,266000000,64000000.0,11817000000,,2337000000,0,0,0,9892000000,3521000000,6371000000,4793433301,372000000.0,0.0,1000000.0,-322000000.0,-8000000.0,-329000000.0,-81000000.0,-1000000.0,783000000.0,-1000000.0,-18000000.0,-18000000.0,-18000000.0,0.0,0.0,-0.004,325000000.0,-22000000.0,3292000000,-0.417,1.364,-3.224,-3.219,5736000000,0.0,33.03,0.278,0.278,2693000000,1808000000.0,4400000000.0,4400000000.0,0.0,,,,,0.0,143000000.0,1.0,145123624,145123624,,30.319,13140000000,610000000,-11000000.0,619000000,90.543,3006000000
29,X,ARQ,2014-03-31,2014-04-30,2014-03-31,2021-08-02,-1704000000,13394000000,,6480000000,6914000000,,23.842,-71000000.0,1099000000,1099000000,4038000000.0,52000000.0,1.831,2.882,3964000000,349000000,3615000000,3964000000,0,166000000.0,0,0.008,0.0,122000000.0,288000000.0,0.065,288000000.0,122000000.0,53000000.0,0.36,0.34,0.36,3450000000,,3450000000,6630139769,-4.0,-5.831,499000000.0,3.448,1.0,410000000.0,0.092,266000000,69000000.0,12454000000,,2411000000,0,0,0,9943000000,3539000000,6404000000,3765139769,495000000.0,0.0,0.0,0.0,-7000000.0,-7000000.0,-66000000.0,-1000000.0,570000000.0,-2000000.0,52000000.0,52000000.0,52000000.0,0.0,0.0,0.012,284000000.0,126000000.0,2977000000,0.0,1.091,-2.434,-2.436,5791000000,0.0,26.02,0.218,0.218,2807000000,1807000000.0,4448000000.0,4448000000.0,0.0,,,,,0.0,138000000.0,1.0,144701759,144701759,,30.739,13128000000,703000000,1000000.0,538000000,90.725,2941000000
30,X,ARQ,2013-12-31,2014-02-25,2013-12-31,2021-08-02,-1752000000,13143000000,,6078000000,7065000000,,23.14,-146000000.0,604000000,604000000,3911000000.0,270000000.0,1.873,2.925,3939000000,323000000,3616000000,3939000000,0,170000000.0,0,0.008,0.1,-229000000.0,-59000000.0,-0.014,-59000000.0,-229000000.0,-304000000.0,1.88,1.88,1.88,3348000000,,3348000000,6764094414,-4.0,-5.563,-153000000.0,-1.057,1.0,358000000.0,0.084,275000000,75000000.0,12958000000,,2688000000,0,0,0,9794000000,3245000000,6549000000,3429094414,-93000000.0,0.0,0.0,0.0,-7000000.0,-7000000.0,-84000000.0,1000000.0,-7000000.0,5000000.0,270000000.0,270000000.0,270000000.0,0.0,0.0,0.063,596000000.0,-238000000.0,2728000000,0.053,1.024,-2.051,-2.05,5922000000,0.0,23.7,0.197,0.197,2596000000,1762000000.0,4269000000.0,4269000000.0,0.0,,,,,0.0,161000000.0,1.0,144687528,144687528,,29.505,12868000000,777000000,-574000000.0,585000000,88.936,2833000000
31,X,ARQ,2013-09-30,2013-10-29,2013-09-30,2021-08-02,-3058000000,13006000000,,5354000000,7652000000,,12.263,-108000000.0,697000000,697000000,3749000000.0,-1791000000.0,1.629,6.331,3996000000,378000000,3618000000,3996000000,0,173000000.0,0,0.008,0.05,-1702000000.0,-1529000000.0,-0.37,-1529000000.0,-1702000000.0,-1787000000.0,-12.38,-12.38,-12.38,1774000000,,1774000000,6983665128,-4.0,-7.126,-71000000.0,-0.491,1.0,382000000.0,0.092,280000000,85000000.0,12739000000,,2480000000,0,0,0,11231000000,3286000000,7945000000,3684665128,-70000000.0,0.0,0.0,-1000000.0,-8000000.0,-9000000.0,-105000000.0,-2000000.0,37000000.0,7000000.0,-1791000000.0,-1791000000.0,-1791000000.0,0.0,0.0,-0.434,2110000000.0,-1728000000.0,2688000000,-0.004,2.077,-1.85,-1.848,6167000000,0.0,25.47,0.209,0.209,2564000000,1497000000.0,4131000000.0,4131000000.0,0.0,,,,,0.0,153000000.0,1.0,144666868,144666868,,28.555,12726000000,473000000,4000000.0,140000000,87.968,2068000000
32,X,ARQ,2013-06-30,2013-07-30,2013-06-30,2021-08-02,-3148000000,14864000000,,5416000000,9448000000,,24.008,-104000000.0,767000000,767000000,4114000000.0,-78000000.0,1.657,3.28,3980000000,369000000,3611000000,3980000000,0,170000000.0,0,0.011,0.05,-7000000.0,163000000.0,0.037,163000000.0,-7000000.0,-75000000.0,-0.54,-0.54,-0.54,3473000000,,3473000000,5774882483,58.0,7.461,47000000.0,0.325,1.0,315000000.0,0.071,2067000000,68000000.0,12742000000,,2269000000,0,0,0,11390000000,3268000000,8122000000,2561882483,34000000.0,0.0,0.0,-2000000.0,-7000000.0,-9000000.0,-112000000.0,-3000000.0,151000000.0,4000000.0,-78000000.0,-78000000.0,-78000000.0,0.0,0.0,-0.018,319000000.0,-4000000.0,2693000000,-0.093,0.738,-16.318,-16.1,6156000000,0.0,17.71,0.141,0.141,2763000000,3296000000.0,4429000000.0,4429000000.0,0.0,,,,,0.0,151000000.0,1.0,144657396,144657396,,30.617,12797000000,473000000,3000000.0,151000000,88.464,2148000000
33,X,ARQ,2013-03-31,2013-04-30,2013-03-31,2021-08-02,-3236000000,15151000000,,5554000000,9597000000,,24.05,-116000000.0,733000000,733000000,4242000000.0,-73000000.0,1.799,3.366,3982000000,50000000,3932000000,3982000000,0,171000000.0,0,0.011,0.0,38000000.0,209000000.0,0.045,209000000.0,38000000.0,-66000000.0,-0.51,-0.51,-0.51,3470000000,,3470000000,5817265453,16.0,5.659,117000000.0,0.811,1.0,353000000.0,0.077,2057000000,104000000.0,13256000000,,2316000000,0,0,0,11680000000,3087000000,8593000000,2568265453,163000000.0,0.0,0.0,36000000.0,-7000000.0,29000000.0,-92000000.0,-3000000.0,233000000.0,-7000000.0,-73000000.0,-73000000.0,-73000000.0,0.0,0.0,-0.016,323000000.0,30000000.0,2826000000,0.0,0.74,116.739,127.143,6246000000,0.0,17.8,0.137,0.137,2898000000,3382000000.0,4595000000.0,4595000000.0,0.0,,,,,0.0,145000000.0,1.0,144284576,144284576,,31.847,13094000000,535000000,7000000.0,147000000,90.751,2467000000
34,X,ARQ,2012-12-31,2013-02-15,2012-12-31,2021-08-02,-3268000000,15217000000,,5374000000,9843000000,,24.099,-173000000.0,570000000,570000000,4216000000.0,-51000000.0,1.797,3.376,3953000000,17000000,3936000000,3953000000,0,171000000.0,0,0.009,0.1,6000000.0,177000000.0,0.039,177000000.0,6000000.0,-58000000.0,-0.35,-0.35,-0.35,3477000000,,3477000000,6724579411,27.0,7.398,4000000.0,0.028,1.0,271000000.0,0.06,2075000000,64000000.0,13535000000,,2503000000,0,0,0,11739000000,2990000000,8749000000,3341579411,34000000.0,0.0,0.0,0.0,-7000000.0,-7000000.0,-136000000.0,-9000000.0,177000000.0,0.0,-50000000.0,-50000000.0,-50000000.0,0.0,-1000000.0,-0.011,294000000.0,-23000000.0,2777000000,-0.286,0.961,-26.948,-26.93,6408000000,0.0,23.16,0.173,0.173,2699000000,3463000000.0,4487000000.0,4487000000.0,0.0,,,,,0.0,142000000.0,1.0,144282358,144282358,,31.099,13142000000,595000000,-8000000.0,146000000,91.085,2384000000
35,X,ARQ,2012-09-30,2012-10-30,2012-09-30,2021-08-02,-2931000000,15496000000,,5646000000,9850000000,,26.76,-131000000.0,536000000,536000000,4311000000.0,44000000.0,1.728,3.013,3989000000,50000000,3939000000,3989000000,0,163000000.0,0,0.009,0.05,62000000.0,225000000.0,0.048,225000000.0,62000000.0,17000000.0,0.3,0.28,0.3,3861000000,,3861000000,6504547042,66.0,8.581,-34000000.0,-0.236,1.0,341000000.0,0.073,2071000000,45000000.0,13611000000,,2525000000,0,0,0,11633000000,3267000000,8366000000,3051547042,-29000000.0,0.0,0.0,89000000.0,-8000000.0,81000000.0,-211000000.0,-3000000.0,97000000.0,4000000.0,44000000.0,44000000.0,44000000.0,0.0,0.0,0.009,327000000.0,14000000.0,2996000000,0.167,0.79,-10.707,-10.628,6390000000,0.0,21.15,0.155,0.155,3057000000,3520000000.0,4652000000.0,4652000000.0,0.0,,,,,0.0,166000000.0,1.0,144281184,144281184,,32.243,13425000000,482000000,-27000000.0,149000000,93.047,2379000000
36,X,ARQ,2012-06-30,2012-07-31,2012-06-30,2021-08-02,-3215000000,15404000000,,5625000000,9779000000,,24.48,-206000000.0,565000000,565000000,4477000000.0,101000000.0,1.699,3.361,3862000000,61000000,3801000000,3862000000,0,164000000.0,0,0.01,0.05,253000000.0,417000000.0,0.083,417000000.0,253000000.0,171000000.0,0.7,0.62,0.7,3532000000,,3532000000,6276348650,27.0,6.943,229000000.0,1.587,1.0,540000000.0,0.108,2038000000,82000000.0,13353000000,,2412000000,0,0,0,11871000000,3310000000,8561000000,2979348650,-87000000.0,0.0,0.0,-311000000.0,-7000000.0,-318000000.0,-199000000.0,1000000.0,435000000.0,-5000000.0,101000000.0,101000000.0,101000000.0,0.0,0.0,0.02,331000000.0,209000000.0,3049000000,0.071,0.844,-9.705,-9.65,6316000000,0.0,20.65,0.148,0.148,3112000000,3484000000.0,5017000000.0,5017000000.0,0.0,,,,,0.0,173000000.0,1.0,144278385,144278385,,34.773,13366000000,588000000,70000000.0,152000000,92.64,2315000000
37,X,ARQ,2012-03-31,2012-04-25,2012-03-31,2021-08-02,-3190000000,15804000000,,5791000000,10013000000,,24.027,-58000000.0,652000000,652000000,4626000000.0,-219000000.0,1.586,3.567,4174000000,372000000,3802000000,4174000000,0,163000000.0,0,0.007,0.05,-73000000.0,90000000.0,0.017,90000000.0,-73000000.0,-123000000.0,-1.52,-1.52,-1.52,3460000000,,3460000000,7582984259,27.0,7.915,368000000.0,2.555,1.0,546000000.0,0.106,2060000000,50000000.0,13614000000,,2437000000,0,0,0,12343000000,3652000000,8691000000,4060984259,244000000.0,0.0,0.0,258000000.0,-7000000.0,-129000000.0,-56000000.0,-2000000.0,426000000.0,3000000.0,-219000000.0,-219000000.0,-219000000.0,0.0,0.0,-0.042,643000000.0,-97000000.0,3007000000,-0.033,1.174,-21.833,-21.692,6401000000,0.0,28.2,0.201,0.201,3186000000,3390000000.0,5172000000.0,5172000000.0,0.0,,,,,0.0,173000000.0,1.0,144006534,144006534,,35.915,13744000000,687000000,96000000.0,195000000,95.44,2139000000
38,X,ARQ,2011-12-31,2012-02-28,2011-12-31,2021-08-02,-3367000000,16073000000,,5774000000,10299000000,,23.19,-197000000.0,408000000,408000000,4647000000.0,-211000000.0,1.582,3.592,4252000000,424000000,3828000000,4252000000,0,169000000.0,0,0.007,0.05,-143000000.0,26000000.0,0.005,26000000.0,-143000000.0,-245000000.0,-1.47,-1.39,-1.47,3500000000,,3500000000,8056342176,30.0,8.516,-137000000.0,-0.908,1.0,172000000.0,0.036,2045000000,102000000.0,14223000000,,2775000000,0,0,0,12572000000,3649000000,8923000000,4212342176,138000000.0,0.0,-1000000.0,-13000000.0,-7000000.0,284000000.0,-202000000.0,-19000000.0,60000000.0,-4000000.0,-211000000.0,-211000000.0,-211000000.0,0.0,0.0,-0.044,345000000.0,-173000000.0,3066000000,-0.034,1.204,-79.478,-75.432,6579000000,0.0,27.91,0.212,0.212,3109000000,3616000000.0,4819000000.0,4819000000.0,0.0,,,,,0.0,183000000.0,1.0,150925911,150925911,,31.93,14028000000,770000000,-34000000.0,118000000,92.946,2125000000
39,X,ARQ,2011-09-30,2011-10-25,2011-09-30,2021-08-02,-2909000000,15931000000,,5934000000,9997000000,,28.952,-225000000.0,270000000,270000000,4560000000.0,22000000.0,1.598,2.821,3985000000,344000000,3641000000,3985000000,0,172000000.0,0,0.009,0.05,199000000.0,371000000.0,0.073,371000000.0,199000000.0,55000000.0,0.15,0.15,0.15,4169000000,,4169000000,6940551146,24.0,7.126,-155000000.0,-1.076,1.0,521000000.0,0.103,2013000000,144000000.0,13920000000,,2843000000,0,0,0,11761000000,3713000000,8048000000,3225551146,-123000000.0,0.0,0.0,-24000000.0,-8000000.0,44000000.0,-232000000.0,-6000000.0,70000000.0,-5000000.0,22000000.0,22000000.0,22000000.0,0.0,0.0,0.004,349000000.0,172000000.0,3166000000,0.333,0.774,-35.446,-34.462,6588000000,0.0,22.4,0.167,0.167,3287000000,3834000000.0,5081000000.0,5081000000.0,0.0,,,,,0.0,181000000.0,1.0,143997819,143997819,,35.285,13918000000,539000000,33000000.0,128000000,96.654,2221000000
40,X,ARQ,2011-06-30,2011-07-26,2011-06-30,2021-08-02,-2840000000,16245000000,,6021000000,10224000000,,29.272,-217000000.0,393000000,393000000,4498000000.0,222000000.0,1.673,2.854,3935000000,251000000,3684000000,3935000000,0,171000000.0,0,0.005,0.05,300000000.0,471000000.0,0.092,471000000.0,300000000.0,287000000.0,1.54,1.33,1.54,4215000000,,4215000000,9391132874,-218.0,14.954,-196000000.0,-1.361,1.0,622000000.0,0.121,2066000000,13000000.0,14122000000,,2698000000,0,0,0,12029000000,3599000000,8430000000,5849132874,-28000000.0,0.0,0.0,163000000.0,-7000000.0,156000000.0,-207000000.0,-10000000.0,21000000.0,2000000.0,222000000.0,222000000.0,222000000.0,0.0,0.0,0.043,353000000.0,269000000.0,3154000000,0.032,1.388,-35.665,-35.322,6736000000,0.0,40.62,0.311,0.311,3382000000,3819000000.0,5120000000.0,5120000000.0,0.0,,,,,0.0,189000000.0,1.0,143996378,143996378,,35.556,14179000000,579000000,65000000.0,151000000,98.468,2422000000
41,X,ARQ,2011-03-31,2011-04-26,2011-03-31,2021-08-02,-2929000000,15768000000,,5537000000,10231000000,,27.183,-168000000.0,421000000,421000000,4621000000.0,-86000000.0,1.572,3.035,3754000000,236000000,3518000000,3754000000,0,169000000.0,0,0.004,0.0,-91000000.0,78000000.0,0.016,78000000.0,-91000000.0,-70000000.0,-0.6,-0.6,-0.6,3908000000,,3908000000,10481144960,-72.0,20.312,-151000000.0,-1.05,1.0,243000000.0,0.05,2061000000,-21000000.0,13517000000,,2255000000,0,0,0,11859000000,3523000000,8336000000,7148144960,-157000000.0,0.0,4000000.0,-4000000.0,-7000000.0,-7000000.0,-172000000.0,-6000000.0,17000000.0,5000000.0,-86000000.0,-86000000.0,-86000000.0,0.0,0.0,-0.018,342000000.0,-99000000.0,3079000000,0.0,1.829,-17.392,-17.385,6627000000,0.0,49.72,0.39,0.39,3290000000,3604000000.0,4864000000.0,4864000000.0,0.0,,,,,0.0,180000000.0,1.0,143768000,143768000,,33.832,13707000000,706000000,16000000.0,133000000,95.341,2014000000
42,X,ARQ,2010-12-31,2011-02-22,2010-12-31,2021-08-02,-3068000000,15350000000,,5304000000,10046000000,,26.788,-184000000.0,578000000,578000000,4115000000.0,-249000000.0,1.685,2.986,3763000000,246000000,3517000000,3763000000,0,168000000.0,0,0.003,0.1,-114000000.0,54000000.0,0.013,54000000.0,-114000000.0,-208000000.0,-1.74,-1.74,-1.74,3851000000,,3851000000,11462633028,-103.0,20.955,-85000000.0,-0.591,1.0,185000000.0,0.043,2035000000,94000000.0,13353000000,,2352000000,0,0,0,11498000000,3147000000,8351000000,8277633028,-65000000.0,0.0,2000000.0,67000000.0,-7000000.0,62000000.0,-225000000.0,-5000000.0,99000000.0,-1000000.0,-249000000.0,-249000000.0,-249000000.0,0.0,0.0,-0.058,314000000.0,-129000000.0,2742000000,-0.057,2.149,-17.174,-17.137,6486000000,0.0,57.58,0.476,0.476,2693000000,3698000000.0,4300000000.0,4300000000.0,0.0,,,,,0.0,162000000.0,1.0,143758823,143758823,,29.911,13315000000,815000000,41000000.0,116000000,92.62,2157000000
43,X,ARQ,2010-09-30,2010-10-26,2010-09-30,2021-08-02,-2647000000,15653000000,,5867000000,9786000000,,31.459,-161000000.0,643000000,643000000,4321000000.0,-51000000.0,1.908,2.464,3743000000,104000000,3639000000,3743000000,0,163000000.0,0,0.005,0.05,-138000000.0,25000000.0,0.006,25000000.0,-138000000.0,-60000000.0,-0.35,-0.35,-0.35,4518000000,,4518000000,8966675691,-28.0,26.218,-291000000.0,-2.026,1.0,176000000.0,0.039,2008000000,-78000000.0,13670000000,,2375000000,0,0,0,11134000000,3075000000,8059000000,5866675691,-304000000.0,0.0,1000000.0,-4000000.0,-8000000.0,-11000000.0,-173000000.0,-14000000.0,-130000000.0,10000000.0,-51000000.0,-51000000.0,-51000000.0,0.0,0.0,-0.011,325000000.0,-149000000.0,2783000000,-0.143,1.299,-11.733,-11.944,6390000000,0.0,40.85,0.357,0.357,2996000000,3953000000.0,4497000000.0,4497000000.0,0.0,,,,,0.0,148000000.0,1.0,143615072,143615072,,31.313,13645000000,749000000,-9000000.0,112000000,95.011,2792000000
44,X,ARQ,2010-06-30,2010-07-27,2010-06-30,2021-08-02,-2763000000,15418000000,,5809000000,9609000000,,30.99,-102000000.0,947000000,947000000,4184000000.0,-24000000.0,2.009,2.465,3673000000,34000000,3639000000,3673000000,0,162000000.0,0,0.004,0.05,197000000.0,359000000.0,0.077,359000000.0,197000000.0,47000000.0,-0.17,-0.17,-0.17,4449000000,,4449000000,9295509324,-16.0,122.309,-391000000.0,-2.724,1.0,497000000.0,0.106,2006000000,150000000.0,13246000000,,2012000000,0,0,0,10968000000,2892000000,8076000000,6569509324,-439000000.0,0.0,1000000.0,-12000000.0,-7000000.0,-18000000.0,-121000000.0,-5000000.0,-289000000.0,-11000000.0,-25000000.0,-25000000.0,-25000000.0,0.0,1000000.0,-0.005,312000000.0,185000000.0,2655000000,-0.294,1.477,-8.736,-8.834,6203000000,0.0,45.76,0.445,0.445,3009000000,4012000000.0,4681000000.0,4681000000.0,0.0,,,,,0.0,152000000.0,1.0,143564452,143564452,,32.606,13412000000,744000000,72000000.0,159000000,93.421,2917000000
45,X,ARQ,2010-03-31,2010-04-27,2010-03-31,2021-08-02,-2686000000,15327000000,,5400000000,9927000000,,31.775,-60000000.0,1386000000,1386000000,3639000000.0,-158000000.0,2.09,2.364,3686000000,35000000,3651000000,3686000000,0,165000000.0,0,0.004,0.0,-56000000.0,109000000.0,0.028,109000000.0,-56000000.0,-164000000.0,-1.1,-1.1,-1.1,4556000000,,4556000000,10419829861,-8.0,-17.691,-119000000.0,-0.83,1.0,257000000.0,0.066,2035000000,108000000.0,13008000000,,1647000000,0,0,0,10770000000,2584000000,8186000000,8119829861,168000000.0,0.0,1000000.0,308000000.0,-7000000.0,302000000.0,-64000000.0,-10000000.0,-59000000.0,-11000000.0,-157000000.0,-157000000.0,-157000000.0,0.0,-1000000.0,-0.04,309000000.0,-52000000.0,2364000000,0.0,1.782,-7.256,-7.141,6409000000,0.0,56.63,0.666,0.666,2620000000,4044000000.0,3896000000.0,3896000000.0,0.0,,,,,0.0,148000000.0,1.0,143383893,143383893,,27.172,13292000000,800000000,-7000000.0,133000000,92.702,2816000000
46,X,ARQ,2009-12-31,2010-02-24,2009-12-31,2021-08-02,-2728000000,15422000000,,5015000000,10407000000,,32.615,-144000000.0,1218000000,1218000000,3348000000.0,-268000000.0,2.027,2.233,3387000000,42000000,3345000000,3387000000,0,177000000.0,0,0.004,0.1,-328000000.0,-151000000.0,-0.045,-151000000.0,-328000000.0,-384000000.0,-1.8,-1.8,-1.8,4676000000,,4676000000,9641452010,-6.0,-9.471,-323000000.0,-2.253,1.0,6000000.0,0.002,2006000000,56000000.0,13111000000,,1679000000,0,0,0,10443000000,2474000000,7969000000,7472452010,-325000000.0,-24000000.0,0.0,-2000000.0,-7000000.0,25000000.0,-164000000.0,4000000.0,-179000000.0,-7000000.0,-267000000.0,-267000000.0,-267000000.0,0.0,-1000000.0,-0.08,345000000.0,-339000000.0,2311000000,-0.056,1.598,-5.334,-5.002,6820000000,0.0,52.12,0.676,0.676,2262000000,4209000000.0,3354000000.0,3354000000.0,0.0,,,,,0.0,158000000.0,1.0,143370146,143370146,,23.394,13416000000,1048000000,-117000000.0,89000000,93.576,2541000000
47,X,ARQ,2009-09-30,2009-10-27,2009-09-30,2021-08-02,-2925000000,15849000000,,5256000000,10593000000,,33.126,-149000000.0,1543000000,1543000000,2902000000.0,-307000000.0,2.131,2.276,3366000000,20000000,3346000000,3366000000,0,167000000.0,0,0.019,0.05,-408000000.0,-241000000.0,-0.086,-241000000.0,-408000000.0,-433000000.0,-2.11,-2.11,-2.11,4749000000,,4749000000,7185739399,-9.0,-33.895,-392000000.0,-2.734,1.0,-85000000.0,-0.03,1983000000,25000000.0,13223000000,,1677000000,0,0,0,10810000000,2466000000,8344000000,5362739399,-407000000.0,0.0,1000000.0,-4000000.0,-7000000.0,27000000.0,-195000000.0,-34000000.0,-243000000.0,4000000.0,-303000000.0,-303000000.0,-303000000.0,0.0,-4000000.0,-0.108,329000000.0,-414000000.0,2260000000,-0.024,1.129,-6.354,-5.957,6860000000,0.0,37.41,0.44,0.44,2335000000,4483000000.0,2817000000.0,2817000000.0,0.0,,,,,0.0,163000000.0,1.0,143350425,143363000,143363000.0,19.649,13866000000,1080000000,-130000000.0,135000000,96.72,2790000000
48,X,ARQ,2009-06-30,2009-07-28,2009-06-30,2021-08-02,-3098000000,15737000000,,5458000000,10279000000,,36.194,-100000000.0,1950000000,1950000000,2340000000.0,-392000000.0,2.54,2.177,3361000000,28000000,3333000000,3361000000,0,159000000.0,0,0.024,0.05,-465000000.0,-306000000.0,-0.144,-306000000.0,-465000000.0,-474000000.0,-2.92,-2.92,-2.92,4873000000,,4873000000,7194177792,8.0,4.854,-48000000.0,-0.357,1.0,-213000000.0,-0.1,1927000000,9000000.0,13072000000,,1781000000,0,0,0,10608000000,2149000000,8459000000,5783177792,819000000.0,0.0,666000000.0,176000000.0,-7000000.0,888000000.0,-131000000.0,14000000.0,52000000.0,10000000.0,-392000000.0,-392000000.0,-392000000.0,0.0,0.0,-0.184,277000000.0,-490000000.0,1860000000,-0.017,1.187,15.299,10.995,6740000000,0.0,40.35,0.346,0.325,1887000000,4793000000.0,2127000000.0,2127000000.0,0.0,,,,,0.0,154000000.0,1.0,143325348,134634000,134634000.0,15.798,13810000000,1084000000,-82000000.0,226000000,102.574,3309000000
49,X,ARQ,2009-03-31,2009-04-27,2009-03-31,2021-08-02,-3322000000,15142000000,,5093000000,10049000000,,37.717,140000000.0,1131000000,1131000000,3007000000.0,-439000000.0,2.088,2.412,3136000000,93000000,3043000000,3136000000,0,158000000.0,0,0.042,0.0,-478000000.0,-320000000.0,-0.116,-320000000.0,-478000000.0,-549000000.0,-3.78,-3.78,-3.78,4379000000,,4379000000,5224143633,2.0,1.805,449000000.0,3.867,1.0,-257000000.0,-0.093,1865000000,71000000.0,12843000000,,2080000000,0,0,0,10563000000,2439000000,8124000000,3219143633,407000000.0,0.0,0.0,-4000000.0,-35000000.0,-2000000.0,116000000.0,-22000000.0,309000000.0,-16000000.0,-439000000.0,-439000000.0,-439000000.0,0.0,0.0,-0.16,200000000.0,-457000000.0,2066000000,0.0,0.735,2.239,2.257,6558000000,0.0,27.71,0.151,0.151,2194000000,5192000000.0,2750000000.0,2750000000.0,0.0,,,,,0.0,143000000.0,1.0,116172632,116103000,116103000.0,23.686,13277000000,1024000000,-110000000.0,237000000,114.355,2654000000
50,X,ARQ,2008-12-31,2009-02-24,2008-12-31,2021-08-02,-3269000000,16087000000,,5732000000,10355000000,,42.126,-258000000.0,724000000,724000000,3831000000.0,290000000.0,2.063,2.253,3156000000,92000000,3064000000,3156000000,0,141000000.0,0,0.052,0.6,514000000.0,655000000.0,0.145,655000000.0,514000000.0,491000000.0,2.53,2.53,2.53,4895000000,,4895000000,5005787694,2.0,1.378,69000000.0,0.594,1.0,671000000.0,0.149,1891000000,23000000.0,13850000000,,2492000000,0,0,0,11028000000,2778000000,8250000000,2573787694,-69000000.0,-104000000.0,-19000000.0,-21000000.0,-35000000.0,-32000000.0,-367000000.0,-7000000.0,327000000.0,3000000.0,290000000.0,290000000.0,290000000.0,0.0,0.0,0.064,308000000.0,363000000.0,2450000000,0.237,0.526,1.219,1.228,6676000000,0.0,22.15,0.108,0.108,2983000000,5666000000.0,4502000000.0,4502000000.0,0.0,,,,,0.0,161000000.0,1.0,116198090,116198090,,38.744,14196000000,843000000,201000000.0,212000000,122.171,2954000000
51,X,ARQ,2008-09-30,2008-10-28,2008-09-30,2021-08-02,-1738000000,17268000000,,6981000000,10287000000,,52.736,-281000000.0,793000000,793000000,5752000000.0,919000000.0,1.89,1.769,3225000000,105000000,3120000000,3225000000,0,149000000.0,0,0.028,0.3,1304000000.0,1453000000.0,0.199,1453000000.0,1304000000.0,1258000000.0,7.84,7.79,7.84,6179000000,,6179000000,6524233658,2.0,1.975,587000000.0,5.01,1.0,1560000000.0,0.213,2023000000,46000000.0,13983000000,,2669000000,0,0,0,10933000000,3694000000,7239000000,4092233658,402000000.0,-36000000.0,-129000000.0,-8000000.0,-35000000.0,-138000000.0,-315000000.0,2000000.0,868000000.0,-13000000.0,919000000.0,919000000.0,919000000.0,0.0,0.0,0.126,284000000.0,1276000000.0,3196000000,0.038,0.662,2.204,2.225,6732000000,0.0,35.2,0.172,0.173,4015000000,5410000000.0,7312000000.0,7312000000.0,0.0,,,,,0.0,151000000.0,1.0,116256638,117169000,117826000.0,62.406,15245000000,295000000,339000000.0,370000000,130.111,3287000000
52,X,ARQ,2008-06-30,2008-07-29,2008-06-30,2021-08-02,-744000000,17307000000,,6369000000,10938000000,,54.541,-210000000.0,391000000,391000000,5497000000.0,668000000.0,1.644,1.681,3268000000,158000000,3110000000,3268000000,0,159000000.0,0,0.005,0.25,948000000.0,1107000000.0,0.164,1107000000.0,948000000.0,923000000.0,5.69,5.65,5.69,6409000000,,6409000000,22351830274,13.0,9.577,16000000.0,0.136,1.0,1247000000.0,0.185,1992000000,25000000.0,14319000000,,2593000000,0,0,0,10773000000,3873000000,6900000000,19474830274,-63000000.0,0.0,-45000000.0,-33000000.0,-30000000.0,-84000000.0,-203000000.0,3000000.0,226000000.0,-2000000.0,668000000.0,668000000.0,668000000.0,0.0,0.0,0.099,327000000.0,920000000.0,3397000000,0.044,3.039,16.135,16.156,6890000000,0.0,165.76,0.935,0.935,3953000000,4527000000.0,6744000000.0,6744000000.0,0.0,,,,,0.0,171000000.0,1.0,117488117,117507000,118217000.0,57.392,15315000000,153000000,255000000.0,527000000,130.333,2496000000
53,X,ARQ,2008-03-31,2008-04-29,2008-03-31,2021-08-02,-775000000,16177000000,,5395000000,10782000000,,49.135,-123000000.0,454000000,454000000,4643000000.0,235000000.0,1.589,1.782,3350000000,208000000,3142000000,3350000000,0,156000000.0,0,0.006,0.0,325000000.0,481000000.0,0.093,481000000.0,325000000.0,293000000.0,2.0,1.98,2.0,5778000000,,5778000000,20712063240,18.0,11.945,114000000.0,0.969,1.0,553000000.0,0.106,1987000000,32000000.0,13691000000,,2339000000,0,0,0,10299000000,3395000000,6904000000,17816063240,53000000.0,-1000000.0,-29000000.0,-3000000.0,-29000000.0,-51000000.0,-147000000.0,-19000000.0,237000000.0,14000000.0,235000000.0,235000000.0,235000000.0,0.0,0.0,0.045,294000000.0,259000000.0,2928000000,0.0,3.083,21.184,21.257,6832000000,0.0,151.35,0.973,0.972,3161000000,3888000000.0,5196000000.0,5196000000.0,0.0,,,,,0.0,142000000.0,1.0,117714326,117595000,118405000.0,44.186,14190000000,171000000,58000000.0,401000000,120.668,2000000000
54,X,ARQ,2007-12-31,2008-02-27,2007-12-31,2021-08-02,-836000000,15632000000,,4959000000,10673000000,,46.953,-217000000.0,401000000,401000000,4110000000.0,35000000.0,1.651,1.81,3310000000,163000000,3147000000,3310000000,0,153000000.0,0,0.008,0.45,110000000.0,263000000.0,0.058,263000000.0,110000000.0,66000000.0,0.29,0.3,0.29,5531000000,,5531000000,16127196615,13.0,9.442,174000000.0,1.477,1.0,425000000.0,0.094,2131000000,44000000.0,13407000000,,2279000000,0,0,0,10013000000,3003000000,7010000000,13218196615,-1002000000.0,-2039000000.0,-27000000.0,904000000.0,-24000000.0,849000000.0,-2254000000.0,-7000000.0,391000000.0,12000000.0,35000000.0,35000000.0,35000000.0,0.0,0.0,0.008,309000000.0,116000000.0,2725000000,1.552,2.39,15.038,15.082,6688000000,0.0,112.21,0.783,0.783,2771000000,3683000000.0,4535000000.0,4535000000.0,0.0,,,,,0.0,178000000.0,1.0,117798740,117798740,,38.498,13501000000,167000000,31000000.0,257000000,114.611,1956000000
55,X,ARQ,2007-09-30,2007-10-30,2007-09-30,2021-08-02,-1022000000,13312000000,,5885000000,7427000000,,45.323,-201000000.0,1403000000,1403000000,3749000000.0,269000000.0,1.86,1.481,2298000000,195000000,2103000000,2298000000,0,124000000.0,0,0.008,0.2,359000000.0,483000000.0,0.111,483000000.0,359000000.0,337000000.0,2.28,2.27,2.28,5352000000,,5352000000,13252512588,9.0,7.064,363000000.0,3.074,1.0,605000000.0,0.139,1386000000,22000000.0,9657000000,,1826000000,0,0,0,7926000000,3164000000,4762000000,12357512588,300000000.0,0.0,-29000000.0,-11000000.0,-24000000.0,-66000000.0,-198000000.0,0.0,564000000.0,0.0,269000000.0,269000000.0,269000000.0,0.0,0.0,0.062,251000000.0,354000000.0,2756000000,0.088,2.309,10.83,10.864,4809000000,0.0,104.62,0.767,0.767,2624000000,3672000000.0,4354000000.0,4354000000.0,0.0,,,,,0.0,134000000.0,1.0,118118071,118086000,118755000.0,36.871,11926000000,327000000,68000000.0,273000000,100.994,2721000000
56,X,ARQ,2007-06-30,2007-07-25,2007-06-30,2021-08-02,-1189000000,12913000000,,5756000000,7157000000,,41.955,-129000000.0,1103000000,1103000000,3595000000.0,302000000.0,1.859,1.597,2303000000,178000000,2125000000,2303000000,0,118000000.0,0,0.007,0.2,389000000.0,507000000.0,0.12,507000000.0,389000000.0,355000000.0,2.55,2.54,2.55,4960000000,,4960000000,13499039597,8.0,6.534,342000000.0,2.893,1.0,633000000.0,0.15,1239000000,34000000.0,9777000000,,2055000000,0,0,0,7919000000,3097000000,4822000000,12299039597,-449000000.0,-1990000000.0,-23000000.0,1237000000.0,-23000000.0,1194000000.0,-2116000000.0,-1000000.0,471000000.0,2000000.0,302000000.0,302000000.0,302000000.0,0.0,0.0,0.071,252000000.0,381000000.0,2675000000,0.078,2.48,9.542,9.642,4932000000,0.0,104.04,0.775,0.775,2593000000,3426000000.0,4228000000.0,4228000000.0,0.0,,,,,0.0,138000000.0,1.0,118214529,118221000,118891000.0,35.764,11674000000,325000000,53000000.0,333000000,98.747,2659000000
57,X,ARQ,2007-03-31,2007-04-25,2007-03-31,2021-08-02,-1231000000,10914000000,,5500000000,5414000000,,39.376,-103000000.0,1552000000,1552000000,3179000000.0,273000000.0,2.002,1.337,1051000000,111000000,940000000,1051000000,0,111000000.0,0,0.007,0.2,344000000.0,455000000.0,0.121,455000000.0,344000000.0,339000000.0,2.31,2.3,2.31,4656000000,,4656000000,11901851798,7.0,5.455,216000000.0,1.827,1.0,577000000.0,0.154,0,5000000.0,7666000000,,1618000000,0,0,0,6224000000,2747000000,3477000000,12402851798,130000000.0,0.0,-20000000.0,-40000000.0,-24000000.0,-86000000.0,-107000000.0,-1000000.0,319000000.0,4000000.0,273000000.0,273000000.0,273000000.0,0.0,0.0,0.073,233000000.0,344000000.0,2424000000,0.087,2.664,8.942,8.854,4439000000,0.0,104.83,0.788,0.787,2274000000,3148000000.0,3756000000.0,3756000000.0,0.0,,,,,0.0,139000000.0,1.0,118313954,118244000,119005000.0,31.765,10914000000,431000000,66000000.0,166000000,92.301,2753000000
58,X,ARQ,2006-12-31,2007-02-27,2006-12-31,2021-08-02,-1286000000,10586000000,,5196000000,5390000000,,36.839,-195000000.0,1422000000,1422000000,3223000000.0,297000000.0,1.923,1.416,1091000000,148000000,943000000,1091000000,0,102000000.0,0,0.008,0.4,329000000.0,431000000.0,0.114,431000000.0,329000000.0,304000000.0,2.49,2.51,2.49,4365000000,,4365000000,9919373263,6.0,4.507,456000000.0,3.848,1.0,551000000.0,0.146,0,25000000.0,7553000000,,1604000000,0,0,0,6183000000,2702000000,3481000000,10250373263,12000000.0,0.0,-29000000.0,-384000000.0,-23000000.0,-436000000.0,-205000000.0,-8000000.0,651000000.0,2000000.0,297000000.0,297000000.0,297000000.0,0.0,0.0,0.079,241000000.0,310000000.0,2341000000,0.161,2.348,7.504,7.282,4429000000,0.0,86.51,0.652,0.652,2135000000,2902000000.0,3774000000.0,3774000000.0,0.0,,,,,0.0,146000000.0,1.0,118487727,118487727,,31.851,10586000000,465000000,7000000.0,182000000,89.343,2494000000
59,X,ARQ,2006-09-30,2006-11-02,2006-09-30,2021-08-02,-1201000000,10462000000,,5285000000,5177000000,,34.592,-146000000.0,1410000000,1410000000,3308000000.0,417000000.0,1.909,1.487,1473000000,146000000,1327000000,1473000000,0,113000000.0,0,0.008,0.15,560000000.0,673000000.0,0.164,673000000.0,560000000.0,553000000.0,3.44,3.42,3.44,4195000000,,4195000000,7870453470,5.0,3.784,321000000.0,2.647,1.0,798000000.0,0.194,275000000,7000000.0,7482000000,,1673000000,0,0,0,6236000000,2768000000,3468000000,7807453470,-67000000.0,0.0,-273000000.0,-103000000.0,-18000000.0,-395000000.0,-140000000.0,0.0,467000000.0,1000000.0,417000000.0,417000000.0,417000000.0,0.0,0.0,0.102,256000000.0,542000000.0,2457000000,0.044,1.861,6.69,6.423,4269000000,0.0,65.9,0.507,0.519,2306000000,2628000000.0,4106000000.0,4106000000.0,0.0,,,,,0.0,144000000.0,1.0,118474256,121270000,121964000.0,33.858,10187000000,337000000,136000000.0,123000000,84.003,2517000000
60,X,ARQ,2006-06-30,2006-07-28,2006-06-30,2021-08-02,-1232000000,10439000000,,5279000000,5160000000,,36.291,-122000000.0,1477000000,1477000000,3339000000.0,404000000.0,1.925,1.581,1567000000,236000000,1331000000,1567000000,0,114000000.0,0,0.007,0.15,509000000.0,623000000.0,0.152,623000000.0,509000000.0,495000000.0,3.6,3.22,3.6,4033000000,,4033000000,7746488969,6.0,4.706,218000000.0,1.962,1.0,768000000.0,0.187,277000000,14000000.0,7509000000,,1517000000,0,0,0,6375000000,2743000000,3632000000,7656488969,6000000.0,0.0,-110000000.0,-70000000.0,-21000000.0,-206000000.0,-126000000.0,0.0,340000000.0,-2000000.0,404000000.0,400000000.0,400000000.0,0.0,0.0,0.097,267000000.0,501000000.0,2306000000,0.042,1.898,8.976,8.069,4212000000,4000000.0,62.21,0.528,0.477,2299000000,2229000000.0,4107000000.0,4107000000.0,0.0,,,,,0.0,156000000.0,1.0,123074891,111129000,125242000.0,36.957,10162000000,445000000,91000000.0,162000000,91.443,2536000000
61,X,ARQ,2006-03-31,2006-04-28,2006-03-31,2021-08-02,-1283000000,10170000000,,5046000000,5124000000,,34.05,-123000000.0,1471000000,1471000000,3098000000.0,256000000.0,1.844,1.737,1633000000,274000000,1359000000,1633000000,0,112000000.0,0,0.006,0.1,362000000.0,474000000.0,0.127,474000000.0,362000000.0,346000000.0,2.31,2.04,2.31,3705000000,,3705000000,7623832958,7.0,5.042,105000000.0,0.965,1.0,630000000.0,0.169,279000000,16000000.0,7316000000,,1483000000,0,0,0,6434000000,2737000000,3697000000,7461832958,-8000000.0,0.0,3000000.0,-99000000.0,-15000000.0,-118000000.0,-119000000.0,0.0,228000000.0,1000000.0,256000000.0,252000000.0,252000000.0,0.0,0.0,0.068,268000000.0,362000000.0,2187000000,0.043,2.014,10.767,11.013,4159000000,4000000.0,68.5,0.534,0.533,2118000000,1846000000.0,3728000000.0,3728000000.0,0.0,,,,,0.0,158000000.0,1.0,108931868,108809000,125559000.0,34.262,9891000000,474000000,90000000.0,239000000,90.902,2309000000
62,X,ARQ,2005-12-31,2006-02-28,2005-12-31,2021-08-02,-1418000000,9822000000,,4831000000,4991000000,,30.542,-262000000.0,1479000000,1479000000,2969000000.0,103000000.0,1.757,1.945,1727000000,364000000,1363000000,1727000000,0,92000000.0,0,0.007,0.1,218000000.0,310000000.0,0.089,310000000.0,218000000.0,192000000.0,0.91,0.82,0.91,3324000000,,3324000000,6179372231,4.0,3.495,72000000.0,0.662,1.0,501000000.0,0.144,280000000,26000000.0,7041000000,,1466000000,0,0,0,6466000000,2749000000,3717000000,5931372231,85000000.0,0.0,-201000000.0,245000000.0,-15000000.0,22000000.0,-271000000.0,-9000000.0,334000000.0,0.0,103000000.0,98000000.0,98000000.0,0.0,0.0,0.028,280000000.0,221000000.0,2168000000,0.11,1.784,6.65,6.925,4015000000,5000000.0,54.5,0.422,0.422,1901000000,1605000000.0,3470000000.0,3470000000.0,0.0,,,,,0.0,192000000.0,1.0,108832518,108832518,,31.884,9542000000,486000000,89000000.0,186000000,87.676,2082000000
63,X,ARQ,2005-09-30,2005-10-28,2005-09-30,2021-08-02,-50000000,11365000000,,4627000000,6738000000,,41.244,-179000000.0,1394000000,1394000000,2808000000.0,107000000.0,2.097,1.411,1481000000,115000000,1366000000,1481000000,0,88000000.0,0,0.009,0.1,151000000.0,239000000.0,0.075,239000000.0,151000000.0,135000000.0,0.89,0.82,0.89,4701000000,,4701000000,4192622944,2.0,2.01,202000000.0,1.772,1.0,392000000.0,0.122,32000000,16000000.0,9213000000,,1341000000,0,0,0,6635000000,2207000000,4428000000,4105622944,152000000.0,0.0,-32000000.0,-8000000.0,-16000000.0,-65000000.0,-163000000.0,3000000.0,381000000.0,-1000000.0,107000000.0,103000000.0,103000000.0,0.0,0.0,0.032,242000000.0,150000000.0,1933000000,0.112,0.873,3.266,3.274,3840000000,4000000.0,36.21,0.284,0.285,1921000000,1413000000.0,3200000000.0,3200000000.0,0.0,,,,,0.0,161000000.0,1.0,113383677,113980000,130339000.0,28.075,11333000000,272000000,28000000.0,828000000,99.43,2420000000
64,X,ARQ,2005-06-30,2005-07-29,2005-06-30,2021-08-02,-50000000,11238000000,,4537000000,6701000000,,40.701,-150000000.0,1242000000,1242000000,2925000000.0,245000000.0,2.144,1.411,1468000000,113000000,1355000000,1468000000,0,88000000.0,0,0.007,0.1,401000000.0,489000000.0,0.137,489000000.0,401000000.0,338000000.0,2.11,1.88,2.11,4649000000,,4649000000,5098617064,2.0,2.101,57000000.0,0.499,1.0,657000000.0,0.183,34000000,63000000.0,9314000000,,1428000000,0,0,0,6559000000,2116000000,4443000000,4872617064,95000000.0,0.0,1000000.0,72000000.0,-16000000.0,46000000.0,-154000000.0,1000000.0,207000000.0,-4000000.0,245000000.0,240000000.0,240000000.0,0.0,0.0,0.067,258000000.0,399000000.0,1919000000,0.047,1.048,3.24,3.219,3723000000,5000000.0,42.65,0.325,0.325,2017000000,1322000000.0,3582000000.0,3582000000.0,0.0,,,,,0.0,176000000.0,1.0,114246590,114222000,130646000.0,31.36,11204000000,164000000,93000000.0,715000000,98.09,2421000000
65,X,ARQ,2005-03-31,2005-04-28,2005-03-31,2021-08-02,-49000000,11229000000,,4552000000,6677000000,,38.715,-119000000.0,1147000000,1147000000,2873000000.0,455000000.0,1.959,1.534,1397000000,35000000,1362000000,1397000000,0,98000000.0,0,0.005,0.0,632000000.0,730000000.0,0.194,730000000.0,632000000.0,610000000.0,3.95,3.48,3.95,4420000000,,4420000000,5025278384,2.0,2.082,177000000.0,1.55,1.0,888000000.0,0.236,36000000,22000000.0,9119000000,,1308000000,0,0,0,6779000000,2324000000,4455000000,4775278384,110000000.0,0.0,6000000.0,-51000000.0,-13000000.0,-64000000.0,-120000000.0,0.0,296000000.0,-2000000.0,455000000.0,451000000.0,451000000.0,0.0,0.0,0.12,263000000.0,625000000.0,1977000000,0.0,1.08,3.248,3.227,3651000000,4000000.0,41.82,0.321,0.321,2217000000,1093000000.0,3761000000.0,3761000000.0,0.0,,,,,0.0,169000000.0,1.0,114186475,114169000,130830000.0,32.942,11193000000,211000000,155000000.0,933000000,98.039,2228000000
66,X,ARQ,2004-12-31,2005-02-25,2004-12-31,2021-08-02,-49000000,10956000000,,4243000000,6713000000,,34.775,-204000000.0,1037000000,1037000000,3072000000.0,468000000.0,1.676,1.753,1449000000,86000000,1363000000,1449000000,0,95000000.0,0,0.004,0.13,533000000.0,628000000.0,0.16,628000000.0,533000000.0,556000000.0,4.11,3.61,4.11,3970000000,,3970000000,7617895656,5.0,3.921,181000000.0,1.585,1.0,860000000.0,0.219,38000000,-23000000.0,8799000000,,1197000000,0,0,0,6958000000,2531000000,4427000000,7205895656,-25000000.0,0.0,13000000.0,-201000000.0,-10000000.0,-209000000.0,-209000000.0,-5000000.0,385000000.0,8000000.0,468000000.0,463000000.0,463000000.0,0.0,0.0,0.118,313000000.0,547000000.0,2092000000,0.032,1.815,6.716,6.575,3627000000,5000000.0,63.12,0.511,0.511,2072000000,651000000.0,3932000000.0,3932000000.0,0.0,,,,,0.0,218000000.0,1.0,114161845,114161845,,34.442,10918000000,263000000,88000000.0,922000000,95.636,1712000000
67,X,ARQ,2004-09-30,2004-10-29,2004-09-30,2021-08-02,-1503000000,8795000000,,4175000000,4620000000,,17.97,-200000000.0,1062000000,1062000000,2967000000.0,354000000.0,1.705,3.299,1642000000,73000000,1569000000,1642000000,0,96000000.0,0,0.005,0.05,484000000.0,580000000.0,0.156,580000000.0,484000000.0,480000000.0,3.08,2.72,3.08,2040000000,,2040000000,4754764548,5.0,3.583,501000000.0,4.413,1.0,762000000.0,0.204,472000000,4000000.0,6454000000,,1251000000,0,0,0,6730000000,2449000000,4281000000,4174764548,472000000.0,0.0,7000000.0,-21000000.0,-10000000.0,-35000000.0,-194000000.0,5000000.0,701000000.0,0.0,354000000.0,350000000.0,350000000.0,0.0,0.0,0.094,268000000.0,494000000.0,2001000000,0.016,2.046,7.161,7.116,3514000000,4000000.0,36.72,0.325,0.325,1964000000,193000000.0,3729000000.0,3729000000.0,0.0,,,,,0.0,172000000.0,1.0,113691845,113523000,130021000.0,32.848,8323000000,352000000,126000000.0,337000000,73.316,1726000000
68,X,ARQ,2004-06-30,2004-07-30,2004-06-30,2021-08-02,-1503000000,8400000000,,3774000000,4626000000,,14.841,-90000000.0,590000000,590000000,2816000000.0,211000000.0,1.622,3.977,1662000000,63000000,1599000000,1662000000,0,93000000.0,0,0.005,0.05,383000000.0,476000000.0,0.137,476000000.0,383000000.0,297000000.0,1.82,1.62,1.82,1682000000,,1682000000,5396004876,-29.0,27.959,127000000.0,1.121,1.0,650000000.0,0.188,474000000,86000000.0,6671000000,,1332000000,0,0,0,6690000000,2327000000,4363000000,4324004876,-174000000.0,0.0,2000000.0,-284000000.0,-10000000.0,-297000000.0,-95000000.0,-9000000.0,217000000.0,1000000.0,211000000.0,206000000.0,206000000.0,0.0,0.0,0.059,262000000.0,388000000.0,1814000000,0.027,2.571,-34.592,-27.439,3403000000,5000000.0,38.14,0.372,0.372,1868000000,-152000000.0,3466000000.0,3466000000.0,0.0,,,,,0.0,169000000.0,1.0,113371916,113332000,129874000.0,30.583,7926000000,521000000,86000000.0,421000000,69.936,1447000000
69,X,ARQ,2004-03-31,2004-05-04,2004-03-31,2021-08-02,-1504000000,8314000000,,3622000000,4692000000,,13.858,10000000.0,764000000,764000000,2524000000.0,58000000.0,1.489,4.606,1941000000,313000000,1628000000,1941000000,0,98000000.0,0,0.007,0.0,161000000.0,259000000.0,0.087,259000000.0,161000000.0,109000000.0,0.51,0.47,0.51,1478000000,,1478000000,4493293517,-8.0,-21.812,107000000.0,1.003,1.0,439000000.0,0.148,476000000,52000000.0,6583000000,,1180000000,0,0,0,6808000000,2432000000,4376000000,3316293517,448000000.0,7000000.0,339000000.0,8000000.0,-9000000.0,338000000.0,14000000.0,-4000000.0,97000000.0,-1000000.0,58000000.0,54000000.0,54000000.0,0.0,0.0,0.018,288000000.0,151000000.0,1692000000,0.0,2.244,-8.614,-7.868,3398000000,4000000.0,29.27,0.315,0.297,1701000000,-363000000.0,2963000000.0,2963000000.0,0.0,,,,,0.0,190000000.0,1.0,113300086,106653000,123254000.0,27.782,7838000000,566000000,51000000.0,386000000,73.491,1190000000
70,X,ARQ,2003-12-31,2004-02-25,2003-12-31,2021-08-02,-1501000000,7838000000,,3107000000,4731000000,,10.395,-93000000.0,316000000,316000000,1903000000.0,-22000000.0,1.459,6.171,1933000000,43000000,1890000000,1933000000,0,46000000.0,0,0.006,0.05,-34000000.0,12000000.0,0.004,12000000.0,-34000000.0,-58000000.0,-0.25,-0.25,-0.25,1093000000,,1093000000,5241237363,-7.0,-12.361,152000000.0,1.446,1.0,778000000.0,0.29,477000000,24000000.0,6848000000,,1283000000,0,0,0,6745000000,2130000000,4615000000,3624237363,156000000.0,11000000.0,12000000.0,-27000000.0,-9000000.0,-24000000.0,-65000000.0,8000000.0,245000000.0,0.0,-22000000.0,-27000000.0,-27000000.0,0.0,0.0,-0.01,812000000.0,-34000000.0,1677000000,-0.2,3.316,-7.566,-7.429,3415000000,5000000.0,34.47,0.383,0.383,1514000000,-421000000.0,2681000000.0,2681000000.0,0.0,,,,,0.0,83000000.0,1.0,105141786,105141786,,25.499,7361000000,610000000,-36000000.0,366000000,70.01,977000000
71,X,ARQ,2003-09-30,2004-01-27,2003-09-30,2021-08-02,-968000000,9241000000,,3066000000,6175000000,,15.921,-68000000.0,160000000,160000000,2743000000.0,-354000000.0,1.655,4.618,1881000000,28000000,1853000000,1881000000,0,140000000.0,0,0.006,0.05,-694000000.0,-554000000.0,-0.221,-554000000.0,-694000000.0,-720000000.0,-3.47,-3.47,-3.47,1645000000,,1645000000,5345003054,-7.0,-15.271,96000000.0,0.929,1.0,-235000000.0,-0.094,413000000,26000000.0,8696000000,,1394000000,0,0,0,7596000000,1853000000,5743000000,3624003054,15000000.0,-44000000.0,0.0,-2000000.0,-10000000.0,-12000000.0,-137000000.0,-26000000.0,164000000.0,0.0,-354000000.0,-358000000.0,-358000000.0,0.0,0.0,-0.143,459000000.0,-694000000.0,1432000000,-0.014,2.203,-8.218,-8.199,3367000000,4000000.0,35.09,0.418,0.418,1583000000,-399000000.0,2508000000.0,2508000000.0,0.0,,,,,0.0,319000000.0,1.0,103277374,103321000,103321000.0,24.274,8828000000,569000000,-366000000.0,346000000,85.442,1213000000
72,X,ARQ,2003-09-30,2003-11-07,2003-09-30,2021-08-02,-968000000,9241000000,,3066000000,6175000000,,15.921,-68000000.0,160000000,160000000,2743000000.0,-354000000.0,1.655,4.618,1881000000,28000000,1853000000,1881000000,0,140000000.0,0,0.008,0.05,-694000000.0,-554000000.0,-0.221,-554000000.0,-694000000.0,-720000000.0,-3.47,-3.47,-3.47,1645000000,,1645000000,4240967926,-6.0,-12.117,96000000.0,0.929,1.0,-235000000.0,-0.094,413000000,26000000.0,8696000000,,1394000000,0,0,0,7596000000,1853000000,5743000000,2519967926,15000000.0,-44000000.0,0.0,-2000000.0,-10000000.0,-12000000.0,-137000000.0,-26000000.0,164000000.0,0.0,-354000000.0,-358000000.0,-358000000.0,0.0,0.0,-0.143,459000000.0,-694000000.0,1432000000,-0.014,1.532,-5.714,-5.701,3367000000,4000000.0,24.4,0.29,0.291,1583000000,-399000000.0,2508000000.0,2508000000.0,0.0,,,,,0.0,319000000.0,1.0,103277374,103321000,103321000.0,24.274,8828000000,569000000,-366000000.0,346000000,85.442,1213000000
73,X,ARQ,2003-06-30,2003-08-13,2003-06-30,2021-08-02,-802000000,9333000000,,3250000000,6083000000,,21.07,-10000000.0,145000000,145000000,2091000000.0,-49000000.0,1.8,3.291,1883000000,37000000,1846000000,1883000000,0,87000000.0,0,0.012,0.05,-10000000.0,77000000.0,0.033,77000000.0,-10000000.0,-52000000.0,-0.51,-0.51,-0.51,2175000000,,2175000000,3464812156,42.0,8.002,202000000.0,1.957,1.0,271000000.0,0.115,462000000,42000000.0,8803000000,,1468000000,0,0,0,7158000000,1806000000,5352000000,1726812156,-222000000.0,-838000000.0,5000000.0,426000000.0,-11000000.0,420000000.0,-853000000.0,-46000000.0,212000000.0,-1000000.0,-49000000.0,-54000000.0,-54000000.0,0.0,0.0,-0.023,229000000.0,42000000.0,1381000000,-0.098,0.794,75.079,72.696,3497000000,5000000.0,16.72,0.214,0.214,1668000000,-62000000.0,2362000000.0,2362000000.0,0.0,,,,,0.0,142000000.0,1.0,103278239,103228000,103228000.0,22.881,8871000000,248000000,-3000000.0,518000000,85.936,1444000000
74,X,ARQ,2003-03-31,2003-05-13,2003-03-31,2021-08-02,-803000000,8325000000,,2808000000,5517000000,,21.697,-51000000.0,367000000,367000000,1732000000.0,-38000000.0,1.835,2.735,1434000000,26000000,1408000000,1434000000,0,90000000.0,0,0.014,0.0,-49000000.0,41000000.0,0.021,41000000.0,-49000000.0,-87000000.0,-0.4,-0.4,-0.4,2229000000,,2229000000,2544040768,18.0,5.171,-95000000.0,-0.925,1.0,175000000.0,0.092,414000000,38000000.0,7448000000,,1077000000,0,0,0,6096000000,1530000000,4566000000,1477040768,124000000.0,0.0,6000000.0,0.0,-5000000.0,243000000.0,-75000000.0,-24000000.0,-44000000.0,0.0,-38000000.0,-40000000.0,-40000000.0,0.0,0.0,-0.021,219000000.0,-44000000.0,1157000000,0.0,0.663,14.202,14.039,2958000000,2000000.0,14.32,0.196,0.195,1449000000,-4000000.0,1907000000.0,1907000000.0,0.0,,,,,0.0,129000000.0,1.0,103145305,102731000,102731000.0,18.563,7911000000,227000000,-49000000.0,491000000,77.007,1278000000
75,X,ARQ,2002-12-31,2003-03-10,2002-12-31,2021-08-02,-803000000,7977000000,,2440000000,5537000000,,19.74,-53000000.0,243000000,243000000,1640000000.0,11000000.0,1.778,2.935,1434000000,26000000,1408000000,1434000000,0,84000000.0,0,0.018,0.05,2000000.0,86000000.0,0.045,86000000.0,2000000.0,-28000000.0,0.1,0.1,0.1,2027000000,,2027000000,2333898207,18.0,4.883,150000000.0,1.461,1.0,259000000.0,0.136,414000000,30000000.0,7382000000,,1030000000,0,0,0,5950000000,1372000000,4578000000,1142898207,138000000.0,0.0,4000000.0,-1000000.0,-5000000.0,-2000000.0,-65000000.0,-14000000.0,203000000.0,2000000.0,11000000.0,11000000.0,11000000.0,0.0,0.0,0.006,257000000.0,2000000.0,1021000000,0.5,0.564,18.736,17.952,2978000000,0.0,11.13,0.162,0.162,1281000000,42000000.0,1899000000.0,1899000000.0,0.0,,,,,0.0,173000000.0,1.0,102686272,102686272,,18.493,7563000000,217000000,-39000000.0,504000000,73.652,1068000000
76,X,ARQ,2002-09-30,2002-11-08,2002-09-30,2021-08-02,-41000000,8679000000,,2381000000,6298000000,,27.235,-42000000.0,105000000,105000000,1611000000.0,106000000.0,1.765,2.126,1435000000,7000000,1428000000,1435000000,0,89000000.0,0,0.019,0.05,140000000.0,229000000.0,0.12,229000000.0,140000000.0,108000000.0,1.04,1.04,1.04,2776000000,,2776000000,2656735268,,,141000000.0,1.383,1.0,303000000.0,0.158,0,32000000.0,8660000000,,967000000,0,0,0,5903000000,1349000000,4554000000,1326735268,77000000.0,-38000000.0,5000000.0,-11000000.0,-5000000.0,-11000000.0,-96000000.0,-17000000.0,183000000.0,1000000.0,106000000.0,106000000.0,106000000.0,0.0,0.0,0.055,163000000.0,140000000.0,1029000000,0.048,0.478,,,2989000000,0.0,12.97,,,1393000000,36000000.0,1914000000.0,1914000000.0,0.0,,,,,0.0,74000000.0,1.0,102292619,101926000,101926000.0,18.778,8679000000,226000000,2000000.0,1017000000,85.15,1032000000
77,X,ARQ,2002-06-30,2002-08-12,2002-06-30,2021-08-02,-41000000,8614000000,,2300000000,6314000000,,27.908,-43000000.0,28000000,28000000,1571000000.0,27000000.0,1.71,2.226,1446000000,7000000,1439000000,1446000000,0,89000000.0,0,0.019,0.0,47000000.0,136000000.0,0.075,136000000.0,47000000.0,28000000.0,0.28,0.28,0.28,2670000000,,2670000000,2995309725,,,-169000000.0,-1.766,1.0,236000000.0,0.131,0,19000000.0,8687000000,,919000000,0,0,0,5944000000,1345000000,4599000000,1577309725,-29000000.0,3000000.0,199000000.0,-19000000.0,-5000000.0,175000000.0,-78000000.0,-39000000.0,-126000000.0,0.0,27000000.0,27000000.0,27000000.0,0.0,0.0,0.015,189000000.0,47000000.0,1086000000,0.0,0.591,,,3031000000,0.0,15.49,,,1460000000,-65000000.0,1807000000.0,1807000000.0,0.0,,,,,0.0,100000000.0,1.0,101827613,95670000,95675000.0,18.888,8614000000,212000000,1000000.0,977000000,90.039,955000000
78,X,ARQ,2002-03-31,2002-05-14,2002-03-31,2021-08-02,-49000000,8271000000,,1960000000,6311000000,,27.23,-53000000.0,57000000,57000000,1336000000.0,-83000000.0,1.548,2.391,1465000000,31000000,1434000000,1465000000,0,88000000.0,0,0.016,0.1,-61000000.0,27000000.0,0.019,27000000.0,-61000000.0,-95000000.0,-0.93,-0.93,-0.93,2439000000,,2439000000,3120700268,,,-34000000.0,-0.38,1.0,98000000.0,0.068,0,34000000.0,8413000000,,901000000,341000000,0,341000000,5832000000,1266000000,4566000000,1712700268,-90000000.0,-3000000.0,19000000.0,-1000000.0,-4000000.0,-40000000.0,-70000000.0,-15000000.0,19000000.0,1000000.0,-83000000.0,-83000000.0,-83000000.0,0.0,0.0,-0.058,159000000.0,-61000000.0,953000000,-0.108,0.702,,,3063000000,0.0,18.92,,,783000000,-87000000.0,1434000000.0,1434000000.0,0.0,,,,,0.0,71000000.0,1.0,90523270,89569000,89569000.0,16.01,8271000000,216000000,-12000000.0,973000000,92.342,694000000
79,X,ARQ,2001-12-31,2002-03-19,2001-12-31,2021-08-02,-49000000,8337000000,,2073000000,6264000000,,27.96,,147000000,147000000,,,1.647,2.327,1466000000,32000000,1434000000,1466000000,0,,0,0.021,0.05,,,,,,,,,,2506000000,,2506000000,2842694836,-7.0,-46.602,,,1.0,,,0,,8397000000,,870000000,346000000,0,346000000,5831000000,1259000000,4572000000,1523694836,,,,,,,,,,,,,,,,,,,931000000,,0.608,-6.989,-6.939,3084000000,,17.0,0.239,0.239,838000000,,,,,,,,,,,1.0,89629108,89629108,,,8337000000,216000000,,980000000,93.017,814000000
0,X,ART,2021-06-30,2021-07-30,2021-06-30,2021-08-02,107000000,16084000000,13640750000.0,5638000000,10446000000,0.996,21.66,-363000000.0,1329000000,1329000000,11437000000.0,918000000.0,1.267,1.733,5767000000,819000000,4948000000,5767000000,0,715000000.0,0,0.002,0.04,1291000000.0,2006000000.0,0.148,2006000000.0,1291000000.0,764000000.0,3.56,3.33,3.56,5851000000,4428250000.0,5851000000,11591005249,9.0,5.778,1240000000.0,4.59,1.0,2154000000.0,0.158,1442000000,527000000.0,14629000000,13746750000.0,1914000000,95000000,0,95000000,10141000000,4451000000,5690000000,7153005249,-957000000.0,-631000000.0,790000000.0,-2408000000.0,-5000000.0,-1580000000.0,-995000000.0,0.0,1603000000.0,15000000.0,918000000.0,918000000.0,918000000.0,0.0,0.0,0.068,950000000.0,1204000000.0,3244000000,0.011,1.223,7.792,7.438,7567000000,0.0,26.48,0.526,0.526,2582000000,480000000.0,13591000000.0,13591000000.0,0.0,0.067,0.207,0.094,0.095,0.0,342000000.0,1.0,270128597,270128597,,50.313,14642000000,44000000,-154000000.0,254000000,54.204,1187000000
1,X,ART,2021-03-31,2021-04-30,2021-03-31,2021-08-02,-90000000,14689000000,12757500000.0,4250000000,10439000000,0.835,17.159,-413000000.0,753000000,753000000,10033000000.0,-683000000.0,1.352,2.155,6051000000,103000000,5948000000,6051000000,0,672000000.0,0,0.002,0.04,-275000000.0,397000000.0,0.037,397000000.0,-275000000.0,-805000000.0,-3.55,-3.56,-3.55,4627000000,3869750000.0,4627000000,11502907203,-42.0,28.975,-22000000.0,-0.082,1.0,624000000.0,0.059,1448000000,530000000.0,15395000000,13544500000.0,1750000000,122000000,0,122000000,9969000000,3144000000,6825000000,6204907203,-615000000.0,-634000000.0,791000000.0,-1254000000.0,-6000000.0,25000000.0,-1048000000.0,0.0,391000000.0,17000000.0,-683000000.0,-683000000.0,-683000000.0,0.0,0.0,-0.064,912000000.0,-288000000.0,2813000000,-0.011,1.341,-9.085,-6.482,7773000000,0.0,23.01,0.582,0.582,2164000000,-532000000.0,10657000000.0,10657000000.0,0.0,-0.054,-0.176,-0.02,-0.026,0.0,298000000.0,1.0,269661330,269661330,,39.52,13241000000,14000000,-122000000.0,222000000,49.102,1106000000
2,X,ART,2020-12-31,2021-02-12,2020-12-31,2021-08-02,-47000000,12059000000,12176750000.0,4432000000,7627000000,0.8,14.424,-558000000.0,1985000000,1985000000,9558000000.0,-1165000000.0,1.669,2.161,5109000000,251000000,4858000000,5109000000,0,643000000.0,0,0.002,0.04,-1075000000.0,-432000000.0,-0.044,-432000000.0,-1075000000.0,-1307000000.0,-5.92,-5.92,-5.92,3786000000,3644250000.0,3786000000,7454785608,-7.0,-17.256,-420000000.0,-1.6,1.0,183000000.0,0.019,129000000,232000000.0,12398000000,12964000000.0,1402000000,130000000,0,130000000,8180000000,2656000000,5524000000,4330785608,1179000000.0,-1000000.0,0.0,1086000000.0,-8000000.0,1581000000.0,-563000000.0,-4000000.0,138000000.0,23000000.0,-1165000000.0,-1165000000.0,-1165000000.0,0.0,0.0,-0.12,1169000000.0,-986000000.0,2192000000,-0.007,1.144,-3.717,-2.787,5658000000,0.0,16.5,0.445,0.445,2171000000,-623000000.0,9741000000.0,9741000000.0,0.0,-0.096,-0.32,-0.083,-0.11,0.0,274000000.0,1.0,262471855,262471855,,37.113,11930000000,22000000,-142000000.0,165000000,45.452,1776000000
3,X,ART,2020-09-30,2020-10-30,2020-09-30,2021-08-02,-332000000,11731000000,12064000000.0,4244000000,7487000000,0.829,15.649,-862000000.0,1696000000,1696000000,9955000000.0,-1882000000.0,1.723,2.385,5124000000,322000000,4802000000,5124000000,0,643000000.0,0,0.008,0.08,-1494000000.0,-851000000.0,-0.085,-851000000.0,-1494000000.0,-1709000000.0,-10.61,-10.61,-10.61,3449000000,3720750000.0,3449000000,5557104727,-4.0,-6.53,-725000000.0,-3.289,1.0,48000000.0,0.005,131000000,215000000.0,12565000000,12855000000.0,1398000000,89000000,0,89000000,8227000000,2463000000,5764000000,2129104727,1291000000.0,-705000000.0,0.0,2262000000.0,-15000000.0,2711000000.0,-1571000000.0,-4000000.0,137000000.0,14000000.0,-1882000000.0,-1882000000.0,-1882000000.0,0.0,0.0,-0.188,1506000000.0,-1458000000.0,1958000000,-0.008,0.617,-1.131,-0.91,5655000000,0.0,9.66,0.213,0.213,2385000000,-671000000.0,10003000000.0,10003000000.0,0.0,-0.156,-0.506,-0.116,-0.149,0.0,265000000.0,1.0,220404216,220404216,,45.385,11600000000,21000000,173000000.0,115000000,52.631,1781000000
4,X,ART,2020-06-30,2020-07-31,2020-06-30,2021-08-02,-390000000,12551000000,11860500000.0,4924000000,7627000000,0.905,16.411,-1075000000.0,2300000000,2300000000,10562000000.0,-1732000000.0,2.3,2.46,5842000000,152000000,5690000000,5842000000,0,642000000.0,0,0.018,0.12,-1363000000.0,-721000000.0,-0.067,-721000000.0,-1363000000.0,-1579000000.0,-10.04,-10.04,-10.04,3617000000,3908250000.0,3617000000,5009869415,-4.0,-6.949,-1121000000.0,-5.086,1.0,170000000.0,0.016,132000000,216000000.0,13820000000,12276500000.0,1634000000,128000000,0,128000000,8897000000,2141000000,6756000000,1467869415,1747000000.0,-705000000.0,-18000000.0,3168000000.0,-20000000.0,3579000000.0,-1784000000.0,-4000000.0,-46000000.0,-2000000.0,-1732000000.0,-1732000000.0,-1732000000.0,0.0,0.0,-0.161,1559000000.0,-1389000000.0,1813000000,-0.012,0.406,-0.847,-0.663,5646000000,0.0,6.66,0.137,0.137,2315000000,-438000000.0,10732000000.0,10732000000.0,0.0,-0.146,-0.443,-0.111,-0.127,0.0,263000000.0,1.0,220400813,220400813,,48.693,12419000000,19000000,153000000.0,122000000,56.347,2783000000
5,X,ART,2020-03-31,2020-05-01,2020-03-31,2021-08-02,-454000000,12366000000,11545500000.0,4686000000,7680000000,1.055,21.863,-1227000000.0,1350000000,1350000000,11515000000.0,-1075000000.0,1.687,2.319,4968000000,159000000,4809000000,4968000000,0,633000000.0,0,0.021,0.16,-716000000.0,-83000000.0,-0.007,-83000000.0,-716000000.0,-924000000.0,-6.29,-6.29,-6.29,3725000000,4081750000.0,3725000000,4897522506,-7.0,-59.006,-716000000.0,-4.202,1.0,671000000.0,0.055,134000000,208000000.0,13073000000,11301500000.0,2075000000,143000000,0,143000000,8640000000,2777000000,5863000000,1279522506,788000000.0,-702000000.0,-46000000.0,2293000000.0,-28000000.0,2216000000.0,-1933000000.0,-4000000.0,511000000.0,-6000000.0,-1075000000.0,-1075000000.0,-1075000000.0,0.0,0.0,-0.088,1480000000.0,-809000000.0,2458000000,-0.025,0.343,-1.19,-1.194,5653000000,0.0,7.51,0.105,0.105,2593000000,151000000.0,12186000000.0,12186000000.0,0.0,-0.093,-0.263,-0.063,-0.059,0.0,283000000.0,1.0,170375833,170375833,,71.524,12232000000,5000000,151000000.0,124000000,71.794,1909000000
6,X,ART,2019-12-31,2020-02-14,2019-12-31,2021-08-02,-478000000,11608000000,11242000000.0,3813000000,7795000000,1.151,24.064,-1248000000.0,749000000,749000000,12082000000.0,-630000000.0,1.453,1.837,3878000000,74000000,3804000000,3878000000,0,616000000.0,0,0.018,0.16,-230000000.0,386000000.0,0.03,386000000.0,-230000000.0,-452000000.0,-3.67,-3.67,-3.67,4092000000,4209250000.0,4092000000,4623713798,-20.0,11.979,-566000000.0,-3.328,1.0,855000000.0,0.066,150000000,222000000.0,11962000000,10485750000.0,1785000000,188000000,0,188000000,7515000000,2625000000,4890000000,1494713798,-101000000.0,-710000000.0,-88000000.0,1307000000.0,-35000000.0,1177000000.0,-1958000000.0,0.0,682000000.0,-2000000.0,-630000000.0,-630000000.0,-630000000.0,0.0,0.0,-0.049,1164000000.0,-309000000.0,2390000000,-0.044,0.365,-2.373,-2.395,5677000000,0.0,8.79,0.116,0.116,2643000000,544000000.0,12937000000.0,12937000000.0,0.0,-0.056,-0.15,-0.022,-0.018,0.0,289000000.0,1.0,170047076,170047076,,76.079,11458000000,19000000,178000000.0,120000000,67.381,1188000000
7,X,ART,2019-09-30,2019-11-01,2019-09-30,2021-08-02,-975000000,10917000000,11085500000.0,4042000000,6875000000,1.245,24.694,-1329000000.0,476000000,476000000,12505000000.0,630000000.0,1.418,1.6,2812000000,123000000,2689000000,2812000000,0,591000000.0,0,0.015,0.2,459000000.0,1050000000.0,0.076,1050000000.0,459000000.0,248000000.0,3.56,3.54,3.56,4199000000,4236750000.0,4199000000,4582201372,10.0,4.364,-717000000.0,-4.217,1.0,1299000000.0,0.094,152000000,211000000.0,10251000000,9747250000.0,2071000000,0,0,0,6717000000,2850000000,3867000000,2246201372,-889000000.0,30000000.0,-128000000.0,12000000.0,-35000000.0,-191000000.0,-1300000000.0,-1000000.0,612000000.0,-10000000.0,630000000.0,630000000.0,630000000.0,0.0,0.0,0.046,950000000.0,349000000.0,2594000000,0.056,0.535,3.565,3.711,5549000000,0.0,13.21,0.163,0.163,1976000000,1221000000.0,13804000000.0,13804000000.0,0.0,0.057,0.149,0.047,0.033,0.0,308000000.0,1.0,170037954,170037954,,81.182,10765000000,460000000,-382000000.0,115000000,63.309,1192000000
8,X,ART,2019-06-30,2019-08-02,2019-06-30,2021-08-02,-963000000,11291000000,10998500000.0,4547000000,6744000000,1.315,25.248,-1238000000.0,651000000,651000000,12775000000.0,1005000000.0,1.411,1.619,2657000000,124000000,2533000000,2657000000,0,556000000.0,0,0.015,0.2,912000000.0,1468000000.0,0.101,1468000000.0,912000000.0,690000000.0,5.69,5.65,5.69,4311000000,4172250000.0,4311000000,4271764029,5.0,2.91,-227000000.0,-1.329,1.0,1689000000.0,0.117,154000000,222000000.0,9920000000,9292250000.0,2166000000,0,0,0,6979000000,3223000000,3756000000,2265764029,-590000000.0,30000000.0,-110000000.0,-198000000.0,-36000000.0,-384000000.0,-1209000000.0,-1000000.0,1011000000.0,-8000000.0,1005000000.0,1005000000.0,1005000000.0,0.0,0.0,0.069,873000000.0,816000000.0,2949000000,0.035,0.526,2.254,2.332,5470000000,0.0,13.27,0.157,0.157,2188000000,1314000000.0,14464000000.0,14464000000.0,0.0,0.091,0.241,0.098,0.063,0.0,326000000.0,1.0,170743333,170743333,,84.712,11137000000,433000000,-315000000.0,129000000,65.227,1324000000
9,X,ART,2019-03-31,2019-05-03,2019-03-31,2021-08-02,-996000000,11152000000,10690250000.0,4630000000,6522000000,1.359,24.566,-1085000000.0,676000000,676000000,12669000000.0,1151000000.0,1.475,1.633,2630000000,119000000,2511000000,2630000000,0,536000000.0,0,0.012,0.2,1098000000.0,1634000000.0,0.112,1634000000.0,1098000000.0,855000000.0,6.51,6.46,6.51,4235000000,3995750000.0,4235000000,4863970833,4.0,2.977,-19000000.0,-0.11,1.0,1859000000.0,0.128,156000000,243000000.0,9810000000,8889250000.0,2133000000,0,0,0,6916000000,3140000000,3776000000,2909970833,-708000000.0,30000000.0,-82000000.0,-533000000.0,-36000000.0,-688000000.0,-1057000000.0,-2000000.0,1066000000.0,-29000000.0,1151000000.0,1151000000.0,1151000000.0,0.0,0.0,0.079,848000000.0,1011000000.0,2880000000,0.031,0.687,2.528,2.593,5223000000,0.0,16.88,0.2,0.2,2264000000,1255000000.0,14528000000.0,14528000000.0,0.0,0.108,0.288,0.124,0.076,0.0,336000000.0,1.0,172391637,172391637,,84.273,10996000000,427000000,-296000000.0,127000000,63.785,1490000000
10,X,ART,2018-12-31,2019-02-15,2018-12-31,2021-08-02,-1026000000,10982000000,10408750000.0,4830000000,6152000000,1.362,24.258,-991000000.0,1000000000,1000000000,12305000000.0,1115000000.0,1.511,1.613,2381000000,65000000,2316000000,2381000000,0,521000000.0,0,0.009,0.2,1124000000.0,1645000000.0,0.116,1645000000.0,1124000000.0,812000000.0,6.31,6.25,6.31,4202000000,3796500000.0,4202000000,5351263780,5.0,3.253,-53000000.0,-0.306,1.0,1873000000.0,0.132,158000000,312000000.0,9008000000,8532250000.0,2092000000,0,0,0,6779000000,3197000000,3582000000,3970263780,-557000000.0,30000000.0,-40000000.0,-431000000.0,-36000000.0,-515000000.0,-963000000.0,-2000000.0,938000000.0,-17000000.0,1115000000.0,1115000000.0,1115000000.0,0.0,0.0,0.079,848000000.0,1025000000.0,2975000000,0.032,0.945,3.561,3.632,4865000000,0.0,22.92,0.28,0.28,2172000000,1212000000.0,14178000000.0,14178000000.0,0.0,0.107,0.294,0.132,0.079,0.0,336000000.0,1.0,173222678,173222678,,81.848,10824000000,445000000,-303000000.0,132000000,62.486,1633000000
11,X,ART,2018-09-30,2018-11-02,2018-09-30,2021-08-02,-771000000,10569000000,10128750000.0,5068000000,5501000000,1.345,22.232,-845000000.0,1344000000,1344000000,11850000000.0,682000000.0,1.616,1.682,2502000000,4000000,2498000000,2502000000,0,509000000.0,0,0.007,0.2,959000000.0,1468000000.0,0.108,1468000000.0,959000000.0,629000000.0,3.86,3.82,3.86,3941000000,3576000000.0,3941000000,6116203805,6.0,4.166,138000000.0,0.778,1.0,1770000000.0,0.13,160000000,330000000.0,8431000000,8311250000.0,1950000000,0,0,0,6627000000,3136000000,3491000000,4958203805,-353000000.0,11000000.0,6000000.0,-484000000.0,-36000000.0,-489000000.0,-836000000.0,0.0,983000000.0,-11000000.0,682000000.0,682000000.0,682000000.0,0.0,0.0,0.05,772000000.0,998000000.0,2950000000,0.052,1.258,7.27,7.246,4643000000,0.0,27.97,0.364,0.364,2181000000,629000000.0,13620000000.0,13620000000.0,0.0,0.067,0.191,0.115,0.07,0.0,361000000.0,1.0,177268638,177268638,,76.833,10409000000,56000000,-53000000.0,151000000,58.719,1932000000
12,X,ART,2018-06-30,2018-08-02,2018-06-30,2021-08-02,-818000000,10058000000,9956000000.0,4812000000,5246000000,1.32,20.342,-760000000.0,1231000000,1231000000,11507000000.0,538000000.0,1.658,1.79,2545000000,4000000,2541000000,2545000000,0,501000000.0,0,0.006,0.2,831000000.0,1332000000.0,0.101,1332000000.0,831000000.0,462000000.0,3.06,3.03,3.06,3605000000,3292500000.0,3605000000,7008190284,8.0,5.261,93000000.0,0.525,1.0,1632000000.0,0.124,162000000,369000000.0,8308000000,8269000000.0,1848000000,0,0,0,6452000000,2902000000,3550000000,5694190284,-294000000.0,116000000.0,7000000.0,-493000000.0,-35000000.0,-496000000.0,-648000000.0,-2000000.0,853000000.0,-3000000.0,538000000.0,538000000.0,538000000.0,0.0,0.0,0.041,775000000.0,857000000.0,2717000000,0.065,1.58,10.584,10.5,4401000000,0.0,32.13,0.433,0.433,2154000000,347000000.0,13139000000.0,13139000000.0,0.0,0.054,0.163,0.1,0.063,0.0,369000000.0,1.0,177223476,177223476,,74.138,9896000000,56000000,-76000000.0,141000000,55.839,1910000000
13,X,ART,2018-03-31,2018-04-27,2018-03-31,2021-08-02,-775000000,10026000000,9836500000.0,4830000000,5196000000,1.288,19.446,-661000000.0,1372000000,1372000000,11111000000.0,585000000.0,1.632,1.916,2852000000,281000000,2571000000,2852000000,0,492000000.0,0,0.006,0.2,843000000.0,1335000000.0,0.105,1335000000.0,843000000.0,481000000.0,3.34,3.31,3.34,3438000000,3029750000.0,3438000000,7202833886,9.0,5.395,177000000.0,1.001,1.0,1563000000.0,0.123,165000000,362000000.0,8382000000,8207750000.0,1824000000,0,0,0,6587000000,2959000000,3628000000,5722833886,47000000.0,116000000.0,20000000.0,-265000000.0,-35000000.0,-271000000.0,-546000000.0,-1000000.0,838000000.0,26000000.0,585000000.0,585000000.0,585000000.0,0.0,0.0,0.046,763000000.0,800000000.0,2500000000,0.06,1.665,9.783,9.692,4357000000,0.0,32.37,0.452,0.452,2057000000,142000000.0,12674000000.0,12674000000.0,0.0,0.059,0.193,0.103,0.067,0.0,356000000.0,1.0,176794374,176794374,,71.688,9861000000,56000000,-104000000.0,137000000,55.777,1871000000
14,X,ART,2017-12-31,2018-02-21,2017-12-31,2021-08-02,-845000000,9862000000,9626500000.0,4755000000,5107000000,1.273,18.876,-500000000.0,1553000000,1553000000,10864000000.0,387000000.0,1.748,1.97,2703000000,3000000,2700000000,2703000000,0,501000000.0,0,0.005,0.2,608000000.0,1109000000.0,0.091,1109000000.0,608000000.0,301000000.0,2.21,2.19,2.21,3320000000,2713500000.0,3320000000,8688354209,14.0,7.834,302000000.0,1.717,1.0,1386000000.0,0.113,167000000,307000000.0,8124000000,8112750000.0,1738000000,0,0,0,6541000000,2721000000,3820000000,7538354209,38000000.0,116000000.0,20000000.0,-367000000.0,-35000000.0,-392000000.0,-389000000.0,-2000000.0,802000000.0,17000000.0,387000000.0,387000000.0,387000000.0,0.0,0.0,0.032,822000000.0,564000000.0,2517000000,0.09,2.271,19.479,19.394,4280000000,0.0,42.86,0.615,0.615,1859000000,133000000.0,12250000000.0,12250000000.0,0.0,0.04,0.143,0.075,0.05,0.0,375000000.0,1.0,175883206,175883206,,69.648,9695000000,56000000,-86000000.0,138000000,55.122,2034000000
15,X,ART,2017-09-30,2017-11-01,2017-09-30,2021-08-02,-1196000000,9878000000,9451000000.0,5001000000,4877000000,1.245,16.041,-323000000.0,1694000000,1694000000,10545000000.0,123000000.0,1.886,2.519,2899000000,3000000,2896000000,2899000000,0,499000000.0,0,0.007,0.2,396000000.0,895000000.0,0.076,895000000.0,396000000.0,124000000.0,0.71,0.69,0.71,2807000000,2452000000.0,2807000000,5982348867,15.0,6.684,368000000.0,2.103,1.0,1222000000.0,0.104,169000000,272000000.0,8262000000,8124250000.0,1737000000,0,0,0,7070000000,2652000000,4418000000,4777348867,249000000.0,105000000.0,45000000.0,-216000000.0,-35000000.0,-216000000.0,-226000000.0,-7000000.0,691000000.0,0.0,123000000.0,123000000.0,123000000.0,0.0,0.0,0.01,955000000.0,267000000.0,2430000000,0.282,1.702,38.84,38.451,4111000000,0.0,27.3,0.406,0.406,1997000000,-18000000.0,11767000000.0,11767000000.0,0.0,0.013,0.05,0.049,0.034,0.0,314000000.0,1.0,174994464,174994464,,67.242,9709000000,0,1000000.0,186000000,55.482,2349000000
16,X,ART,2017-06-30,2017-07-26,2017-06-30,2021-08-02,-1303000000,9580000000,9348250000.0,4723000000,4857000000,1.199,14.602,-198000000.0,1522000000,1522000000,10076000000.0,27000000.0,1.717,2.751,2927000000,175000000,2752000000,2927000000,0,507000000.0,0,0.008,0.2,283000000.0,790000000.0,0.071,790000000.0,283000000.0,47000000.0,0.19,0.18,0.19,2554000000,2400500000.0,2554000000,5987683999,21.0,7.579,458000000.0,2.618,1.0,1129000000.0,0.101,171000000,236000000.0,8063000000,8190750000.0,1727000000,0,0,0,7025000000,2751000000,4274000000,4582683999,702000000.0,0.0,48000000.0,-216000000.0,-34000000.0,255000000.0,-206000000.0,-7000000.0,656000000.0,-3000000.0,27000000.0,27000000.0,27000000.0,0.0,0.0,0.002,963000000.0,166000000.0,2363000000,1.053,1.794,169.729,137.895,4010000000,0.0,26.2,0.409,0.409,1992000000,-165000000.0,11205000000.0,11205000000.0,0.0,0.003,0.011,0.035,0.025,0.0,298000000.0,1.0,174911603,174911603,,64.061,9409000000,4000000,20000000.0,168000000,53.793,1972000000
17,X,ART,2017-03-31,2017-04-26,2017-03-31,2021-08-02,-1428000000,9186000000,9188500000.0,4478000000,4708000000,1.159,12.441,-193000000.0,1326000000,1326000000,9748000000.0,-280000000.0,1.648,3.227,3033000000,281000000,2752000000,3033000000,0,515000000.0,0,0.009,0.2,-2000000.0,513000000.0,0.048,513000000.0,-2000000.0,-251000000.0,-1.62,-1.62,-1.62,2173000000,2240250000.0,2173000000,5685753502,-2843.0,11.083,286000000.0,1.637,1.0,897000000.0,0.084,173000000,249000000.0,8002000000,8361250000.0,1718000000,0,0,0,7012000000,2718000000,4294000000,3978753502,621000000.0,0.0,35000000.0,-95000000.0,-33000000.0,379000000.0,-217000000.0,-21000000.0,479000000.0,-20000000.0,-280000000.0,-280000000.0,-280000000.0,0.0,0.0,-0.026,956000000.0,-59000000.0,2231000000,-0.123,1.831,-14.21,-14.062,3880000000,0.0,22.78,0.374,0.374,1932000000,-425000000.0,10645000000.0,10645000000.0,0.0,-0.03,-0.125,0.0,0.0,0.0,283000000.0,1.0,174659943,174659943,,60.947,9013000000,4000000,29000000.0,168000000,51.603,1760000000
18,X,ART,2016-12-31,2017-02-28,2016-12-31,2021-08-02,-1497000000,9160000000,9126000000.0,4356000000,4804000000,1.124,13.047,-294000000.0,1515000000,1515000000,9623000000.0,-440000000.0,1.869,3.028,3031000000,50000000,2981000000,3031000000,0,507000000.0,0,0.005,0.2,-165000000.0,342000000.0,0.033,342000000.0,-165000000.0,-416000000.0,-2.81,-2.81,-2.81,2274000000,2182500000.0,2274000000,8264538266,-50.0,24.165,433000000.0,2.484,1.0,638000000.0,0.062,175000000,251000000.0,8170000000,8608250000.0,1573000000,0,0,0,6885000000,2331000000,4554000000,6748538266,760000000.0,0.0,35000000.0,-112000000.0,-31000000.0,359000000.0,-318000000.0,-21000000.0,727000000.0,-8000000.0,-440000000.0,-440000000.0,-440000000.0,0.0,0.0,-0.043,901000000.0,-263000000.0,2068000000,-0.071,2.968,-15.338,-13.779,3979000000,0.0,38.72,0.658,0.658,1776000000,-250000000.0,10261000000.0,10261000000.0,0.0,-0.048,-0.202,-0.019,-0.016,0.0,255000000.0,1.0,174290761,174290761,,58.873,8985000000,6000000,24000000.0,156000000,51.552,2025000000
19,X,ART,2016-09-30,2016-11-02,2016-09-30,2021-08-02,-1245000000,9467000000,9133500000.0,4411000000,5056000000,1.115,15.082,-351000000.0,1445000000,1445000000,9822000000.0,-1468000000.0,1.84,2.639,3080000000,92000000,2988000000,3080000000,0,513000000.0,0,0.011,0.2,-554000000.0,-41000000.0,-0.004,-41000000.0,-554000000.0,-849000000.0,-10.07,-10.07,-10.07,2601000000,2223000000.0,2601000000,4708220503,-8.0,-114.835,277000000.0,1.606,1.0,361000000.0,0.035,177000000,295000000.0,8528000000,8878750000.0,1742000000,0,0,0,6865000000,2397000000,4468000000,3073220503,280000000.0,0.0,4000000.0,-422000000.0,-29000000.0,20000000.0,-366000000.0,-17000000.0,628000000.0,-2000000.0,-1468000000.0,-1468000000.0,-1468000000.0,0.0,0.0,-0.144,894000000.0,-533000000.0,2119000000,-0.02,1.182,-2.093,-1.77,4218000000,0.0,17.82,0.302,0.302,1734000000,-145000000.0,10183000000.0,10183000000.0,0.0,-0.161,-0.66,-0.062,-0.054,0.0,313000000.0,1.0,172459063,172459063,,59.046,9290000000,6000000,619000000.0,136000000,53.868,2014000000
20,X,ART,2016-06-30,2016-07-27,2016-06-30,2021-08-02,-1299000000,8941000000,9564500000.0,3777000000,5164000000,1.08,13.037,-437000000.0,820000000,820000000,10116000000.0,-1692000000.0,1.626,3.673,3140000000,82000000,3058000000,3140000000,0,523000000.0,0,0.008,0.2,-856000000.0,-333000000.0,-0.032,-333000000.0,-856000000.0,-1142000000.0,-11.57,-11.57,-11.57,1913000000,2365500000.0,1913000000,6060163861,-7.0,-18.199,20000000.0,0.136,1.0,211000000.0,0.02,193000000,286000000.0,8745000000,9245000000.0,1675000000,0,0,0,7027000000,2323000000,4704000000,3740163861,-390000000.0,0.0,0.0,-365000000.0,-29000000.0,-394000000.0,-449000000.0,-15000000.0,457000000.0,-4000000.0,-1692000000.0,-1692000000.0,-1692000000.0,0.0,0.0,-0.164,1018000000.0,-807000000.0,2086000000,-0.017,1.955,-2.21,-2.203,4306000000,0.0,25.49,0.362,0.362,1784000000,-197000000.0,10327000000.0,10327000000.0,0.0,-0.177,-0.715,-0.093,-0.083,0.0,339000000.0,1.0,146730634,146730634,,70.381,8748000000,14000000,550000000.0,137000000,59.619,1454000000
21,X,ART,2016-03-31,2016-04-27,2016-03-31,2021-08-02,-1321000000,8936000000,10132500000.0,3683000000,5253000000,1.05,13.263,-472000000.0,705000000,705000000,10511000000.0,-1907000000.0,1.679,3.601,3147000000,71000000,3076000000,3147000000,0,532000000.0,0,0.011,0.2,-1276000000.0,-744000000.0,-0.07,-744000000.0,-1276000000.0,-1536000000.0,-13.04,-13.04,-13.04,1942000000,2757250000.0,1942000000,5153771498,-4.0,-6.927,-136000000.0,-0.929,1.0,132000000.0,0.012,195000000,260000000.0,8990000000,9573500000.0,1801000000,0,0,0,6993000000,2193000000,4800000000,2711771498,-561000000.0,-25000000.0,1000000.0,-396000000.0,-29000000.0,-424000000.0,-491000000.0,-2000000.0,336000000.0,18000000.0,-1907000000.0,-1907000000.0,-1907000000.0,0.0,0.0,-0.179,1093000000.0,-961000000.0,1951000000,-0.015,1.396,-1.422,-1.42,4395000000,0.0,18.52,0.255,0.255,1679000000,-157000000.0,10643000000.0,10643000000.0,0.0,-0.188,-0.692,-0.133,-0.12,0.0,382000000.0,1.0,146423947,146423947,,72.686,8741000000,7000000,371000000.0,133000000,59.697,1490000000
22,X,ART,2015-12-31,2016-02-29,2015-12-31,2021-08-02,-1169000000,9190000000,10784500000.0,3917000000,5273000000,1.073,16.652,-496000000.0,755000000,755000000,11141000000.0,-1642000000.0,1.824,2.772,3161000000,45000000,3116000000,3161000000,0,547000000.0,0,0.022,0.2,-1202000000.0,-655000000.0,-0.057,-655000000.0,-1202000000.0,-1459000000.0,-11.24,-11.24,-11.24,2436000000,3188500000.0,2436000000,3740118233,-3.0,-5.71,-137000000.0,-0.937,1.0,433000000.0,0.037,196000000,257000000.0,9252000000,9901250000.0,2074000000,0,0,0,6753000000,2148000000,4605000000,1334118233,-599000000.0,-25000000.0,1000000.0,-379000000.0,-29000000.0,-407000000.0,-510000000.0,-2000000.0,359000000.0,-41000000.0,-1642000000.0,-1642000000.0,-1642000000.0,0.0,0.0,-0.142,1281000000.0,-848000000.0,1955000000,-0.018,0.548,-0.812,-0.811,4411000000,0.0,9.12,0.115,0.115,1603000000,190000000.0,11574000000.0,11574000000.0,0.0,-0.152,-0.515,-0.121,-0.104,0.0,415000000.0,1.0,146284894,146284894,,79.12,8994000000,15000000,183000000.0,128000000,61.483,1769000000
23,X,ART,2015-09-30,2015-11-04,2015-09-30,2021-08-02,-1568000000,11191000000,11565500000.0,5385000000,5806000000,1.13,21.679,-543000000.0,1165000000,1165000000,11984000000.0,-234000000.0,1.616,2.529,3498000000,371000000,3127000000,3498000000,0,556000000.0,0,0.018,0.2,-352000000.0,204000000.0,0.016,204000000.0,-352000000.0,-572000000.0,-1.59,-1.61,-1.59,3171000000,3529250000.0,3171000000,3950788084,-11.0,19.367,10000000.0,0.068,1.0,1090000000.0,0.083,198000000,220000000.0,9993000000,10259500000.0,2435000000,0,0,0,8019000000,3333000000,4686000000,1617788084,-92000000.0,-25000000.0,4000000.0,-20000000.0,-29000000.0,-45000000.0,-558000000.0,-4000000.0,553000000.0,-42000000.0,-234000000.0,-234000000.0,-234000000.0,0.0,0.0,-0.018,1236000000.0,-146000000.0,2800000000,-0.126,0.51,-6.914,-6.956,4415000000,0.0,11.06,0.124,0.124,1992000000,1331000000.0,13074000000.0,13074000000.0,0.0,-0.02,-0.066,-0.034,-0.027,0.0,425000000.0,1.0,146273787,146273787,,89.38,10993000000,833000000,-338000000.0,99000000,75.154,2052000000
24,X,ART,2015-06-30,2015-07-29,2015-06-30,2021-08-02,-1432000000,11213000000,11769750000.0,5436000000,5777000000,1.26,23.795,-505000000.0,1210000000,1210000000,13178000000.0,-268000000.0,1.677,2.222,3498000000,374000000,3124000000,3498000000,0,578000000.0,0,0.01,0.2,-323000000.0,255000000.0,0.017,255000000.0,-323000000.0,-550000000.0,-1.83,-1.85,-1.83,3480000000,3722000000.0,3480000000,5218838838,-16.0,20.466,-151000000.0,-1.032,1.0,1653000000.0,0.111,200000000,227000000.0,10059000000,10391250000.0,2330000000,0,0,0,7732000000,3242000000,4490000000,2930838838,-261000000.0,-25000000.0,13000000.0,-21000000.0,-29000000.0,-37000000.0,-514000000.0,-5000000.0,354000000.0,-64000000.0,-268000000.0,-268000000.0,-268000000.0,0.0,0.0,-0.018,1417000000.0,236000000.0,2690000000,-0.109,0.842,-10.936,-10.951,4431000000,0.0,20.04,0.198,0.198,2169000000,1510000000.0,14831000000.0,14831000000.0,0.0,-0.023,-0.072,-0.031,-0.022,0.0,451000000.0,1.0,146249443,146249443,,101.409,11013000000,718000000,-282000000.0,142000000,75.303,2194000000
25,X,ART,2015-03-31,2015-04-29,2015-03-31,2021-08-02,-1501000000,11544000000,12318000000.0,5742000000,5802000000,1.326,25.172,-491000000.0,1266000000,1266000000,14483000000.0,-25000000.0,1.735,2.148,3534000000,410000000,3124000000,3534000000,0,605000000.0,0,0.008,0.2,104000000.0,709000000.0,0.043,709000000.0,104000000.0,-132000000.0,-0.16,-0.18,-0.16,3667000000,3730250000.0,3667000000,5716227492,55.0,8.062,567000000.0,3.892,1.0,1848000000.0,0.113,202000000,236000000.0,10301000000,10830750000.0,2418000000,0,0,0,7876000000,3309000000,4567000000,3448227492,167000000.0,0.0,13000000.0,-325000000.0,-29000000.0,-341000000.0,-471000000.0,-5000000.0,1058000000.0,-79000000.0,-25000000.0,-25000000.0,-25000000.0,0.0,0.0,-0.002,1480000000.0,368000000.0,2693000000,-1.25,0.94,-137.929,-147.938,4354000000,0.0,23.67,0.211,0.211,2562000000,1779000000.0,16331000000.0,16331000000.0,0.0,-0.002,-0.007,0.01,0.006,0.0,487000000.0,1.0,145679235,145679235,,112.102,11342000000,578000000,-107000000.0,140000000,77.856,2433000000
26,X,ART,2014-12-31,2015-02-24,2014-12-31,2021-08-02,-1441000000,12314000000,12780500000.0,6431000000,5883000000,1.37,26.081,-390000000.0,1354000000,1354000000,15455000000.0,102000000.0,1.802,2.241,3498000000,378000000,3120000000,3498000000,0,627000000.0,0,0.008,0.2,413000000.0,1040000000.0,0.059,1040000000.0,413000000.0,170000000.0,0.71,0.69,0.71,3799000000,3676000000.0,3799000000,5804455753,14.0,5.581,1102000000.0,7.566,1.0,2052000000.0,0.117,204000000,243000000.0,10685000000,11369000000.0,2496000000,0,0,0,8514000000,3569000000,4945000000,3660455753,750000000.0,0.0,13000000.0,-325000000.0,-29000000.0,-341000000.0,-366000000.0,-5000000.0,1492000000.0,-35000000.0,102000000.0,102000000.0,102000000.0,0.0,0.0,0.006,1365000000.0,687000000.0,3005000000,0.282,0.964,35.887,35.394,4574000000,0.0,25.13,0.209,0.209,2866000000,1862000000.0,17507000000.0,17507000000.0,0.0,0.008,0.028,0.036,0.024,0.0,523000000.0,1.0,145660794,145660794,,120.19,12110000000,663000000,68000000.0,435000000,83.138,2862000000
27,X,ART,2014-09-30,2014-10-29,2014-09-30,2021-08-02,-1016000000,12008000000,12987750000.0,6101000000,5907000000,1.363,27.096,-400000000.0,1257000000,1257000000,15894000000.0,97000000.0,1.719,2.046,3524000000,362000000,3162000000,3524000000,0,659000000.0,0,0.005,0.2,-213000000.0,446000000.0,0.025,446000000.0,-213000000.0,-481000000.0,0.7,0.68,0.7,3942000000,3563250000.0,3942000000,8098023650,-38.0,18.157,840000000.0,5.774,1.0,1810000000.0,0.102,205000000,268000000.0,10520000000,11937250000.0,2199000000,0,0,0,8065000000,3550000000,4515000000,5831023650,560000000.0,0.0,10000000.0,-323000000.0,-29000000.0,-342000000.0,-318000000.0,-2000000.0,1240000000.0,-20000000.0,97000000.0,97000000.0,97000000.0,0.0,0.0,0.005,1722000000.0,88000000.0,2997000000,0.286,1.479,60.114,57.257,4570000000,0.0,40.08,0.329,0.329,3044000000,1594000000.0,17704000000.0,17704000000.0,0.0,0.007,0.027,-0.018,-0.012,0.0,567000000.0,1.0,145484622,145484622,,121.69,11803000000,562000000,-578000000.0,529000000,81.129,2551000000
28,X,ART,2014-06-30,2014-07-30,2014-06-30,2021-08-02,-1644000000,13406000000,13237250000.0,6527000000,6879000000,1.303,24.207,-414000000.0,1471000000,1471000000,15795000000.0,-1487000000.0,1.854,2.816,3669000000,64000000,3605000000,3669000000,0,674000000.0,0,0.006,0.2,-1774000000.0,-1100000000.0,-0.064,-1100000000.0,-1774000000.0,-2067000000.0,-10.26,-10.28,-10.26,3513000000,3021250000.0,3513000000,6991433301,-4.0,-6.356,969000000.0,6.677,1.0,1453000000.0,0.084,266000000,293000000.0,11817000000,12492000000.0,2337000000,0,0,0,9892000000,3521000000,6371000000,4793433301,704000000.0,0.0,1000000.0,-323000000.0,-30000000.0,-352000000.0,-336000000.0,-3000000.0,1383000000.0,9000000.0,-1487000000.0,-1487000000.0,-1487000000.0,0.0,0.0,-0.086,3315000000.0,-1862000000.0,3292000000,-0.019,1.364,-3.224,-3.219,5736000000,0.0,33.03,0.278,0.278,2693000000,1808000000.0,17248000000.0,17248000000.0,0.0,-0.112,-0.492,-0.142,-0.103,0.0,595000000.0,1.0,145123624,145123624,,118.85,13140000000,610000000,-580000000.0,619000000,90.543,3006000000
29,X,ART,2014-03-31,2014-04-30,2014-03-31,2021-08-02,-1704000000,13394000000,13601750000.0,6480000000,6914000000,1.27,23.842,-429000000.0,1099000000,1099000000,15812000000.0,-1547000000.0,1.831,2.882,3964000000,349000000,3615000000,3964000000,0,679000000.0,0,0.008,0.2,-1816000000.0,-1137000000.0,-0.066,-1137000000.0,-1816000000.0,-2113000000.0,-10.68,-10.7,-10.68,3450000000,3011250000.0,3450000000,6630139769,-4.0,-5.831,322000000.0,2.225,1.0,1465000000.0,0.085,266000000,297000000.0,12454000000,12723250000.0,2411000000,0,0,0,9943000000,3539000000,6404000000,3765139769,366000000.0,0.0,0.0,-3000000.0,-29000000.0,-32000000.0,-367000000.0,-5000000.0,751000000.0,14000000.0,-1547000000.0,-1547000000.0,-1547000000.0,0.0,0.0,-0.09,3309000000.0,-1844000000.0,2977000000,-0.019,1.091,-2.434,-2.436,5791000000,0.0,26.02,0.218,0.218,2807000000,1807000000.0,17277000000.0,17277000000.0,0.0,-0.114,-0.514,-0.143,-0.105,0.0,603000000.0,1.0,144701759,144701759,,119.397,13128000000,703000000,-566000000.0,538000000,90.725,2941000000
30,X,ART,2013-12-31,2014-02-25,2013-12-31,2021-08-02,-1752000000,13143000000,14041000000.0,6078000000,7065000000,1.241,23.14,-474000000.0,604000000,604000000,16016000000.0,-1672000000.0,1.873,2.925,3939000000,323000000,3616000000,3939000000,0,684000000.0,0,0.008,0.2,-1900000000.0,-1216000000.0,-0.07,-1216000000.0,-1900000000.0,-2232000000.0,-11.56,-11.56,-11.56,3348000000,3016250000.0,3348000000,6764094414,-4.0,-5.563,-60000000.0,-0.415,1.0,1408000000.0,0.081,275000000,332000000.0,12958000000,12923750000.0,2688000000,0,0,0,9794000000,3245000000,6549000000,3429094414,34000000.0,0.0,0.0,33000000.0,-29000000.0,4000000.0,-393000000.0,-7000000.0,414000000.0,9000000.0,-1672000000.0,-1672000000.0,-1672000000.0,0.0,0.0,-0.096,3348000000.0,-1940000000.0,2728000000,-0.017,1.024,-2.051,-2.05,5922000000,0.0,23.7,0.197,0.197,2596000000,1762000000.0,17424000000.0,17424000000.0,0.0,-0.119,-0.554,-0.147,-0.109,0.0,610000000.0,1.0,144687528,144687528,,120.425,12868000000,777000000,-560000000.0,585000000,88.936,2833000000
31,X,ART,2013-09-30,2013-10-29,2013-09-30,2021-08-02,-3058000000,13006000000,14559500000.0,5354000000,7652000000,1.212,12.263,-501000000.0,697000000,697000000,16321000000.0,-1993000000.0,1.629,6.331,3996000000,378000000,3618000000,3996000000,0,685000000.0,0,0.008,0.2,-1665000000.0,-980000000.0,-0.056,-980000000.0,-1665000000.0,-1986000000.0,-13.78,-13.78,-13.78,1774000000,3048500000.0,1774000000,6983665128,-4.0,-7.126,97000000.0,0.671,1.0,1321000000.0,0.075,280000000,321000000.0,12739000000,13068000000.0,2480000000,0,0,0,11231000000,3286000000,7945000000,3684665128,161000000.0,0.0,0.0,33000000.0,-29000000.0,4000000.0,-445000000.0,-17000000.0,598000000.0,4000000.0,-1992000000.0,-1992000000.0,-1992000000.0,0.0,-1000000.0,-0.113,3046000000.0,-1725000000.0,2688000000,-0.015,2.077,-1.85,-1.848,6167000000,0.0,25.47,0.209,0.209,2564000000,1497000000.0,17642000000.0,17642000000.0,0.0,-0.137,-0.653,-0.127,-0.094,0.0,591000000.0,1.0,144666868,144666868,,121.949,12726000000,473000000,6000000.0,140000000,87.968,2068000000
32,X,ART,2013-06-30,2013-07-30,2013-06-30,2021-08-02,-3148000000,14864000000,15182000000.0,5416000000,9448000000,1.196,24.008,-524000000.0,767000000,767000000,16883000000.0,-158000000.0,1.657,3.28,3980000000,369000000,3611000000,3980000000,0,675000000.0,0,0.011,0.2,99000000.0,774000000.0,0.043,774000000.0,99000000.0,-182000000.0,-1.1,-1.12,-1.1,3473000000,3570250000.0,3473000000,5774882483,58.0,7.461,134000000.0,0.926,1.0,1280000000.0,0.07,2067000000,281000000.0,12742000000,13286000000.0,2269000000,0,0,0,11390000000,3268000000,8122000000,2561882483,202000000.0,0.0,0.0,123000000.0,-29000000.0,94000000.0,-551000000.0,-18000000.0,658000000.0,1000000.0,-157000000.0,-157000000.0,-157000000.0,0.0,-1000000.0,-0.009,1263000000.0,17000000.0,2693000000,-0.182,0.738,-16.318,-16.1,6156000000,0.0,17.71,0.141,0.141,2763000000,3296000000.0,18163000000.0,18163000000.0,0.0,-0.01,-0.044,0.007,0.005,0.0,604000000.0,1.0,144657396,144657396,,125.559,12797000000,473000000,-25000000.0,151000000,88.464,2148000000
33,X,ART,2013-03-31,2013-04-30,2013-03-31,2021-08-02,-3236000000,15151000000,15317000000.0,5554000000,9597000000,1.224,24.05,-626000000.0,733000000,733000000,17246000000.0,21000000.0,1.799,3.366,3982000000,50000000,3932000000,3982000000,0,669000000.0,0,0.011,0.2,359000000.0,1028000000.0,0.055,1028000000.0,359000000.0,64000000.0,0.14,0.04,0.14,3470000000,3585000000.0,3470000000,5817265453,16.0,5.659,316000000.0,2.19,1.0,1505000000.0,0.08,2057000000,295000000.0,13256000000,13438750000.0,2316000000,0,0,0,11680000000,3087000000,8593000000,2568265453,81000000.0,0.0,0.0,-186000000.0,-29000000.0,-215000000.0,-638000000.0,-14000000.0,942000000.0,-8000000.0,22000000.0,22000000.0,22000000.0,0.0,-1000000.0,0.001,1275000000.0,230000000.0,2826000000,1.429,0.74,116.739,127.143,6246000000,0.0,17.8,0.137,0.137,2898000000,3382000000.0,18751000000.0,18751000000.0,0.0,0.001,0.006,0.027,0.019,0.0,626000000.0,1.0,144284576,144284576,,129.958,13094000000,535000000,42000000.0,147000000,90.751,2467000000
34,X,ART,2012-12-31,2013-02-15,2012-12-31,2021-08-02,-3268000000,15217000000,15480250000.0,5374000000,9843000000,1.249,24.099,-568000000.0,570000000,570000000,17630000000.0,-125000000.0,1.797,3.376,3953000000,17000000,3936000000,3953000000,0,661000000.0,0,0.009,0.2,248000000.0,909000000.0,0.047,909000000.0,248000000.0,7000000.0,-0.86,-0.86,-0.86,3477000000,3582500000.0,3477000000,6724579411,27.0,7.398,567000000.0,3.93,1.0,1698000000.0,0.088,2075000000,241000000.0,13535000000,13528250000.0,2503000000,0,0,0,11739000000,2990000000,8749000000,3341579411,162000000.0,0.0,0.0,36000000.0,-29000000.0,-373000000.0,-602000000.0,-13000000.0,1135000000.0,2000000.0,-124000000.0,-124000000.0,-124000000.0,0.0,-1000000.0,-0.006,1595000000.0,103000000.0,2777000000,-0.233,0.961,-26.948,-26.93,6408000000,0.0,23.16,0.173,0.173,2699000000,3463000000.0,19328000000.0,19328000000.0,0.0,-0.008,-0.035,0.018,0.013,0.0,654000000.0,1.0,144282358,144282358,,133.96,13142000000,595000000,131000000.0,146000000,91.085,2384000000
35,X,ART,2012-09-30,2012-10-30,2012-09-30,2021-08-02,-2931000000,15496000000,15694250000.0,5646000000,9850000000,1.253,26.76,-592000000.0,536000000,536000000,18061000000.0,-285000000.0,1.728,3.013,3989000000,50000000,3939000000,3989000000,0,659000000.0,0,0.009,0.2,99000000.0,758000000.0,0.039,758000000.0,99000000.0,-180000000.0,-1.99,-2.01,-1.99,3861000000,3588250000.0,3861000000,6504547042,66.0,8.581,426000000.0,2.953,1.0,1599000000.0,0.081,2071000000,279000000.0,13611000000,13700250000.0,2525000000,0,0,0,11633000000,3267000000,8366000000,3051547042,266000000.0,0.0,-1000000.0,23000000.0,-29000000.0,-82000000.0,-668000000.0,-23000000.0,1018000000.0,-2000000.0,-285000000.0,-285000000.0,-285000000.0,0.0,0.0,-0.014,1646000000.0,-47000000.0,2996000000,-0.101,0.79,-10.707,-10.628,6390000000,0.0,21.15,0.155,0.155,3057000000,3520000000.0,19660000000.0,19660000000.0,0.0,-0.018,-0.079,0.007,0.005,0.0,695000000.0,1.0,144281184,144281184,,136.262,13425000000,482000000,105000000.0,149000000,93.047,2379000000
36,X,ART,2012-06-30,2012-07-31,2012-06-30,2021-08-02,-3215000000,15404000000,15803000000.0,5625000000,9779000000,1.271,24.48,-686000000.0,565000000,565000000,18310000000.0,-307000000.0,1.699,3.361,3862000000,61000000,3801000000,3862000000,0,668000000.0,0,0.01,0.2,236000000.0,904000000.0,0.045,904000000.0,236000000.0,-142000000.0,-2.14,-2.14,-2.14,3532000000,3665250000.0,3532000000,6276348650,27.0,6.943,305000000.0,2.114,1.0,1779000000.0,0.089,2038000000,378000000.0,13353000000,13777500000.0,2412000000,0,0,0,11871000000,3310000000,8561000000,2979348650,172000000.0,0.0,-1000000.0,-90000000.0,-29000000.0,-119000000.0,-689000000.0,-26000000.0,991000000.0,-11000000.0,-307000000.0,-307000000.0,-307000000.0,0.0,0.0,-0.015,1668000000.0,111000000.0,3049000000,-0.093,0.844,-9.705,-9.65,6316000000,0.0,20.65,0.148,0.148,3112000000,3484000000.0,20089000000.0,20089000000.0,0.0,-0.019,-0.084,0.017,0.012,0.0,710000000.0,1.0,144278385,144278385,,139.238,13366000000,588000000,165000000.0,152000000,92.64,2315000000
37,X,ART,2012-03-31,2012-04-25,2012-03-31,2021-08-02,-3190000000,15804000000,16013250000.0,5791000000,10013000000,1.261,24.027,-697000000.0,652000000,652000000,18331000000.0,-186000000.0,1.586,3.567,4174000000,372000000,3802000000,4174000000,0,675000000.0,0,0.007,0.2,283000000.0,958000000.0,0.047,958000000.0,283000000.0,-26000000.0,-1.3,-1.43,-1.3,3460000000,3836000000.0,3460000000,7582984259,27.0,7.915,-120000000.0,-0.833,1.0,1861000000.0,0.092,2060000000,309000000.0,13614000000,13969750000.0,2437000000,0,0,0,12343000000,3652000000,8691000000,4060984259,231000000.0,0.0,-1000000.0,384000000.0,-29000000.0,355000000.0,-697000000.0,-37000000.0,577000000.0,-4000000.0,-186000000.0,-186000000.0,-186000000.0,0.0,0.0,-0.009,1690000000.0,171000000.0,3007000000,-0.154,1.174,-21.833,-21.692,6401000000,0.0,28.2,0.201,0.201,3186000000,3390000000.0,20192000000.0,20192000000.0,0.0,-0.012,-0.048,0.02,0.014,0.0,726000000.0,1.0,144006534,144006534,,140.216,13744000000,687000000,160000000.0,195000000,95.44,2139000000
38,X,ART,2011-12-31,2012-02-28,2011-12-31,2021-08-02,-3367000000,16073000000,16004250000.0,5774000000,10299000000,1.242,23.19,-807000000.0,408000000,408000000,18326000000.0,-53000000.0,1.582,3.592,4252000000,424000000,3828000000,4252000000,0,681000000.0,0,0.007,0.2,265000000.0,946000000.0,0.048,946000000.0,265000000.0,27000000.0,-0.37,-0.37,-0.37,3500000000,3948000000.0,3500000000,8056342176,30.0,8.516,-639000000.0,-4.234,1.0,1558000000.0,0.078,2045000000,238000000.0,14223000000,13945500000.0,2775000000,0,0,0,12572000000,3649000000,8923000000,4212342176,-170000000.0,0.0,3000000.0,122000000.0,-29000000.0,477000000.0,-813000000.0,-41000000.0,168000000.0,-2000000.0,-53000000.0,-53000000.0,-53000000.0,0.0,0.0,-0.003,1389000000.0,169000000.0,3066000000,-0.541,1.204,-79.478,-75.432,6579000000,0.0,27.91,0.212,0.212,3109000000,3616000000.0,19884000000.0,19884000000.0,0.0,-0.003,-0.013,0.019,0.013,0.0,733000000.0,1.0,150925911,150925911,,131.747,14028000000,770000000,80000000.0,118000000,92.946,2125000000
39,X,ART,2011-09-30,2011-10-25,2011-09-30,2021-08-02,-2909000000,15931000000,15823500000.0,5934000000,9997000000,1.224,28.952,-794000000.0,270000000,270000000,17794000000.0,-91000000.0,1.598,2.821,3985000000,344000000,3641000000,3985000000,0,680000000.0,0,0.009,0.2,294000000.0,974000000.0,0.05,974000000.0,294000000.0,64000000.0,-0.65,-0.86,-0.65,4169000000,4035750000.0,4169000000,6940551146,24.0,7.126,-587000000.0,-4.076,1.0,1571000000.0,0.081,2013000000,230000000.0,13920000000,13728000000.0,2843000000,0,0,0,11761000000,3713000000,8048000000,3225551146,-373000000.0,0.0,6000000.0,202000000.0,-29000000.0,255000000.0,-836000000.0,-27000000.0,207000000.0,1000000.0,-91000000.0,-91000000.0,-91000000.0,0.0,0.0,-0.005,1358000000.0,213000000.0,3166000000,-0.308,0.774,-35.446,-34.462,6588000000,0.0,22.4,0.167,0.167,3287000000,3834000000.0,19365000000.0,19365000000.0,0.0,-0.006,-0.023,0.021,0.015,0.0,712000000.0,1.0,143997819,143997819,,134.481,13918000000,539000000,155000000.0,128000000,96.654,2221000000
40,X,ART,2011-06-30,2011-07-26,2011-06-30,2021-08-02,-2840000000,16245000000,15754000000.0,6021000000,10224000000,1.192,29.272,-730000000.0,393000000,393000000,17555000000.0,-164000000.0,1.673,2.854,3935000000,251000000,3684000000,3935000000,0,671000000.0,0,0.005,0.2,-43000000.0,628000000.0,0.033,628000000.0,-43000000.0,-51000000.0,-1.15,-1.36,-1.15,4215000000,4123000000.0,4215000000,9391132874,-218.0,14.954,-723000000.0,-5.021,1.0,1226000000.0,0.065,2066000000,8000000.0,14122000000,13665500000.0,2698000000,0,0,0,12029000000,3599000000,8430000000,5849132874,-554000000.0,0.0,7000000.0,222000000.0,-29000000.0,200000000.0,-777000000.0,-35000000.0,7000000.0,16000000.0,-164000000.0,-164000000.0,-164000000.0,0.0,0.0,-0.009,1334000000.0,-108000000.0,3154000000,-0.174,1.388,-35.665,-35.322,6736000000,0.0,40.62,0.311,0.311,3382000000,3819000000.0,18781000000.0,18781000000.0,0.0,-0.01,-0.04,-0.003,-0.002,0.0,679000000.0,1.0,143996378,143996378,,130.427,14179000000,579000000,113000000.0,151000000,98.468,2422000000
41,X,ART,2011-03-31,2011-04-26,2011-03-31,2021-08-02,-2929000000,15768000000,15547250000.0,5537000000,10231000000,1.18,27.183,-615000000.0,421000000,421000000,17241000000.0,-410000000.0,1.572,3.035,3754000000,236000000,3518000000,3754000000,0,662000000.0,0,0.004,0.2,-146000000.0,516000000.0,0.028,516000000.0,-146000000.0,-291000000.0,-2.86,-2.86,-2.86,3908000000,4181500000.0,3908000000,10481144960,-72.0,20.312,-918000000.0,-6.385,1.0,1101000000.0,0.06,2061000000,145000000.0,13517000000,13446500000.0,2255000000,0,0,0,11859000000,3523000000,8336000000,7148144960,-965000000.0,0.0,8000000.0,47000000.0,-29000000.0,26000000.0,-691000000.0,-30000000.0,-303000000.0,3000000.0,-411000000.0,-411000000.0,-411000000.0,0.0,1000000.0,-0.022,1293000000.0,-192000000.0,3079000000,-0.07,1.829,-17.392,-17.385,6627000000,0.0,49.72,0.39,0.39,3290000000,3604000000.0,18342000000.0,18342000000.0,0.0,-0.026,-0.098,-0.011,-0.008,0.0,642000000.0,1.0,143768000,143768000,,127.581,13707000000,706000000,120000000.0,133000000,95.341,2014000000
42,X,ART,2010-12-31,2011-02-22,2010-12-31,2021-08-02,-3068000000,15350000000,15437000000.0,5304000000,10046000000,1.125,26.788,-507000000.0,578000000,578000000,16259000000.0,-482000000.0,1.685,2.986,3763000000,246000000,3517000000,3763000000,0,658000000.0,0,0.003,0.2,-111000000.0,547000000.0,0.031,547000000.0,-111000000.0,-385000000.0,-3.36,-3.36,-3.36,3851000000,4343500000.0,3851000000,11462633028,-103.0,20.955,-886000000.0,-6.163,1.0,1115000000.0,0.064,2035000000,274000000.0,13353000000,13319250000.0,2352000000,0,0,0,11498000000,3147000000,8351000000,8277633028,-640000000.0,0.0,5000000.0,359000000.0,-29000000.0,335000000.0,-583000000.0,-34000000.0,-379000000.0,-13000000.0,-482000000.0,-482000000.0,-482000000.0,0.0,0.0,-0.028,1261000000.0,-146000000.0,2742000000,-0.06,2.149,-17.174,-17.137,6486000000,0.0,57.58,0.476,0.476,2693000000,3698000000.0,17374000000.0,17374000000.0,0.0,-0.031,-0.111,-0.008,-0.006,0.0,610000000.0,1.0,143758823,143758823,,120.855,13315000000,815000000,97000000.0,116000000,92.62,2157000000
43,X,ART,2010-09-30,2010-10-26,2010-09-30,2021-08-02,-2647000000,15653000000,15455000000.0,5867000000,9786000000,1.063,31.459,-467000000.0,643000000,643000000,15492000000.0,-501000000.0,1.908,2.464,3743000000,104000000,3639000000,3743000000,0,667000000.0,0,0.005,0.2,-325000000.0,342000000.0,0.021,342000000.0,-325000000.0,-561000000.0,-3.42,-3.42,-3.42,4518000000,4549750000.0,4518000000,8966675691,-28.0,26.218,-1124000000.0,-7.826,1.0,936000000.0,0.057,2008000000,236000000.0,13670000000,13258750000.0,2375000000,0,0,0,11134000000,3075000000,8059000000,5866675691,-900000000.0,-24000000.0,3000000.0,290000000.0,-29000000.0,298000000.0,-522000000.0,-25000000.0,-657000000.0,-19000000.0,-500000000.0,-500000000.0,-500000000.0,0.0,-1000000.0,-0.03,1291000000.0,-355000000.0,2783000000,-0.058,1.299,-11.733,-11.944,6390000000,0.0,40.85,0.357,0.357,2996000000,3953000000.0,16428000000.0,16428000000.0,0.0,-0.032,-0.11,-0.025,-0.02,0.0,606000000.0,1.0,143615072,143615072,,114.389,13645000000,749000000,-61000000.0,112000000,95.011,2792000000
44,X,ART,2010-06-30,2010-07-27,2010-06-30,2021-08-02,-2763000000,15418000000,15504000000.0,5809000000,9609000000,0.951,30.99,-455000000.0,947000000,947000000,14073000000.0,-757000000.0,2.009,2.465,3673000000,34000000,3639000000,3673000000,0,671000000.0,0,0.004,0.2,-595000000.0,76000000.0,0.005,76000000.0,-595000000.0,-934000000.0,-5.18,-5.18,-5.18,4449000000,4607500000.0,4449000000,9295509324,-16.0,122.309,-1225000000.0,-8.533,1.0,675000000.0,0.046,2006000000,339000000.0,13246000000,13147000000.0,2012000000,0,0,0,10968000000,2892000000,8076000000,6569509324,-1003000000.0,-24000000.0,3000000.0,290000000.0,-28000000.0,336000000.0,-544000000.0,-45000000.0,-770000000.0,-25000000.0,-752000000.0,-752000000.0,-752000000.0,0.0,-5000000.0,-0.051,1295000000.0,-620000000.0,2655000000,-0.039,1.477,-8.736,-8.834,6203000000,0.0,45.76,0.445,0.445,3009000000,4012000000.0,14748000000.0,14748000000.0,0.0,-0.049,-0.163,-0.045,-0.04,0.0,621000000.0,1.0,143564452,143564452,,102.727,13412000000,744000000,-182000000.0,159000000,93.421,2917000000
45,X,ART,2010-03-31,2010-04-27,2010-03-31,2021-08-02,-2686000000,15327000000,15583750000.0,5400000000,9927000000,0.782,31.775,-453000000.0,1386000000,1386000000,12229000000.0,-1125000000.0,2.09,2.364,3686000000,35000000,3651000000,3686000000,0,668000000.0,0,0.004,0.2,-1257000000.0,-589000000.0,-0.048,-589000000.0,-1257000000.0,-1455000000.0,-7.93,-7.93,-7.93,4556000000,4713500000.0,4556000000,10419829861,-8.0,-17.691,-882000000.0,-6.151,1.0,-35000000.0,-0.003,2035000000,198000000.0,13008000000,13103500000.0,1647000000,0,0,0,10770000000,2584000000,8186000000,8119829861,255000000.0,-24000000.0,668000000.0,478000000.0,-28000000.0,1242000000.0,-554000000.0,-26000000.0,-429000000.0,-4000000.0,-1119000000.0,-1119000000.0,-1119000000.0,0.0,-6000000.0,-0.092,1260000000.0,-1295000000.0,2364000000,-0.025,1.782,-7.256,-7.141,6409000000,0.0,56.63,0.666,0.666,2620000000,4044000000.0,12194000000.0,12194000000.0,0.0,-0.072,-0.237,-0.096,-0.103,0.0,623000000.0,1.0,143383893,143383893,,85.044,13292000000,800000000,-336000000.0,133000000,92.702,2816000000
46,X,ART,2009-12-31,2010-02-24,2009-12-31,2021-08-02,-2728000000,15422000000,15537500000.0,5015000000,10407000000,0.711,32.615,-253000000.0,1218000000,1218000000,11597000000.0,-1406000000.0,2.027,2.233,3387000000,42000000,3345000000,3387000000,0,661000000.0,0,0.004,0.2,-1679000000.0,-1018000000.0,-0.092,-1018000000.0,-1679000000.0,-1840000000.0,-10.42,-10.42,-10.42,4676000000,4669250000.0,4676000000,9641452010,-6.0,-9.471,-314000000.0,-2.19,1.0,-549000000.0,-0.05,2006000000,161000000.0,13111000000,13062250000.0,1679000000,0,0,0,10443000000,2474000000,7969000000,7472452010,494000000.0,-24000000.0,667000000.0,166000000.0,-56000000.0,938000000.0,-374000000.0,-38000000.0,-61000000.0,-9000000.0,-1401000000.0,-1401000000.0,-1401000000.0,0.0,-5000000.0,-0.127,1155000000.0,-1704000000.0,2311000000,-0.019,1.598,-5.334,-5.002,6820000000,0.0,52.12,0.676,0.676,2262000000,4209000000.0,11048000000.0,11048000000.0,0.0,-0.09,-0.3,-0.129,-0.152,0.0,618000000.0,1.0,143370146,143370146,,77.059,13416000000,1048000000,-439000000.0,89000000,93.576,2541000000
47,X,ART,2009-09-30,2009-10-27,2009-09-30,2021-08-02,-2925000000,15849000000,15703750000.0,5256000000,10593000000,0.777,33.126,-367000000.0,1543000000,1543000000,12080000000.0,-848000000.0,2.131,2.276,3366000000,20000000,3346000000,3366000000,0,625000000.0,0,0.019,0.7,-837000000.0,-212000000.0,-0.017,-212000000.0,-837000000.0,-965000000.0,-6.28,-6.28,-6.28,4749000000,4724000000.0,4749000000,7185739399,-9.0,-33.895,78000000.0,0.544,1.0,116000000.0,0.01,1983000000,128000000.0,13223000000,13247000000.0,1677000000,0,0,0,10810000000,2466000000,8344000000,5362739399,750000000.0,-104000000.0,648000000.0,147000000.0,-84000000.0,881000000.0,-577000000.0,-49000000.0,445000000.0,1000000.0,-844000000.0,-844000000.0,-844000000.0,0.0,-4000000.0,-0.069,1114000000.0,-998000000.0,2260000000,-0.111,1.129,-6.354,-5.957,6860000000,0.0,37.41,0.44,0.44,2335000000,4483000000.0,12196000000.0,12196000000.0,0.0,-0.054,-0.179,-0.063,-0.069,0.0,621000000.0,1.0,143350425,143363000,,85.071,13866000000,1080000000,-121000000.0,135000000,96.72,2790000000
48,X,ART,2009-06-30,2009-07-28,2009-06-30,2021-08-02,-3098000000,15737000000,16058500000.0,5458000000,10279000000,1.039,36.194,-499000000.0,1950000000,1950000000,14930000000.0,378000000.0,2.54,2.177,3361000000,28000000,3333000000,3361000000,0,607000000.0,0,0.024,0.95,875000000.0,1482000000.0,0.089,1482000000.0,875000000.0,726000000.0,3.67,3.62,3.67,4873000000,5081500000.0,4873000000,7194177792,8.0,4.854,1057000000.0,7.851,1.0,1761000000.0,0.106,1927000000,149000000.0,13072000000,13437000000.0,1781000000,0,0,0,10608000000,2149000000,8459000000,5783177792,1559000000.0,-140000000.0,518000000.0,143000000.0,-112000000.0,716000000.0,-697000000.0,-13000000.0,1556000000.0,-16000000.0,378000000.0,378000000.0,378000000.0,0.0,0.0,0.023,1069000000.0,692000000.0,1860000000,0.259,1.187,15.299,10.995,6740000000,0.0,40.35,0.346,0.325,1887000000,4793000000.0,16691000000.0,16691000000.0,0.0,0.024,0.074,0.065,0.052,0.0,609000000.0,1.0,143325348,134634000,,123.973,13810000000,1084000000,348000000.0,226000000,102.574,3309000000
49,X,ART,2009-03-31,2009-04-27,2009-03-31,2021-08-02,-3322000000,15142000000,16451000000.0,5093000000,10049000000,1.295,37.717,-609000000.0,1131000000,1131000000,18087000000.0,1438000000.0,2.088,2.412,3136000000,93000000,3043000000,3136000000,0,607000000.0,0,0.042,1.15,2288000000.0,2895000000.0,0.136,2895000000.0,2288000000.0,2123000000.0,12.28,12.19,12.28,4379000000,5465500000.0,4379000000,5224143633,2.0,1.805,1121000000.0,9.655,1.0,3221000000.0,0.151,1865000000,165000000.0,12843000000,13748750000.0,2080000000,0,0,0,10563000000,2439000000,8124000000,3219143633,677000000.0,-140000000.0,-193000000.0,-66000000.0,-135000000.0,-256000000.0,-769000000.0,-24000000.0,1730000000.0,-28000000.0,1438000000.0,1438000000.0,1438000000.0,0.0,0.0,0.067,1119000000.0,2102000000.0,2066000000,0.094,0.735,2.239,2.257,6558000000,0.0,27.71,0.151,0.151,2194000000,5192000000.0,21308000000.0,21308000000.0,0.0,0.087,0.263,0.166,0.107,0.0,626000000.0,1.0,116172632,116103000,,183.527,13277000000,1024000000,685000000.0,237000000,114.355,2654000000
50,X,ART,2008-12-31,2009-02-24,2008-12-31,2021-08-02,-3269000000,16087000000,16709750000.0,5732000000,10355000000,1.422,42.126,-872000000.0,724000000,724000000,19723000000.0,2112000000.0,2.063,2.253,3156000000,92000000,3064000000,3156000000,0,605000000.0,0,0.052,1.15,3027000000.0,3632000000.0,0.153,3632000000.0,3027000000.0,2965000000.0,18.04,17.96,18.04,4895000000,5815250000.0,4895000000,5005787694,2.0,1.378,786000000.0,6.764,1.0,4031000000.0,0.17,1891000000,62000000.0,13850000000,13960750000.0,2492000000,0,0,0,11028000000,2778000000,8250000000,2573787694,323000000.0,-141000000.0,-222000000.0,-65000000.0,-129000000.0,-305000000.0,-1032000000.0,-21000000.0,1658000000.0,2000000.0,2112000000.0,2112000000.0,2112000000.0,0.0,0.0,0.089,1213000000.0,2818000000.0,2450000000,0.064,0.526,1.219,1.228,6676000000,0.0,22.15,0.108,0.108,2983000000,5666000000.0,23754000000.0,23754000000.0,0.0,0.126,0.363,0.217,0.127,0.0,625000000.0,1.0,116198090,116198090,,204.427,14196000000,843000000,853000000.0,212000000,122.171,2954000000
51,X,ART,2008-09-30,2008-10-28,2008-09-30,2021-08-02,-1738000000,17268000000,16596000000.0,6981000000,10287000000,1.433,52.736,-831000000.0,793000000,793000000,20002000000.0,1857000000.0,1.89,1.769,3225000000,105000000,3120000000,3225000000,0,617000000.0,0,0.028,1.0,2687000000.0,3304000000.0,0.139,3304000000.0,2687000000.0,2540000000.0,15.82,15.72,15.82,6179000000,5974250000.0,6179000000,6524233658,2.0,1.975,891000000.0,7.604,1.0,3785000000.0,0.159,2023000000,147000000.0,13983000000,13850000000.0,2669000000,0,0,0,10933000000,3694000000,7239000000,4092233658,-610000000.0,-2076000000.0,-230000000.0,860000000.0,-118000000.0,576000000.0,-2919000000.0,-21000000.0,1722000000.0,11000000.0,1857000000.0,1857000000.0,1857000000.0,0.0,0.0,0.078,1214000000.0,2571000000.0,3196000000,0.063,0.662,2.204,2.225,6732000000,0.0,35.2,0.172,0.173,4015000000,5410000000.0,23787000000.0,23787000000.0,0.0,0.112,0.311,0.194,0.113,0.0,642000000.0,1.0,116256638,117169000,,203.014,15245000000,295000000,683000000.0,370000000,130.111,3287000000
52,X,ART,2008-06-30,2008-07-29,2008-06-30,2021-08-02,-744000000,17307000000,15607000000.0,6369000000,10938000000,1.335,54.541,-751000000.0,391000000,391000000,17999000000.0,1207000000.0,1.644,1.681,3268000000,158000000,3110000000,3268000000,0,592000000.0,0,0.005,0.9,1742000000.0,2334000000.0,0.112,2334000000.0,1742000000.0,1619000000.0,10.26,10.2,10.26,6409000000,5767500000.0,6409000000,22351830274,13.0,9.577,667000000.0,5.676,1.0,2830000000.0,0.136,1992000000,123000000.0,14319000000,12768500000.0,2593000000,0,0,0,10773000000,3873000000,6900000000,19474830274,-712000000.0,-2040000000.0,-130000000.0,857000000.0,-107000000.0,648000000.0,-2802000000.0,-23000000.0,1418000000.0,24000000.0,1207000000.0,1207000000.0,1207000000.0,0.0,0.0,0.058,1181000000.0,1649000000.0,3397000000,0.088,3.039,16.135,16.156,6890000000,0.0,165.76,0.935,0.935,3953000000,4527000000.0,20829000000.0,20829000000.0,0.0,0.077,0.209,0.136,0.084,0.0,625000000.0,1.0,117488117,117507000,,177.258,15315000000,153000000,412000000.0,527000000,130.333,2496000000
53,X,ART,2008-03-31,2008-04-29,2008-03-31,2021-08-02,-775000000,16177000000,14508500000.0,5395000000,10782000000,1.262,49.135,-670000000.0,454000000,454000000,16097000000.0,841000000.0,1.589,1.782,3350000000,208000000,3142000000,3350000000,0,551000000.0,0,0.006,0.85,1183000000.0,1734000000.0,0.095,1734000000.0,1183000000.0,1051000000.0,7.12,7.09,7.12,5778000000,5405250000.0,5778000000,20712063240,18.0,11.945,993000000.0,8.444,1.0,2216000000.0,0.121,1987000000,132000000.0,13691000000,11633000000.0,2339000000,0,0,0,10299000000,3395000000,6904000000,17816063240,-1098000000.0,-4030000000.0,-108000000.0,2127000000.0,-100000000.0,1926000000.0,-4715000000.0,-27000000.0,1663000000.0,28000000.0,841000000.0,841000000.0,841000000.0,0.0,0.0,0.046,1106000000.0,1110000000.0,2928000000,0.119,3.083,21.184,21.257,6832000000,0.0,151.35,0.973,0.972,3161000000,3888000000.0,18313000000.0,18313000000.0,0.0,0.058,0.156,0.102,0.065,0.0,592000000.0,1.0,117714326,117595000,,155.729,14190000000,171000000,210000000.0,401000000,120.668,2000000000
54,X,ART,2007-12-31,2008-02-27,2007-12-31,2021-08-02,-836000000,15632000000,13192750000.0,4959000000,10673000000,1.279,46.953,-650000000.0,401000000,401000000,14633000000.0,879000000.0,1.651,1.81,3310000000,163000000,3147000000,3310000000,0,506000000.0,0,0.008,0.85,1202000000.0,1708000000.0,0.101,1708000000.0,1202000000.0,1097000000.0,7.44,7.4,7.44,5531000000,5124750000.0,5531000000,16127196615,13.0,9.442,1095000000.0,9.296,1.0,2240000000.0,0.133,2131000000,105000000.0,13407000000,10126750000.0,2279000000,0,0,0,10013000000,3003000000,7010000000,13218196615,-1021000000.0,-4029000000.0,-99000000.0,2090000000.0,-95000000.0,1891000000.0,-4675000000.0,-9000000.0,1745000000.0,18000000.0,879000000.0,879000000.0,879000000.0,0.0,0.0,0.052,1053000000.0,1187000000.0,2725000000,0.114,2.39,15.038,15.082,6688000000,0.0,112.21,0.783,0.783,2771000000,3683000000.0,16873000000.0,16873000000.0,0.0,0.067,0.172,0.119,0.071,0.0,589000000.0,1.0,117798740,117798740,,143.236,13501000000,167000000,218000000.0,257000000,114.611,1956000000
55,X,ART,2007-09-30,2007-10-30,2007-09-30,2021-08-02,-1022000000,13312000000,11931250000.0,5885000000,7427000000,1.35,45.323,-628000000.0,1403000000,1403000000,13746000000.0,1141000000.0,1.86,1.481,2298000000,195000000,2103000000,2298000000,0,455000000.0,0,0.008,0.8,1421000000.0,1876000000.0,0.116,1876000000.0,1421000000.0,1335000000.0,9.63,9.62,9.63,5352000000,4833250000.0,5352000000,13252512588,9.0,7.064,1377000000.0,11.661,1.0,2366000000.0,0.147,1386000000,86000000.0,9657000000,8663250000.0,1826000000,0,0,0,7926000000,3164000000,4762000000,12357512588,-7000000.0,-1990000000.0,-101000000.0,802000000.0,-94000000.0,606000000.0,-2626000000.0,-10000000.0,2005000000.0,8000000.0,1141000000.0,1141000000.0,1141000000.0,0.0,0.0,0.071,977000000.0,1389000000.0,2756000000,0.083,2.309,10.83,10.864,4809000000,0.0,104.62,0.767,0.767,2624000000,3672000000.0,16112000000.0,16112000000.0,0.0,0.096,0.236,0.164,0.088,0.0,557000000.0,1.0,118118071,118086000,,136.443,11926000000,327000000,194000000.0,273000000,100.994,2721000000
56,X,ART,2007-06-30,2007-07-25,2007-06-30,2021-08-02,-1189000000,12913000000,11218750000.0,5756000000,7157000000,1.414,41.955,-573000000.0,1103000000,1103000000,13305000000.0,1289000000.0,1.859,1.597,2303000000,178000000,2125000000,2303000000,0,444000000.0,0,0.007,0.75,1622000000.0,2066000000.0,0.13,2066000000.0,1622000000.0,1551000000.0,10.79,10.77,10.79,4960000000,4544000000.0,4960000000,13499039597,8.0,6.534,1335000000.0,11.292,1.0,2559000000.0,0.161,1239000000,71000000.0,9777000000,8119500000.0,2055000000,0,0,0,7919000000,3097000000,4822000000,12299039597,-374000000.0,-1990000000.0,-345000000.0,710000000.0,-88000000.0,277000000.0,-2568000000.0,-10000000.0,1908000000.0,9000000.0,1289000000.0,1289000000.0,1289000000.0,0.0,0.0,0.081,982000000.0,1577000000.0,2675000000,0.07,2.48,9.542,9.642,4932000000,0.0,104.04,0.775,0.775,2593000000,3426000000.0,15864000000.0,15864000000.0,0.0,0.115,0.284,0.2,0.102,0.0,567000000.0,1.0,118214529,118221000,,134.189,11674000000,325000000,262000000.0,333000000,98.747,2659000000
57,X,ART,2007-03-31,2007-04-25,2007-03-31,2021-08-02,-1231000000,10914000000,10600250000.0,5500000000,5414000000,1.485,39.376,-566000000.0,1552000000,1552000000,13049000000.0,1391000000.0,2.002,1.337,1051000000,111000000,940000000,1051000000,0,440000000.0,0,0.007,0.7,1742000000.0,2182000000.0,0.139,2182000000.0,1742000000.0,1691000000.0,11.84,11.45,11.84,4656000000,4312250000.0,4656000000,11901851798,7.0,5.455,1211000000.0,10.242,1.0,2694000000.0,0.171,0,51000000.0,7666000000,7552500000.0,1618000000,0,0,0,6224000000,2747000000,3477000000,12402851798,81000000.0,0.0,-432000000.0,-597000000.0,-86000000.0,-1123000000.0,-578000000.0,-9000000.0,1777000000.0,5000000.0,1391000000.0,1387000000.0,1387000000.0,0.0,0.0,0.088,997000000.0,1697000000.0,2424000000,0.059,2.664,8.942,8.854,4439000000,4000000.0,104.83,0.788,0.787,2274000000,3148000000.0,15743000000.0,15743000000.0,0.0,0.131,0.322,0.231,0.111,0.0,585000000.0,1.0,118313954,118244000,,133.14,10914000000,431000000,300000000.0,166000000,92.301,2753000000
58,X,ART,2006-12-31,2007-02-27,2006-12-31,2021-08-02,-1286000000,10586000000,10414250000.0,5196000000,5390000000,1.509,36.839,-586000000.0,1422000000,1422000000,12968000000.0,1374000000.0,1.923,1.416,1091000000,148000000,943000000,1091000000,0,441000000.0,0,0.008,0.7,1760000000.0,2201000000.0,0.14,2201000000.0,1760000000.0,1698000000.0,11.88,11.18,11.88,4365000000,4074500000.0,4365000000,9919373263,6.0,4.507,1100000000.0,9.284,1.0,2747000000.0,0.175,0,62000000.0,7553000000,7465000000.0,1604000000,0,0,0,6183000000,2702000000,3481000000,10250373263,-57000000.0,0.0,-409000000.0,-656000000.0,-77000000.0,-1155000000.0,-590000000.0,-8000000.0,1686000000.0,2000000.0,1374000000.0,1366000000.0,1366000000.0,0.0,0.0,0.087,1032000000.0,1715000000.0,2341000000,0.059,2.348,7.504,7.282,4429000000,8000000.0,86.51,0.652,0.652,2135000000,2902000000.0,15715000000.0,15715000000.0,0.0,0.131,0.335,0.236,0.112,0.0,604000000.0,1.0,118487727,118487727,,132.63,10586000000,465000000,324000000.0,182000000,89.343,2494000000
59,X,ART,2006-09-30,2006-11-02,2006-09-30,2021-08-02,-1201000000,10462000000,10223250000.0,5285000000,5177000000,1.507,34.592,-653000000.0,1410000000,1410000000,12714000000.0,1180000000.0,1.909,1.487,1473000000,146000000,1327000000,1473000000,0,431000000.0,0,0.008,0.5,1649000000.0,2080000000.0,0.135,2080000000.0,1649000000.0,1586000000.0,10.26,9.5,10.26,4195000000,3814250000.0,4195000000,7870453470,5.0,3.784,716000000.0,5.904,1.0,2697000000.0,0.175,275000000,63000000.0,7482000000,7337000000.0,1673000000,0,0,0,6236000000,2768000000,3468000000,7807453470,16000000.0,0.0,-581000000.0,-27000000.0,-69000000.0,-697000000.0,-656000000.0,-9000000.0,1369000000.0,0.0,1180000000.0,1167000000.0,1167000000.0,0.0,0.0,0.076,1071000000.0,1626000000.0,2457000000,0.049,1.861,6.69,6.423,4269000000,13000000.0,65.9,0.507,0.519,2306000000,2628000000.0,15411000000.0,15411000000.0,0.0,0.114,0.306,0.225,0.107,0.0,650000000.0,1.0,118474256,121270000,,127.08,10187000000,337000000,406000000.0,123000000,84.003,2517000000
60,X,ART,2006-06-30,2006-07-28,2006-06-30,2021-08-02,-1232000000,10439000000,10449000000.0,5279000000,5160000000,1.388,36.291,-686000000.0,1477000000,1477000000,12214000000.0,870000000.0,1.925,1.581,1567000000,236000000,1331000000,1567000000,0,406000000.0,0,0.007,0.45,1240000000.0,1646000000.0,0.113,1646000000.0,1240000000.0,1168000000.0,7.71,6.9,7.71,4033000000,3940750000.0,4033000000,7746488969,6.0,4.706,597000000.0,5.372,1.0,2291000000.0,0.158,277000000,72000000.0,7509000000,7769750000.0,1517000000,0,0,0,6375000000,2743000000,3632000000,7656488969,235000000.0,0.0,-340000000.0,68000000.0,-67000000.0,-367000000.0,-679000000.0,-6000000.0,1283000000.0,-2000000.0,870000000.0,853000000.0,853000000.0,0.0,0.0,0.059,1057000000.0,1234000000.0,2306000000,0.058,1.898,8.976,8.069,4212000000,17000000.0,62.21,0.528,0.477,2299000000,2229000000.0,14505000000.0,14505000000.0,0.0,0.082,0.216,0.16,0.085,0.0,667000000.0,1.0,123074891,111129000,,130.524,10162000000,445000000,298000000.0,162000000,91.443,2536000000
61,X,ART,2006-03-31,2006-04-28,2006-03-31,2021-08-02,-1283000000,10170000000,10648750000.0,5046000000,5124000000,1.313,34.05,-714000000.0,1471000000,1471000000,11800000000.0,711000000.0,1.844,1.737,1633000000,274000000,1359000000,1633000000,0,380000000.0,0,0.006,0.4,1132000000.0,1512000000.0,0.108,1512000000.0,1132000000.0,1011000000.0,6.22,5.56,6.22,3705000000,4094750000.0,3705000000,7623832958,7.0,5.042,436000000.0,4.007,1.0,2180000000.0,0.156,279000000,121000000.0,7316000000,8221000000.0,1483000000,0,0,0,6434000000,2737000000,3697000000,7461832958,324000000.0,0.0,-229000000.0,210000000.0,-62000000.0,-115000000.0,-707000000.0,-5000000.0,1150000000.0,-4000000.0,711000000.0,693000000.0,693000000.0,0.0,0.0,0.05,1048000000.0,1132000000.0,2187000000,0.064,2.014,10.767,11.013,4159000000,18000000.0,68.5,0.534,0.533,2118000000,1846000000.0,13980000000.0,13980000000.0,0.0,0.065,0.169,0.138,0.081,0.0,687000000.0,1.0,108931868,108809000,,128.482,9891000000,474000000,300000000.0,239000000,90.902,2309000000
62,X,ART,2005-12-31,2006-02-28,2005-12-31,2021-08-02,-1418000000,9822000000,10913500000.0,4831000000,4991000000,1.286,30.542,-710000000.0,1479000000,1479000000,11601000000.0,910000000.0,1.757,1.945,1727000000,364000000,1363000000,1727000000,0,366000000.0,0,0.007,0.4,1402000000.0,1768000000.0,0.126,1768000000.0,1402000000.0,1275000000.0,7.87,7.0,7.87,3324000000,4273500000.0,3324000000,6179372231,4.0,3.495,508000000.0,4.668,1.0,2438000000.0,0.174,280000000,127000000.0,7041000000,8671750000.0,1466000000,0,0,0,6466000000,2749000000,3717000000,5931372231,442000000.0,0.0,-226000000.0,258000000.0,-60000000.0,-61000000.0,-708000000.0,-5000000.0,1218000000.0,-7000000.0,910000000.0,892000000.0,892000000.0,0.0,0.0,0.064,1043000000.0,1395000000.0,2168000000,0.051,1.784,6.65,6.925,4015000000,18000000.0,54.5,0.422,0.422,1901000000,1605000000.0,14039000000.0,14039000000.0,0.0,0.082,0.209,0.162,0.1,0.0,698000000.0,1.0,108832518,108832518,,128.996,9542000000,486000000,365000000.0,186000000,87.676,2082000000
63,X,ART,2005-09-30,2005-10-28,2005-09-30,2021-08-02,-50000000,11365000000,11197000000.0,4627000000,6738000000,1.293,41.244,-652000000.0,1394000000,1394000000,11678000000.0,1275000000.0,2.097,1.411,1481000000,115000000,1366000000,1481000000,0,369000000.0,0,0.009,0.33,1717000000.0,2086000000.0,0.144,2086000000.0,1717000000.0,1639000000.0,11.06,9.79,11.06,4701000000,4435000000.0,4701000000,4192622944,2.0,2.01,617000000.0,5.413,1.0,2797000000.0,0.193,32000000,78000000.0,9213000000,9111250000.0,1341000000,0,0,0,6635000000,2207000000,4428000000,4105622944,332000000.0,0.0,-12000000.0,-188000000.0,-55000000.0,-292000000.0,-646000000.0,-1000000.0,1269000000.0,1000000.0,1275000000.0,1257000000.0,1257000000.0,0.0,0.0,0.087,1076000000.0,1721000000.0,1933000000,0.03,0.873,3.266,3.274,3840000000,18000000.0,36.21,0.284,0.285,1921000000,1413000000.0,14475000000.0,14475000000.0,0.0,0.112,0.283,0.188,0.119,0.0,724000000.0,1.0,113383677,113980000,,126.996,11333000000,272000000,364000000.0,828000000,99.43,2420000000
64,X,ART,2005-06-30,2005-07-29,2005-06-30,2021-08-02,-50000000,11238000000,10554500000.0,4537000000,6701000000,1.422,40.701,-673000000.0,1242000000,1242000000,11837000000.0,1522000000.0,2.144,1.411,1468000000,113000000,1355000000,1468000000,0,377000000.0,0,0.007,0.28,2050000000.0,2427000000.0,0.162,2427000000.0,2050000000.0,1984000000.0,13.25,11.69,13.25,4649000000,3769750000.0,4649000000,5098617064,2.0,2.101,916000000.0,8.019,1.0,3167000000.0,0.211,34000000,66000000.0,9314000000,8421500000.0,1428000000,0,0,0,6559000000,2116000000,4443000000,4872617064,652000000.0,0.0,27000000.0,-201000000.0,-49000000.0,-262000000.0,-677000000.0,1000000.0,1589000000.0,2000000.0,1522000000.0,1504000000.0,1504000000.0,0.0,0.0,0.1,1102000000.0,2065000000.0,1919000000,0.021,1.048,3.24,3.219,3723000000,18000000.0,42.65,0.325,0.325,2017000000,1322000000.0,15004000000.0,15004000000.0,0.0,0.142,0.399,0.243,0.137,0.0,735000000.0,1.0,114246590,114222000,,131.358,11204000000,164000000,462000000.0,715000000,98.09,2421000000
65,X,ART,2005-03-31,2005-04-28,2005-03-31,2021-08-02,-49000000,11229000000,9845000000.0,4552000000,6677000000,1.512,38.715,-613000000.0,1147000000,1147000000,11728000000.0,1488000000.0,1.959,1.534,1397000000,35000000,1362000000,1397000000,0,382000000.0,0,0.005,0.23,2032000000.0,2414000000.0,0.162,2414000000.0,2032000000.0,1943000000.0,12.96,11.43,12.96,4420000000,3028000000.0,4420000000,5025278384,2.0,2.082,986000000.0,8.636,1.0,3160000000.0,0.212,36000000,89000000.0,9119000000,7760750000.0,1308000000,0,0,0,6779000000,2324000000,4455000000,4775278384,383000000.0,0.0,28000000.0,-557000000.0,-43000000.0,-605000000.0,-618000000.0,-9000000.0,1599000000.0,7000000.0,1488000000.0,1470000000.0,1470000000.0,0.0,0.0,0.099,1106000000.0,2054000000.0,1977000000,0.018,1.08,3.248,3.227,3651000000,18000000.0,41.82,0.321,0.321,2217000000,1093000000.0,14888000000.0,14888000000.0,0.0,0.149,0.485,0.262,0.136,0.0,728000000.0,1.0,114186475,114169000,,130.403,11193000000,211000000,455000000.0,933000000,98.039,2228000000
66,X,ART,2004-12-31,2005-02-25,2004-12-31,2021-08-02,-49000000,10956000000,9116250000.0,4243000000,6713000000,1.548,34.775,-484000000.0,1037000000,1037000000,11407000000.0,1091000000.0,1.676,1.753,1449000000,86000000,1363000000,1449000000,0,382000000.0,0,0.004,0.23,1561000000.0,1943000000.0,0.138,1943000000.0,1561000000.0,1442000000.0,9.6,8.37,9.6,3970000000,2292500000.0,3970000000,7617895656,5.0,3.921,916000000.0,8.024,1.0,2701000000.0,0.191,38000000,119000000.0,8799000000,7126750000.0,1197000000,0,0,0,6958000000,2531000000,4427000000,7205895656,721000000.0,7000000.0,361000000.0,-498000000.0,-39000000.0,-203000000.0,-484000000.0,-13000000.0,1400000000.0,8000000.0,1091000000.0,1073000000.0,1073000000.0,0.0,0.0,0.076,1121000000.0,1580000000.0,2092000000,0.024,1.815,6.716,6.575,3627000000,18000000.0,63.12,0.511,0.511,2072000000,651000000.0,14108000000.0,14108000000.0,0.0,0.118,0.468,0.219,0.111,0.0,739000000.0,1.0,114161845,114161845,,123.579,10918000000,263000000,351000000.0,922000000,95.636,1712000000
67,X,ART,2004-09-30,2004-10-29,2004-09-30,2021-08-02,-1503000000,8795000000,8336750000.0,4175000000,4620000000,1.54,17.97,-373000000.0,1062000000,1062000000,10210000000.0,601000000.0,1.705,3.299,1642000000,73000000,1569000000,1642000000,0,333000000.0,0,0.005,0.2,994000000.0,1327000000.0,0.103,1327000000.0,994000000.0,828000000.0,5.16,4.56,5.16,2040000000,1573250000.0,2040000000,4754764548,5.0,3.583,887000000.0,7.813,1.0,2629000000.0,0.205,472000000,166000000.0,6454000000,6639000000.0,1251000000,0,0,0,6730000000,2449000000,4281000000,4174764548,902000000.0,18000000.0,360000000.0,-324000000.0,-38000000.0,-18000000.0,-340000000.0,0.0,1260000000.0,0.0,601000000.0,583000000.0,583000000.0,0.0,0.0,0.045,1630000000.0,999000000.0,2001000000,0.039,2.046,7.161,7.116,3514000000,18000000.0,36.72,0.325,0.325,1964000000,193000000.0,12839000000.0,12839000000.0,0.0,0.07,0.371,0.15,0.077,0.0,614000000.0,1.0,113691845,113523000,,113.096,8323000000,352000000,227000000.0,337000000,73.316,1726000000
68,X,ART,2004-06-30,2004-07-30,2004-06-30,2021-08-02,-1503000000,8400000000,8448250000.0,3774000000,4626000000,1.375,14.841,-241000000.0,590000000,590000000,9986000000.0,-107000000.0,1.622,3.977,1662000000,63000000,1599000000,1662000000,0,377000000.0,0,0.005,0.2,-184000000.0,193000000.0,0.017,193000000.0,-184000000.0,-372000000.0,-1.39,-1.63,-1.39,1682000000,1474500000.0,1682000000,5396004876,-29.0,27.959,482000000.0,4.253,1.0,1632000000.0,0.14,474000000,188000000.0,6671000000,7199500000.0,1332000000,0,0,0,6690000000,2327000000,4363000000,4324004876,445000000.0,-26000000.0,353000000.0,-305000000.0,-38000000.0,5000000.0,-283000000.0,-31000000.0,723000000.0,0.0,-107000000.0,-125000000.0,-125000000.0,0.0,0.0,-0.011,1821000000.0,-189000000.0,1814000000,-0.144,2.571,-34.592,-27.439,3403000000,18000000.0,38.14,0.372,0.372,1868000000,-152000000.0,11618000000.0,11618000000.0,0.0,-0.015,-0.085,-0.026,-0.016,0.0,761000000.0,1.0,113371916,113332000,,102.513,7926000000,521000000,-265000000.0,421000000,69.936,1447000000
69,X,ART,2004-03-31,2004-05-04,2004-03-31,2021-08-02,-1504000000,8314000000,8681500000.0,3622000000,4692000000,1.211,13.858,-161000000.0,764000000,764000000,9261000000.0,-367000000.0,1.489,4.606,1941000000,313000000,1628000000,1941000000,0,371000000.0,0,0.007,0.2,-577000000.0,-206000000.0,-0.02,-206000000.0,-577000000.0,-721000000.0,-3.72,-3.76,-3.72,1478000000,1597750000.0,1478000000,4493293517,-8.0,-21.812,557000000.0,5.223,1.0,1253000000.0,0.119,476000000,144000000.0,6583000000,7732500000.0,1180000000,0,0,0,6808000000,2432000000,4376000000,3316293517,397000000.0,-864000000.0,356000000.0,405000000.0,-39000000.0,722000000.0,-1041000000.0,-68000000.0,718000000.0,-2000000.0,-367000000.0,-385000000.0,-385000000.0,0.0,0.0,-0.037,1788000000.0,-535000000.0,1692000000,-0.054,2.244,-8.614,-7.868,3398000000,18000000.0,29.27,0.315,0.297,1701000000,-363000000.0,10514000000.0,10514000000.0,0.0,-0.044,-0.241,-0.075,-0.055,0.0,734000000.0,1.0,113300086,106653000,,98.581,7838000000,566000000,-354000000.0,386000000,73.491,1190000000
70,X,ART,2003-12-31,2004-02-25,2003-12-31,2021-08-02,-1501000000,7838000000,8684250000.0,3107000000,4731000000,1.089,10.395,-222000000.0,316000000,316000000,8469000000.0,-463000000.0,1.459,6.171,1933000000,43000000,1890000000,1933000000,0,363000000.0,0,0.006,0.2,-787000000.0,-424000000.0,-0.045,-424000000.0,-787000000.0,-917000000.0,-4.64,-4.64,-4.64,1093000000,1785500000.0,1093000000,5241237363,-7.0,-12.361,355000000.0,3.376,1.0,989000000.0,0.105,477000000,130000000.0,6848000000,7948750000.0,1283000000,0,0,0,6745000000,2130000000,4615000000,3624237363,73000000.0,-871000000.0,23000000.0,397000000.0,-35000000.0,627000000.0,-1130000000.0,-88000000.0,577000000.0,-1000000.0,-463000000.0,-479000000.0,-479000000.0,0.0,0.0,-0.051,1719000000.0,-730000000.0,1677000000,-0.043,3.316,-7.566,-7.429,3415000000,16000000.0,34.47,0.383,0.383,1514000000,-421000000.0,9458000000.0,9458000000.0,0.0,-0.055,-0.268,-0.099,-0.083,0.0,673000000.0,1.0,105141786,105141786,,89.955,7361000000,610000000,-454000000.0,366000000,70.01,977000000
71,X,ART,2003-09-30,2004-01-27,2003-09-30,2021-08-02,-968000000,9241000000,8719000000.0,3066000000,6175000000,0.995,15.921,-182000000.0,160000000,160000000,8206000000.0,-430000000.0,1.655,4.618,1881000000,28000000,1853000000,1881000000,0,401000000.0,0,0.006,0.2,-751000000.0,-350000000.0,-0.04,-350000000.0,-751000000.0,-887000000.0,-4.28,-4.28,-4.28,1645000000,2019000000.0,1645000000,5345003054,-7.0,-15.271,353000000.0,3.417,1.0,470000000.0,0.054,413000000,136000000.0,8696000000,8082250000.0,1394000000,0,0,0,7596000000,1853000000,5743000000,3624003054,55000000.0,-882000000.0,15000000.0,423000000.0,-31000000.0,649000000.0,-1130000000.0,-110000000.0,535000000.0,1000000.0,-430000000.0,-441000000.0,-441000000.0,0.0,0.0,-0.051,1164000000.0,-694000000.0,1432000000,-0.047,2.203,-8.218,-8.199,3367000000,11000000.0,35.09,0.418,0.418,1583000000,-399000000.0,8676000000.0,8676000000.0,0.0,-0.051,-0.218,-0.093,-0.087,0.0,763000000.0,1.0,103277374,103321000,,83.971,8828000000,569000000,-457000000.0,346000000,85.442,1213000000
72,X,ART,2003-09-30,2003-11-07,2003-09-30,2021-08-02,-968000000,9241000000,8719000000.0,3066000000,6175000000,0.995,15.921,-182000000.0,160000000,160000000,8206000000.0,-430000000.0,1.655,4.618,1881000000,28000000,1853000000,1881000000,0,401000000.0,0,0.008,0.2,-751000000.0,-350000000.0,-0.04,-350000000.0,-751000000.0,-887000000.0,-4.28,-4.28,-4.28,1645000000,2019000000.0,1645000000,4240967926,-6.0,-12.117,353000000.0,3.417,1.0,470000000.0,0.054,413000000,136000000.0,8696000000,8082250000.0,1394000000,0,0,0,7596000000,1853000000,5743000000,2519967926,55000000.0,-882000000.0,15000000.0,423000000.0,-31000000.0,649000000.0,-1130000000.0,-110000000.0,535000000.0,1000000.0,-430000000.0,-441000000.0,-441000000.0,0.0,0.0,-0.051,1164000000.0,-694000000.0,1432000000,-0.047,1.532,-5.714,-5.701,3367000000,11000000.0,24.4,0.29,0.291,1583000000,-399000000.0,8676000000.0,8676000000.0,0.0,-0.051,-0.218,-0.093,-0.087,0.0,763000000.0,1.0,103277374,103321000,,83.971,8828000000,569000000,-457000000.0,346000000,85.442,1213000000
73,X,ART,2003-06-30,2003-08-13,2003-06-30,2021-08-02,-802000000,9333000000,8578500000.0,3250000000,6083000000,0.942,21.07,-156000000.0,145000000,145000000,7074000000.0,30000000.0,1.8,3.291,1883000000,37000000,1846000000,1883000000,0,350000000.0,0,0.012,0.2,83000000.0,433000000.0,0.054,433000000.0,83000000.0,-59000000.0,0.23,0.23,0.23,2175000000,2301750000.0,2175000000,3464812156,42.0,8.002,398000000.0,3.856,1.0,1008000000.0,0.125,462000000,142000000.0,8803000000,8073250000.0,1468000000,0,0,0,7158000000,1806000000,5352000000,1726812156,117000000.0,-876000000.0,20000000.0,414000000.0,-26000000.0,650000000.0,-1089000000.0,-101000000.0,554000000.0,2000000.0,30000000.0,23000000.0,23000000.0,0.0,0.0,0.003,868000000.0,140000000.0,1381000000,0.87,0.794,75.079,72.696,3497000000,7000000.0,16.72,0.214,0.214,1668000000,-62000000.0,8082000000.0,8082000000.0,0.0,0.003,0.01,0.01,0.01,0.0,518000000.0,1.0,103278239,103228000,,78.293,8871000000,248000000,-89000000.0,518000000,85.936,1444000000
74,X,ART,2003-03-31,2003-05-13,2003-03-31,2021-08-02,-803000000,8325000000,8398750000.0,2808000000,5517000000,0.896,21.697,-189000000.0,367000000,367000000,6554000000.0,106000000.0,1.835,2.735,1434000000,26000000,1408000000,1434000000,0,352000000.0,0,0.014,0.2,140000000.0,492000000.0,0.065,492000000.0,140000000.0,21000000.0,1.02,1.02,1.02,2229000000,2425500000.0,2229000000,2544040768,18.0,5.171,27000000.0,0.263,1.0,973000000.0,0.129,414000000,119000000.0,7448000000,8044250000.0,1077000000,0,0,0,6096000000,1530000000,4566000000,1477040768,310000000.0,-35000000.0,214000000.0,-31000000.0,-20000000.0,405000000.0,-314000000.0,-94000000.0,216000000.0,3000000.0,106000000.0,104000000.0,104000000.0,0.0,0.0,0.014,828000000.0,145000000.0,1157000000,0.196,0.663,14.202,14.039,2958000000,2000000.0,14.32,0.196,0.195,1449000000,-4000000.0,7527000000.0,7527000000.0,0.0,0.012,0.043,0.017,0.019,0.0,476000000.0,1.0,103145305,102731000,,73.269,7911000000,227000000,-85000000.0,491000000,77.007,1278000000
75,X,ART,2002-12-31,2003-03-10,2002-12-31,2021-08-02,-803000000,7977000000,8385250000.0,2440000000,5537000000,0.841,19.74,-191000000.0,243000000,243000000,6158000000.0,61000000.0,1.778,2.935,1434000000,26000000,1408000000,1434000000,0,350000000.0,0,0.018,0.2,128000000.0,478000000.0,0.068,478000000.0,128000000.0,13000000.0,0.62,0.62,0.62,2027000000,2478000000.0,2027000000,2333898207,18.0,4.883,88000000.0,0.857,1.0,896000000.0,0.127,414000000,115000000.0,7382000000,8285500000.0,1030000000,0,0,0,5950000000,1372000000,4578000000,1142898207,96000000.0,-38000000.0,227000000.0,-32000000.0,-19000000.0,122000000.0,-309000000.0,-85000000.0,279000000.0,4000000.0,61000000.0,61000000.0,61000000.0,0.0,0.0,0.009,768000000.0,128000000.0,1021000000,0.323,0.564,18.736,17.952,2978000000,0.0,11.13,0.162,0.162,1281000000,42000000.0,7054000000.0,7054000000.0,0.0,0.007,0.025,0.015,0.018,0.0,418000000.0,1.0,102686272,102686272,,68.695,7563000000,217000000,-48000000.0,504000000,73.652,1068000000
76,X,ART,2002-09-30,2002-11-08,2002-09-30,2021-08-02,-41000000,8679000000,8475250000.0,2381000000,6298000000,,27.235,,105000000,105000000,,,1.765,2.126,1435000000,7000000,1428000000,1435000000,0,,0,0.019,0.25,,,,,,,,,,2776000000,2597750000.0,2776000000,2656735268,,,,,1.0,,,0,,8660000000,8539250000.0,967000000,0,0,0,5903000000,1349000000,4554000000,1326735268,,,,,,,,,,,,,,,,,,,1029000000,,0.478,,,2989000000,,12.97,,,1393000000,36000000.0,,,,,,,,,,1.0,102292619,101926000,,,8679000000,226000000,,1017000000,85.15,1032000000
77,X,ART,2002-06-30,2002-08-12,2002-06-30,2021-08-02,-41000000,8614000000,,2300000000,6314000000,,27.908,,28000000,28000000,,,1.71,2.226,1446000000,7000000,1439000000,1446000000,0,,0,0.019,0.3,,,,,,,,,,2670000000,,2670000000,2995309725,,,,,1.0,,,0,,8687000000,,919000000,0,0,0,5944000000,1345000000,4599000000,1577309725,,,,,,,,,,,,,,,,,,,1086000000,,0.591,,,3031000000,,15.49,,,1460000000,-65000000.0,,,,,,,,,,1.0,101827613,95670000,,,8614000000,212000000,,977000000,90.039,955000000
78,X,ART,2002-03-31,2002-05-14,2002-03-31,2021-08-02,-49000000,8271000000,,1960000000,6311000000,,27.23,,57000000,57000000,,,1.548,2.391,1465000000,31000000,1434000000,1465000000,0,,0,0.016,0.3,,,,,,,,,,2439000000,,2439000000,3120700268,,,,,1.0,,,0,,8413000000,,901000000,341000000,0,341000000,5832000000,1266000000,4566000000,1712700268,,,,,,,,,,,,,,,,,,,953000000,,0.702,,,3063000000,,18.92,,,783000000,-87000000.0,,,,,,,,,,1.0,90523270,89569000,,,8271000000,216000000,,973000000,92.342,694000000
79,X,ART,2001-12-31,2002-03-19,2001-12-31,2021-08-02,-49000000,8337000000,,2073000000,6264000000,,27.96,-243000000.0,147000000,147000000,6344000000.0,-218000000.0,1.647,2.327,1466000000,32000000,1434000000,1466000000,0,344000000.0,0,0.021,0.35,-405000000.0,-61000000.0,-0.01,-61000000.0,-405000000.0,-546000000.0,-2.45,-2.45,-2.45,2506000000,,2506000000,2842694836,-7.0,-46.602,426000000.0,4.753,1.0,31000000.0,0.005,0,141000000.0,8397000000,,870000000,346000000,0,346000000,5831000000,1259000000,4572000000,1523694836,-72000000.0,-14000000.0,0.0,-444000000.0,-57000000.0,-501000000.0,-239000000.0,3000000.0,669000000.0,-1000000.0,-218000000.0,-218000000.0,-218000000.0,0.0,0.0,-0.034,436000000.0,-405000000.0,931000000,-0.143,0.608,-6.989,-6.939,3084000000,0.0,17.0,0.239,0.239,838000000,,6375000000.0,6375000000.0,0.0,,,,-0.064,0.0,92000000.0,1.0,89629108,89629108,,71.126,8337000000,216000000,-328000000.0,980000000,93.017,814000000
