None,ticker,dimension,calendardate,datekey,reportperiod,lastupdated,accoci,assets,assetsavg,assetsc,assetsnc,assetturnover,bvps,capex,cashneq,cashnequsd,cor,consolinc,currentratio,de,debt,debtc,debtnc,debtusd,deferredrev,depamor,deposits,divyield,dps,ebit,ebitda,ebitdamargin,ebitdausd,ebitusd,ebt,eps,epsdil,epsusd,equity,equityavg,equityusd,ev,evebit,evebitda,fcf,fcfps,fxusd,gp,grossmargin,intangibles,intexp,invcap,invcapavg,inventory,investments,investmentsc,investmentsnc,liabilities,liabilitiesc,liabilitiesnc,marketcap,ncf,ncfbus,ncfcommon,ncfdebt,ncfdiv,ncff,ncfi,ncfinv,ncfo,ncfx,netinc,netinccmn,netinccmnusd,netincdis,netincnci,netmargin,opex,opinc,payables,payoutratio,pb,pe,pe1,ppnenet,prefdivis,price,ps,ps1,receivables,retearn,revenue,revenueusd,rnd,roa,roe,roic,ros,sbcomp,sgna,sharefactor,sharesbas,shareswa,shareswadil,sps,tangibles,taxassets,taxexp,taxliabilities,tbvps,workingcapital
0,X,MRY,2020-12-31,2020-12-31,2020-12-31,2021-08-02,-47000000.0,12059000000.0,12176750000.0,4432000000.0,7627000000.0,0.8,17.178,-558000000.0,1985000000.0,1985000000.0,9558000000.0,-1165000000.0,1.669,2.161,5109000000.0,251000000.0,4858000000.0,5109000000.0,0.0,643000000.0,0.0,0.002,0.04,-1075000000.0,-432000000.0,-0.044,-432000000.0,-1075000000.0,-1307000000.0,-5.92,-5.92,-5.92,3786000000.0,3644250000.0,3786000000.0,7124178702.0,-7.0,-16.491,-420000000.0,-1.906,1.0,183000000.0,0.019,133000000.0,232000000.0,12394000000.0,12963000000.0,1402000000.0,130000000.0,0.0,130000000.0,8180000000.0,2656000000.0,5524000000.0,3696178702.0,1179000000.0,-1000000.0,0.0,1086000000.0,-8000000.0,1581000000.0,-563000000.0,-4000000.0,138000000.0,23000000.0,-1165000000.0,-1165000000.0,-1165000000.0,0.0,0.0,-0.12,1169000000.0,-986000000.0,2192000000.0,-0.007,0.976,-3.173,-2.833,5658000000.0,0.0,16.77,0.379,0.379,2171000000.0,-623000000.0,9741000000.0,9741000000.0,0.0,-0.096,-0.32,-0.083,-0.11,0.0,274000000.0,1.0,220404216.0,220404216.0,,44.196,11926000000.0,22000000.0,-142000000.0,165000000.0,54.11,1776000000.0
1,X,MRY,2019-12-31,2019-12-31,2019-12-31,2021-08-02,-478000000.0,11608000000.0,11242000000.0,3813000000.0,7795000000.0,1.151,24.065,-1248000000.0,749000000.0,749000000.0,12082000000.0,-630000000.0,1.453,1.837,3878000000.0,74000000.0,3804000000.0,3878000000.0,0.0,616000000.0,0.0,0.018,0.2,-230000000.0,386000000.0,0.03,386000000.0,-230000000.0,-452000000.0,-3.67,-3.67,-3.67,4092000000.0,4209250000.0,4092000000.0,4276133055.0,-19.0,11.078,-566000000.0,-3.329,1.0,855000000.0,0.066,150000000.0,222000000.0,11962000000.0,10485750000.0,1785000000.0,188000000.0,0.0,188000000.0,7515000000.0,2625000000.0,4890000000.0,1940133055.0,-101000000.0,-710000000.0,-88000000.0,1307000000.0,-35000000.0,1177000000.0,-1958000000.0,0.0,682000000.0,-2000000.0,-630000000.0,-630000000.0,-630000000.0,0.0,0.0,-0.049,1179000000.0,-324000000.0,2390000000.0,-0.054,0.474,-3.08,-3.109,5677000000.0,0.0,11.41,0.15,0.15,2643000000.0,544000000.0,12937000000.0,12937000000.0,0.0,-0.056,-0.15,-0.022,-0.018,0.0,289000000.0,1.0,170037954.0,170037954.0,,76.083,11458000000.0,19000000.0,178000000.0,120000000.0,67.385,1188000000.0
2,X,MRY,2018-12-31,2018-12-31,2018-12-31,2021-08-02,-1026000000.0,10982000000.0,10408750000.0,4830000000.0,6152000000.0,1.362,23.704,-991000000.0,1000000000.0,1000000000.0,12305000000.0,1115000000.0,1.511,1.613,2381000000.0,65000000.0,2316000000.0,2381000000.0,0.0,521000000.0,0.0,0.011,0.2,1124000000.0,1645000000.0,0.116,1645000000.0,1124000000.0,812000000.0,6.31,6.25,6.31,4202000000.0,3796500000.0,4202000000.0,4391379957.0,4.0,2.67,-53000000.0,-0.299,1.0,1873000000.0,0.132,158000000.0,312000000.0,9008000000.0,8532250000.0,2092000000.0,37000000.0,0.0,37000000.0,6779000000.0,3197000000.0,3582000000.0,3233379957.0,-557000000.0,30000000.0,-40000000.0,-431000000.0,-36000000.0,-515000000.0,-963000000.0,-2000000.0,938000000.0,-17000000.0,1115000000.0,1115000000.0,1115000000.0,0.0,0.0,0.079,851000000.0,1022000000.0,2975000000.0,0.032,0.769,2.9,2.891,4865000000.0,0.0,18.24,0.228,0.228,2172000000.0,1212000000.0,14178000000.0,14178000000.0,0.0,0.107,0.294,0.132,0.079,0.0,336000000.0,1.0,177268638.0,177268638.0,,79.98,10824000000.0,445000000.0,-303000000.0,132000000.0,61.06,1633000000.0
3,X,MRY,2017-12-31,2017-12-31,2017-12-31,2021-08-02,-845000000.0,9862000000.0,9626500000.0,4755000000.0,5107000000.0,1.273,18.972,-500000000.0,1553000000.0,1553000000.0,10858000000.0,387000000.0,1.715,1.97,2703000000.0,3000000.0,2700000000.0,2703000000.0,0.0,501000000.0,0.0,0.006,0.2,669000000.0,1170000000.0,0.096,1170000000.0,669000000.0,301000000.0,2.21,2.19,2.21,3320000000.0,2713500000.0,3320000000.0,7363055188.0,11.0,6.293,326000000.0,1.863,1.0,1392000000.0,0.114,167000000.0,368000000.0,8072000000.0,8099750000.0,1738000000.0,0.0,0.0,0.0,6541000000.0,2773000000.0,3768000000.0,6158055188.0,42000000.0,116000000.0,20000000.0,-390000000.0,-35000000.0,-415000000.0,-386000000.0,-2000000.0,826000000.0,17000000.0,387000000.0,387000000.0,387000000.0,0.0,0.0,0.032,769000000.0,623000000.0,2569000000.0,0.09,1.855,15.912,15.923,4280000000.0,0.0,35.19,0.503,0.503,1859000000.0,133000000.0,12250000000.0,12250000000.0,0.0,0.04,0.143,0.083,0.055,0.0,320000000.0,1.0,174994464.0,174994464.0,,70.002,9695000000.0,56000000.0,-86000000.0,138000000.0,55.402,1982000000.0
4,X,MRY,2016-12-31,2016-12-31,2016-12-31,2021-08-02,-1497000000.0,9160000000.0,9126000000.0,4356000000.0,4804000000.0,1.124,13.186,-294000000.0,1515000000.0,1515000000.0,9608000000.0,-440000000.0,1.869,3.028,3031000000.0,50000000.0,2981000000.0,3031000000.0,0.0,507000000.0,0.0,0.006,0.2,-201000000.0,306000000.0,0.03,306000000.0,-201000000.0,-416000000.0,-2.81,-2.81,-2.81,2274000000.0,2182500000.0,2274000000.0,7327873670.0,-36.0,23.947,460000000.0,2.667,1.0,653000000.0,0.064,175000000.0,215000000.0,8170000000.0,8608250000.0,1573000000.0,0.0,0.0,0.0,6885000000.0,2331000000.0,4554000000.0,5692873670.0,763000000.0,0.0,35000000.0,-135000000.0,-31000000.0,332000000.0,-315000000.0,-21000000.0,754000000.0,-8000000.0,-440000000.0,-440000000.0,-440000000.0,0.0,0.0,-0.043,952000000.0,-299000000.0,2068000000.0,-0.071,2.503,-12.938,-11.747,3979000000.0,0.0,33.01,0.555,0.555,1776000000.0,-250000000.0,10261000000.0,10261000000.0,0.0,-0.048,-0.202,-0.023,-0.02,0.0,306000000.0,1.0,172459063.0,172459063.0,,59.498,8985000000.0,6000000.0,24000000.0,156000000.0,52.099,2025000000.0
5,X,MRY,2015-12-31,2015-12-31,2015-12-31,2021-08-02,-1169000000.0,9167000000.0,10778750000.0,3917000000.0,5250000000.0,1.074,16.654,-496000000.0,755000000.0,755000000.0,11141000000.0,-1642000000.0,1.824,2.763,3138000000.0,45000000.0,3093000000.0,3138000000.0,0.0,547000000.0,0.0,0.025,0.2,-1202000000.0,-655000000.0,-0.057,-655000000.0,-1202000000.0,-1459000000.0,-11.24,-11.24,-11.24,2436000000.0,3188500000.0,2436000000.0,3500264820.0,-3.0,-5.344,-136000000.0,-0.93,1.0,433000000.0,0.037,196000000.0,257000000.0,9206000000.0,9889750000.0,2074000000.0,0.0,0.0,0.0,6730000000.0,2148000000.0,4582000000.0,1167264820.0,-599000000.0,-25000000.0,1000000.0,-379000000.0,-29000000.0,-408000000.0,-510000000.0,-2000000.0,360000000.0,-41000000.0,-1642000000.0,-1642000000.0,-1642000000.0,0.0,0.0,-0.142,1673000000.0,-1240000000.0,1955000000.0,-0.018,0.479,-0.711,-0.71,4411000000.0,0.0,7.98,0.101,0.101,1603000000.0,190000000.0,11574000000.0,11574000000.0,0.0,-0.152,-0.515,-0.122,-0.104,0.0,415000000.0,1.0,146273787.0,146273787.0,,79.126,8971000000.0,15000000.0,183000000.0,128000000.0,61.33,1769000000.0
6,X,MRY,2014-12-31,2014-12-31,2014-12-31,2021-08-02,-1441000000.0,12013000000.0,12705250000.0,5829000000.0,6184000000.0,1.378,26.113,-451000000.0,1354000000.0,1354000000.0,15455000000.0,102000000.0,1.633,2.162,3498000000.0,378000000.0,3120000000.0,3498000000.0,0.0,627000000.0,0.0,0.007,0.2,413000000.0,1040000000.0,0.059,1040000000.0,413000000.0,170000000.0,0.71,0.69,0.71,3799000000.0,3676000000.0,3799000000.0,6157258792.0,15.0,5.92,1102000000.0,7.575,1.0,2052000000.0,0.117,204000000.0,243000000.0,10384000000.0,11293750000.0,2496000000.0,0.0,0.0,0.0,8213000000.0,3569000000.0,4644000000.0,3890258792.0,750000000.0,0.0,13000000.0,-325000000.0,-29000000.0,-341000000.0,-427000000.0,-5000000.0,1553000000.0,-35000000.0,102000000.0,102000000.0,102000000.0,0.0,0.0,0.006,1365000000.0,687000000.0,3005000000.0,0.282,1.024,38.14,37.662,4574000000.0,0.0,26.74,0.222,0.222,2881000000.0,1862000000.0,17507000000.0,17507000000.0,0.0,0.008,0.028,0.037,0.024,0.0,523000000.0,1.0,145484622.0,145484622.0,,120.336,11809000000.0,347000000.0,68000000.0,134000000.0,81.17,2260000000.0
7,X,MRY,2013-12-31,2013-12-31,2013-12-31,2021-08-02,-1752000000.0,13143000000.0,14041000000.0,6078000000.0,7065000000.0,1.241,23.329,-465000000.0,604000000.0,604000000.0,16016000000.0,-1645000000.0,1.873,2.894,3939000000.0,323000000.0,3616000000.0,3939000000.0,0.0,684000000.0,0.0,0.007,0.2,-1900000000.0,-1216000000.0,-0.07,-1216000000.0,-1900000000.0,-2232000000.0,-11.37,-11.37,-11.37,3375000000.0,3023000000.0,3375000000.0,7566672606.0,-4.0,-6.223,-60000000.0,-0.415,1.0,1408000000.0,0.081,271000000.0,332000000.0,12962000000.0,12924750000.0,2688000000.0,0.0,0.0,0.0,9767000000.0,3245000000.0,6522000000.0,4267672606.0,34000000.0,-12000000.0,0.0,33000000.0,-29000000.0,4000000.0,-384000000.0,-7000000.0,405000000.0,9000000.0,-1645000000.0,-1645000000.0,-1645000000.0,0.0,0.0,-0.094,3348000000.0,-1940000000.0,2728000000.0,-0.018,1.264,-2.594,-2.595,5922000000.0,0.0,29.5,0.245,0.245,2596000000.0,1789000000.0,17424000000.0,17424000000.0,0.0,-0.117,-0.544,-0.147,-0.109,0.0,610000000.0,1.0,144666868.0,144666868.0,,120.442,12872000000.0,777000000.0,-587000000.0,558000000.0,88.977,2833000000.0
8,X,MRY,2012-12-31,2012-12-31,2012-12-31,2021-08-02,-3268000000.0,15217000000.0,15480250000.0,5496000000.0,9721000000.0,1.249,24.099,-568000000.0,570000000.0,570000000.0,17630000000.0,-125000000.0,1.838,3.376,3953000000.0,17000000.0,3936000000.0,3953000000.0,0.0,661000000.0,0.0,0.008,0.2,248000000.0,909000000.0,0.047,909000000.0,248000000.0,7000000.0,-0.86,-0.86,-0.86,3477000000.0,3582500000.0,3477000000.0,6894106238.0,28.0,7.584,567000000.0,3.93,1.0,1698000000.0,0.088,2075000000.0,241000000.0,13535000000.0,13528250000.0,2503000000.0,0.0,0.0,0.0,11739000000.0,2990000000.0,8749000000.0,3441106238.0,162000000.0,0.0,0.0,-344000000.0,-29000000.0,-373000000.0,-602000000.0,-13000000.0,1135000000.0,2000000.0,-124000000.0,-124000000.0,-124000000.0,0.0,-1000000.0,-0.006,1595000000.0,103000000.0,2777000000.0,-0.233,0.99,-27.751,-27.733,6408000000.0,0.0,23.85,0.178,0.178,2689000000.0,3463000000.0,19328000000.0,19328000000.0,0.0,-0.008,-0.035,0.018,0.013,0.0,654000000.0,1.0,144281184.0,144281184.0,,133.961,13142000000.0,605000000.0,131000000.0,146000000.0,91.086,2506000000.0
9,X,MRY,2011-12-31,2011-12-31,2011-12-31,2021-08-02,-3367000000.0,16073000000.0,16004250000.0,5774000000.0,10299000000.0,1.242,24.306,-807000000.0,408000000.0,408000000.0,18326000000.0,-53000000.0,1.582,3.592,4252000000.0,424000000.0,3828000000.0,4252000000.0,0.0,681000000.0,0.0,0.008,0.2,265000000.0,946000000.0,0.048,946000000.0,265000000.0,27000000.0,-0.37,-0.37,-0.37,3500000000.0,3948000000.0,3500000000.0,7525182291.0,28.0,7.955,-639000000.0,-4.438,1.0,1558000000.0,0.078,2045000000.0,238000000.0,14223000000.0,13945500000.0,2775000000.0,0.0,0.0,0.0,12572000000.0,3649000000.0,8923000000.0,3810182291.0,-170000000.0,0.0,3000000.0,122000000.0,-29000000.0,477000000.0,-813000000.0,-41000000.0,168000000.0,-2000000.0,-53000000.0,-53000000.0,-53000000.0,0.0,0.0,-0.003,1378000000.0,180000000.0,3066000000.0,-0.541,1.089,-71.89,-71.514,6579000000.0,0.0,26.46,0.192,0.192,3116000000.0,3616000000.0,19884000000.0,19884000000.0,0.0,-0.003,-0.013,0.019,0.013,0.0,733000000.0,1.0,143997819.0,143997819.0,,138.085,14028000000.0,763000000.0,80000000.0,118000000.0,97.418,2125000000.0
10,X,MRY,2010-12-31,2010-12-31,2010-12-31,2021-08-02,-3068000000.0,15350000000.0,15437000000.0,5304000000.0,10046000000.0,1.125,26.815,-507000000.0,578000000.0,578000000.0,16259000000.0,-482000000.0,1.685,2.986,3763000000.0,246000000.0,3517000000.0,3763000000.0,0.0,658000000.0,0.0,0.003,0.2,-111000000.0,547000000.0,0.031,547000000.0,-111000000.0,-385000000.0,-3.36,-3.36,-3.36,3851000000.0,4343500000.0,3851000000.0,11489992506.0,-104.0,21.005,-886000000.0,-6.169,1.0,1115000000.0,0.064,2035000000.0,274000000.0,13353000000.0,13319250000.0,2352000000.0,0.0,0.0,0.0,11498000000.0,3147000000.0,8351000000.0,8389992506.0,-640000000.0,0.0,5000000.0,359000000.0,-29000000.0,335000000.0,-583000000.0,-34000000.0,-379000000.0,-13000000.0,-482000000.0,-482000000.0,-482000000.0,0.0,0.0,-0.028,1246000000.0,-131000000.0,2742000000.0,-0.06,2.179,-17.407,-17.387,6486000000.0,0.0,58.42,0.483,0.483,2693000000.0,3698000000.0,17374000000.0,17374000000.0,0.0,-0.031,-0.111,-0.008,-0.006,0.0,610000000.0,1.0,143615072.0,143615072.0,,120.976,13315000000.0,815000000.0,97000000.0,116000000.0,92.713,2157000000.0
11,X,MRY,2009-12-31,2009-12-31,2009-12-31,2021-08-02,-2728000000.0,15422000000.0,15537500000.0,5015000000.0,10407000000.0,0.711,32.619,-253000000.0,1218000000.0,1218000000.0,11597000000.0,-1406000000.0,2.027,2.233,3387000000.0,42000000.0,3345000000.0,3387000000.0,0.0,661000000.0,0.0,0.008,0.45,-1679000000.0,-1018000000.0,-0.092,-1018000000.0,-1679000000.0,-1840000000.0,-10.42,-10.42,-10.42,4676000000.0,4669250000.0,4676000000.0,9724475426.0,-6.0,-9.553,-314000000.0,-2.19,1.0,-549000000.0,-0.05,2006000000.0,161000000.0,13111000000.0,13062250000.0,1679000000.0,0.0,0.0,0.0,10443000000.0,2474000000.0,7969000000.0,7901475426.0,494000000.0,-24000000.0,667000000.0,166000000.0,-56000000.0,938000000.0,-374000000.0,-38000000.0,-61000000.0,-9000000.0,-1401000000.0,-1401000000.0,-1401000000.0,0.0,-5000000.0,-0.127,1155000000.0,-1704000000.0,2311000000.0,-0.043,1.69,-5.64,-5.29,6820000000.0,0.0,55.12,0.715,0.715,2262000000.0,4209000000.0,11048000000.0,11048000000.0,0.0,-0.09,-0.3,-0.129,-0.152,0.0,618000000.0,1.0,143350425.0,143350425.0,,77.07,13416000000.0,1048000000.0,-439000000.0,89000000.0,93.589,2541000000.0
12,X,MRY,2008-12-31,2008-12-31,2008-12-31,2021-08-02,-3269000000.0,16087000000.0,16709750000.0,5732000000.0,10355000000.0,1.422,42.105,-872000000.0,724000000.0,724000000.0,19723000000.0,2154000000.0,2.063,2.253,3156000000.0,92000000.0,3064000000.0,3156000000.0,0.0,605000000.0,0.0,0.03,1.1,3027000000.0,3632000000.0,0.153,3632000000.0,3027000000.0,2965000000.0,18.04,17.96,18.04,4895000000.0,5815250000.0,4895000000.0,6756746934.0,2.0,1.86,786000000.0,6.761,1.0,4031000000.0,0.17,1891000000.0,62000000.0,13850000000.0,13960750000.0,2492000000.0,0.0,0.0,0.0,11028000000.0,2778000000.0,8250000000.0,4324746934.0,323000000.0,-141000000.0,-222000000.0,-65000000.0,-129000000.0,-305000000.0,-1032000000.0,-21000000.0,1658000000.0,2000000.0,2112000000.0,2112000000.0,2112000000.0,0.0,42000000.0,0.089,1213000000.0,2818000000.0,2450000000.0,0.061,0.884,2.048,2.062,6676000000.0,0.0,37.2,0.182,0.182,2983000000.0,5666000000.0,23754000000.0,23754000000.0,0.0,0.126,0.363,0.217,0.127,0.0,625000000.0,1.0,116256638.0,116256638.0,,204.324,14196000000.0,843000000.0,853000000.0,203000000.0,122.109,2954000000.0
13,X,MRY,2007-12-31,2007-12-31,2007-12-31,2021-08-02,-836000000.0,15632000000.0,13192750000.0,4959000000.0,10673000000.0,1.279,46.826,-650000000.0,401000000.0,401000000.0,14633000000.0,890000000.0,1.651,1.81,3310000000.0,163000000.0,3147000000.0,3310000000.0,0.0,506000000.0,0.0,0.007,0.8,1202000000.0,1708000000.0,0.101,1708000000.0,1202000000.0,1097000000.0,7.44,7.4,7.44,5531000000.0,5124750000.0,5531000000.0,15176655965.0,13.0,8.886,1082000000.0,9.16,1.0,2240000000.0,0.133,2131000000.0,105000000.0,13407000000.0,10126750000.0,2279000000.0,0.0,0.0,0.0,10013000000.0,3003000000.0,7010000000.0,14281655965.0,-1021000000.0,-4029000000.0,-99000000.0,2103000000.0,-95000000.0,1904000000.0,-4675000000.0,-9000000.0,1732000000.0,18000000.0,879000000.0,879000000.0,879000000.0,0.0,11000000.0,0.052,1072000000.0,1168000000.0,2725000000.0,0.108,2.582,16.248,16.251,6688000000.0,0.0,120.91,0.846,0.846,2771000000.0,3683000000.0,16873000000.0,16873000000.0,0.0,0.067,0.172,0.119,0.071,0.0,589000000.0,1.0,118118071.0,118118071.0,,142.849,13501000000.0,167000000.0,218000000.0,257000000.0,114.301,1956000000.0
14,X,MRY,2006-12-31,2006-12-31,2006-12-31,2021-08-02,-1286000000.0,10586000000.0,10414250000.0,5196000000.0,5390000000.0,1.509,36.843,-586000000.0,1422000000.0,1422000000.0,12968000000.0,1374000000.0,1.923,1.416,1091000000.0,148000000.0,943000000.0,1091000000.0,0.0,441000000.0,0.0,0.008,0.6,1760000000.0,2201000000.0,0.14,2201000000.0,1760000000.0,1698000000.0,11.88,11.18,11.88,4365000000.0,4074500000.0,4365000000.0,8728207084.0,5.0,3.966,1046000000.0,8.829,1.0,2747000000.0,0.175,0.0,62000000.0,7553000000.0,7465000000.0,1604000000.0,0.0,0.0,0.0,6183000000.0,2702000000.0,3481000000.0,8665207084.0,-57000000.0,0.0,-409000000.0,-607000000.0,-77000000.0,-1106000000.0,-590000000.0,-4000000.0,1632000000.0,7000000.0,1374000000.0,1366000000.0,1366000000.0,0.0,0.0,0.087,1032000000.0,1715000000.0,2341000000.0,0.051,1.985,6.343,6.157,4429000000.0,8000000.0,73.14,0.551,0.551,2130000000.0,2902000000.0,15715000000.0,15715000000.0,0.0,0.131,0.335,0.236,0.112,0.0,604000000.0,1.0,118474256.0,118474256.0,,132.645,10586000000.0,465000000.0,324000000.0,182000000.0,89.353,2494000000.0
15,X,MRY,2005-12-31,2005-12-31,2005-12-31,2021-08-02,-1418000000.0,9822000000.0,10913500000.0,4842000000.0,4980000000.0,1.286,29.316,-710000000.0,1479000000.0,1479000000.0,11643000000.0,910000000.0,1.761,1.945,1727000000.0,364000000.0,1363000000.0,1727000000.0,0.0,366000000.0,0.0,0.008,0.38,1402000000.0,1768000000.0,0.126,1768000000.0,1402000000.0,1275000000.0,7.87,7.0,7.87,3324000000.0,4273500000.0,3324000000.0,5537353353.0,4.0,3.132,508000000.0,4.48,1.0,2396000000.0,0.171,251000000.0,127000000.0,7070000000.0,8679000000.0,1466000000.0,0.0,0.0,0.0,6466000000.0,2749000000.0,3717000000.0,5450353353.0,442000000.0,0.0,-226000000.0,258000000.0,-60000000.0,-61000000.0,-708000000.0,4000000.0,1218000000.0,-7000000.0,910000000.0,892000000.0,892000000.0,0.0,0.0,0.064,987000000.0,1409000000.0,2168000000.0,0.048,1.64,6.11,6.108,4015000000.0,18000000.0,48.07,0.388,0.388,1901000000.0,1605000000.0,14039000000.0,14039000000.0,0.0,0.082,0.209,0.162,0.1,0.0,656000000.0,1.0,113383677.0,113383677.0,,123.819,9571000000.0,486000000.0,365000000.0,186000000.0,84.413,2093000000.0
16,X,MRY,2004-12-31,2004-12-31,2004-12-31,2021-08-02,-49000000.0,11064000000.0,9143250000.0,4351000000.0,6713000000.0,1.528,35.834,-484000000.0,1037000000.0,1037000000.0,11368000000.0,1135000000.0,1.716,1.709,1449000000.0,86000000.0,1363000000.0,1449000000.0,0.0,382000000.0,0.0,0.004,0.2,1606000000.0,1988000000.0,0.142,1988000000.0,1606000000.0,1491000000.0,10.0,8.72,10.0,4074000000.0,2318500000.0,4074000000.0,6406707056.0,4.0,3.223,916000000.0,8.057,1.0,2607000000.0,0.187,38000000.0,115000000.0,8903000000.0,7152750000.0,1305000000.0,0.0,0.0,0.0,6962000000.0,2535000000.0,4427000000.0,5826707056.0,721000000.0,7000000.0,361000000.0,-498000000.0,-39000000.0,-203000000.0,-484000000.0,-13000000.0,1400000000.0,8000000.0,1135000000.0,1117000000.0,1117000000.0,0.0,0.0,0.08,1064000000.0,1543000000.0,2092000000.0,0.02,1.43,5.216,5.125,3627000000.0,18000000.0,51.25,0.417,0.417,2072000000.0,755000000.0,13975000000.0,13975000000.0,0.0,0.122,0.482,0.225,0.115,0.0,739000000.0,1.0,113691845.0,113691845.0,,122.92,11026000000.0,263000000.0,356000000.0,926000000.0,96.981,1816000000.0
17,X,MRY,2003-12-31,2003-12-31,2003-12-31,2021-08-02,-1501000000.0,7837000000.0,8684000000.0,3106000000.0,4731000000.0,1.074,10.583,-222000000.0,316000000.0,316000000.0,8458000000.0,-420000000.0,1.46,6.168,1938000000.0,48000000.0,1890000000.0,1938000000.0,0.0,363000000.0,0.0,0.006,0.2,-776000000.0,-413000000.0,-0.044,-413000000.0,-776000000.0,-872000000.0,-4.22,-3.68,-4.22,1093000000.0,1785500000.0,1093000000.0,5337773637.0,-7.0,-12.924,355000000.0,3.437,1.0,870000000.0,0.093,477000000.0,96000000.0,6855000000.0,7950500000.0,1283000000.0,0.0,0.0,0.0,6742000000.0,2127000000.0,4615000000.0,3616773637.0,73000000.0,-871000000.0,23000000.0,397000000.0,-35000000.0,627000000.0,-1130000000.0,-88000000.0,577000000.0,-1000000.0,-420000000.0,-436000000.0,-436000000.0,0.0,0.0,-0.047,1634000000.0,-764000000.0,1669000000.0,-0.047,3.309,-8.295,-8.299,3414000000.0,16000000.0,35.02,0.388,0.388,1514000000.0,-421000000.0,9328000000.0,9328000000.0,0.0,-0.05,-0.244,-0.098,-0.083,0.0,673000000.0,1.0,103277374.0,103277374.0,,90.32,7360000000.0,610000000.0,-452000000.0,366000000.0,71.264,979000000.0
18,X,MRY,2002-12-31,2002-12-31,2002-12-31,2021-08-02,-803000000.0,7977000000.0,8385250000.0,2440000000.0,5537000000.0,0.841,19.816,-191000000.0,243000000.0,243000000.0,6158000000.0,61000000.0,1.778,2.935,1434000000.0,26000000.0,1408000000.0,1434000000.0,0.0,350000000.0,0.0,0.015,0.2,128000000.0,478000000.0,0.068,478000000.0,128000000.0,13000000.0,0.62,0.75,0.62,2027000000.0,2478000000.0,2027000000.0,2672079161.0,21.0,5.59,88000000.0,0.86,1.0,896000000.0,0.127,414000000.0,115000000.0,7382000000.0,8285500000.0,1030000000.0,0.0,0.0,0.0,5950000000.0,1372000000.0,4578000000.0,1342079161.0,96000000.0,-38000000.0,227000000.0,-32000000.0,-19000000.0,122000000.0,-309000000.0,-85000000.0,279000000.0,4000000.0,61000000.0,61000000.0,61000000.0,0.0,0.0,0.009,768000000.0,128000000.0,1021000000.0,0.323,0.662,22.001,21.161,2978000000.0,0.0,13.12,0.19,0.19,1281000000.0,42000000.0,7054000000.0,7054000000.0,0.0,0.007,0.025,0.015,0.018,0.0,418000000.0,1.0,102292619.0,102292619.0,,68.959,7563000000.0,217000000.0,-48000000.0,504000000.0,73.935,1068000000.0
19,X,MRY,2001-12-31,2001-12-31,2001-12-31,2021-08-02,-49000000.0,8337000000.0,8524000000.0,2073000000.0,6264000000.0,0.748,27.96,-243000000.0,147000000.0,147000000.0,6166000000.0,-218000000.0,1.648,2.327,1466000000.0,32000000.0,1434000000.0,1466000000.0,0.0,344000000.0,0.0,0.03,0.55,-405000000.0,-61000000.0,-0.01,-61000000.0,-405000000.0,-546000000.0,-2.45,-2.45,-2.45,2506000000.0,2212500000.0,2506000000.0,,,,426000000.0,4.753,1.0,209000000.0,0.033,0.0,141000000.0,8398000000.0,9063500000.0,870000000.0,0.0,0.0,0.0,5831000000.0,1258000000.0,4573000000.0,1623183146.0,-72000000.0,-14000000.0,0.0,-370000000.0,-57000000.0,-501000000.0,-239000000.0,3000000.0,669000000.0,-1000000.0,-218000000.0,-218000000.0,-218000000.0,0.0,0.0,-0.034,614000000.0,-405000000.0,966000000.0,-0.224,0.648,-7.446,-7.392,3084000000.0,0.0,18.11,0.255,0.255,1184000000.0,0.0,6375000000.0,6375000000.0,0.0,-0.026,-0.099,-0.045,-0.064,0.0,270000000.0,1.0,89629108.0,89629108.0,,71.126,8337000000.0,216000000.0,-328000000.0,980000000.0,93.017,815000000.0
20,X,MRY,2000-12-31,2000-12-31,2000-12-31,2021-08-02,-30000000.0,8711000000.0,,2717000000.0,5994000000.0,,,-223000000.0,219000000.0,219000000.0,5684000000.0,-21000000.0,1.953,3.539,2628000000.0,209000000.0,2419000000.0,2628000000.0,0.0,360000000.0,0.0,0.056,1.0,104000000.0,464000000.0,0.076,464000000.0,104000000.0,-1000000.0,-0.24,-0.24,-0.24,1919000000.0,,1919000000.0,,,,-850000000.0,,1.0,448000000.0,0.073,0.0,105000000.0,9729000000.0,,946000000.0,439000000.0,0.0,439000000.0,6792000000.0,1391000000.0,5401000000.0,,197000000.0,-10000000.0,0.0,-6000000.0,-97000000.0,1093000000.0,-270000000.0,-47000000.0,-627000000.0,1000000.0,-21000000.0,-21000000.0,-21000000.0,0.0,0.0,-0.003,344000000.0,104000000.0,962000000.0,-4.167,,,-75.0,2739000000.0,0.0,18.0,,,1438000000.0,,6132000000.0,6132000000.0,0.0,,,,0.017,0.0,-16000000.0,1.0,,,,,8711000000.0,201000000.0,20000000.0,839000000.0,,1326000000.0
21,X,MRY,1999-12-31,1999-12-31,1999-12-31,2021-08-02,,,,,,,,-277000000.0,,,5299000000.0,44000000.0,,,,,,,,304000000.0,,0.03,1.0,143000000.0,447000000.0,0.082,447000000.0,143000000.0,69000000.0,0.49,0.49,0.49,,,,,,,-357000000.0,,1.0,171000000.0,0.031,,74000000.0,,,,,,,,,,,13000000.0,0.0,0.0,486000000.0,-97000000.0,387000000.0,-294000000.0,-32000000.0,-80000000.0,0.0,44000000.0,44000000.0,44000000.0,0.0,0.0,0.008,21000000.0,150000000.0,,2.041,,,67.347,,0.0,33.0,,,,,5470000000.0,5470000000.0,0.0,,,,0.026,0.0,-283000000.0,1.0,,,,,,,25000000.0,,,
0,X,MRQ,2021-06-30,2021-06-30,2021-06-30,2021-08-02,107000000.0,16084000000.0,,5638000000.0,10446000000.0,,21.698,-123000000.0,1329000000.0,1329000000.0,3678000000.0,1012000000.0,1.267,1.733,5767000000.0,819000000.0,4948000000.0,5767000000.0,0.0,202000000.0,0.0,0.002,0.01,1034000000.0,1236000000.0,0.246,1236000000.0,1034000000.0,975000000.0,3.75,3.53,3.75,5851000000.0,,5851000000.0,11769871920.0,9.0,5.867,869000000.0,3.223,1.0,1347000000.0,0.268,1442000000.0,59000000.0,14629000000.0,,1914000000.0,95000000.0,0.0,95000000.0,10141000000.0,4451000000.0,5690000000.0,6471871920.0,590000000.0,0.0,-1000000.0,-280000000.0,0.0,-282000000.0,-123000000.0,0.0,992000000.0,3000000.0,1012000000.0,1012000000.0,1012000000.0,0.0,0.0,0.201,348000000.0,999000000.0,3244000000.0,0.003,1.106,7.05,6.742,7567000000.0,0.0,24.0,0.476,0.476,2582000000.0,480000000.0,5025000000.0,5025000000.0,0.0,,,,,0.0,106000000.0,1.0,269661330.0,269661330.0,,18.634,14642000000.0,44000000.0,-37000000.0,254000000.0,54.298,1187000000.0
1,X,MRQ,2021-03-31,2021-03-31,2021-03-31,2021-08-02,-90000000.0,14689000000.0,,4250000000.0,10439000000.0,,17.629,-136000000.0,753000000.0,753000000.0,3080000000.0,91000000.0,1.352,2.155,6051000000.0,103000000.0,5948000000.0,6051000000.0,0.0,189000000.0,0.0,0.002,0.01,425000000.0,614000000.0,0.168,614000000.0,425000000.0,92000000.0,0.36,0.35,0.36,4627000000.0,,4627000000.0,9992888445.0,-36.0,25.171,-25000000.0,-0.095,1.0,584000000.0,0.159,1448000000.0,333000000.0,15395000000.0,,1750000000.0,122000000.0,0.0,122000000.0,9969000000.0,3144000000.0,6825000000.0,6868888445.0,-1236000000.0,-625000000.0,791000000.0,-1354000000.0,0.0,-573000000.0,-762000000.0,0.0,111000000.0,-12000000.0,91000000.0,91000000.0,91000000.0,0.0,0.0,0.025,284000000.0,300000000.0,2813000000.0,0.028,1.485,-10.057,-7.372,7773000000.0,0.0,26.17,0.645,0.645,2164000000.0,-532000000.0,3664000000.0,3664000000.0,0.0,,,,,0.0,96000000.0,1.0,262471855.0,262471855.0,,13.96,13241000000.0,14000000.0,1000000.0,222000000.0,50.447,1106000000.0
2,X,MRQ,2020-12-31,2020-12-31,2020-12-31,2021-08-02,-47000000.0,12059000000.0,,4432000000.0,7627000000.0,,17.178,30000000.0,1985000000.0,1985000000.0,2384000000.0,49000000.0,1.669,2.161,5109000000.0,251000000.0,4858000000.0,5109000000.0,0.0,162000000.0,0.0,0.002,0.01,43000000.0,205000000.0,0.08,205000000.0,43000000.0,-45000000.0,0.51,0.51,0.51,3786000000.0,,3786000000.0,7124178702.0,-7.0,-16.491,317000000.0,1.438,1.0,178000000.0,0.069,133000000.0,88000000.0,12394000000.0,,1402000000.0,130000000.0,0.0,130000000.0,8180000000.0,2656000000.0,5524000000.0,3696178702.0,331000000.0,-6000000.0,0.0,-30000000.0,-2000000.0,7000000.0,24000000.0,0.0,287000000.0,13000000.0,49000000.0,49000000.0,49000000.0,0.0,0.0,0.019,93000000.0,85000000.0,2192000000.0,0.02,0.976,-3.173,-2.833,5658000000.0,0.0,16.77,0.379,0.379,2171000000.0,-623000000.0,2562000000.0,2562000000.0,0.0,,,,,0.0,75000000.0,1.0,220404216.0,220404216.0,,11.624,11926000000.0,22000000.0,-94000000.0,165000000.0,54.11,1776000000.0
3,X,MRQ,2020-09-30,2020-09-30,2020-09-30,2021-08-02,-332000000.0,11731000000.0,,4244000000.0,7487000000.0,,15.649,-134000000.0,1696000000.0,1696000000.0,2295000000.0,-234000000.0,1.723,2.385,5124000000.0,322000000.0,4802000000.0,5124000000.0,0.0,162000000.0,0.0,0.011,0.01,-211000000.0,-49000000.0,-0.021,-49000000.0,-211000000.0,-258000000.0,-1.06,-1.06,-1.06,3449000000.0,,3449000000.0,5159741967.0,-3.0,-6.063,79000000.0,0.358,1.0,45000000.0,0.019,131000000.0,47000000.0,12565000000.0,,1398000000.0,89000000.0,0.0,89000000.0,8227000000.0,2463000000.0,5764000000.0,1617741967.0,-642000000.0,0.0,0.0,-744000000.0,-3000000.0,-732000000.0,-134000000.0,0.0,213000000.0,11000000.0,-234000000.0,-234000000.0,-234000000.0,0.0,0.0,-0.1,225000000.0,-180000000.0,1958000000.0,-0.009,0.469,-0.86,-0.692,5655000000.0,0.0,7.34,0.162,0.162,2385000000.0,-671000000.0,2340000000.0,2340000000.0,0.0,,,,,0.0,65000000.0,1.0,220400813.0,220400813.0,,10.617,11600000000.0,21000000.0,-24000000.0,115000000.0,52.631,1781000000.0
4,X,MRQ,2020-06-30,2020-06-30,2020-06-30,2021-08-02,-390000000.0,12551000000.0,,4924000000.0,7627000000.0,,21.23,-173000000.0,2300000000.0,2300000000.0,2274000000.0,-589000000.0,2.3,2.46,5842000000.0,152000000.0,5690000000.0,5842000000.0,0.0,159000000.0,0.0,0.017,0.01,-532000000.0,-373000000.0,-0.178,-373000000.0,-532000000.0,-594000000.0,-3.36,-3.36,-3.36,3617000000.0,,3617000000.0,4848113514.0,-4.0,-6.724,-393000000.0,-2.307,1.0,-183000000.0,-0.088,132000000.0,62000000.0,13820000000.0,,1634000000.0,128000000.0,0.0,128000000.0,8897000000.0,2141000000.0,6756000000.0,1230113514.0,932000000.0,-3000000.0,410000000.0,874000000.0,0.0,1323000000.0,-176000000.0,0.0,-220000000.0,5000000.0,-589000000.0,-589000000.0,-589000000.0,0.0,0.0,-0.282,310000000.0,-493000000.0,1813000000.0,-0.003,0.34,-0.71,-0.719,5646000000.0,0.0,7.22,0.115,0.115,2315000000.0,-438000000.0,2091000000.0,2091000000.0,0.0,,,,,0.0,62000000.0,1.0,170375833.0,170375833.0,,12.273,12419000000.0,19000000.0,-5000000.0,122000000.0,72.892,2783000000.0
5,X,MRQ,2020-03-31,2020-03-31,2020-03-31,2021-08-02,-454000000.0,12366000000.0,,4686000000.0,7680000000.0,,21.906,-281000000.0,1350000000.0,1350000000.0,2605000000.0,-391000000.0,1.687,2.319,4968000000.0,159000000.0,4809000000.0,4968000000.0,0.0,160000000.0,0.0,0.025,0.01,-375000000.0,-215000000.0,-0.078,-215000000.0,-375000000.0,-410000000.0,-2.3,-2.3,-2.3,3725000000.0,,3725000000.0,4201997050.0,-6.0,-50.626,-423000000.0,-2.488,1.0,143000000.0,0.052,134000000.0,35000000.0,13073000000.0,,2075000000.0,143000000.0,0.0,143000000.0,8640000000.0,2777000000.0,5863000000.0,1072997050.0,558000000.0,8000000.0,0.0,986000000.0,0.0,983000000.0,-277000000.0,0.0,-142000000.0,-6000000.0,-391000000.0,-391000000.0,-391000000.0,0.0,0.0,-0.142,541000000.0,-398000000.0,2458000000.0,-0.004,0.288,-0.998,-1.003,5653000000.0,0.0,6.31,0.088,0.088,2593000000.0,151000000.0,2748000000.0,2748000000.0,0.0,,,,,0.0,72000000.0,1.0,170047076.0,170047076.0,,16.16,12232000000.0,5000000.0,-19000000.0,124000000.0,71.933,1909000000.0
6,X,MRQ,2019-12-31,2019-12-31,2019-12-31,2021-08-02,-478000000.0,11608000000.0,,3813000000.0,7795000000.0,,24.065,-274000000.0,749000000.0,749000000.0,2781000000.0,-668000000.0,1.453,1.837,3878000000.0,74000000.0,3804000000.0,3878000000.0,0.0,162000000.0,0.0,0.018,0.05,-376000000.0,-214000000.0,-0.076,-214000000.0,-376000000.0,-447000000.0,-3.89,-3.89,-3.89,4092000000.0,,4092000000.0,4276133055.0,-19.0,11.078,12000000.0,0.071,1.0,43000000.0,0.015,150000000.0,71000000.0,11962000000.0,,1785000000.0,188000000.0,0.0,188000000.0,7515000000.0,2625000000.0,4890000000.0,1940133055.0,443000000.0,-710000000.0,0.0,1146000000.0,-9000000.0,1137000000.0,-984000000.0,0.0,286000000.0,4000000.0,-668000000.0,-668000000.0,-668000000.0,0.0,0.0,-0.237,445000000.0,-402000000.0,2390000000.0,-0.013,0.474,-3.08,-3.109,5677000000.0,0.0,11.41,0.15,0.15,2643000000.0,544000000.0,2824000000.0,2824000000.0,0.0,,,,,0.0,66000000.0,1.0,170037954.0,170037954.0,,16.608,11458000000.0,19000000.0,221000000.0,120000000.0,67.385,1188000000.0
7,X,MRQ,2019-09-30,2019-09-30,2019-09-30,2021-08-02,-975000000.0,10917000000.0,,4042000000.0,6875000000.0,,24.592,-347000000.0,476000000.0,476000000.0,2902000000.0,-84000000.0,1.418,1.6,2812000000.0,123000000.0,2689000000.0,2812000000.0,0.0,161000000.0,0.0,0.017,0.05,-80000000.0,81000000.0,0.026,81000000.0,-80000000.0,-128000000.0,-0.49,-0.49,-0.49,4199000000.0,,4199000000.0,3978085496.0,9.0,3.789,-317000000.0,-1.857,1.0,167000000.0,0.054,152000000.0,48000000.0,10251000000.0,,2071000000.0,0.0,0.0,0.0,6717000000.0,2850000000.0,3867000000.0,1972085496.0,-186000000.0,0.0,-18000000.0,162000000.0,-8000000.0,136000000.0,-347000000.0,0.0,30000000.0,-5000000.0,-84000000.0,-84000000.0,-84000000.0,0.0,0.0,-0.027,278000000.0,-111000000.0,2594000000.0,-0.102,0.47,3.13,3.244,5549000000.0,0.0,11.55,0.143,0.143,1976000000.0,1221000000.0,3069000000.0,3069000000.0,0.0,,,,,0.0,63000000.0,1.0,170743333.0,170743333.0,,17.974,10765000000.0,460000000.0,-44000000.0,115000000.0,63.048,1192000000.0
8,X,MRQ,2019-06-30,2019-06-30,2019-06-30,2021-08-02,-963000000.0,11291000000.0,,4547000000.0,6744000000.0,,25.007,-325000000.0,651000000.0,651000000.0,3227000000.0,68000000.0,1.411,1.619,2657000000.0,124000000.0,2533000000.0,2657000000.0,0.0,150000000.0,0.0,0.013,0.05,115000000.0,265000000.0,0.075,265000000.0,115000000.0,61000000.0,0.39,0.39,0.39,4311000000.0,,4311000000.0,4593315962.0,5.0,3.129,12000000.0,0.07,1.0,318000000.0,0.09,154000000.0,54000000.0,9920000000.0,,2166000000.0,0.0,0.0,0.0,6979000000.0,3223000000.0,3756000000.0,2639315962.0,-27000000.0,0.0,-28000000.0,-1000000.0,-9000000.0,-40000000.0,-325000000.0,0.0,337000000.0,1000000.0,68000000.0,68000000.0,68000000.0,0.0,0.0,0.019,231000000.0,87000000.0,2949000000.0,0.128,0.612,2.626,2.691,5470000000.0,0.0,15.31,0.182,0.182,2188000000.0,1314000000.0,3545000000.0,3545000000.0,0.0,,,,,0.0,82000000.0,1.0,172391637.0,172391637.0,,20.564,11137000000.0,433000000.0,-7000000.0,129000000.0,64.603,1324000000.0
9,X,MRQ,2019-03-31,2019-03-31,2019-03-31,2021-08-02,-996000000.0,11152000000.0,,4630000000.0,6522000000.0,,24.448,-302000000.0,676000000.0,676000000.0,3172000000.0,54000000.0,1.475,1.633,2630000000.0,119000000.0,2511000000.0,2630000000.0,0.0,143000000.0,0.0,0.01,0.05,111000000.0,254000000.0,0.073,254000000.0,111000000.0,62000000.0,0.31,0.31,0.31,4235000000.0,,4235000000.0,4757109994.0,4.0,2.911,-273000000.0,-1.576,1.0,327000000.0,0.093,156000000.0,49000000.0,9810000000.0,,2133000000.0,0.0,0.0,0.0,6916000000.0,3140000000.0,3776000000.0,3376109994.0,-331000000.0,0.0,-42000000.0,0.0,-9000000.0,-56000000.0,-302000000.0,0.0,29000000.0,-2000000.0,54000000.0,54000000.0,54000000.0,0.0,0.0,0.015,225000000.0,102000000.0,2880000000.0,0.161,0.797,2.933,2.994,5223000000.0,0.0,19.49,0.232,0.232,2264000000.0,1255000000.0,3499000000.0,3499000000.0,0.0,,,,,0.0,78000000.0,1.0,173222678.0,173222678.0,,20.199,10996000000.0,427000000.0,8000000.0,127000000.0,63.479,1490000000.0
10,X,MRQ,2018-12-31,2018-12-31,2018-12-31,2021-08-02,-1026000000.0,10982000000.0,,4830000000.0,6152000000.0,,23.704,-355000000.0,1000000000.0,1000000000.0,3204000000.0,592000000.0,1.511,1.613,2381000000.0,65000000.0,2316000000.0,2381000000.0,0.0,137000000.0,0.0,0.011,0.05,313000000.0,450000000.0,0.122,450000000.0,313000000.0,253000000.0,3.35,3.33,3.35,4202000000.0,,4202000000.0,4391379957.0,4.0,2.67,-139000000.0,-0.784,1.0,487000000.0,0.132,158000000.0,60000000.0,9008000000.0,,2092000000.0,37000000.0,0.0,37000000.0,6779000000.0,3197000000.0,3582000000.0,3233379957.0,-345000000.0,30000000.0,-40000000.0,-149000000.0,-9000000.0,-231000000.0,-326000000.0,-1000000.0,216000000.0,-4000000.0,592000000.0,592000000.0,592000000.0,0.0,0.0,0.16,219000000.0,268000000.0,2975000000.0,0.015,0.769,2.9,2.891,4865000000.0,0.0,18.24,0.228,0.228,2172000000.0,1212000000.0,3691000000.0,3691000000.0,0.0,,,,,0.0,85000000.0,1.0,177268638.0,177268638.0,,20.822,10824000000.0,445000000.0,-339000000.0,132000000.0,61.06,1633000000.0
11,X,MRQ,2018-09-30,2018-09-30,2018-09-30,2021-08-02,-771000000.0,10569000000.0,,5068000000.0,5501000000.0,,22.237,-256000000.0,1344000000.0,1344000000.0,3172000000.0,291000000.0,1.616,1.682,2502000000.0,4000000.0,2498000000.0,2502000000.0,0.0,126000000.0,0.0,0.007,0.05,373000000.0,499000000.0,0.134,499000000.0,373000000.0,314000000.0,1.64,1.62,1.64,3941000000.0,,3941000000.0,6715771548.0,7.0,4.532,173000000.0,0.976,1.0,557000000.0,0.149,160000000.0,59000000.0,8431000000.0,,1950000000.0,0.0,0.0,0.0,6627000000.0,3136000000.0,3491000000.0,5401771548.0,113000000.0,0.0,0.0,-48000000.0,-9000000.0,-57000000.0,-256000000.0,0.0,429000000.0,-3000000.0,291000000.0,291000000.0,291000000.0,0.0,0.0,0.078,201000000.0,356000000.0,2950000000.0,0.03,1.371,7.92,7.896,4643000000.0,0.0,30.48,0.397,0.397,2181000000.0,629000000.0,3729000000.0,3729000000.0,0.0,,,,,0.0,81000000.0,1.0,177223476.0,177223476.0,,21.041,10409000000.0,56000000.0,23000000.0,151000000.0,58.734,1932000000.0
12,X,MRQ,2018-06-30,2018-06-30,2018-06-30,2021-08-02,-818000000.0,10058000000.0,,4812000000.0,5246000000.0,,20.391,-172000000.0,1231000000.0,1231000000.0,3121000000.0,214000000.0,1.658,1.79,2545000000.0,4000000.0,2541000000.0,2545000000.0,0.0,130000000.0,0.0,0.006,0.05,301000000.0,431000000.0,0.119,431000000.0,301000000.0,226000000.0,1.21,1.2,1.21,3605000000.0,,3605000000.0,7623604496.0,9.0,5.601,220000000.0,1.244,1.0,488000000.0,0.135,162000000.0,75000000.0,8308000000.0,,1848000000.0,0.0,0.0,0.0,6452000000.0,2902000000.0,3550000000.0,6143604496.0,-145000000.0,0.0,0.0,-336000000.0,-9000000.0,-344000000.0,-173000000.0,-1000000.0,392000000.0,-20000000.0,214000000.0,214000000.0,214000000.0,0.0,0.0,0.059,224000000.0,264000000.0,2717000000.0,0.041,1.704,11.419,11.356,4401000000.0,0.0,34.75,0.468,0.468,2154000000.0,347000000.0,3609000000.0,3609000000.0,0.0,,,,,0.0,92000000.0,1.0,176794374.0,176794374.0,,20.414,9896000000.0,56000000.0,12000000.0,141000000.0,55.975,1910000000.0
13,X,MRQ,2018-03-31,2018-03-31,2018-03-31,2021-08-02,-775000000.0,10026000000.0,,4830000000.0,5196000000.0,,19.547,-208000000.0,1372000000.0,1372000000.0,2808000000.0,18000000.0,1.632,1.916,2852000000.0,281000000.0,2571000000.0,2852000000.0,0.0,128000000.0,0.0,0.006,0.05,137000000.0,265000000.0,0.084,265000000.0,137000000.0,19000000.0,0.1,0.1,0.1,3438000000.0,,3438000000.0,7339330019.0,8.0,5.326,-307000000.0,-1.745,1.0,341000000.0,0.108,165000000.0,118000000.0,8382000000.0,,1824000000.0,0.0,0.0,0.0,6587000000.0,2959000000.0,3628000000.0,6189330019.0,-180000000.0,0.0,0.0,102000000.0,-9000000.0,117000000.0,-208000000.0,0.0,-99000000.0,10000000.0,18000000.0,18000000.0,18000000.0,0.0,0.0,0.006,207000000.0,134000000.0,2500000000.0,0.5,1.8,10.58,10.536,4357000000.0,0.0,35.19,0.488,0.488,2057000000.0,142000000.0,3149000000.0,3149000000.0,0.0,,,,,0.0,78000000.0,1.0,175883206.0,175883206.0,,17.904,9861000000.0,56000000.0,1000000.0,137000000.0,56.066,1871000000.0
14,X,MRQ,2017-12-31,2017-12-31,2017-12-31,2021-08-02,-845000000.0,9862000000.0,,4755000000.0,5107000000.0,,18.972,-209000000.0,1553000000.0,1553000000.0,2748000000.0,159000000.0,1.715,1.97,2703000000.0,3000000.0,2700000000.0,2703000000.0,0.0,125000000.0,0.0,0.006,0.05,162000000.0,287000000.0,0.092,287000000.0,162000000.0,70000000.0,0.91,0.9,0.91,3320000000.0,,3320000000.0,7363055188.0,11.0,6.293,71000000.0,0.406,1.0,385000000.0,0.123,167000000.0,92000000.0,8072000000.0,,1738000000.0,0.0,0.0,0.0,6541000000.0,2773000000.0,3768000000.0,6158055188.0,-139000000.0,11000000.0,20000000.0,-221000000.0,-9000000.0,-224000000.0,-197000000.0,1000000.0,280000000.0,2000000.0,159000000.0,159000000.0,159000000.0,0.0,0.0,0.051,147000000.0,238000000.0,2569000000.0,0.055,1.855,15.912,15.923,4280000000.0,0.0,35.19,0.503,0.503,1859000000.0,133000000.0,3133000000.0,3133000000.0,0.0,,,,,0.0,97000000.0,1.0,174994464.0,174994464.0,,17.903,9695000000.0,56000000.0,-89000000.0,138000000.0,55.402,1982000000.0
15,X,MRQ,2017-09-30,2017-09-30,2017-09-30,2021-08-02,-1196000000.0,9878000000.0,,5001000000.0,4877000000.0,,16.048,-171000000.0,1694000000.0,1694000000.0,2828000000.0,147000000.0,1.886,2.519,2899000000.0,3000000.0,2896000000.0,2899000000.0,0.0,118000000.0,0.0,0.008,0.05,260000000.0,378000000.0,0.116,378000000.0,260000000.0,147000000.0,0.84,0.83,0.84,2807000000.0,,2807000000.0,5893231733.0,14.0,6.505,132000000.0,0.755,1.0,420000000.0,0.129,169000000.0,113000000.0,8262000000.0,,1737000000.0,0.0,0.0,0.0,7070000000.0,2652000000.0,4418000000.0,4488231733.0,171000000.0,105000000.0,0.0,-61000000.0,-8000000.0,-68000000.0,-69000000.0,-3000000.0,303000000.0,5000000.0,147000000.0,147000000.0,147000000.0,0.0,0.0,0.045,190000000.0,230000000.0,2430000000.0,0.06,1.599,36.49,36.141,4111000000.0,0.0,25.66,0.381,0.381,1997000000.0,-18000000.0,3248000000.0,3248000000.0,0.0,,,,,0.0,75000000.0,1.0,174911603.0,174911603.0,,18.569,9709000000.0,0.0,0.0,186000000.0,55.508,2349000000.0
16,X,MRQ,2017-06-30,2017-06-30,2017-06-30,2021-08-02,-1303000000.0,9580000000.0,,4723000000.0,4857000000.0,,14.623,-73000000.0,1522000000.0,1522000000.0,2723000000.0,261000000.0,1.717,2.751,2927000000.0,175000000.0,2752000000.0,2927000000.0,0.0,121000000.0,0.0,0.009,0.05,327000000.0,448000000.0,0.142,448000000.0,327000000.0,245000000.0,1.49,1.48,1.49,2554000000.0,,2554000000.0,5573971138.0,20.0,7.092,305000000.0,1.746,1.0,421000000.0,0.134,171000000.0,82000000.0,8063000000.0,,1727000000.0,0.0,0.0,0.0,7025000000.0,2751000000.0,4274000000.0,3866971138.0,196000000.0,0.0,0.0,-108000000.0,-9000000.0,-119000000.0,-72000000.0,1000000.0,378000000.0,9000000.0,261000000.0,261000000.0,261000000.0,0.0,0.0,0.083,182000000.0,239000000.0,2363000000.0,0.034,1.514,143.221,116.526,4010000000.0,0.0,22.14,0.345,0.345,1992000000.0,-165000000.0,3144000000.0,3144000000.0,0.0,,,,,0.0,67000000.0,1.0,174659943.0,174659943.0,,18.001,9409000000.0,4000000.0,-16000000.0,168000000.0,53.87,1972000000.0
17,X,MRQ,2017-03-31,2017-03-31,2017-03-31,2021-08-02,-1428000000.0,9186000000.0,,4478000000.0,4708000000.0,,12.468,-47000000.0,1326000000.0,1326000000.0,2559000000.0,-180000000.0,1.648,3.227,3033000000.0,281000000.0,2752000000.0,3033000000.0,0.0,137000000.0,0.0,0.006,0.05,-80000000.0,57000000.0,0.021,57000000.0,-80000000.0,-161000000.0,-1.03,-1.03,-1.03,2173000000.0,,2173000000.0,7408770629.0,-370.0,14.967,-182000000.0,-1.044,1.0,166000000.0,0.061,173000000.0,81000000.0,8002000000.0,,1718000000.0,0.0,0.0,0.0,7012000000.0,2718000000.0,4294000000.0,5892770629.0,-186000000.0,0.0,0.0,0.0,-9000000.0,-4000000.0,-48000000.0,-1000000.0,-135000000.0,1000000.0,-180000000.0,-180000000.0,-180000000.0,0.0,0.0,-0.066,250000000.0,-84000000.0,2231000000.0,-0.049,2.712,-21.046,-20.87,3880000000.0,0.0,33.81,0.554,0.554,1932000000.0,-425000000.0,2725000000.0,2725000000.0,0.0,,,,,0.0,81000000.0,1.0,174290761.0,174290761.0,,15.635,9013000000.0,4000000.0,19000000.0,168000000.0,51.712,1760000000.0
18,X,MRQ,2016-12-31,2016-12-31,2016-12-31,2021-08-02,-1497000000.0,9160000000.0,,4356000000.0,4804000000.0,,13.186,-32000000.0,1515000000.0,1515000000.0,2415000000.0,-105000000.0,1.869,3.028,3031000000.0,50000000.0,2981000000.0,3031000000.0,0.0,123000000.0,0.0,0.006,0.05,-100000000.0,23000000.0,0.009,23000000.0,-100000000.0,-107000000.0,-0.59,-0.59,-0.59,2274000000.0,,2274000000.0,7327873670.0,-36.0,23.947,142000000.0,0.823,1.0,235000000.0,0.089,175000000.0,7000000.0,8170000000.0,,1573000000.0,0.0,0.0,0.0,6885000000.0,2331000000.0,4554000000.0,5692873670.0,73000000.0,0.0,-451000000.0,-74000000.0,-9000000.0,-53000000.0,-33000000.0,-4000000.0,174000000.0,-15000000.0,-105000000.0,-105000000.0,-105000000.0,0.0,0.0,-0.04,342000000.0,-107000000.0,2068000000.0,-0.085,2.503,-12.938,-11.747,3979000000.0,0.0,33.01,0.555,0.555,1776000000.0,-250000000.0,2650000000.0,2650000000.0,0.0,,,,,0.0,100000000.0,1.0,172459063.0,172459063.0,,15.366,8985000000.0,6000000.0,-2000000.0,156000000.0,52.099,2025000000.0
19,X,MRQ,2016-09-30,2016-09-30,2016-09-30,2021-08-02,-1245000000.0,9467000000.0,,4411000000.0,5056000000.0,,17.726,-46000000.0,1445000000.0,1445000000.0,2360000000.0,51000000.0,1.84,2.639,3080000000.0,92000000.0,2988000000.0,3080000000.0,0.0,126000000.0,0.0,0.011,0.05,132000000.0,258000000.0,0.096,258000000.0,132000000.0,70000000.0,0.32,0.32,0.32,2601000000.0,,2601000000.0,5087339757.0,-9.0,-124.081,221000000.0,1.506,1.0,326000000.0,0.121,177000000.0,62000000.0,8528000000.0,,1742000000.0,0.0,0.0,0.0,6865000000.0,2397000000.0,4468000000.0,2767339757.0,625000000.0,0.0,486000000.0,-57000000.0,-7000000.0,404000000.0,-48000000.0,-2000000.0,267000000.0,2000000.0,51000000.0,51000000.0,51000000.0,0.0,0.0,0.019,212000000.0,114000000.0,2119000000.0,0.156,1.064,-1.885,-1.873,4218000000.0,0.0,18.86,0.272,0.272,1734000000.0,-145000000.0,2686000000.0,2686000000.0,0.0,,,,,0.0,73000000.0,1.0,146730634.0,146730634.0,,18.306,9290000000.0,6000000.0,19000000.0,136000000.0,63.313,2014000000.0
20,X,MRQ,2016-06-30,2016-06-30,2016-06-30,2021-08-02,-1299000000.0,8941000000.0,,3777000000.0,5164000000.0,,13.065,-68000000.0,820000000.0,820000000.0,2397000000.0,-46000000.0,1.626,3.673,3140000000.0,82000000.0,3058000000.0,3140000000.0,0.0,129000000.0,0.0,0.012,0.05,28000000.0,157000000.0,0.061,157000000.0,28000000.0,-53000000.0,-0.32,-0.32,-0.32,1913000000.0,,1913000000.0,4910707746.0,-6.0,-14.747,132000000.0,0.901,1.0,187000000.0,0.072,193000000.0,81000000.0,8745000000.0,,1675000000.0,0.0,0.0,0.0,7027000000.0,2323000000.0,4704000000.0,2468707746.0,115000000.0,0.0,0.0,13000000.0,-8000000.0,5000000.0,-82000000.0,-14000000.0,200000000.0,-8000000.0,-46000000.0,-46000000.0,-46000000.0,0.0,0.0,-0.018,187000000.0,0.0,2086000000.0,-0.156,1.29,-1.459,-1.457,4306000000.0,0.0,16.86,0.239,0.239,1784000000.0,-197000000.0,2584000000.0,2584000000.0,0.0,,,,,0.0,64000000.0,1.0,146423947.0,146423947.0,,17.647,8748000000.0,14000000.0,-7000000.0,137000000.0,59.744,1454000000.0
21,X,MRQ,2016-03-31,2016-03-31,2016-03-31,2021-08-02,-1321000000.0,8936000000.0,,3683000000.0,5253000000.0,,13.275,-148000000.0,705000000.0,705000000.0,2436000000.0,-340000000.0,1.679,3.601,3147000000.0,71000000.0,3076000000.0,3147000000.0,0.0,129000000.0,0.0,0.012,0.05,-261000000.0,-132000000.0,-0.056,-132000000.0,-261000000.0,-326000000.0,-2.32,-2.32,-2.32,1942000000.0,,1942000000.0,4753872549.0,-4.0,-6.39,-35000000.0,-0.239,1.0,-95000000.0,-0.041,195000000.0,65000000.0,8990000000.0,,1801000000.0,0.0,0.0,0.0,6993000000.0,2193000000.0,4800000000.0,2347872549.0,-50000000.0,0.0,0.0,-17000000.0,-7000000.0,-24000000.0,-152000000.0,-1000000.0,113000000.0,13000000.0,-340000000.0,-340000000.0,-340000000.0,0.0,0.0,-0.145,211000000.0,-306000000.0,1951000000.0,-0.022,1.209,-1.231,-1.231,4395000000.0,0.0,16.05,0.221,0.221,1679000000.0,-157000000.0,2341000000.0,2341000000.0,0.0,,,,,0.0,69000000.0,1.0,146284894.0,146284894.0,,16.003,8741000000.0,7000000.0,14000000.0,133000000.0,59.753,1490000000.0
22,X,MRQ,2015-12-31,2015-12-31,2015-12-31,2021-08-02,-1169000000.0,9167000000.0,,3917000000.0,5250000000.0,,16.654,-144000000.0,755000000.0,755000000.0,2629000000.0,-1133000000.0,1.824,2.763,3138000000.0,45000000.0,3093000000.0,3138000000.0,0.0,129000000.0,0.0,0.025,0.05,-453000000.0,-324000000.0,-0.126,-324000000.0,-453000000.0,-540000000.0,-7.75,-7.75,-7.75,2436000000.0,,2436000000.0,3500264820.0,-3.0,-5.344,-37000000.0,-0.253,1.0,-57000000.0,-0.022,196000000.0,87000000.0,9206000000.0,,2074000000.0,0.0,0.0,0.0,6730000000.0,2148000000.0,4582000000.0,1167264820.0,-410000000.0,0.0,0.0,-361000000.0,-7000000.0,-369000000.0,-139000000.0,0.0,107000000.0,-9000000.0,-1133000000.0,-1133000000.0,-1133000000.0,0.0,0.0,-0.441,676000000.0,-733000000.0,1955000000.0,-0.006,0.479,-0.711,-0.71,4411000000.0,0.0,7.98,0.101,0.101,1603000000.0,190000000.0,2572000000.0,2572000000.0,0.0,,,,,0.0,107000000.0,1.0,146273787.0,146273787.0,,17.583,8971000000.0,15000000.0,593000000.0,128000000.0,61.33,1769000000.0
23,X,MRQ,2015-09-30,2015-09-30,2015-09-30,2021-08-02,-1568000000.0,11191000000.0,,5385000000.0,5806000000.0,,21.682,-141000000.0,1165000000.0,1165000000.0,2654000000.0,-173000000.0,1.616,2.529,3498000000.0,371000000.0,3127000000.0,3498000000.0,0.0,136000000.0,0.0,0.019,0.05,-170000000.0,-34000000.0,-0.012,-34000000.0,-170000000.0,-223000000.0,-1.18,-1.18,-1.18,3171000000.0,,3171000000.0,3811919196.0,-11.0,18.686,-39000000.0,-0.267,1.0,176000000.0,0.062,198000000.0,53000000.0,9993000000.0,,2435000000.0,0.0,0.0,0.0,8019000000.0,3333000000.0,4686000000.0,1523919196.0,-45000000.0,0.0,0.0,0.0,-7000000.0,-7000000.0,-140000000.0,0.0,102000000.0,0.0,-173000000.0,-173000000.0,-173000000.0,0.0,0.0,-0.061,336000000.0,-160000000.0,2800000000.0,-0.042,0.481,-6.512,-6.553,4415000000.0,0.0,10.42,0.117,0.117,1992000000.0,1331000000.0,2830000000.0,2830000000.0,0.0,,,,,0.0,99000000.0,1.0,146249443.0,146249443.0,,19.351,10993000000.0,833000000.0,-50000000.0,99000000.0,75.166,2052000000.0
24,X,MRQ,2015-06-30,2015-06-30,2015-06-30,2021-08-02,-1432000000.0,11213000000.0,,5436000000.0,5777000000.0,,23.888,-102000000.0,1210000000.0,1210000000.0,2792000000.0,-261000000.0,1.677,2.222,3498000000.0,374000000.0,3124000000.0,3498000000.0,0.0,138000000.0,0.0,0.01,0.05,-392000000.0,-254000000.0,-0.088,-254000000.0,-392000000.0,-447000000.0,-1.79,-1.79,-1.79,3480000000.0,,3480000000.0,5271905826.0,-16.0,20.674,-24000000.0,-0.165,1.0,108000000.0,0.037,200000000.0,55000000.0,10059000000.0,,2330000000.0,0.0,0.0,0.0,7732000000.0,3242000000.0,4490000000.0,3003905826.0,-56000000.0,-25000000.0,1000000.0,-18000000.0,-8000000.0,-25000000.0,-123000000.0,-1000000.0,78000000.0,14000000.0,-261000000.0,-261000000.0,-261000000.0,0.0,0.0,-0.09,262000000.0,-154000000.0,2690000000.0,-0.028,0.863,-11.209,-11.268,4431000000.0,0.0,20.62,0.203,0.203,2169000000.0,1510000000.0,2900000000.0,2900000000.0,0.0,,,,,0.0,107000000.0,1.0,145679235.0,145679235.0,,19.907,11013000000.0,718000000.0,-186000000.0,142000000.0,75.598,2194000000.0
25,X,MRQ,2015-03-31,2015-03-31,2015-03-31,2021-08-02,-1501000000.0,11544000000.0,,5742000000.0,5802000000.0,,25.175,-109000000.0,1266000000.0,1266000000.0,3066000000.0,-75000000.0,1.735,2.148,3534000000.0,410000000.0,3124000000.0,3534000000.0,0.0,144000000.0,0.0,0.008,0.05,-187000000.0,-43000000.0,-0.013,-43000000.0,-187000000.0,-249000000.0,-0.52,-0.52,-0.52,3667000000.0,,3667000000.0,5698123374.0,55.0,8.037,-36000000.0,-0.247,1.0,206000000.0,0.063,202000000.0,62000000.0,10301000000.0,,2418000000.0,0.0,0.0,0.0,7876000000.0,3309000000.0,4567000000.0,3554123374.0,-88000000.0,0.0,0.0,0.0,-7000000.0,-7000000.0,-108000000.0,-1000000.0,73000000.0,-46000000.0,-75000000.0,-75000000.0,-75000000.0,0.0,0.0,-0.023,399000000.0,-193000000.0,2693000000.0,-0.096,0.969,-142.165,-152.5,4354000000.0,0.0,24.4,0.218,0.218,2562000000.0,1779000000.0,3272000000.0,3272000000.0,0.0,,,,,0.0,102000000.0,1.0,145660794.0,145660794.0,,22.463,11342000000.0,578000000.0,-174000000.0,140000000.0,77.866,2433000000.0
26,X,MRQ,2014-12-31,2014-12-31,2014-12-31,2021-08-02,-1441000000.0,12013000000.0,,5829000000.0,6184000000.0,,26.113,-197000000.0,1354000000.0,1354000000.0,3472000000.0,275000000.0,1.633,2.162,3498000000.0,378000000.0,3120000000.0,3498000000.0,0.0,138000000.0,0.0,0.007,0.05,397000000.0,535000000.0,0.131,535000000.0,397000000.0,347000000.0,1.9,1.88,1.9,3799000000.0,,3799000000.0,6157258792.0,15.0,5.92,109000000.0,0.749,1.0,600000000.0,0.147,204000000.0,50000000.0,10384000000.0,,2496000000.0,0.0,0.0,0.0,8213000000.0,3569000000.0,4644000000.0,3890258792.0,97000000.0,0.0,3000000.0,-2000000.0,-7000000.0,-6000000.0,-193000000.0,-2000000.0,306000000.0,-10000000.0,275000000.0,275000000.0,275000000.0,0.0,0.0,0.068,239000000.0,361000000.0,3005000000.0,0.026,1.024,38.14,37.662,4574000000.0,0.0,26.74,0.222,0.222,2881000000.0,1862000000.0,4072000000.0,4072000000.0,0.0,,,,,0.0,117000000.0,1.0,145484622.0,145484622.0,,27.989,11809000000.0,347000000.0,72000000.0,134000000.0,81.17,2260000000.0
27,X,MRQ,2014-09-30,2014-09-30,2014-09-30,2021-08-02,-1016000000.0,12008000000.0,,6101000000.0,5907000000.0,,27.163,-94000000.0,1257000000.0,1257000000.0,3848000000.0,-207000000.0,1.719,2.046,3524000000.0,362000000.0,3162000000.0,3524000000.0,0.0,158000000.0,0.0,0.005,0.05,-141000000.0,17000000.0,0.004,17000000.0,-141000000.0,-201000000.0,-1.42,-1.42,-1.42,3942000000.0,,3942000000.0,7882492352.0,-37.0,17.674,-200000000.0,-1.378,1.0,739000000.0,0.161,205000000.0,60000000.0,10520000000.0,,2199000000.0,0.0,0.0,0.0,8065000000.0,3550000000.0,4515000000.0,5684492352.0,-214000000.0,0.0,9000000.0,-1000000.0,-7000000.0,1000000.0,-87000000.0,-1000000.0,-106000000.0,-22000000.0,-207000000.0,-207000000.0,-207000000.0,0.0,0.0,-0.045,517000000.0,222000000.0,2997000000.0,-0.035,1.442,45.843,44.011,4570000000.0,0.0,39.17,0.321,0.321,3044000000.0,1594000000.0,4587000000.0,4587000000.0,0.0,,,,,0.0,125000000.0,1.0,145123624.0,145123624.0,,31.608,11803000000.0,562000000.0,6000000.0,529000000.0,81.331,2551000000.0
28,X,MRQ,2014-06-30,2014-06-30,2014-06-30,2021-08-02,-1644000000.0,13406000000.0,,6527000000.0,6879000000.0,,24.278,-89000000.0,1471000000.0,1471000000.0,4097000000.0,-18000000.0,1.854,2.816,3669000000.0,64000000.0,3605000000.0,3669000000.0,0.0,165000000.0,0.0,0.008,0.05,35000000.0,200000000.0,0.045,200000000.0,35000000.0,-29000000.0,-0.12,-0.12,-0.12,3513000000.0,,3513000000.0,6633033804.0,-4.0,-6.03,694000000.0,4.796,1.0,303000000.0,0.069,266000000.0,64000000.0,11817000000.0,,2337000000.0,0.0,0.0,0.0,9892000000.0,3521000000.0,6371000000.0,3768033804.0,372000000.0,0.0,1000000.0,-322000000.0,-8000000.0,-329000000.0,-81000000.0,-1000000.0,783000000.0,-1000000.0,-18000000.0,-18000000.0,-18000000.0,0.0,0.0,-0.004,325000000.0,-22000000.0,3292000000.0,-0.417,1.073,-2.581,-2.586,5736000000.0,0.0,26.04,0.218,0.218,2693000000.0,1808000000.0,4400000000.0,4400000000.0,0.0,,,,,0.0,143000000.0,1.0,144701759.0,144701759.0,,30.407,13140000000.0,610000000.0,-11000000.0,619000000.0,90.807,3006000000.0
29,X,MRQ,2014-03-31,2014-03-31,2014-03-31,2021-08-02,-1704000000.0,13394000000.0,,6480000000.0,6914000000.0,,23.844,-71000000.0,1099000000.0,1099000000.0,4038000000.0,52000000.0,1.831,2.882,3964000000.0,349000000.0,3615000000.0,3964000000.0,0.0,166000000.0,0.0,0.007,0.05,122000000.0,288000000.0,0.065,288000000.0,122000000.0,53000000.0,0.36,0.34,0.36,3450000000.0,,3450000000.0,7329822648.0,-4.0,-6.447,499000000.0,3.449,1.0,410000000.0,0.092,266000000.0,69000000.0,12454000000.0,,2411000000.0,0.0,0.0,0.0,9943000000.0,3539000000.0,6404000000.0,3994822648.0,495000000.0,0.0,0.0,0.0,-7000000.0,-7000000.0,-66000000.0,-1000000.0,570000000.0,-2000000.0,52000000.0,52000000.0,52000000.0,0.0,0.0,0.012,284000000.0,126000000.0,2977000000.0,0.139,1.158,-2.628,-2.632,5791000000.0,0.0,27.61,0.231,0.231,2807000000.0,1807000000.0,4448000000.0,4448000000.0,0.0,,,,,0.0,138000000.0,1.0,144687528.0,144687528.0,,30.742,13128000000.0,703000000.0,1000000.0,538000000.0,90.733,2941000000.0
30,X,MRQ,2013-12-31,2013-12-31,2013-12-31,2021-08-02,-1752000000.0,13143000000.0,,6078000000.0,7065000000.0,,23.329,-137000000.0,604000000.0,604000000.0,3911000000.0,297000000.0,1.873,2.894,3939000000.0,323000000.0,3616000000.0,3939000000.0,0.0,170000000.0,0.0,0.007,0.05,-229000000.0,-59000000.0,-0.014,-59000000.0,-229000000.0,-304000000.0,2.07,2.07,2.07,3375000000.0,,3375000000.0,7566672606.0,-4.0,-6.223,-153000000.0,-1.058,1.0,358000000.0,0.084,271000000.0,75000000.0,12962000000.0,,2688000000.0,0.0,0.0,0.0,9767000000.0,3245000000.0,6522000000.0,4267672606.0,-93000000.0,-12000000.0,0.0,0.0,-7000000.0,-7000000.0,-75000000.0,1000000.0,-16000000.0,5000000.0,297000000.0,297000000.0,297000000.0,0.0,0.0,0.07,596000000.0,-238000000.0,2728000000.0,0.024,1.264,-2.594,-2.595,5922000000.0,0.0,29.5,0.245,0.245,2596000000.0,1789000000.0,4269000000.0,4269000000.0,0.0,,,,,0.0,161000000.0,1.0,144666868.0,144666868.0,,29.509,12872000000.0,777000000.0,-601000000.0,558000000.0,88.977,2833000000.0
31,X,MRQ,2013-09-30,2013-09-30,2013-09-30,2021-08-02,-3058000000.0,13006000000.0,,5354000000.0,7652000000.0,,12.263,-108000000.0,697000000.0,697000000.0,3749000000.0,-1791000000.0,1.629,6.331,3996000000.0,378000000.0,3618000000.0,3996000000.0,0.0,173000000.0,0.0,0.01,0.05,-1702000000.0,-1529000000.0,-0.37,-1529000000.0,-1702000000.0,-1787000000.0,-12.38,-12.38,-12.38,1774000000.0,,1774000000.0,6191495784.0,-4.0,-6.318,-71000000.0,-0.491,1.0,382000000.0,0.092,280000000.0,85000000.0,12739000000.0,,2480000000.0,0.0,0.0,0.0,11231000000.0,3286000000.0,7945000000.0,2978495784.0,-70000000.0,0.0,0.0,-1000000.0,-8000000.0,-9000000.0,-105000000.0,-2000000.0,37000000.0,7000000.0,-1791000000.0,-1791000000.0,-1791000000.0,0.0,0.0,-0.434,2110000000.0,-1728000000.0,2688000000.0,-0.004,1.679,-1.495,-1.494,6167000000.0,0.0,20.59,0.169,0.169,2564000000.0,1497000000.0,4131000000.0,4131000000.0,0.0,,,,,0.0,153000000.0,1.0,144657396.0,144657396.0,,28.557,12726000000.0,473000000.0,4000000.0,140000000.0,87.973,2068000000.0
32,X,MRQ,2013-06-30,2013-06-30,2013-06-30,2021-08-02,-3148000000.0,14864000000.0,,5416000000.0,9448000000.0,,24.07,-104000000.0,767000000.0,767000000.0,4114000000.0,-78000000.0,1.657,3.28,3980000000.0,369000000.0,3611000000.0,3980000000.0,0.0,170000000.0,0.0,0.011,0.05,-7000000.0,163000000.0,0.037,163000000.0,-7000000.0,-75000000.0,-0.54,-0.54,-0.54,3473000000.0,,3473000000.0,5778308617.0,58.0,7.466,47000000.0,0.326,1.0,315000000.0,0.071,2067000000.0,68000000.0,12742000000.0,,2269000000.0,0.0,0.0,0.0,11390000000.0,3268000000.0,8122000000.0,2529308617.0,34000000.0,0.0,0.0,-2000000.0,-7000000.0,-9000000.0,-112000000.0,-3000000.0,151000000.0,4000000.0,-78000000.0,-78000000.0,-78000000.0,0.0,0.0,-0.018,319000000.0,-4000000.0,2693000000.0,-0.093,0.728,-16.11,-15.936,6156000000.0,0.0,17.53,0.139,0.139,2763000000.0,3296000000.0,4429000000.0,4429000000.0,0.0,,,,,0.0,151000000.0,1.0,144284576.0,144284576.0,,30.696,12797000000.0,473000000.0,3000000.0,151000000.0,88.693,2148000000.0
33,X,MRQ,2013-03-31,2013-03-31,2013-03-31,2021-08-02,-3236000000.0,15151000000.0,,5554000000.0,9597000000.0,,24.05,-116000000.0,733000000.0,733000000.0,4242000000.0,-73000000.0,1.799,3.366,3982000000.0,50000000.0,3932000000.0,3982000000.0,0.0,171000000.0,0.0,0.01,0.05,38000000.0,209000000.0,0.045,209000000.0,38000000.0,-66000000.0,-0.51,-0.51,-0.51,3470000000.0,,3470000000.0,6196505981.0,17.0,6.028,117000000.0,0.811,1.0,353000000.0,0.077,2057000000.0,104000000.0,13256000000.0,,2316000000.0,0.0,0.0,0.0,11680000000.0,3087000000.0,8593000000.0,2813505981.0,163000000.0,0.0,0.0,36000000.0,-7000000.0,29000000.0,-92000000.0,-3000000.0,233000000.0,-7000000.0,-73000000.0,-73000000.0,-73000000.0,0.0,0.0,-0.016,323000000.0,30000000.0,2826000000.0,-0.098,0.811,127.887,139.286,6246000000.0,0.0,19.5,0.15,0.15,2898000000.0,3382000000.0,4595000000.0,4595000000.0,0.0,,,,,0.0,145000000.0,1.0,144282358.0,144282358.0,,31.847,13094000000.0,535000000.0,7000000.0,147000000.0,90.753,2467000000.0
34,X,MRQ,2012-12-31,2012-12-31,2012-12-31,2021-08-02,-3268000000.0,15217000000.0,,5496000000.0,9721000000.0,,24.099,-173000000.0,570000000.0,570000000.0,4194000000.0,-51000000.0,1.838,3.376,3953000000.0,17000000.0,3936000000.0,3953000000.0,0.0,171000000.0,0.0,0.008,0.05,6000000.0,177000000.0,0.039,177000000.0,6000000.0,-58000000.0,-0.35,-0.35,-0.35,3477000000.0,,3477000000.0,6894106238.0,28.0,7.584,4000000.0,0.028,1.0,293000000.0,0.065,2075000000.0,64000000.0,13535000000.0,,2503000000.0,0.0,0.0,0.0,11739000000.0,2990000000.0,8749000000.0,3441106238.0,34000000.0,0.0,0.0,-380000000.0,-7000000.0,-7000000.0,-136000000.0,-9000000.0,177000000.0,0.0,-50000000.0,-50000000.0,-50000000.0,0.0,-1000000.0,-0.011,316000000.0,-23000000.0,2777000000.0,-0.143,0.99,-27.751,-27.733,6408000000.0,0.0,23.85,0.178,0.178,2689000000.0,3463000000.0,4487000000.0,4487000000.0,0.0,,,,,0.0,164000000.0,1.0,144281184.0,144281184.0,,31.099,13142000000.0,605000000.0,-8000000.0,146000000.0,91.086,2506000000.0
35,X,MRQ,2012-09-30,2012-09-30,2012-09-30,2021-08-02,-2931000000.0,15496000000.0,,5646000000.0,9850000000.0,,26.761,-131000000.0,536000000.0,536000000.0,4318000000.0,44000000.0,1.728,3.013,3989000000.0,50000000.0,3939000000.0,3989000000.0,0.0,163000000.0,0.0,0.01,0.05,62000000.0,225000000.0,0.048,225000000.0,62000000.0,17000000.0,0.3,0.28,0.3,3861000000.0,,3861000000.0,6048388802.0,61.0,7.979,-34000000.0,-0.236,1.0,334000000.0,0.072,2071000000.0,45000000.0,13611000000.0,,2525000000.0,0.0,0.0,0.0,11633000000.0,3267000000.0,8366000000.0,2751388802.0,-29000000.0,0.0,0.0,89000000.0,-8000000.0,81000000.0,-211000000.0,-3000000.0,97000000.0,4000000.0,44000000.0,44000000.0,44000000.0,0.0,0.0,0.009,320000000.0,14000000.0,2996000000.0,0.167,0.713,-9.654,-9.583,6390000000.0,0.0,19.07,0.14,0.14,3057000000.0,3520000000.0,4652000000.0,4652000000.0,0.0,,,,,0.0,159000000.0,1.0,144278385.0,144278385.0,,32.243,13425000000.0,482000000.0,-27000000.0,149000000.0,93.049,2379000000.0
36,X,MRQ,2012-06-30,2012-06-30,2012-06-30,2021-08-02,-3215000000.0,15404000000.0,,5625000000.0,9779000000.0,,24.527,-206000000.0,565000000.0,565000000.0,4485000000.0,101000000.0,1.699,3.361,3862000000.0,61000000.0,3801000000.0,3862000000.0,0.0,164000000.0,0.0,0.01,0.05,253000000.0,417000000.0,0.083,417000000.0,253000000.0,171000000.0,0.7,0.62,0.7,3532000000.0,,3532000000.0,6488534600.0,27.0,7.178,229000000.0,1.59,1.0,532000000.0,0.106,2038000000.0,82000000.0,13353000000.0,,2412000000.0,0.0,0.0,0.0,11871000000.0,3310000000.0,8561000000.0,2966534600.0,-87000000.0,0.0,0.0,-311000000.0,-7000000.0,-318000000.0,-199000000.0,1000000.0,435000000.0,-5000000.0,101000000.0,101000000.0,101000000.0,0.0,0.0,0.02,323000000.0,209000000.0,3049000000.0,0.071,0.84,-9.663,-9.626,6316000000.0,0.0,20.6,0.148,0.148,3112000000.0,3484000000.0,5017000000.0,5017000000.0,0.0,,,,,0.0,165000000.0,1.0,144006534.0,144006534.0,,34.839,13366000000.0,588000000.0,70000000.0,152000000.0,92.815,2315000000.0
37,X,MRQ,2012-03-31,2012-03-31,2012-03-31,2021-08-02,-3190000000.0,15804000000.0,,5791000000.0,10013000000.0,,22.925,-58000000.0,652000000.0,652000000.0,4626000000.0,-219000000.0,1.586,3.567,4174000000.0,372000000.0,3802000000.0,4174000000.0,0.0,163000000.0,0.0,0.007,0.05,-73000000.0,90000000.0,0.017,90000000.0,-73000000.0,-123000000.0,-1.52,-1.52,-1.52,3460000000.0,,3460000000.0,8276694006.0,29.0,8.64,368000000.0,2.438,1.0,546000000.0,0.106,2060000000.0,50000000.0,13614000000.0,,2437000000.0,0.0,0.0,0.0,12343000000.0,3652000000.0,8691000000.0,4432694006.0,244000000.0,0.0,0.0,258000000.0,-7000000.0,-129000000.0,-56000000.0,-2000000.0,426000000.0,3000000.0,-219000000.0,-219000000.0,-219000000.0,0.0,0.0,-0.042,643000000.0,-97000000.0,3007000000.0,-0.033,1.281,-23.832,-22.592,6401000000.0,0.0,29.37,0.22,0.22,3186000000.0,3390000000.0,5172000000.0,5172000000.0,0.0,,,,,0.0,173000000.0,1.0,150925911.0,150925911.0,,34.268,13744000000.0,687000000.0,96000000.0,195000000.0,91.065,2139000000.0
38,X,MRQ,2011-12-31,2011-12-31,2011-12-31,2021-08-02,-3367000000.0,16073000000.0,,5774000000.0,10299000000.0,,24.306,-197000000.0,408000000.0,408000000.0,4647000000.0,-211000000.0,1.582,3.592,4252000000.0,424000000.0,3828000000.0,4252000000.0,0.0,169000000.0,0.0,0.008,0.05,-143000000.0,26000000.0,0.005,26000000.0,-143000000.0,-245000000.0,-1.47,-1.39,-1.47,3500000000.0,,3500000000.0,7525182291.0,28.0,7.955,-137000000.0,-0.951,1.0,172000000.0,0.036,2045000000.0,102000000.0,14223000000.0,,2775000000.0,0.0,0.0,0.0,12572000000.0,3649000000.0,8923000000.0,3810182291.0,138000000.0,0.0,-1000000.0,-13000000.0,-7000000.0,284000000.0,-202000000.0,-19000000.0,60000000.0,-4000000.0,-211000000.0,-211000000.0,-211000000.0,0.0,0.0,-0.044,334000000.0,-162000000.0,3066000000.0,-0.034,1.089,-71.89,-71.514,6579000000.0,0.0,26.46,0.192,0.192,3116000000.0,3616000000.0,4819000000.0,4819000000.0,0.0,,,,,0.0,183000000.0,1.0,143997819.0,143997819.0,,33.466,14028000000.0,763000000.0,-34000000.0,118000000.0,97.418,2125000000.0
39,X,MRQ,2011-09-30,2011-09-30,2011-09-30,2021-08-02,-2909000000.0,15931000000.0,,5934000000.0,9997000000.0,,28.952,-225000000.0,270000000.0,270000000.0,4560000000.0,22000000.0,1.598,2.821,3985000000.0,344000000.0,3641000000.0,3985000000.0,0.0,172000000.0,0.0,0.009,0.05,199000000.0,371000000.0,0.073,371000000.0,199000000.0,55000000.0,0.15,0.15,0.15,4169000000.0,,4169000000.0,6711360280.0,23.0,6.891,-155000000.0,-1.076,1.0,521000000.0,0.103,2013000000.0,144000000.0,13920000000.0,,2843000000.0,0.0,0.0,0.0,11761000000.0,3713000000.0,8048000000.0,3169360280.0,-123000000.0,0.0,0.0,-24000000.0,-8000000.0,44000000.0,-232000000.0,-6000000.0,70000000.0,-5000000.0,22000000.0,22000000.0,22000000.0,0.0,0.0,0.004,349000000.0,172000000.0,3166000000.0,0.333,0.76,-34.828,-33.862,6588000000.0,0.0,22.01,0.164,0.164,3287000000.0,3834000000.0,5081000000.0,5081000000.0,0.0,,,,,0.0,181000000.0,1.0,143996378.0,143996378.0,,35.286,13918000000.0,539000000.0,33000000.0,128000000.0,96.655,2221000000.0
40,X,MRQ,2011-06-30,2011-06-30,2011-06-30,2021-08-02,-2840000000.0,16245000000.0,,6021000000.0,10224000000.0,,29.318,-217000000.0,393000000.0,393000000.0,4498000000.0,222000000.0,1.673,2.854,3935000000.0,251000000.0,3684000000.0,3935000000.0,0.0,171000000.0,0.0,0.004,0.05,300000000.0,471000000.0,0.092,471000000.0,300000000.0,287000000.0,1.54,1.33,1.54,4215000000.0,,4215000000.0,9952078720.0,-231.0,15.847,-196000000.0,-1.363,1.0,622000000.0,0.121,2066000000.0,13000000.0,14122000000.0,,2698000000.0,0.0,0.0,0.0,12029000000.0,3599000000.0,8430000000.0,6619078720.0,-28000000.0,0.0,0.0,163000000.0,-7000000.0,156000000.0,-207000000.0,-10000000.0,21000000.0,2000000.0,222000000.0,222000000.0,222000000.0,0.0,0.0,0.043,353000000.0,269000000.0,3154000000.0,0.032,1.57,-40.36,-40.035,6736000000.0,0.0,46.04,0.352,0.352,3382000000.0,3819000000.0,5120000000.0,5120000000.0,0.0,,,,,0.0,189000000.0,1.0,143768000.0,143768000.0,,35.613,14179000000.0,579000000.0,65000000.0,151000000.0,98.624,2422000000.0
41,X,MRQ,2011-03-31,2011-03-31,2011-03-31,2021-08-02,-2929000000.0,15768000000.0,,5537000000.0,10231000000.0,,27.184,-168000000.0,421000000.0,421000000.0,4621000000.0,-86000000.0,1.572,3.035,3754000000.0,236000000.0,3518000000.0,3754000000.0,0.0,169000000.0,0.0,0.004,0.05,-91000000.0,78000000.0,0.016,78000000.0,-91000000.0,-70000000.0,-0.6,-0.6,-0.6,3908000000.0,,3908000000.0,10939350913.0,-75.0,21.2,-151000000.0,-1.05,1.0,243000000.0,0.05,2061000000.0,-21000000.0,13517000000.0,,2255000000.0,0.0,0.0,0.0,11859000000.0,3523000000.0,8336000000.0,7754350913.0,-157000000.0,0.0,4000000.0,-4000000.0,-7000000.0,-7000000.0,-172000000.0,-6000000.0,17000000.0,5000000.0,-86000000.0,-86000000.0,-86000000.0,0.0,0.0,-0.018,342000000.0,-99000000.0,3079000000.0,-0.083,1.984,-18.867,-18.86,6627000000.0,0.0,53.94,0.423,0.423,3290000000.0,3604000000.0,4864000000.0,4864000000.0,0.0,,,,,0.0,180000000.0,1.0,143758823.0,143758823.0,,33.834,13707000000.0,706000000.0,16000000.0,133000000.0,95.347,2014000000.0
42,X,MRQ,2010-12-31,2010-12-31,2010-12-31,2021-08-02,-3068000000.0,15350000000.0,,5304000000.0,10046000000.0,,26.815,-184000000.0,578000000.0,578000000.0,4115000000.0,-249000000.0,1.685,2.986,3763000000.0,246000000.0,3517000000.0,3763000000.0,0.0,168000000.0,0.0,0.003,0.05,-114000000.0,54000000.0,0.013,54000000.0,-114000000.0,-208000000.0,-1.74,-1.74,-1.74,3851000000.0,,3851000000.0,11489992506.0,-104.0,21.005,-85000000.0,-0.592,1.0,185000000.0,0.043,2035000000.0,94000000.0,13353000000.0,,2352000000.0,0.0,0.0,0.0,11498000000.0,3147000000.0,8351000000.0,8389992506.0,-65000000.0,0.0,2000000.0,67000000.0,-7000000.0,62000000.0,-225000000.0,-5000000.0,99000000.0,-1000000.0,-249000000.0,-249000000.0,-249000000.0,0.0,0.0,-0.058,306000000.0,-121000000.0,2742000000.0,-0.029,2.179,-17.407,-17.387,6486000000.0,0.0,58.42,0.483,0.483,2693000000.0,3698000000.0,4300000000.0,4300000000.0,0.0,,,,,0.0,162000000.0,1.0,143615072.0,143615072.0,,29.941,13315000000.0,815000000.0,41000000.0,116000000.0,92.713,2157000000.0
43,X,MRQ,2010-09-30,2010-09-30,2010-09-30,2021-08-02,-2647000000.0,15653000000.0,,5867000000.0,9786000000.0,,31.47,-161000000.0,643000000.0,643000000.0,4321000000.0,-51000000.0,1.908,2.464,3743000000.0,104000000.0,3639000000.0,3743000000.0,0.0,163000000.0,0.0,0.005,0.05,-138000000.0,25000000.0,0.006,25000000.0,-138000000.0,-60000000.0,-0.35,-0.35,-0.35,4518000000.0,,4518000000.0,9019865576.0,-28.0,26.374,-291000000.0,-2.027,1.0,176000000.0,0.039,2008000000.0,-78000000.0,13670000000.0,,2375000000.0,0.0,0.0,0.0,11134000000.0,3075000000.0,8059000000.0,6293865576.0,-304000000.0,0.0,1000000.0,-4000000.0,-8000000.0,-11000000.0,-173000000.0,-14000000.0,-130000000.0,10000000.0,-51000000.0,-51000000.0,-51000000.0,0.0,0.0,-0.011,323000000.0,-147000000.0,2783000000.0,-0.143,1.393,-12.588,-12.819,6390000000.0,0.0,43.84,0.383,0.383,2996000000.0,3953000000.0,4497000000.0,4497000000.0,0.0,,,,,0.0,148000000.0,1.0,143564452.0,143564452.0,,31.324,13645000000.0,749000000.0,-9000000.0,112000000.0,95.044,2792000000.0
44,X,MRQ,2010-06-30,2010-06-30,2010-06-30,2021-08-02,-2763000000.0,15418000000.0,,5809000000.0,9609000000.0,,31.029,-102000000.0,947000000.0,947000000.0,4184000000.0,-24000000.0,2.009,2.465,3673000000.0,34000000.0,3639000000.0,3673000000.0,0.0,162000000.0,0.0,0.005,0.05,197000000.0,359000000.0,0.077,359000000.0,197000000.0,47000000.0,-0.17,-0.17,-0.17,4449000000.0,,4449000000.0,7827449075.0,-13.0,102.993,-391000000.0,-2.727,1.0,497000000.0,0.106,2006000000.0,150000000.0,13246000000.0,,2012000000.0,0.0,0.0,0.0,10968000000.0,2892000000.0,8076000000.0,5527449075.0,-439000000.0,0.0,1000000.0,-12000000.0,-7000000.0,-18000000.0,-121000000.0,-5000000.0,-289000000.0,-11000000.0,-25000000.0,-25000000.0,-25000000.0,0.0,1000000.0,-0.005,308000000.0,189000000.0,2655000000.0,-0.294,1.242,-7.35,-7.442,6203000000.0,0.0,38.55,0.375,0.375,3009000000.0,4012000000.0,4681000000.0,4681000000.0,0.0,,,,,0.0,152000000.0,1.0,143383893.0,143383893.0,,32.647,13412000000.0,744000000.0,72000000.0,159000000.0,93.539,2917000000.0
45,X,MRQ,2010-03-31,2010-03-31,2010-03-31,2021-08-02,-2686000000.0,15327000000.0,,5400000000.0,9927000000.0,,31.778,-60000000.0,1386000000.0,1386000000.0,3639000000.0,-158000000.0,2.09,2.364,3686000000.0,35000000.0,3651000000.0,3686000000.0,0.0,165000000.0,0.0,0.003,0.05,-56000000.0,109000000.0,0.028,109000000.0,-56000000.0,-164000000.0,-1.1,-1.1,-1.1,4556000000.0,,4556000000.0,11275871674.0,-9.0,-19.144,-119000000.0,-0.83,1.0,257000000.0,0.066,2035000000.0,108000000.0,13008000000.0,,1647000000.0,0.0,0.0,0.0,10770000000.0,2584000000.0,8186000000.0,9106871674.0,168000000.0,0.0,1000000.0,308000000.0,-7000000.0,302000000.0,-64000000.0,-10000000.0,-59000000.0,-11000000.0,-157000000.0,-157000000.0,-157000000.0,0.0,-1000000.0,-0.04,309000000.0,-52000000.0,2364000000.0,-0.045,1.999,-8.138,-8.01,6409000000.0,0.0,63.52,0.747,0.747,2620000000.0,4044000000.0,3896000000.0,3896000000.0,0.0,,,,,0.0,148000000.0,1.0,143370146.0,143370146.0,,27.174,13292000000.0,800000000.0,-7000000.0,133000000.0,92.711,2816000000.0
46,X,MRQ,2009-12-31,2009-12-31,2009-12-31,2021-08-02,-2728000000.0,15422000000.0,,5015000000.0,10407000000.0,,32.619,-144000000.0,1218000000.0,1218000000.0,3348000000.0,-268000000.0,2.027,2.233,3387000000.0,42000000.0,3345000000.0,3387000000.0,0.0,177000000.0,0.0,0.008,0.05,-328000000.0,-151000000.0,-0.045,-151000000.0,-328000000.0,-384000000.0,-1.8,-1.8,-1.8,4676000000.0,,4676000000.0,9724475426.0,-6.0,-9.553,-323000000.0,-2.253,1.0,6000000.0,0.002,2006000000.0,56000000.0,13111000000.0,,1679000000.0,0.0,0.0,0.0,10443000000.0,2474000000.0,7969000000.0,7901475426.0,-325000000.0,-24000000.0,0.0,-2000000.0,-7000000.0,25000000.0,-164000000.0,4000000.0,-179000000.0,-7000000.0,-267000000.0,-267000000.0,-267000000.0,0.0,-1000000.0,-0.08,345000000.0,-339000000.0,2311000000.0,-0.028,1.69,-5.64,-5.29,6820000000.0,0.0,55.12,0.715,0.715,2262000000.0,4209000000.0,3354000000.0,3354000000.0,0.0,,,,,0.0,158000000.0,1.0,143350425.0,143350425.0,,23.397,13416000000.0,1048000000.0,-117000000.0,89000000.0,93.589,2541000000.0
47,X,MRQ,2009-09-30,2009-09-30,2009-09-30,2021-08-02,-2925000000.0,15849000000.0,,5256000000.0,10593000000.0,,33.126,-149000000.0,1543000000.0,1543000000.0,2902000000.0,-307000000.0,2.131,2.276,3366000000.0,20000000.0,3346000000.0,3366000000.0,0.0,167000000.0,0.0,0.016,0.05,-408000000.0,-241000000.0,-0.086,-241000000.0,-408000000.0,-433000000.0,-2.11,-2.11,-2.11,4749000000.0,,4749000000.0,7770345691.0,-9.0,-36.653,-392000000.0,-2.734,1.0,-85000000.0,-0.03,1983000000.0,25000000.0,13223000000.0,,1677000000.0,0.0,0.0,0.0,10810000000.0,2466000000.0,8344000000.0,6359345691.0,-407000000.0,0.0,1000000.0,-4000000.0,-7000000.0,27000000.0,-195000000.0,-34000000.0,-243000000.0,4000000.0,-303000000.0,-303000000.0,-303000000.0,0.0,-4000000.0,-0.108,329000000.0,-414000000.0,2260000000.0,-0.024,1.339,-7.535,-7.065,6860000000.0,0.0,44.37,0.521,0.522,2335000000.0,4483000000.0,2817000000.0,2817000000.0,0.0,,,,,0.0,163000000.0,1.0,143325348.0,143363000.0,143363000.0,19.649,13866000000.0,1080000000.0,-130000000.0,135000000.0,96.72,2790000000.0
48,X,MRQ,2009-06-30,2009-06-30,2009-06-30,2021-08-02,-3098000000.0,15737000000.0,,5458000000.0,10279000000.0,,36.194,-100000000.0,1950000000.0,1950000000.0,2340000000.0,-392000000.0,2.54,2.177,3361000000.0,28000000.0,3333000000.0,3361000000.0,0.0,159000000.0,0.0,0.027,0.05,-465000000.0,-306000000.0,-0.144,-306000000.0,-465000000.0,-474000000.0,-2.92,-2.92,-2.92,4873000000.0,,4873000000.0,6157009868.0,7.0,4.155,-48000000.0,-0.357,1.0,-213000000.0,-0.1,1927000000.0,9000000.0,13072000000.0,,1781000000.0,0.0,0.0,0.0,10608000000.0,2149000000.0,8459000000.0,4152009868.0,819000000.0,0.0,666000000.0,176000000.0,-7000000.0,888000000.0,-131000000.0,14000000.0,52000000.0,10000000.0,-392000000.0,-392000000.0,-392000000.0,0.0,0.0,-0.184,277000000.0,-490000000.0,1860000000.0,-0.017,0.852,10.984,9.738,6740000000.0,0.0,35.74,0.249,0.288,1887000000.0,4793000000.0,2127000000.0,2127000000.0,0.0,,,,,0.0,154000000.0,1.0,116172632.0,134634000.0,134634000.0,15.798,13810000000.0,1084000000.0,-82000000.0,226000000.0,102.574,3309000000.0
49,X,MRQ,2009-03-31,2009-03-31,2009-03-31,2021-08-02,-3322000000.0,15142000000.0,,5093000000.0,10049000000.0,,37.717,140000000.0,1131000000.0,1131000000.0,3007000000.0,-439000000.0,2.088,2.412,3136000000.0,93000000.0,3043000000.0,3136000000.0,0.0,158000000.0,0.0,0.054,0.3,-478000000.0,-320000000.0,-0.116,-320000000.0,-478000000.0,-549000000.0,-3.78,-3.78,-3.78,4379000000.0,,4379000000.0,4887265642.0,2.0,1.688,449000000.0,3.867,1.0,-257000000.0,-0.093,1865000000.0,71000000.0,12843000000.0,,2080000000.0,0.0,0.0,0.0,10563000000.0,2439000000.0,8124000000.0,2455265642.0,407000000.0,0.0,0.0,-4000000.0,-35000000.0,-2000000.0,116000000.0,-22000000.0,309000000.0,-16000000.0,-439000000.0,-439000000.0,-439000000.0,0.0,0.0,-0.16,200000000.0,-457000000.0,2066000000.0,-0.079,0.561,1.707,1.721,6558000000.0,0.0,21.13,0.115,0.115,2194000000.0,5192000000.0,2750000000.0,2750000000.0,0.0,,,,,0.0,143000000.0,1.0,116198090.0,116103000.0,116103000.0,23.686,13277000000.0,1024000000.0,-110000000.0,237000000.0,114.355,2654000000.0
50,X,MRQ,2008-12-31,2008-12-31,2008-12-31,2021-08-02,-3269000000.0,16087000000.0,,5732000000.0,10355000000.0,,42.105,-258000000.0,724000000.0,724000000.0,3831000000.0,298000000.0,2.063,2.253,3156000000.0,92000000.0,3064000000.0,3156000000.0,0.0,141000000.0,0.0,0.03,0.3,514000000.0,655000000.0,0.145,655000000.0,514000000.0,491000000.0,2.53,2.53,2.53,4895000000.0,,4895000000.0,6756746934.0,2.0,1.86,69000000.0,0.594,1.0,671000000.0,0.149,1891000000.0,23000000.0,13850000000.0,,2492000000.0,0.0,0.0,0.0,11028000000.0,2778000000.0,8250000000.0,4324746934.0,-69000000.0,-104000000.0,-19000000.0,-21000000.0,-35000000.0,-32000000.0,-367000000.0,-7000000.0,327000000.0,3000000.0,290000000.0,290000000.0,290000000.0,0.0,8000000.0,0.064,293000000.0,378000000.0,2450000000.0,0.119,0.884,2.048,2.062,6676000000.0,0.0,37.2,0.182,0.182,2983000000.0,5666000000.0,4502000000.0,4502000000.0,0.0,,,,,0.0,161000000.0,1.0,116256638.0,116256638.0,,38.725,14196000000.0,843000000.0,201000000.0,203000000.0,122.109,2954000000.0
51,X,MRQ,2008-09-30,2008-09-30,2008-09-30,2021-08-02,-1738000000.0,17268000000.0,,6981000000.0,10287000000.0,,52.736,-281000000.0,793000000.0,793000000.0,5752000000.0,942000000.0,1.89,1.769,3225000000.0,105000000.0,3120000000.0,3225000000.0,0.0,149000000.0,0.0,0.013,0.3,1304000000.0,1453000000.0,0.199,1453000000.0,1304000000.0,1258000000.0,7.84,7.79,7.84,6179000000.0,,6179000000.0,11995252760.0,5.0,3.702,587000000.0,5.01,1.0,1560000000.0,0.213,2023000000.0,46000000.0,13983000000.0,,2669000000.0,0.0,0.0,0.0,10933000000.0,3694000000.0,7239000000.0,9118252760.0,402000000.0,-36000000.0,-129000000.0,-8000000.0,-35000000.0,-138000000.0,-315000000.0,2000000.0,868000000.0,-13000000.0,919000000.0,919000000.0,919000000.0,0.0,23000000.0,0.126,294000000.0,1266000000.0,3196000000.0,0.038,1.476,4.91,4.906,6732000000.0,0.0,77.61,0.383,0.382,4015000000.0,5410000000.0,7312000000.0,7312000000.0,0.0,,,,,0.0,151000000.0,1.0,117488117.0,117169000.0,117826000.0,62.406,15245000000.0,295000000.0,339000000.0,370000000.0,130.111,3287000000.0
52,X,MRQ,2008-06-30,2008-06-30,2008-06-30,2021-08-02,-744000000.0,17307000000.0,,6369000000.0,10938000000.0,,54.541,-210000000.0,391000000.0,391000000.0,5497000000.0,674000000.0,1.644,1.681,3268000000.0,158000000.0,3110000000.0,3268000000.0,0.0,159000000.0,0.0,0.005,0.25,948000000.0,1107000000.0,0.164,1107000000.0,948000000.0,923000000.0,5.69,5.65,5.69,6409000000.0,,6409000000.0,24647253158.0,15.0,10.858,16000000.0,0.136,1.0,1247000000.0,0.185,1992000000.0,25000000.0,14319000000.0,,2593000000.0,0.0,0.0,0.0,10773000000.0,3873000000.0,6900000000.0,21751253158.0,-63000000.0,0.0,-45000000.0,-33000000.0,-30000000.0,-84000000.0,-203000000.0,3000000.0,226000000.0,-2000000.0,668000000.0,668000000.0,668000000.0,0.0,6000000.0,0.099,329000000.0,918000000.0,3397000000.0,0.044,3.394,18.021,18.01,6890000000.0,0.0,184.78,1.044,1.042,3953000000.0,4527000000.0,6744000000.0,6744000000.0,0.0,,,,,0.0,171000000.0,1.0,117714326.0,117507000.0,118217000.0,57.392,15315000000.0,153000000.0,255000000.0,527000000.0,130.333,2496000000.0
53,X,MRQ,2008-03-31,2008-03-31,2008-03-31,2021-08-02,-775000000.0,16177000000.0,,5395000000.0,10782000000.0,,49.135,-123000000.0,454000000.0,454000000.0,4643000000.0,240000000.0,1.589,1.782,3350000000.0,208000000.0,3142000000.0,3350000000.0,0.0,156000000.0,0.0,0.007,0.25,261000000.0,417000000.0,0.08,417000000.0,261000000.0,293000000.0,2.0,1.98,2.0,5778000000.0,,5778000000.0,17854126144.0,16.0,10.691,114000000.0,0.969,1.0,553000000.0,0.106,1987000000.0,-32000000.0,13691000000.0,,2339000000.0,0.0,0.0,0.0,10299000000.0,3395000000.0,6904000000.0,14945126144.0,53000000.0,-1000000.0,-29000000.0,-3000000.0,-29000000.0,-51000000.0,-147000000.0,-19000000.0,237000000.0,14000000.0,235000000.0,235000000.0,235000000.0,0.0,5000000.0,0.045,294000000.0,259000000.0,2928000000.0,0.125,2.587,17.771,17.819,6832000000.0,0.0,126.87,0.816,0.815,3161000000.0,3888000000.0,5196000000.0,5196000000.0,0.0,,,,,0.0,142000000.0,1.0,117798740.0,117595000.0,118405000.0,44.186,14190000000.0,171000000.0,58000000.0,401000000.0,120.668,2000000000.0
54,X,MRQ,2007-12-31,2007-12-31,2007-12-31,2021-08-02,-836000000.0,15632000000.0,,4959000000.0,10673000000.0,,46.826,-217000000.0,401000000.0,401000000.0,4110000000.0,46000000.0,1.651,1.81,3310000000.0,163000000.0,3147000000.0,3310000000.0,0.0,153000000.0,0.0,0.007,0.2,110000000.0,263000000.0,0.058,263000000.0,110000000.0,66000000.0,0.29,0.3,0.29,5531000000.0,,5531000000.0,15176655965.0,13.0,8.886,105000000.0,0.889,1.0,425000000.0,0.094,2131000000.0,44000000.0,13407000000.0,,2279000000.0,0.0,0.0,0.0,10013000000.0,3003000000.0,7010000000.0,14281655965.0,-1002000000.0,-2039000000.0,-27000000.0,978000000.0,-24000000.0,923000000.0,-2254000000.0,-7000000.0,322000000.0,7000000.0,35000000.0,35000000.0,35000000.0,0.0,11000000.0,0.008,335000000.0,90000000.0,2725000000.0,0.69,2.582,16.248,16.251,6688000000.0,0.0,120.91,0.846,0.846,2771000000.0,3683000000.0,4535000000.0,4535000000.0,0.0,,,,,0.0,178000000.0,1.0,118118071.0,118118071.0,,38.394,13501000000.0,167000000.0,31000000.0,257000000.0,114.301,1956000000.0
55,X,MRQ,2007-09-30,2007-09-30,2007-09-30,2021-08-02,-1022000000.0,13312000000.0,,5885000000.0,7427000000.0,,45.323,-201000000.0,1403000000.0,1403000000.0,3749000000.0,269000000.0,1.86,1.481,2298000000.0,195000000.0,2103000000.0,2298000000.0,0.0,124000000.0,0.0,0.008,0.2,359000000.0,483000000.0,0.111,483000000.0,359000000.0,337000000.0,2.28,2.27,2.28,5352000000.0,,5352000000.0,13723647202.0,10.0,7.355,353000000.0,2.989,1.0,605000000.0,0.139,1386000000.0,22000000.0,9657000000.0,,1826000000.0,0.0,0.0,0.0,7926000000.0,3164000000.0,4762000000.0,12523647202.0,300000000.0,0.0,-29000000.0,-9000000.0,-24000000.0,-64000000.0,-198000000.0,0.0,554000000.0,8000000.0,269000000.0,269000000.0,269000000.0,0.0,0.0,0.062,252000000.0,353000000.0,2756000000.0,0.088,2.34,10.976,11.001,4809000000.0,0.0,105.94,0.777,0.776,2624000000.0,3672000000.0,4354000000.0,4354000000.0,0.0,,,,,0.0,134000000.0,1.0,118214529.0,118086000.0,118755000.0,36.871,11926000000.0,327000000.0,68000000.0,273000000.0,100.994,2721000000.0
56,X,MRQ,2007-06-30,2007-06-30,2007-06-30,2021-08-02,-1189000000.0,12913000000.0,,5756000000.0,7157000000.0,,41.955,-129000000.0,1103000000.0,1103000000.0,3595000000.0,302000000.0,1.859,1.597,2303000000.0,178000000.0,2125000000.0,2303000000.0,0.0,118000000.0,0.0,0.007,0.2,389000000.0,507000000.0,0.12,507000000.0,389000000.0,355000000.0,2.55,2.54,2.55,4960000000.0,,4960000000.0,12365642498.0,8.0,6.014,393000000.0,3.324,1.0,633000000.0,0.15,1239000000.0,34000000.0,9777000000.0,,2055000000.0,0.0,0.0,0.0,7919000000.0,3097000000.0,4822000000.0,12866642498.0,-449000000.0,-1990000000.0,-23000000.0,1187000000.0,-23000000.0,1144000000.0,-2116000000.0,-1000000.0,522000000.0,1000000.0,302000000.0,302000000.0,302000000.0,0.0,0.0,0.071,252000000.0,381000000.0,2675000000.0,0.078,2.594,9.982,10.079,4932000000.0,0.0,108.75,0.811,0.81,2593000000.0,3426000000.0,4228000000.0,4228000000.0,0.0,,,,,0.0,138000000.0,1.0,118313954.0,118221000.0,118891000.0,35.764,11674000000.0,325000000.0,53000000.0,333000000.0,98.747,2659000000.0
57,X,MRQ,2007-03-31,2007-03-31,2007-03-31,2021-08-02,-1231000000.0,10914000000.0,,5500000000.0,5414000000.0,,39.376,-103000000.0,1552000000.0,1552000000.0,3179000000.0,273000000.0,2.002,1.337,1051000000.0,111000000.0,940000000.0,1051000000.0,0.0,111000000.0,0.0,0.007,0.2,334000000.0,445000000.0,0.118,445000000.0,334000000.0,339000000.0,2.31,2.3,2.31,4656000000.0,,4656000000.0,11419427887.0,7.0,5.258,231000000.0,1.954,1.0,577000000.0,0.154,0.0,-5000000.0,7666000000.0,,1618000000.0,0.0,0.0,0.0,6224000000.0,2747000000.0,3477000000.0,11750427887.0,130000000.0,0.0,-20000000.0,-53000000.0,-24000000.0,-99000000.0,-107000000.0,-1000000.0,334000000.0,2000000.0,273000000.0,273000000.0,273000000.0,0.0,0.0,0.073,233000000.0,344000000.0,2424000000.0,0.087,2.524,8.472,8.376,4439000000.0,0.0,99.17,0.746,0.745,2274000000.0,3148000000.0,3756000000.0,3756000000.0,0.0,,,,,0.0,139000000.0,1.0,118487727.0,118244000.0,119005000.0,31.765,10914000000.0,431000000.0,66000000.0,166000000.0,92.301,2753000000.0
58,X,MRQ,2006-12-31,2006-12-31,2006-12-31,2021-08-02,-1286000000.0,10586000000.0,,5196000000.0,5390000000.0,,36.843,-195000000.0,1422000000.0,1422000000.0,3223000000.0,297000000.0,1.923,1.416,1091000000.0,148000000.0,943000000.0,1091000000.0,0.0,102000000.0,0.0,0.008,0.2,329000000.0,431000000.0,0.114,431000000.0,329000000.0,304000000.0,2.49,2.51,2.49,4365000000.0,,4365000000.0,8728207084.0,5.0,3.966,402000000.0,3.393,1.0,551000000.0,0.146,0.0,25000000.0,7553000000.0,,1604000000.0,0.0,0.0,0.0,6183000000.0,2702000000.0,3481000000.0,8665207084.0,12000000.0,0.0,-29000000.0,-335000000.0,-23000000.0,-387000000.0,-205000000.0,-4000000.0,597000000.0,7000000.0,297000000.0,297000000.0,297000000.0,0.0,0.0,0.079,237000000.0,314000000.0,2341000000.0,0.08,1.985,6.343,6.157,4429000000.0,0.0,73.14,0.551,0.551,2130000000.0,2902000000.0,3774000000.0,3774000000.0,0.0,,,,,0.0,146000000.0,1.0,118474256.0,118474256.0,,31.855,10586000000.0,465000000.0,7000000.0,182000000.0,89.353,2494000000.0
59,X,MRQ,2006-09-30,2006-09-30,2006-09-30,2021-08-02,-1201000000.0,10462000000.0,,5285000000.0,5177000000.0,,34.592,-146000000.0,1410000000.0,1410000000.0,3308000000.0,417000000.0,1.909,1.487,1473000000.0,146000000.0,1327000000.0,1473000000.0,0.0,113000000.0,0.0,0.009,0.15,560000000.0,673000000.0,0.164,673000000.0,560000000.0,553000000.0,3.44,3.42,3.44,4195000000.0,,4195000000.0,7188959713.0,4.0,3.465,321000000.0,2.647,1.0,798000000.0,0.194,275000000.0,7000000.0,7482000000.0,,1673000000.0,0.0,0.0,0.0,6236000000.0,2768000000.0,3468000000.0,7098959713.0,-67000000.0,0.0,-273000000.0,-103000000.0,-18000000.0,-395000000.0,-140000000.0,0.0,467000000.0,1000000.0,417000000.0,417000000.0,417000000.0,0.0,0.0,0.102,257000000.0,541000000.0,2457000000.0,0.044,1.692,6.052,5.589,4269000000.0,0.0,57.68,0.461,0.454,2306000000.0,2628000000.0,4106000000.0,4106000000.0,0.0,,,,,0.0,144000000.0,1.0,123074891.0,121270000.0,121964000.0,33.858,10187000000.0,337000000.0,136000000.0,123000000.0,84.003,2517000000.0
60,X,MRQ,2006-06-30,2006-06-30,2006-06-30,2021-08-02,-1232000000.0,10439000000.0,,5279000000.0,5160000000.0,,36.291,-122000000.0,1477000000.0,1477000000.0,3339000000.0,404000000.0,1.925,1.581,1567000000.0,236000000.0,1331000000.0,1567000000.0,0.0,114000000.0,0.0,0.006,0.15,509000000.0,623000000.0,0.152,623000000.0,509000000.0,495000000.0,3.6,3.22,3.6,4033000000.0,,4033000000.0,7800302584.0,6.0,4.785,218000000.0,1.962,1.0,768000000.0,0.187,277000000.0,14000000.0,7509000000.0,,1517000000.0,0.0,0.0,0.0,6375000000.0,2743000000.0,3632000000.0,7638302584.0,6000000.0,0.0,-110000000.0,-70000000.0,-21000000.0,-206000000.0,-126000000.0,0.0,340000000.0,-2000000.0,404000000.0,400000000.0,400000000.0,0.0,0.0,0.097,267000000.0,501000000.0,2306000000.0,0.042,1.894,9.039,9.166,4212000000.0,4000000.0,70.12,0.527,0.537,2299000000.0,2229000000.0,4107000000.0,4107000000.0,0.0,,,,,0.0,156000000.0,1.0,108931868.0,111129000.0,125242000.0,36.957,10162000000.0,445000000.0,91000000.0,162000000.0,91.443,2536000000.0
61,X,MRQ,2006-03-31,2006-03-31,2006-03-31,2021-08-02,-1283000000.0,10170000000.0,,5046000000.0,5124000000.0,,34.05,-123000000.0,1471000000.0,1471000000.0,3098000000.0,256000000.0,1.844,1.737,1633000000.0,274000000.0,1359000000.0,1633000000.0,0.0,112000000.0,0.0,0.007,0.1,362000000.0,474000000.0,0.127,474000000.0,362000000.0,346000000.0,2.31,2.04,2.31,3705000000.0,,3705000000.0,6851957192.0,6.0,4.556,105000000.0,0.965,1.0,630000000.0,0.169,279000000.0,16000000.0,7316000000.0,,1483000000.0,0.0,0.0,0.0,6434000000.0,2737000000.0,3697000000.0,6603957192.0,-8000000.0,0.0,3000000.0,-99000000.0,-15000000.0,-118000000.0,-119000000.0,0.0,228000000.0,1000000.0,256000000.0,252000000.0,252000000.0,0.0,0.0,0.068,268000000.0,362000000.0,2187000000.0,0.043,1.782,9.585,9.803,4159000000.0,4000000.0,60.68,0.472,0.472,2118000000.0,1846000000.0,3728000000.0,3728000000.0,0.0,,,,,0.0,158000000.0,1.0,108832518.0,108809000.0,125559000.0,34.262,9891000000.0,474000000.0,90000000.0,239000000.0,90.902,2309000000.0
62,X,MRQ,2005-12-31,2005-12-31,2005-12-31,2021-08-02,-1418000000.0,9822000000.0,,4842000000.0,4980000000.0,,29.316,-262000000.0,1479000000.0,1479000000.0,2983000000.0,109000000.0,1.761,1.945,1727000000.0,364000000.0,1363000000.0,1727000000.0,0.0,92000000.0,0.0,0.008,0.1,213000000.0,305000000.0,0.088,305000000.0,213000000.0,199000000.0,0.97,0.87,0.97,3324000000.0,,3324000000.0,5537353353.0,4.0,3.132,72000000.0,0.635,1.0,487000000.0,0.14,251000000.0,14000000.0,7070000000.0,,1466000000.0,0.0,0.0,0.0,6466000000.0,2749000000.0,3717000000.0,5450353353.0,85000000.0,0.0,-201000000.0,245000000.0,-15000000.0,22000000.0,-271000000.0,0.0,334000000.0,0.0,109000000.0,104000000.0,104000000.0,0.0,0.0,0.03,267000000.0,220000000.0,2168000000.0,0.103,1.64,6.11,6.108,4015000000.0,5000000.0,48.07,0.388,0.388,1901000000.0,1605000000.0,3470000000.0,3470000000.0,0.0,,,,,0.0,183000000.0,1.0,113383677.0,113383677.0,,30.604,9571000000.0,486000000.0,90000000.0,186000000.0,84.413,2093000000.0
63,X,MRQ,2005-09-30,2005-09-30,2005-09-30,2021-08-02,-50000000.0,11365000000.0,,4627000000.0,6738000000.0,,41.244,-179000000.0,1394000000.0,1394000000.0,2830000000.0,93000000.0,2.097,1.411,1481000000.0,115000000.0,1366000000.0,1481000000.0,0.0,88000000.0,0.0,0.008,0.1,140000000.0,228000000.0,0.071,228000000.0,140000000.0,120000000.0,0.77,0.71,0.77,4701000000.0,,4701000000.0,5064343086.0,3.0,2.371,202000000.0,1.772,1.0,370000000.0,0.116,32000000.0,20000000.0,9213000000.0,,1341000000.0,0.0,0.0,0.0,6635000000.0,2207000000.0,4428000000.0,4838343086.0,152000000.0,0.0,-32000000.0,-8000000.0,-16000000.0,-65000000.0,-163000000.0,3000000.0,381000000.0,-1000000.0,93000000.0,89000000.0,89000000.0,0.0,0.0,0.028,224000000.0,146000000.0,1933000000.0,0.13,1.029,3.736,3.715,3840000000.0,4000000.0,42.35,0.335,0.334,1921000000.0,1413000000.0,3200000000.0,3200000000.0,0.0,,,,,0.0,150000000.0,1.0,114246590.0,113980000.0,130339000.0,28.075,11333000000.0,272000000.0,27000000.0,828000000.0,99.43,2420000000.0
64,X,MRQ,2005-06-30,2005-06-30,2005-06-30,2021-08-02,-50000000.0,11238000000.0,,4537000000.0,6701000000.0,,40.701,-150000000.0,1242000000.0,1242000000.0,2927000000.0,249000000.0,2.144,1.411,1468000000.0,113000000.0,1355000000.0,1468000000.0,0.0,88000000.0,0.0,0.008,0.1,409000000.0,497000000.0,0.139,497000000.0,409000000.0,341000000.0,2.14,1.91,2.14,4649000000.0,,4649000000.0,4174589146.0,2.0,1.678,57000000.0,0.499,1.0,655000000.0,0.183,34000000.0,68000000.0,9314000000.0,,1428000000.0,0.0,0.0,0.0,6559000000.0,2116000000.0,4443000000.0,3924589146.0,95000000.0,0.0,1000000.0,72000000.0,-16000000.0,46000000.0,-154000000.0,1000000.0,207000000.0,-4000000.0,249000000.0,244000000.0,244000000.0,0.0,0.0,0.068,247000000.0,408000000.0,1919000000.0,0.047,0.844,2.522,2.507,3723000000.0,5000000.0,34.37,0.262,0.262,2017000000.0,1322000000.0,3582000000.0,3582000000.0,0.0,,,,,0.0,166000000.0,1.0,114186475.0,114222000.0,130646000.0,31.36,11204000000.0,164000000.0,92000000.0,715000000.0,98.09,2421000000.0
65,X,MRQ,2005-03-31,2005-03-31,2005-03-31,2021-08-02,-49000000.0,11229000000.0,,4552000000.0,6677000000.0,,38.715,-119000000.0,1147000000.0,1147000000.0,2903000000.0,459000000.0,1.959,1.534,1397000000.0,35000000.0,1362000000.0,1397000000.0,0.0,98000000.0,0.0,0.005,0.08,640000000.0,738000000.0,0.195,738000000.0,640000000.0,615000000.0,3.98,3.51,3.98,4420000000.0,,4420000000.0,6217129818.0,3.0,2.52,177000000.0,1.55,1.0,884000000.0,0.233,36000000.0,25000000.0,9119000000.0,,1308000000.0,0.0,0.0,0.0,6779000000.0,2324000000.0,4455000000.0,5805129818.0,110000000.0,0.0,6000000.0,-51000000.0,-13000000.0,-64000000.0,-120000000.0,0.0,296000000.0,-2000000.0,459000000.0,455000000.0,455000000.0,0.0,0.0,0.12,249000000.0,635000000.0,1977000000.0,0.02,1.313,3.824,3.798,3651000000.0,4000000.0,50.85,0.391,0.391,2217000000.0,1093000000.0,3787000000.0,3787000000.0,0.0,,,,,0.0,157000000.0,1.0,114161845.0,114169000.0,130830000.0,33.17,11193000000.0,211000000.0,156000000.0,933000000.0,98.039,2228000000.0
66,X,MRQ,2004-12-31,2004-12-31,2004-12-31,2021-08-02,-49000000.0,11064000000.0,,4351000000.0,6713000000.0,,35.834,-204000000.0,1037000000.0,1037000000.0,3027000000.0,512000000.0,1.716,1.709,1449000000.0,86000000.0,1363000000.0,1449000000.0,0.0,95000000.0,0.0,0.004,0.05,578000000.0,673000000.0,0.173,673000000.0,578000000.0,605000000.0,4.51,3.85,4.51,4074000000.0,,4074000000.0,6406707056.0,4.0,3.223,274000000.0,2.41,1.0,863000000.0,0.222,38000000.0,-27000000.0,8903000000.0,,1305000000.0,0.0,0.0,0.0,6962000000.0,2535000000.0,4427000000.0,5826707056.0,-25000000.0,0.0,13000000.0,-294000000.0,-10000000.0,-302000000.0,-209000000.0,-12000000.0,478000000.0,8000000.0,512000000.0,507000000.0,507000000.0,0.0,0.0,0.13,302000000.0,561000000.0,2092000000.0,0.011,1.43,5.216,5.125,3627000000.0,5000000.0,51.25,0.417,0.417,2072000000.0,755000000.0,3890000000.0,3890000000.0,0.0,,,,,0.0,218000000.0,1.0,113691845.0,113691845.0,,34.215,11026000000.0,263000000.0,93000000.0,926000000.0,96.981,1816000000.0
67,X,MRQ,2004-09-30,2004-09-30,2004-09-30,2021-08-02,-1503000000.0,8795000000.0,,4175000000.0,4620000000.0,,17.97,-193000000.0,1062000000.0,1062000000.0,2967000000.0,354000000.0,1.705,3.299,1642000000.0,73000000.0,1569000000.0,1642000000.0,0.0,96000000.0,0.0,0.005,0.05,484000000.0,580000000.0,0.156,580000000.0,484000000.0,480000000.0,3.08,2.72,3.08,2040000000.0,,2040000000.0,5337051480.0,5.0,3.856,404000000.0,3.559,1.0,740000000.0,0.2,472000000.0,4000000.0,6454000000.0,,1251000000.0,0.0,0.0,0.0,6730000000.0,2449000000.0,4281000000.0,4265051480.0,472000000.0,0.0,7000000.0,76000000.0,-10000000.0,62000000.0,-187000000.0,-1000000.0,597000000.0,0.0,354000000.0,350000000.0,350000000.0,0.0,0.0,0.094,266000000.0,474000000.0,2001000000.0,0.016,2.091,6.813,6.742,3514000000.0,4000000.0,37.62,0.338,0.338,1964000000.0,193000000.0,3707000000.0,3707000000.0,0.0,,,,,0.0,172000000.0,1.0,113371916.0,113523000.0,130021000.0,32.654,8323000000.0,352000000.0,126000000.0,337000000.0,73.316,1726000000.0
68,X,MRQ,2004-06-30,2004-06-30,2004-06-30,2021-08-02,-1503000000.0,8400000000.0,,3774000000.0,4626000000.0,,14.841,-90000000.0,590000000.0,590000000.0,2816000000.0,211000000.0,1.622,3.977,1662000000.0,63000000.0,1599000000.0,1662000000.0,0.0,93000000.0,0.0,0.006,0.05,383000000.0,476000000.0,0.138,476000000.0,383000000.0,297000000.0,1.82,1.62,1.82,1682000000.0,,1682000000.0,5156099020.0,-30.0,25.275,129000000.0,1.138,1.0,632000000.0,0.183,474000000.0,86000000.0,6671000000.0,,1332000000.0,0.0,0.0,0.0,6690000000.0,2327000000.0,4363000000.0,3979099020.0,-174000000.0,0.0,2000000.0,-286000000.0,-10000000.0,-299000000.0,-95000000.0,0.0,219000000.0,1000000.0,211000000.0,206000000.0,206000000.0,0.0,0.0,0.06,260000000.0,372000000.0,1814000000.0,0.027,2.366,-48.526,-36.206,3403000000.0,5000000.0,35.12,0.348,0.348,1868000000.0,-152000000.0,3448000000.0,3448000000.0,0.0,,,,,0.0,169000000.0,1.0,113300086.0,113332000.0,129874000.0,30.424,7926000000.0,521000000.0,86000000.0,421000000.0,69.936,1447000000.0
69,X,MRQ,2004-03-31,2004-03-31,2004-03-31,2021-08-02,-1504000000.0,8314000000.0,,3622000000.0,4692000000.0,,13.858,3000000.0,764000000.0,764000000.0,2552000000.0,58000000.0,1.489,4.606,1941000000.0,313000000.0,1628000000.0,1941000000.0,0.0,98000000.0,0.0,0.005,0.05,161000000.0,259000000.0,0.089,259000000.0,161000000.0,109000000.0,0.51,0.47,0.51,1478000000.0,,1478000000.0,5535634364.0,-10.0,-28.388,109000000.0,1.022,1.0,372000000.0,0.127,476000000.0,52000000.0,6583000000.0,,1180000000.0,0.0,0.0,0.0,6808000000.0,2432000000.0,4376000000.0,3918634364.0,448000000.0,7000000.0,339000000.0,6000000.0,-9000000.0,336000000.0,7000000.0,0.0,106000000.0,-1000000.0,58000000.0,54000000.0,54000000.0,0.0,0.0,0.018,236000000.0,136000000.0,1692000000.0,0.098,2.651,-11.458,-11.294,3398000000.0,4000000.0,37.27,0.379,0.384,1701000000.0,-363000000.0,2924000000.0,2924000000.0,0.0,,,,,0.0,180000000.0,1.0,105141786.0,106653000.0,123254000.0,27.416,7838000000.0,566000000.0,51000000.0,386000000.0,73.491,1190000000.0
70,X,MRQ,2003-12-31,2003-12-31,2003-12-31,2021-08-02,-1501000000.0,7837000000.0,,3106000000.0,4731000000.0,,10.583,-93000000.0,316000000.0,316000000.0,2341000000.0,21000000.0,1.46,6.168,1938000000.0,48000000.0,1890000000.0,1938000000.0,0.0,92000000.0,0.0,0.006,0.05,-23000000.0,69000000.0,0.027,69000000.0,-23000000.0,-13000000.0,0.17,0.07,0.17,1093000000.0,,1093000000.0,5337773637.0,-7.0,-12.924,152000000.0,1.472,1.0,210000000.0,0.082,477000000.0,-10000000.0,6855000000.0,,1283000000.0,0.0,0.0,0.0,6742000000.0,2127000000.0,4615000000.0,3616773637.0,156000000.0,11000000.0,12000000.0,-27000000.0,-9000000.0,-24000000.0,-65000000.0,8000000.0,245000000.0,0.0,21000000.0,16000000.0,16000000.0,0.0,0.0,0.006,278000000.0,-68000000.0,1669000000.0,0.294,3.309,-8.295,-8.299,3414000000.0,5000000.0,35.02,0.388,0.388,1514000000.0,-421000000.0,2551000000.0,2551000000.0,0.0,,,,,0.0,252000000.0,1.0,103277374.0,103277374.0,,24.7,7360000000.0,610000000.0,-34000000.0,366000000.0,71.264,979000000.0
71,X,MRQ,2003-09-30,2003-09-30,2003-09-30,2021-08-02,-968000000.0,9241000000.0,,3066000000.0,6175000000.0,,15.921,-68000000.0,160000000.0,160000000.0,2294000000.0,-354000000.0,1.655,4.618,1881000000.0,28000000.0,1853000000.0,1881000000.0,0.0,94000000.0,0.0,0.011,0.05,-694000000.0,-600000000.0,-0.239,-600000000.0,-694000000.0,-720000000.0,-3.47,-3.45,-3.47,1645000000.0,,1645000000.0,3636254033.0,-5.0,-9.182,96000000.0,0.929,1.0,214000000.0,0.085,413000000.0,26000000.0,8696000000.0,,1394000000.0,0.0,0.0,0.0,7596000000.0,1853000000.0,5743000000.0,1898254033.0,15000000.0,-44000000.0,0.0,-2000000.0,-10000000.0,-12000000.0,-137000000.0,-26000000.0,164000000.0,0.0,-354000000.0,-358000000.0,-358000000.0,0.0,0.0,-0.143,908000000.0,-694000000.0,1432000000.0,-0.014,1.154,-4.304,-4.294,3367000000.0,4000000.0,18.38,0.219,0.219,1583000000.0,-399000000.0,2508000000.0,2508000000.0,0.0,,,,,0.0,150000000.0,1.0,103278239.0,103321000.0,103321000.0,24.274,8828000000.0,569000000.0,-366000000.0,346000000.0,85.442,1213000000.0
72,X,MRQ,2003-06-30,2003-06-30,2003-06-30,2021-08-02,-802000000.0,9333000000.0,,3250000000.0,6083000000.0,,21.07,-10000000.0,145000000.0,145000000.0,2091000000.0,-49000000.0,1.8,3.291,1883000000.0,37000000.0,1846000000.0,1883000000.0,0.0,87000000.0,0.0,0.012,0.05,-10000000.0,77000000.0,0.033,77000000.0,-10000000.0,-52000000.0,-0.51,0.05,-0.51,2175000000.0,,2175000000.0,2755488643.0,33.0,6.364,202000000.0,1.957,1.0,271000000.0,0.115,462000000.0,42000000.0,8803000000.0,,1468000000.0,0.0,0.0,0.0,7158000000.0,1806000000.0,5352000000.0,1688488643.0,-222000000.0,-838000000.0,5000000.0,426000000.0,-11000000.0,420000000.0,-853000000.0,-46000000.0,212000000.0,-1000000.0,-49000000.0,-54000000.0,-54000000.0,0.0,0.0,-0.023,229000000.0,42000000.0,1381000000.0,-0.098,0.776,73.413,71.174,3497000000.0,5000000.0,16.37,0.209,0.209,1668000000.0,-62000000.0,2362000000.0,2362000000.0,0.0,,,,,0.0,142000000.0,1.0,103145305.0,103228000.0,103228000.0,22.881,8871000000.0,248000000.0,-3000000.0,518000000.0,85.936,1444000000.0
73,X,MRQ,2003-03-31,2003-03-31,2003-03-31,2021-08-02,-803000000.0,8325000000.0,,2808000000.0,5517000000.0,,21.697,-51000000.0,367000000.0,367000000.0,1732000000.0,-38000000.0,1.835,2.735,1434000000.0,26000000.0,1408000000.0,1434000000.0,0.0,90000000.0,0.0,0.02,0.05,-49000000.0,41000000.0,0.021,41000000.0,-49000000.0,-87000000.0,-0.4,-0.4,-0.4,2229000000.0,,2229000000.0,2200406054.0,16.0,4.472,-95000000.0,-0.925,1.0,175000000.0,0.092,414000000.0,38000000.0,7448000000.0,,1077000000.0,0.0,0.0,0.0,6096000000.0,1530000000.0,4566000000.0,1009406054.0,124000000.0,0.0,6000000.0,0.0,-5000000.0,243000000.0,-75000000.0,-24000000.0,-44000000.0,0.0,-38000000.0,-40000000.0,-40000000.0,0.0,0.0,-0.021,219000000.0,-44000000.0,1157000000.0,-0.125,0.453,9.706,9.637,2958000000.0,2000000.0,9.83,0.134,0.134,1449000000.0,-4000000.0,1907000000.0,1907000000.0,0.0,,,,,0.0,129000000.0,1.0,102686272.0,102731000.0,102731000.0,18.563,7911000000.0,227000000.0,-49000000.0,491000000.0,77.007,1278000000.0
74,X,MRQ,2002-12-31,2002-12-31,2002-12-31,2021-08-02,-803000000.0,7977000000.0,,2440000000.0,5537000000.0,,19.816,-53000000.0,243000000.0,243000000.0,1640000000.0,11000000.0,1.778,2.935,1434000000.0,26000000.0,1408000000.0,1434000000.0,0.0,84000000.0,0.0,0.015,0.05,2000000.0,86000000.0,0.045,86000000.0,2000000.0,-28000000.0,0.1,0.23,0.1,2027000000.0,,2027000000.0,2672079161.0,21.0,5.59,150000000.0,1.466,1.0,259000000.0,0.136,414000000.0,30000000.0,7382000000.0,,1030000000.0,0.0,0.0,0.0,5950000000.0,1372000000.0,4578000000.0,1342079161.0,138000000.0,0.0,4000000.0,-1000000.0,-5000000.0,-2000000.0,-65000000.0,-14000000.0,203000000.0,2000000.0,11000000.0,11000000.0,11000000.0,0.0,0.0,0.006,257000000.0,2000000.0,1021000000.0,0.5,0.662,22.001,21.161,2978000000.0,0.0,13.12,0.19,0.19,1281000000.0,42000000.0,1899000000.0,1899000000.0,0.0,,,,,0.0,173000000.0,1.0,102292619.0,102292619.0,,18.564,7563000000.0,217000000.0,-39000000.0,504000000.0,73.935,1068000000.0
75,X,MRQ,2002-09-30,2002-09-30,2002-09-30,2021-08-02,-41000000.0,8679000000.0,,2381000000.0,6298000000.0,,27.235,-42000000.0,105000000.0,105000000.0,1611000000.0,106000000.0,1.765,2.126,1435000000.0,7000000.0,1428000000.0,1435000000.0,0.0,89000000.0,0.0,0.022,0.05,140000000.0,229000000.0,0.12,229000000.0,140000000.0,108000000.0,1.04,1.04,1.04,2776000000.0,,2776000000.0,2600218587.0,-21.0,10.925,141000000.0,1.383,1.0,303000000.0,0.158,0.0,32000000.0,8660000000.0,,967000000.0,0.0,0.0,0.0,5903000000.0,1349000000.0,4554000000.0,1182218587.0,77000000.0,-38000000.0,5000000.0,-11000000.0,-5000000.0,-11000000.0,-96000000.0,-17000000.0,183000000.0,1000000.0,106000000.0,106000000.0,106000000.0,0.0,0.0,0.055,163000000.0,140000000.0,1029000000.0,0.048,0.426,-9.534,-7.442,2989000000.0,0.0,11.61,0.18,0.18,1393000000.0,36000000.0,1914000000.0,1914000000.0,0.0,,,,,0.0,74000000.0,1.0,101827613.0,101926000.0,101926000.0,18.778,8679000000.0,226000000.0,2000000.0,1017000000.0,85.15,1032000000.0
76,X,MRQ,2002-06-30,2002-06-30,2002-06-30,2021-08-02,-41000000.0,8614000000.0,,2300000000.0,6314000000.0,,27.908,-43000000.0,28000000.0,28000000.0,1571000000.0,27000000.0,1.71,2.226,1446000000.0,7000000.0,1439000000.0,1446000000.0,0.0,89000000.0,0.0,0.015,0.05,47000000.0,136000000.0,0.075,136000000.0,47000000.0,28000000.0,0.28,0.28,0.28,2670000000.0,,2670000000.0,3208507840.0,-11.0,41.135,-169000000.0,-1.766,1.0,236000000.0,0.131,0.0,19000000.0,8687000000.0,,919000000.0,0.0,0.0,0.0,5944000000.0,1345000000.0,4599000000.0,1800507840.0,-29000000.0,0.0,199000000.0,-19000000.0,-5000000.0,175000000.0,-78000000.0,-36000000.0,-126000000.0,0.0,27000000.0,27000000.0,27000000.0,0.0,0.0,0.015,189000000.0,47000000.0,1086000000.0,0.179,0.674,-7.117,-6.955,3031000000.0,0.0,19.89,0.285,0.301,1460000000.0,-65000000.0,1807000000.0,1807000000.0,0.0,,,,,0.0,100000000.0,1.0,90523270.0,95670000.0,95675000.0,18.888,8614000000.0,212000000.0,1000000.0,977000000.0,90.039,955000000.0
77,X,MRQ,2002-03-31,2002-03-31,2002-03-31,2021-08-02,-49000000.0,8271000000.0,,1960000000.0,6311000000.0,,27.23,-53000000.0,57000000.0,57000000.0,1336000000.0,-83000000.0,1.548,2.391,1465000000.0,31000000.0,1434000000.0,1465000000.0,0.0,88000000.0,0.0,0.019,0.05,-61000000.0,27000000.0,0.019,27000000.0,-61000000.0,-95000000.0,-0.93,-0.93,-0.93,2439000000.0,,2439000000.0,2945768310.0,-8.0,-490.961,-34000000.0,-0.38,1.0,98000000.0,0.068,0.0,34000000.0,8413000000.0,,901000000.0,341000000.0,0.0,341000000.0,5832000000.0,1266000000.0,4566000000.0,1626768310.0,-90000000.0,0.0,19000000.0,-1000000.0,-4000000.0,-40000000.0,-70000000.0,-18000000.0,19000000.0,1000000.0,-83000000.0,-83000000.0,-83000000.0,0.0,0.0,-0.058,159000000.0,-61000000.0,953000000.0,-0.054,0.667,-5.248,-5.216,3063000000.0,0.0,18.15,0.26,0.26,783000000.0,-87000000.0,1434000000.0,1434000000.0,0.0,,,,,0.0,71000000.0,1.0,89629108.0,89569000.0,89569000.0,16.01,8271000000.0,216000000.0,-12000000.0,973000000.0,92.342,694000000.0
78,X,MRQ,2001-12-31,2001-12-31,2001-12-31,2021-08-02,-49000000.0,8337000000.0,,2073000000.0,6264000000.0,,27.96,-63000000.0,147000000.0,147000000.0,1452000000.0,-174000000.0,1.648,2.327,1466000000.0,32000000.0,1434000000.0,1466000000.0,0.0,98000000.0,0.0,0.03,0.1,-252000000.0,-154000000.0,-0.109,-154000000.0,-252000000.0,-319000000.0,-1.95,-1.95,-1.95,2506000000.0,,2506000000.0,,,,413000000.0,4.608,1.0,-38000000.0,-0.027,0.0,67000000.0,8398000000.0,,870000000.0,0.0,0.0,0.0,5831000000.0,1258000000.0,4573000000.0,1623183146.0,-328000000.0,0.0,0.0,-364000000.0,-11000000.0,-749000000.0,-55000000.0,8000000.0,476000000.0,0.0,-174000000.0,-174000000.0,-174000000.0,0.0,0.0,-0.123,214000000.0,-252000000.0,966000000.0,-0.051,0.648,-7.446,-7.392,3084000000.0,0.0,18.11,0.255,0.255,1184000000.0,0.0,1414000000.0,1414000000.0,0.0,,,,,0.0,116000000.0,1.0,89629108.0,89629108.0,,15.776,8337000000.0,216000000.0,-145000000.0,980000000.0,93.017,815000000.0
79,X,MRQ,2001-09-30,2001-09-30,2001-09-30,2021-08-02,,,,,,,,-48000000.0,,,1540000000.0,-23000000.0,,,,,,,,94000000.0,,0.05,0.1,-25000000.0,69000000.0,0.042,69000000.0,-25000000.0,-63000000.0,-0.26,-0.26,-0.26,,,,,,,-94000000.0,-1.054,1.0,120000000.0,0.072,,38000000.0,,,,,,,,,,,221000000.0,0.0,0.0,0.0,-11000000.0,315000000.0,-48000000.0,-2000000.0,-46000000.0,0.0,-23000000.0,-23000000.0,-23000000.0,0.0,0.0,-0.014,145000000.0,-25000000.0,,-0.385,,,,,0.0,13.98,,,,,1660000000.0,1660000000.0,0.0,,,,,0.0,51000000.0,1.0,,89223000.0,89223000.0,18.605,,,-40000000.0,,,
80,X,MRQ,2001-06-30,2001-06-30,2001-06-30,2021-08-02,,,,,,,,-98000000.0,,,1617000000.0,-30000000.0,,,,,,,,79000000.0,,0.042,0.1,-27000000.0,52000000.0,0.03,52000000.0,-27000000.0,-75000000.0,-0.34,-0.34,-0.34,,,,,,,-109000000.0,-1.222,1.0,120000000.0,0.069,,48000000.0,,,,,,,,,,,74000000.0,0.0,0.0,-6000000.0,-11000000.0,183000000.0,-98000000.0,-3000000.0,-11000000.0,0.0,-30000000.0,-30000000.0,-30000000.0,0.0,0.0,-0.017,147000000.0,-27000000.0,,-0.294,,,,,0.0,20.15,,,,,1737000000.0,1737000000.0,0.0,,,,,0.0,68000000.0,1.0,,89223000.0,89223000.0,19.468,,,-45000000.0,,,
81,X,MRQ,2001-03-31,2001-03-31,2001-03-31,2021-08-02,,,,,,,,-34000000.0,,,1557000000.0,9000000.0,,,,,,,,73000000.0,,0.068,0.25,-101000000.0,-28000000.0,-0.018,-28000000.0,-101000000.0,-89000000.0,0.1,0.1,0.1,,,,,,,216000000.0,2.421,1.0,7000000.0,0.004,,-12000000.0,,,,,,,,,,,-39000000.0,-14000000.0,0.0,0.0,-24000000.0,-250000000.0,-38000000.0,0.0,250000000.0,-1000000.0,9000000.0,9000000.0,9000000.0,0.0,0.0,0.006,108000000.0,-101000000.0,,2.5,,,,,0.0,14.69,,,,,1564000000.0,1564000000.0,0.0,,,,,0.0,35000000.0,1.0,,89223000.0,89223000.0,17.529,,,-98000000.0,,,
82,X,MRQ,2000-12-31,2000-12-31,2000-12-31,2021-08-02,-30000000.0,8711000000.0,,2717000000.0,5994000000.0,,,,219000000.0,219000000.0,,,1.953,3.539,2628000000.0,209000000.0,2419000000.0,2628000000.0,0.0,,0.0,0.056,0.25,,,,,,,,,,1919000000.0,,1919000000.0,,,,,,1.0,,,0.0,,9729000000.0,,946000000.0,439000000.0,0.0,439000000.0,6792000000.0,1391000000.0,5401000000.0,,,,,,,,,,,,,,,,,,,,962000000.0,,,,-75.0,2739000000.0,,18.0,,,1438000000.0,,,,,,,,,,,1.0,,,,,8711000000.0,201000000.0,,839000000.0,,1326000000.0
0,X,MRT,2021-06-30,2021-06-30,2021-06-30,2021-08-02,107000000.0,16084000000.0,13640750000.0,5638000000.0,10446000000.0,0.996,21.698,-363000000.0,1329000000.0,1329000000.0,11437000000.0,918000000.0,1.267,1.733,5767000000.0,819000000.0,4948000000.0,5767000000.0,0.0,715000000.0,0.0,0.002,0.04,1291000000.0,2006000000.0,0.148,2006000000.0,1291000000.0,764000000.0,3.56,3.33,3.56,5851000000.0,4428250000.0,5851000000.0,11769871920.0,9.0,5.867,1240000000.0,4.598,1.0,2154000000.0,0.158,1442000000.0,527000000.0,14629000000.0,13745750000.0,1914000000.0,95000000.0,0.0,95000000.0,10141000000.0,4451000000.0,5690000000.0,6471871920.0,-957000000.0,-631000000.0,790000000.0,-2408000000.0,-5000000.0,-1580000000.0,-995000000.0,0.0,1603000000.0,15000000.0,918000000.0,918000000.0,918000000.0,0.0,0.0,0.068,950000000.0,1204000000.0,3244000000.0,0.011,1.106,7.05,6.742,7567000000.0,0.0,24.0,0.476,0.476,2582000000.0,480000000.0,13591000000.0,13591000000.0,0.0,0.067,0.207,0.094,0.095,0.0,342000000.0,1.0,269661330.0,269661330.0,,50.4,14642000000.0,44000000.0,-154000000.0,254000000.0,54.298,1187000000.0
1,X,MRT,2021-03-31,2021-03-31,2021-03-31,2021-08-02,-90000000.0,14689000000.0,12757500000.0,4250000000.0,10439000000.0,0.835,17.629,-413000000.0,753000000.0,753000000.0,10033000000.0,-683000000.0,1.352,2.155,6051000000.0,103000000.0,5948000000.0,6051000000.0,0.0,672000000.0,0.0,0.002,0.04,-275000000.0,397000000.0,0.037,397000000.0,-275000000.0,-805000000.0,-3.55,-3.56,-3.55,4627000000.0,3869750000.0,4627000000.0,9992888445.0,-36.0,25.171,-22000000.0,-0.084,1.0,624000000.0,0.059,1448000000.0,530000000.0,15395000000.0,13543500000.0,1750000000.0,122000000.0,0.0,122000000.0,9969000000.0,3144000000.0,6825000000.0,6868888445.0,-615000000.0,-634000000.0,1201000000.0,-1254000000.0,-5000000.0,25000000.0,-1048000000.0,0.0,391000000.0,17000000.0,-683000000.0,-683000000.0,-683000000.0,0.0,0.0,-0.064,912000000.0,-288000000.0,2813000000.0,-0.011,1.485,-10.057,-7.372,7773000000.0,0.0,26.17,0.645,0.645,2164000000.0,-532000000.0,10657000000.0,10657000000.0,0.0,-0.054,-0.176,-0.02,-0.026,0.0,298000000.0,1.0,262471855.0,262471855.0,,40.602,13241000000.0,14000000.0,-122000000.0,222000000.0,50.447,1106000000.0
2,X,MRT,2020-12-31,2020-12-31,2020-12-31,2021-08-02,-47000000.0,12059000000.0,12176750000.0,4432000000.0,7627000000.0,0.8,17.178,-558000000.0,1985000000.0,1985000000.0,9558000000.0,-1165000000.0,1.669,2.161,5109000000.0,251000000.0,4858000000.0,5109000000.0,0.0,643000000.0,0.0,0.002,0.04,-1075000000.0,-432000000.0,-0.044,-432000000.0,-1075000000.0,-1307000000.0,-5.92,-5.92,-5.92,3786000000.0,3644250000.0,3786000000.0,7124178702.0,-7.0,-16.491,-420000000.0,-1.906,1.0,183000000.0,0.019,133000000.0,232000000.0,12394000000.0,12963000000.0,1402000000.0,130000000.0,0.0,130000000.0,8180000000.0,2656000000.0,5524000000.0,3696178702.0,1179000000.0,-1000000.0,0.0,1086000000.0,-8000000.0,1581000000.0,-563000000.0,-4000000.0,138000000.0,23000000.0,-1165000000.0,-1165000000.0,-1165000000.0,0.0,0.0,-0.12,1169000000.0,-986000000.0,2192000000.0,-0.007,0.976,-3.173,-2.833,5658000000.0,0.0,16.77,0.379,0.379,2171000000.0,-623000000.0,9741000000.0,9741000000.0,0.0,-0.096,-0.32,-0.083,-0.11,0.0,274000000.0,1.0,220404216.0,220404216.0,,44.196,11926000000.0,22000000.0,-142000000.0,165000000.0,54.11,1776000000.0
3,X,MRT,2020-09-30,2020-09-30,2020-09-30,2021-08-02,-332000000.0,11731000000.0,12064000000.0,4244000000.0,7487000000.0,0.829,15.649,-862000000.0,1696000000.0,1696000000.0,9955000000.0,-1882000000.0,1.723,2.385,5124000000.0,322000000.0,4802000000.0,5124000000.0,0.0,643000000.0,0.0,0.011,0.08,-1494000000.0,-851000000.0,-0.085,-851000000.0,-1494000000.0,-1709000000.0,-10.61,-10.61,-10.61,3449000000.0,3720750000.0,3449000000.0,5159741967.0,-3.0,-6.063,-725000000.0,-3.289,1.0,48000000.0,0.005,131000000.0,215000000.0,12565000000.0,12855000000.0,1398000000.0,89000000.0,0.0,89000000.0,8227000000.0,2463000000.0,5764000000.0,1617741967.0,1291000000.0,-705000000.0,410000000.0,2262000000.0,-12000000.0,2711000000.0,-1571000000.0,0.0,137000000.0,14000000.0,-1882000000.0,-1882000000.0,-1882000000.0,0.0,0.0,-0.188,1521000000.0,-1473000000.0,1958000000.0,-0.008,0.469,-0.86,-0.692,5655000000.0,0.0,7.34,0.162,0.162,2385000000.0,-671000000.0,10003000000.0,10003000000.0,0.0,-0.156,-0.506,-0.116,-0.149,0.0,265000000.0,1.0,220400813.0,220400813.0,,45.385,11600000000.0,21000000.0,173000000.0,115000000.0,52.631,1781000000.0
4,X,MRT,2020-06-30,2020-06-30,2020-06-30,2021-08-02,-390000000.0,12551000000.0,11860500000.0,4924000000.0,7627000000.0,0.905,21.23,-1075000000.0,2300000000.0,2300000000.0,10562000000.0,-1732000000.0,2.3,2.46,5842000000.0,152000000.0,5690000000.0,5842000000.0,0.0,642000000.0,0.0,0.017,0.12,-1363000000.0,-721000000.0,-0.067,-721000000.0,-1363000000.0,-1579000000.0,-10.04,-10.04,-10.04,3617000000.0,3908250000.0,3617000000.0,4848113514.0,-4.0,-6.724,-1121000000.0,-6.58,1.0,170000000.0,0.016,132000000.0,216000000.0,13820000000.0,12276500000.0,1634000000.0,128000000.0,0.0,128000000.0,8897000000.0,2141000000.0,6756000000.0,1230113514.0,1747000000.0,-705000000.0,392000000.0,3168000000.0,-17000000.0,3579000000.0,-1784000000.0,0.0,-46000000.0,-2000000.0,-1732000000.0,-1732000000.0,-1732000000.0,0.0,0.0,-0.161,1574000000.0,-1404000000.0,1813000000.0,-0.012,0.34,-0.71,-0.719,5646000000.0,0.0,7.22,0.115,0.115,2315000000.0,-438000000.0,10732000000.0,10732000000.0,0.0,-0.146,-0.443,-0.111,-0.127,0.0,263000000.0,1.0,170375833.0,170375833.0,,62.99,12419000000.0,19000000.0,153000000.0,122000000.0,72.892,2783000000.0
5,X,MRT,2020-03-31,2020-03-31,2020-03-31,2021-08-02,-454000000.0,12366000000.0,11545500000.0,4686000000.0,7680000000.0,1.055,21.906,-1227000000.0,1350000000.0,1350000000.0,11515000000.0,-1075000000.0,1.687,2.319,4968000000.0,159000000.0,4809000000.0,4968000000.0,0.0,633000000.0,0.0,0.025,0.16,-716000000.0,-83000000.0,-0.007,-83000000.0,-716000000.0,-924000000.0,-6.29,-6.29,-6.29,3725000000.0,4081750000.0,3725000000.0,4201997050.0,-6.0,-50.626,-716000000.0,-4.211,1.0,671000000.0,0.055,134000000.0,208000000.0,13073000000.0,11301500000.0,2075000000.0,143000000.0,0.0,143000000.0,8640000000.0,2777000000.0,5863000000.0,1072997050.0,788000000.0,-702000000.0,-46000000.0,2293000000.0,-26000000.0,2216000000.0,-1933000000.0,0.0,511000000.0,-6000000.0,-1075000000.0,-1075000000.0,-1075000000.0,0.0,0.0,-0.088,1495000000.0,-824000000.0,2458000000.0,-0.025,0.288,-0.998,-1.003,5653000000.0,0.0,6.31,0.088,0.088,2593000000.0,151000000.0,12186000000.0,12186000000.0,0.0,-0.093,-0.263,-0.063,-0.059,0.0,283000000.0,1.0,170047076.0,170047076.0,,71.663,12232000000.0,5000000.0,151000000.0,124000000.0,71.933,1909000000.0
6,X,MRT,2019-12-31,2019-12-31,2019-12-31,2021-08-02,-478000000.0,11608000000.0,11242000000.0,3813000000.0,7795000000.0,1.151,24.065,-1248000000.0,749000000.0,749000000.0,12082000000.0,-630000000.0,1.453,1.837,3878000000.0,74000000.0,3804000000.0,3878000000.0,0.0,616000000.0,0.0,0.018,0.2,-230000000.0,386000000.0,0.03,386000000.0,-230000000.0,-452000000.0,-3.67,-3.67,-3.67,4092000000.0,4209250000.0,4092000000.0,4276133055.0,-19.0,11.078,-566000000.0,-3.329,1.0,855000000.0,0.066,150000000.0,222000000.0,11962000000.0,10485750000.0,1785000000.0,188000000.0,0.0,188000000.0,7515000000.0,2625000000.0,4890000000.0,1940133055.0,-101000000.0,-710000000.0,-88000000.0,1307000000.0,-35000000.0,1177000000.0,-1958000000.0,0.0,682000000.0,-2000000.0,-630000000.0,-630000000.0,-630000000.0,0.0,0.0,-0.049,1179000000.0,-324000000.0,2390000000.0,-0.054,0.474,-3.08,-3.109,5677000000.0,0.0,11.41,0.15,0.15,2643000000.0,544000000.0,12937000000.0,12937000000.0,0.0,-0.056,-0.15,-0.022,-0.018,0.0,289000000.0,1.0,170037954.0,170037954.0,,76.083,11458000000.0,19000000.0,178000000.0,120000000.0,67.385,1188000000.0
7,X,MRT,2019-09-30,2019-09-30,2019-09-30,2021-08-02,-975000000.0,10917000000.0,11085500000.0,4042000000.0,6875000000.0,1.245,24.592,-1329000000.0,476000000.0,476000000.0,12505000000.0,630000000.0,1.418,1.6,2812000000.0,123000000.0,2689000000.0,2812000000.0,0.0,591000000.0,0.0,0.017,0.2,459000000.0,1050000000.0,0.076,1050000000.0,459000000.0,248000000.0,3.56,3.54,3.56,4199000000.0,4236750000.0,4199000000.0,3978085496.0,9.0,3.789,-717000000.0,-4.199,1.0,1299000000.0,0.094,152000000.0,211000000.0,10251000000.0,9747250000.0,2071000000.0,0.0,0.0,0.0,6717000000.0,2850000000.0,3867000000.0,1972085496.0,-889000000.0,30000000.0,-128000000.0,12000000.0,-35000000.0,-191000000.0,-1300000000.0,-1000000.0,612000000.0,-10000000.0,630000000.0,630000000.0,630000000.0,0.0,0.0,0.046,953000000.0,346000000.0,2594000000.0,0.056,0.47,3.13,3.244,5549000000.0,0.0,11.55,0.143,0.143,1976000000.0,1221000000.0,13804000000.0,13804000000.0,0.0,0.057,0.149,0.047,0.033,0.0,308000000.0,1.0,170743333.0,170743333.0,,80.846,10765000000.0,460000000.0,-382000000.0,115000000.0,63.048,1192000000.0
8,X,MRT,2019-06-30,2019-06-30,2019-06-30,2021-08-02,-963000000.0,11291000000.0,10998500000.0,4547000000.0,6744000000.0,1.315,25.007,-1238000000.0,651000000.0,651000000.0,12775000000.0,1005000000.0,1.411,1.619,2657000000.0,124000000.0,2533000000.0,2657000000.0,0.0,556000000.0,0.0,0.013,0.2,912000000.0,1468000000.0,0.101,1468000000.0,912000000.0,690000000.0,5.69,5.65,5.69,4311000000.0,4172250000.0,4311000000.0,4593315962.0,5.0,3.129,-227000000.0,-1.317,1.0,1689000000.0,0.117,154000000.0,222000000.0,9920000000.0,9292250000.0,2166000000.0,0.0,0.0,0.0,6979000000.0,3223000000.0,3756000000.0,2639315962.0,-590000000.0,30000000.0,-110000000.0,-198000000.0,-36000000.0,-384000000.0,-1209000000.0,-1000000.0,1011000000.0,-8000000.0,1005000000.0,1005000000.0,1005000000.0,0.0,0.0,0.069,876000000.0,813000000.0,2949000000.0,0.035,0.612,2.626,2.691,5470000000.0,0.0,15.31,0.182,0.182,2188000000.0,1314000000.0,14464000000.0,14464000000.0,0.0,0.091,0.241,0.098,0.063,0.0,326000000.0,1.0,172391637.0,172391637.0,,83.902,11137000000.0,433000000.0,-315000000.0,129000000.0,64.603,1324000000.0
9,X,MRT,2019-03-31,2019-03-31,2019-03-31,2021-08-02,-996000000.0,11152000000.0,10690250000.0,4630000000.0,6522000000.0,1.359,24.448,-1085000000.0,676000000.0,676000000.0,12669000000.0,1151000000.0,1.475,1.633,2630000000.0,119000000.0,2511000000.0,2630000000.0,0.0,536000000.0,0.0,0.01,0.2,1098000000.0,1634000000.0,0.112,1634000000.0,1098000000.0,855000000.0,6.51,6.46,6.51,4235000000.0,3995750000.0,4235000000.0,4757109994.0,4.0,2.911,-19000000.0,-0.11,1.0,1859000000.0,0.128,156000000.0,243000000.0,9810000000.0,8889250000.0,2133000000.0,0.0,0.0,0.0,6916000000.0,3140000000.0,3776000000.0,3376109994.0,-708000000.0,30000000.0,-82000000.0,-533000000.0,-36000000.0,-688000000.0,-1057000000.0,-2000000.0,1066000000.0,-29000000.0,1151000000.0,1151000000.0,1151000000.0,0.0,0.0,0.079,869000000.0,990000000.0,2880000000.0,0.031,0.797,2.933,2.994,5223000000.0,0.0,19.49,0.232,0.232,2264000000.0,1255000000.0,14528000000.0,14528000000.0,0.0,0.108,0.288,0.124,0.076,0.0,336000000.0,1.0,173222678.0,173222678.0,,83.869,10996000000.0,427000000.0,-296000000.0,127000000.0,63.479,1490000000.0
10,X,MRT,2018-12-31,2018-12-31,2018-12-31,2021-08-02,-1026000000.0,10982000000.0,10408750000.0,4830000000.0,6152000000.0,1.362,23.704,-991000000.0,1000000000.0,1000000000.0,12305000000.0,1115000000.0,1.511,1.613,2381000000.0,65000000.0,2316000000.0,2381000000.0,0.0,521000000.0,0.0,0.011,0.2,1124000000.0,1645000000.0,0.116,1645000000.0,1124000000.0,812000000.0,6.31,6.25,6.31,4202000000.0,3796500000.0,4202000000.0,4391379957.0,4.0,2.67,-53000000.0,-0.299,1.0,1873000000.0,0.132,158000000.0,312000000.0,9008000000.0,8532250000.0,2092000000.0,37000000.0,0.0,37000000.0,6779000000.0,3197000000.0,3582000000.0,3233379957.0,-557000000.0,30000000.0,-40000000.0,-431000000.0,-36000000.0,-515000000.0,-963000000.0,-2000000.0,938000000.0,-17000000.0,1115000000.0,1115000000.0,1115000000.0,0.0,0.0,0.079,851000000.0,1022000000.0,2975000000.0,0.032,0.769,2.9,2.891,4865000000.0,0.0,18.24,0.228,0.228,2172000000.0,1212000000.0,14178000000.0,14178000000.0,0.0,0.107,0.294,0.132,0.079,0.0,336000000.0,1.0,177268638.0,177268638.0,,79.98,10824000000.0,445000000.0,-303000000.0,132000000.0,61.06,1633000000.0
11,X,MRT,2018-09-30,2018-09-30,2018-09-30,2021-08-02,-771000000.0,10569000000.0,10128750000.0,5068000000.0,5501000000.0,1.345,22.237,-845000000.0,1344000000.0,1344000000.0,11849000000.0,682000000.0,1.616,1.682,2502000000.0,4000000.0,2498000000.0,2502000000.0,0.0,509000000.0,0.0,0.007,0.2,973000000.0,1482000000.0,0.109,1482000000.0,973000000.0,629000000.0,3.86,3.82,3.86,3941000000.0,3576000000.0,3941000000.0,6715771548.0,7.0,4.532,157000000.0,0.886,1.0,1771000000.0,0.13,160000000.0,344000000.0,8431000000.0,8298250000.0,1950000000.0,0.0,0.0,0.0,6627000000.0,3136000000.0,3491000000.0,5401771548.0,-351000000.0,11000000.0,20000000.0,-503000000.0,-36000000.0,-508000000.0,-834000000.0,0.0,1002000000.0,-11000000.0,682000000.0,682000000.0,682000000.0,0.0,0.0,0.05,779000000.0,992000000.0,2950000000.0,0.052,1.371,7.92,7.896,4643000000.0,0.0,30.48,0.397,0.397,2181000000.0,629000000.0,13620000000.0,13620000000.0,0.0,0.067,0.191,0.117,0.071,0.0,348000000.0,1.0,177223476.0,177223476.0,,76.852,10409000000.0,56000000.0,-53000000.0,151000000.0,58.734,1932000000.0
12,X,MRT,2018-06-30,2018-06-30,2018-06-30,2021-08-02,-818000000.0,10058000000.0,9956000000.0,4812000000.0,5246000000.0,1.32,20.391,-760000000.0,1231000000.0,1231000000.0,11505000000.0,538000000.0,1.658,1.79,2545000000.0,4000000.0,2541000000.0,2545000000.0,0.0,501000000.0,0.0,0.006,0.2,860000000.0,1361000000.0,0.104,1361000000.0,860000000.0,462000000.0,3.06,3.03,3.06,3605000000.0,3292500000.0,3605000000.0,7623604496.0,9.0,5.601,116000000.0,0.656,1.0,1634000000.0,0.124,162000000.0,398000000.0,8308000000.0,8256000000.0,1848000000.0,0.0,0.0,0.0,6452000000.0,2902000000.0,3550000000.0,6143604496.0,-293000000.0,116000000.0,20000000.0,-516000000.0,-35000000.0,-519000000.0,-647000000.0,-3000000.0,876000000.0,-3000000.0,538000000.0,538000000.0,538000000.0,0.0,0.0,0.041,768000000.0,866000000.0,2717000000.0,0.065,1.704,11.419,11.356,4401000000.0,0.0,34.75,0.468,0.468,2154000000.0,347000000.0,13139000000.0,13139000000.0,0.0,0.054,0.163,0.104,0.065,0.0,342000000.0,1.0,176794374.0,176794374.0,,74.318,9896000000.0,56000000.0,-76000000.0,141000000.0,55.975,1910000000.0
13,X,MRT,2018-03-31,2018-03-31,2018-03-31,2021-08-02,-775000000.0,10026000000.0,9836500000.0,4830000000.0,5196000000.0,1.288,19.547,-661000000.0,1372000000.0,1372000000.0,11107000000.0,585000000.0,1.632,1.916,2852000000.0,281000000.0,2571000000.0,2852000000.0,0.0,492000000.0,0.0,0.006,0.2,886000000.0,1378000000.0,0.109,1378000000.0,886000000.0,481000000.0,3.34,3.31,3.34,3438000000.0,3029750000.0,3438000000.0,7339330019.0,8.0,5.326,201000000.0,1.143,1.0,1567000000.0,0.124,165000000.0,405000000.0,8382000000.0,8194750000.0,1824000000.0,0.0,0.0,0.0,6587000000.0,2959000000.0,3628000000.0,6189330019.0,48000000.0,116000000.0,20000000.0,-288000000.0,-35000000.0,-294000000.0,-546000000.0,-1000000.0,862000000.0,26000000.0,585000000.0,585000000.0,585000000.0,0.0,0.0,0.046,726000000.0,841000000.0,2500000000.0,0.06,1.8,10.58,10.536,4357000000.0,0.0,35.19,0.488,0.488,2057000000.0,142000000.0,12674000000.0,12674000000.0,0.0,0.059,0.193,0.108,0.07,0.0,317000000.0,1.0,175883206.0,175883206.0,,72.059,9861000000.0,56000000.0,-104000000.0,137000000.0,56.066,1871000000.0
14,X,MRT,2017-12-31,2017-12-31,2017-12-31,2021-08-02,-845000000.0,9862000000.0,9626500000.0,4755000000.0,5107000000.0,1.273,18.972,-500000000.0,1553000000.0,1553000000.0,10858000000.0,387000000.0,1.715,1.97,2703000000.0,3000000.0,2700000000.0,2703000000.0,0.0,501000000.0,0.0,0.006,0.2,669000000.0,1170000000.0,0.096,1170000000.0,669000000.0,301000000.0,2.21,2.19,2.21,3320000000.0,2713500000.0,3320000000.0,7363055188.0,11.0,6.293,326000000.0,1.863,1.0,1392000000.0,0.114,167000000.0,368000000.0,8072000000.0,8099750000.0,1738000000.0,0.0,0.0,0.0,6541000000.0,2773000000.0,3768000000.0,6158055188.0,42000000.0,116000000.0,20000000.0,-390000000.0,-35000000.0,-415000000.0,-386000000.0,-2000000.0,826000000.0,17000000.0,387000000.0,387000000.0,387000000.0,0.0,0.0,0.032,769000000.0,623000000.0,2569000000.0,0.09,1.855,15.912,15.923,4280000000.0,0.0,35.19,0.503,0.503,1859000000.0,133000000.0,12250000000.0,12250000000.0,0.0,0.04,0.143,0.083,0.055,0.0,320000000.0,1.0,174994464.0,174994464.0,,70.002,9695000000.0,56000000.0,-86000000.0,138000000.0,55.402,1982000000.0
15,X,MRT,2017-09-30,2017-09-30,2017-09-30,2021-08-02,-1196000000.0,9878000000.0,9451000000.0,5001000000.0,4877000000.0,1.245,16.048,-323000000.0,1694000000.0,1694000000.0,10525000000.0,123000000.0,1.886,2.519,2899000000.0,3000000.0,2896000000.0,2899000000.0,0.0,499000000.0,0.0,0.008,0.2,407000000.0,906000000.0,0.077,906000000.0,407000000.0,124000000.0,0.71,0.69,0.71,2807000000.0,2452000000.0,2807000000.0,5893231733.0,14.0,6.505,397000000.0,2.27,1.0,1242000000.0,0.106,169000000.0,283000000.0,8262000000.0,8124250000.0,1737000000.0,0.0,0.0,0.0,7070000000.0,2652000000.0,4418000000.0,4488231733.0,254000000.0,105000000.0,-451000000.0,-243000000.0,-35000000.0,-244000000.0,-222000000.0,-7000000.0,720000000.0,0.0,123000000.0,123000000.0,123000000.0,0.0,0.0,0.01,964000000.0,278000000.0,2430000000.0,0.282,1.599,36.49,36.141,4111000000.0,0.0,25.66,0.381,0.381,1997000000.0,-18000000.0,11767000000.0,11767000000.0,0.0,0.013,0.05,0.05,0.035,0.0,323000000.0,1.0,174911603.0,174911603.0,,67.274,9709000000.0,0.0,1000000.0,186000000.0,55.508,2349000000.0
16,X,MRT,2017-06-30,2017-06-30,2017-06-30,2021-08-02,-1303000000.0,9580000000.0,9348250000.0,4723000000.0,4857000000.0,1.199,14.623,-198000000.0,1522000000.0,1522000000.0,10057000000.0,27000000.0,1.717,2.751,2927000000.0,175000000.0,2752000000.0,2927000000.0,0.0,507000000.0,0.0,0.009,0.2,279000000.0,786000000.0,0.07,786000000.0,279000000.0,47000000.0,0.19,0.18,0.19,2554000000.0,2400500000.0,2554000000.0,5573971138.0,20.0,7.092,486000000.0,2.783,1.0,1148000000.0,0.102,171000000.0,232000000.0,8063000000.0,8190750000.0,1727000000.0,0.0,0.0,0.0,7025000000.0,2751000000.0,4274000000.0,3866971138.0,708000000.0,0.0,35000000.0,-239000000.0,-34000000.0,228000000.0,-201000000.0,-6000000.0,684000000.0,-3000000.0,27000000.0,27000000.0,27000000.0,0.0,0.0,0.002,986000000.0,162000000.0,2363000000.0,1.053,1.514,143.221,116.526,4010000000.0,0.0,22.14,0.345,0.345,1992000000.0,-165000000.0,11205000000.0,11205000000.0,0.0,0.003,0.011,0.034,0.025,0.0,321000000.0,1.0,174659943.0,174659943.0,,64.153,9409000000.0,4000000.0,20000000.0,168000000.0,53.87,1972000000.0
17,X,MRT,2017-03-31,2017-03-31,2017-03-31,2021-08-02,-1428000000.0,9186000000.0,9188500000.0,4478000000.0,4708000000.0,1.159,12.468,-193000000.0,1326000000.0,1326000000.0,9731000000.0,-280000000.0,1.648,3.227,3033000000.0,281000000.0,2752000000.0,3033000000.0,0.0,515000000.0,0.0,0.006,0.2,-20000000.0,495000000.0,0.047,495000000.0,-20000000.0,-251000000.0,-1.62,-1.62,-1.62,2173000000.0,2240250000.0,2173000000.0,7408770629.0,-370.0,14.967,313000000.0,1.796,1.0,914000000.0,0.086,173000000.0,231000000.0,8002000000.0,8361250000.0,1718000000.0,0.0,0.0,0.0,7012000000.0,2718000000.0,4294000000.0,5892770629.0,627000000.0,0.0,35000000.0,-118000000.0,-33000000.0,352000000.0,-211000000.0,-21000000.0,506000000.0,-20000000.0,-280000000.0,-280000000.0,-280000000.0,0.0,0.0,-0.026,991000000.0,-77000000.0,2231000000.0,-0.123,2.712,-21.046,-20.87,3880000000.0,0.0,33.81,0.554,0.554,1932000000.0,-425000000.0,10645000000.0,10645000000.0,0.0,-0.03,-0.125,-0.002,-0.002,0.0,318000000.0,1.0,174290761.0,174290761.0,,61.076,9013000000.0,4000000.0,29000000.0,168000000.0,51.712,1760000000.0
18,X,MRT,2016-12-31,2016-12-31,2016-12-31,2021-08-02,-1497000000.0,9160000000.0,9126000000.0,4356000000.0,4804000000.0,1.124,13.186,-294000000.0,1515000000.0,1515000000.0,9608000000.0,-440000000.0,1.869,3.028,3031000000.0,50000000.0,2981000000.0,3031000000.0,0.0,507000000.0,0.0,0.006,0.2,-201000000.0,306000000.0,0.03,306000000.0,-201000000.0,-416000000.0,-2.81,-2.81,-2.81,2274000000.0,2182500000.0,2274000000.0,7327873670.0,-36.0,23.947,460000000.0,2.667,1.0,653000000.0,0.064,175000000.0,215000000.0,8170000000.0,8608250000.0,1573000000.0,0.0,0.0,0.0,6885000000.0,2331000000.0,4554000000.0,5692873670.0,763000000.0,0.0,35000000.0,-135000000.0,-31000000.0,332000000.0,-315000000.0,-21000000.0,754000000.0,-8000000.0,-440000000.0,-440000000.0,-440000000.0,0.0,0.0,-0.043,952000000.0,-299000000.0,2068000000.0,-0.071,2.503,-12.938,-11.747,3979000000.0,0.0,33.01,0.555,0.555,1776000000.0,-250000000.0,10261000000.0,10261000000.0,0.0,-0.048,-0.202,-0.023,-0.02,0.0,306000000.0,1.0,172459063.0,172459063.0,,59.498,8985000000.0,6000000.0,24000000.0,156000000.0,52.099,2025000000.0
19,X,MRT,2016-09-30,2016-09-30,2016-09-30,2021-08-02,-1245000000.0,9467000000.0,9127750000.0,4411000000.0,5056000000.0,1.116,17.726,-406000000.0,1445000000.0,1445000000.0,9822000000.0,-1468000000.0,1.84,2.639,3080000000.0,92000000.0,2988000000.0,3080000000.0,0.0,513000000.0,0.0,0.011,0.2,-554000000.0,-41000000.0,-0.004,-41000000.0,-554000000.0,-849000000.0,-10.07,-10.07,-10.07,2601000000.0,2223000000.0,2601000000.0,5087339757.0,-9.0,-124.081,281000000.0,1.915,1.0,361000000.0,0.035,177000000.0,295000000.0,8528000000.0,8867250000.0,1742000000.0,0.0,0.0,0.0,6865000000.0,2397000000.0,4468000000.0,2767339757.0,280000000.0,0.0,486000000.0,-422000000.0,-29000000.0,16000000.0,-421000000.0,-17000000.0,687000000.0,-2000000.0,-1468000000.0,-1468000000.0,-1468000000.0,0.0,0.0,-0.144,1286000000.0,-925000000.0,2119000000.0,-0.02,1.064,-1.885,-1.873,4218000000.0,0.0,18.86,0.272,0.272,1734000000.0,-145000000.0,10183000000.0,10183000000.0,0.0,-0.161,-0.66,-0.062,-0.054,0.0,313000000.0,1.0,146730634.0,146730634.0,,69.399,9290000000.0,6000000.0,619000000.0,136000000.0,63.313,2014000000.0
20,X,MRT,2016-06-30,2016-06-30,2016-06-30,2021-08-02,-1299000000.0,8941000000.0,9558750000.0,3777000000.0,5164000000.0,1.08,13.065,-501000000.0,820000000.0,820000000.0,10116000000.0,-1692000000.0,1.626,3.673,3140000000.0,82000000.0,3058000000.0,3140000000.0,0.0,523000000.0,0.0,0.012,0.2,-856000000.0,-333000000.0,-0.032,-333000000.0,-856000000.0,-1142000000.0,-11.57,-11.57,-11.57,1913000000.0,2365500000.0,1913000000.0,4910707746.0,-6.0,-14.747,21000000.0,0.143,1.0,211000000.0,0.02,193000000.0,286000000.0,8745000000.0,9233500000.0,1675000000.0,0.0,0.0,0.0,7027000000.0,2323000000.0,4704000000.0,2468707746.0,-390000000.0,0.0,0.0,-365000000.0,-29000000.0,-395000000.0,-513000000.0,-15000000.0,522000000.0,-4000000.0,-1692000000.0,-1692000000.0,-1692000000.0,0.0,0.0,-0.164,1410000000.0,-1199000000.0,2086000000.0,-0.017,1.29,-1.459,-1.457,4306000000.0,0.0,16.86,0.239,0.239,1784000000.0,-197000000.0,10327000000.0,10327000000.0,0.0,-0.177,-0.715,-0.093,-0.083,0.0,339000000.0,1.0,146423947.0,146423947.0,,70.528,8748000000.0,14000000.0,550000000.0,137000000.0,59.744,1454000000.0
21,X,MRT,2016-03-31,2016-03-31,2016-03-31,2021-08-02,-1321000000.0,8936000000.0,10126750000.0,3683000000.0,5253000000.0,1.051,13.275,-535000000.0,705000000.0,705000000.0,10511000000.0,-1907000000.0,1.679,3.601,3147000000.0,71000000.0,3076000000.0,3147000000.0,0.0,532000000.0,0.0,0.012,0.2,-1276000000.0,-744000000.0,-0.07,-744000000.0,-1276000000.0,-1536000000.0,-13.04,-13.04,-13.04,1942000000.0,2757250000.0,1942000000.0,4753872549.0,-4.0,-6.39,-135000000.0,-0.923,1.0,132000000.0,0.012,195000000.0,260000000.0,8990000000.0,9562000000.0,1801000000.0,0.0,0.0,0.0,6993000000.0,2193000000.0,4800000000.0,2347872549.0,-561000000.0,-25000000.0,1000000.0,-396000000.0,-29000000.0,-425000000.0,-554000000.0,-2000000.0,400000000.0,18000000.0,-1907000000.0,-1907000000.0,-1907000000.0,0.0,0.0,-0.179,1485000000.0,-1353000000.0,1951000000.0,-0.015,1.209,-1.231,-1.231,4395000000.0,0.0,16.05,0.221,0.221,1679000000.0,-157000000.0,10643000000.0,10643000000.0,0.0,-0.188,-0.692,-0.133,-0.12,0.0,382000000.0,1.0,146284894.0,146284894.0,,72.755,8741000000.0,7000000.0,371000000.0,133000000.0,59.753,1490000000.0
22,X,MRT,2015-12-31,2015-12-31,2015-12-31,2021-08-02,-1169000000.0,9167000000.0,10778750000.0,3917000000.0,5250000000.0,1.074,16.654,-496000000.0,755000000.0,755000000.0,11141000000.0,-1642000000.0,1.824,2.763,3138000000.0,45000000.0,3093000000.0,3138000000.0,0.0,547000000.0,0.0,0.025,0.2,-1202000000.0,-655000000.0,-0.057,-655000000.0,-1202000000.0,-1459000000.0,-11.24,-11.24,-11.24,2436000000.0,3188500000.0,2436000000.0,3500264820.0,-3.0,-5.344,-136000000.0,-0.93,1.0,433000000.0,0.037,196000000.0,257000000.0,9206000000.0,9889750000.0,2074000000.0,0.0,0.0,0.0,6730000000.0,2148000000.0,4582000000.0,1167264820.0,-599000000.0,-25000000.0,1000000.0,-379000000.0,-29000000.0,-408000000.0,-510000000.0,-2000000.0,360000000.0,-41000000.0,-1642000000.0,-1642000000.0,-1642000000.0,0.0,0.0,-0.142,1673000000.0,-1240000000.0,1955000000.0,-0.018,0.479,-0.711,-0.71,4411000000.0,0.0,7.98,0.101,0.101,1603000000.0,190000000.0,11574000000.0,11574000000.0,0.0,-0.152,-0.515,-0.122,-0.104,0.0,415000000.0,1.0,146273787.0,146273787.0,,79.126,8971000000.0,15000000.0,183000000.0,128000000.0,61.33,1769000000.0
23,X,MRT,2015-09-30,2015-09-30,2015-09-30,2021-08-02,-1568000000.0,11191000000.0,11490250000.0,5385000000.0,5806000000.0,1.138,21.682,-549000000.0,1165000000.0,1165000000.0,11984000000.0,-234000000.0,1.616,2.529,3498000000.0,371000000.0,3127000000.0,3498000000.0,0.0,556000000.0,0.0,0.019,0.2,-352000000.0,204000000.0,0.016,204000000.0,-352000000.0,-572000000.0,-1.59,-1.61,-1.59,3171000000.0,3529250000.0,3171000000.0,3811919196.0,-11.0,18.686,10000000.0,0.068,1.0,1090000000.0,0.083,198000000.0,220000000.0,9993000000.0,10184250000.0,2435000000.0,0.0,0.0,0.0,8019000000.0,3333000000.0,4686000000.0,1523919196.0,-92000000.0,-25000000.0,4000000.0,-20000000.0,-29000000.0,-45000000.0,-564000000.0,-4000000.0,559000000.0,-42000000.0,-234000000.0,-234000000.0,-234000000.0,0.0,0.0,-0.018,1236000000.0,-146000000.0,2800000000.0,-0.126,0.481,-6.512,-6.553,4415000000.0,0.0,10.42,0.117,0.117,1992000000.0,1331000000.0,13074000000.0,13074000000.0,0.0,-0.02,-0.066,-0.035,-0.027,0.0,425000000.0,1.0,146249443.0,146249443.0,,89.395,10993000000.0,833000000.0,-338000000.0,99000000.0,75.166,2052000000.0
24,X,MRT,2015-06-30,2015-06-30,2015-06-30,2021-08-02,-1432000000.0,11213000000.0,11694500000.0,5436000000.0,5777000000.0,1.268,23.888,-502000000.0,1210000000.0,1210000000.0,13178000000.0,-268000000.0,1.677,2.222,3498000000.0,374000000.0,3124000000.0,3498000000.0,0.0,578000000.0,0.0,0.01,0.2,-323000000.0,255000000.0,0.017,255000000.0,-323000000.0,-550000000.0,-1.83,-1.85,-1.83,3480000000.0,3722000000.0,3480000000.0,5271905826.0,-16.0,20.674,-151000000.0,-1.037,1.0,1653000000.0,0.111,200000000.0,227000000.0,10059000000.0,10316000000.0,2330000000.0,0.0,0.0,0.0,7732000000.0,3242000000.0,4490000000.0,3003905826.0,-261000000.0,-25000000.0,13000000.0,-21000000.0,-29000000.0,-37000000.0,-511000000.0,-5000000.0,351000000.0,-64000000.0,-268000000.0,-268000000.0,-268000000.0,0.0,0.0,-0.018,1417000000.0,236000000.0,2690000000.0,-0.109,0.863,-11.209,-11.268,4431000000.0,0.0,20.62,0.203,0.203,2169000000.0,1510000000.0,14831000000.0,14831000000.0,0.0,-0.023,-0.072,-0.031,-0.022,0.0,451000000.0,1.0,145679235.0,145679235.0,,101.806,11013000000.0,718000000.0,-282000000.0,142000000.0,75.598,2194000000.0
25,X,MRT,2015-03-31,2015-03-31,2015-03-31,2021-08-02,-1501000000.0,11544000000.0,12242750000.0,5742000000.0,5802000000.0,1.334,25.175,-489000000.0,1266000000.0,1266000000.0,14483000000.0,-25000000.0,1.735,2.148,3534000000.0,410000000.0,3124000000.0,3534000000.0,0.0,605000000.0,0.0,0.008,0.2,104000000.0,709000000.0,0.043,709000000.0,104000000.0,-132000000.0,-0.16,-0.18,-0.16,3667000000.0,3730250000.0,3667000000.0,5698123374.0,55.0,8.037,567000000.0,3.893,1.0,1848000000.0,0.113,202000000.0,236000000.0,10301000000.0,10755500000.0,2418000000.0,0.0,0.0,0.0,7876000000.0,3309000000.0,4567000000.0,3554123374.0,167000000.0,0.0,13000000.0,-325000000.0,-29000000.0,-341000000.0,-469000000.0,-5000000.0,1056000000.0,-79000000.0,-25000000.0,-25000000.0,-25000000.0,0.0,0.0,-0.002,1480000000.0,368000000.0,2693000000.0,-1.25,0.969,-142.165,-152.5,4354000000.0,0.0,24.4,0.218,0.218,2562000000.0,1779000000.0,16331000000.0,16331000000.0,0.0,-0.002,-0.007,0.01,0.006,0.0,487000000.0,1.0,145660794.0,145660794.0,,112.117,11342000000.0,578000000.0,-107000000.0,140000000.0,77.866,2433000000.0
26,X,MRT,2014-12-31,2014-12-31,2014-12-31,2021-08-02,-1441000000.0,12013000000.0,12705250000.0,5829000000.0,6184000000.0,1.378,26.113,-451000000.0,1354000000.0,1354000000.0,15455000000.0,102000000.0,1.633,2.162,3498000000.0,378000000.0,3120000000.0,3498000000.0,0.0,627000000.0,0.0,0.007,0.2,413000000.0,1040000000.0,0.059,1040000000.0,413000000.0,170000000.0,0.71,0.69,0.71,3799000000.0,3676000000.0,3799000000.0,6157258792.0,15.0,5.92,1102000000.0,7.575,1.0,2052000000.0,0.117,204000000.0,243000000.0,10384000000.0,11293750000.0,2496000000.0,0.0,0.0,0.0,8213000000.0,3569000000.0,4644000000.0,3890258792.0,750000000.0,0.0,13000000.0,-325000000.0,-29000000.0,-341000000.0,-427000000.0,-5000000.0,1553000000.0,-35000000.0,102000000.0,102000000.0,102000000.0,0.0,0.0,0.006,1365000000.0,687000000.0,3005000000.0,0.282,1.024,38.14,37.662,4574000000.0,0.0,26.74,0.222,0.222,2881000000.0,1862000000.0,17507000000.0,17507000000.0,0.0,0.008,0.028,0.037,0.024,0.0,523000000.0,1.0,145484622.0,145484622.0,,120.336,11809000000.0,347000000.0,68000000.0,134000000.0,81.17,2260000000.0
27,X,MRT,2014-09-30,2014-09-30,2014-09-30,2021-08-02,-1016000000.0,12008000000.0,12987750000.0,6101000000.0,5907000000.0,1.363,27.163,-391000000.0,1257000000.0,1257000000.0,15894000000.0,124000000.0,1.719,2.046,3524000000.0,362000000.0,3162000000.0,3524000000.0,0.0,659000000.0,0.0,0.005,0.2,-213000000.0,446000000.0,0.025,446000000.0,-213000000.0,-481000000.0,0.89,0.87,0.89,3942000000.0,3570000000.0,3942000000.0,7882492352.0,-37.0,17.674,840000000.0,5.788,1.0,1810000000.0,0.102,205000000.0,268000000.0,10520000000.0,11938250000.0,2199000000.0,0.0,0.0,0.0,8065000000.0,3550000000.0,4515000000.0,5684492352.0,560000000.0,-12000000.0,10000000.0,-323000000.0,-29000000.0,-342000000.0,-309000000.0,-2000000.0,1231000000.0,-20000000.0,124000000.0,124000000.0,124000000.0,0.0,0.0,0.007,1722000000.0,88000000.0,2997000000.0,0.225,1.442,45.843,44.011,4570000000.0,0.0,39.17,0.321,0.321,3044000000.0,1594000000.0,17704000000.0,17704000000.0,0.0,0.01,0.035,-0.018,-0.012,0.0,567000000.0,1.0,145123624.0,145123624.0,,121.993,11803000000.0,562000000.0,-605000000.0,529000000.0,81.331,2551000000.0
28,X,MRT,2014-06-30,2014-06-30,2014-06-30,2021-08-02,-1644000000.0,13406000000.0,13237250000.0,6527000000.0,6879000000.0,1.303,24.278,-405000000.0,1471000000.0,1471000000.0,15795000000.0,-1460000000.0,1.854,2.816,3669000000.0,64000000.0,3605000000.0,3669000000.0,0.0,674000000.0,0.0,0.008,0.2,-1774000000.0,-1100000000.0,-0.064,-1100000000.0,-1774000000.0,-2067000000.0,-10.07,-10.09,-10.07,3513000000.0,3028000000.0,3513000000.0,6633033804.0,-4.0,-6.03,969000000.0,6.697,1.0,1453000000.0,0.084,266000000.0,293000000.0,11817000000.0,12493000000.0,2337000000.0,0.0,0.0,0.0,9892000000.0,3521000000.0,6371000000.0,3768033804.0,704000000.0,-12000000.0,1000000.0,-323000000.0,-30000000.0,-352000000.0,-327000000.0,-3000000.0,1374000000.0,9000000.0,-1460000000.0,-1460000000.0,-1460000000.0,0.0,0.0,-0.085,3315000000.0,-1862000000.0,3292000000.0,-0.02,1.073,-2.581,-2.586,5736000000.0,0.0,26.04,0.218,0.218,2693000000.0,1808000000.0,17248000000.0,17248000000.0,0.0,-0.11,-0.482,-0.142,-0.103,0.0,595000000.0,1.0,144701759.0,144701759.0,,119.197,13140000000.0,610000000.0,-607000000.0,619000000.0,90.807,3006000000.0
29,X,MRT,2014-03-31,2014-03-31,2014-03-31,2021-08-02,-1704000000.0,13394000000.0,13601750000.0,6480000000.0,6914000000.0,1.27,23.844,-420000000.0,1099000000.0,1099000000.0,15812000000.0,-1520000000.0,1.831,2.882,3964000000.0,349000000.0,3615000000.0,3964000000.0,0.0,679000000.0,0.0,0.007,0.2,-1816000000.0,-1137000000.0,-0.066,-1137000000.0,-1816000000.0,-2113000000.0,-10.49,-10.51,-10.49,3450000000.0,3018000000.0,3450000000.0,7329822648.0,-4.0,-6.447,322000000.0,2.225,1.0,1465000000.0,0.085,266000000.0,297000000.0,12454000000.0,12724250000.0,2411000000.0,0.0,0.0,0.0,9943000000.0,3539000000.0,6404000000.0,3994822648.0,366000000.0,-12000000.0,0.0,-3000000.0,-29000000.0,-32000000.0,-358000000.0,-5000000.0,742000000.0,14000000.0,-1520000000.0,-1520000000.0,-1520000000.0,0.0,0.0,-0.088,3309000000.0,-1844000000.0,2977000000.0,-0.019,1.158,-2.628,-2.632,5791000000.0,0.0,27.61,0.231,0.231,2807000000.0,1807000000.0,17277000000.0,17277000000.0,0.0,-0.112,-0.504,-0.143,-0.105,0.0,603000000.0,1.0,144687528.0,144687528.0,,119.409,13128000000.0,703000000.0,-593000000.0,538000000.0,90.733,2941000000.0
30,X,MRT,2013-12-31,2013-12-31,2013-12-31,2021-08-02,-1752000000.0,13143000000.0,14041000000.0,6078000000.0,7065000000.0,1.241,23.329,-465000000.0,604000000.0,604000000.0,16016000000.0,-1645000000.0,1.873,2.894,3939000000.0,323000000.0,3616000000.0,3939000000.0,0.0,684000000.0,0.0,0.007,0.2,-1900000000.0,-1216000000.0,-0.07,-1216000000.0,-1900000000.0,-2232000000.0,-11.37,-11.37,-11.37,3375000000.0,3023000000.0,3375000000.0,7566672606.0,-4.0,-6.223,-60000000.0,-0.415,1.0,1408000000.0,0.081,271000000.0,332000000.0,12962000000.0,12924750000.0,2688000000.0,0.0,0.0,0.0,9767000000.0,3245000000.0,6522000000.0,4267672606.0,34000000.0,-12000000.0,0.0,33000000.0,-29000000.0,4000000.0,-384000000.0,-7000000.0,405000000.0,9000000.0,-1645000000.0,-1645000000.0,-1645000000.0,0.0,0.0,-0.094,3348000000.0,-1940000000.0,2728000000.0,-0.018,1.264,-2.594,-2.595,5922000000.0,0.0,29.5,0.245,0.245,2596000000.0,1789000000.0,17424000000.0,17424000000.0,0.0,-0.117,-0.544,-0.147,-0.109,0.0,610000000.0,1.0,144666868.0,144666868.0,,120.442,12872000000.0,777000000.0,-587000000.0,558000000.0,88.977,2833000000.0
31,X,MRT,2013-09-30,2013-09-30,2013-09-30,2021-08-02,-3058000000.0,13006000000.0,14559500000.0,5354000000.0,7652000000.0,1.212,12.263,-501000000.0,697000000.0,697000000.0,16299000000.0,-1993000000.0,1.629,6.331,3996000000.0,378000000.0,3618000000.0,3996000000.0,0.0,685000000.0,0.0,0.01,0.2,-1665000000.0,-980000000.0,-0.056,-980000000.0,-1665000000.0,-1986000000.0,-13.78,-13.78,-13.78,1774000000.0,3048500000.0,1774000000.0,6191495784.0,-4.0,-6.318,97000000.0,0.671,1.0,1343000000.0,0.076,280000000.0,321000000.0,12739000000.0,13068000000.0,2480000000.0,0.0,0.0,0.0,11231000000.0,3286000000.0,7945000000.0,2978495784.0,161000000.0,0.0,0.0,-347000000.0,-29000000.0,4000000.0,-445000000.0,-17000000.0,598000000.0,4000000.0,-1992000000.0,-1992000000.0,-1992000000.0,0.0,-1000000.0,-0.113,3068000000.0,-1725000000.0,2688000000.0,-0.015,1.679,-1.495,-1.494,6167000000.0,0.0,20.59,0.169,0.169,2564000000.0,1497000000.0,17642000000.0,17642000000.0,0.0,-0.137,-0.653,-0.127,-0.094,0.0,613000000.0,1.0,144657396.0,144657396.0,,121.957,12726000000.0,473000000.0,6000000.0,140000000.0,87.973,2068000000.0
32,X,MRT,2013-06-30,2013-06-30,2013-06-30,2021-08-02,-3148000000.0,14864000000.0,15182000000.0,5416000000.0,9448000000.0,1.196,24.07,-524000000.0,767000000.0,767000000.0,16868000000.0,-158000000.0,1.657,3.28,3980000000.0,369000000.0,3611000000.0,3980000000.0,0.0,675000000.0,0.0,0.011,0.2,99000000.0,774000000.0,0.043,774000000.0,99000000.0,-182000000.0,-1.1,-1.12,-1.1,3473000000.0,3570250000.0,3473000000.0,5778308617.0,58.0,7.466,134000000.0,0.929,1.0,1295000000.0,0.071,2067000000.0,281000000.0,12742000000.0,13286000000.0,2269000000.0,0.0,0.0,0.0,11390000000.0,3268000000.0,8122000000.0,2529308617.0,202000000.0,0.0,0.0,-257000000.0,-29000000.0,94000000.0,-551000000.0,-18000000.0,658000000.0,1000000.0,-157000000.0,-157000000.0,-157000000.0,0.0,-1000000.0,-0.009,1278000000.0,17000000.0,2693000000.0,-0.182,0.728,-16.11,-15.936,6156000000.0,0.0,17.53,0.139,0.139,2763000000.0,3296000000.0,18163000000.0,18163000000.0,0.0,-0.01,-0.044,0.007,0.005,0.0,619000000.0,1.0,144284576.0,144284576.0,,125.883,12797000000.0,473000000.0,-25000000.0,151000000.0,88.693,2148000000.0
33,X,MRT,2013-03-31,2013-03-31,2013-03-31,2021-08-02,-3236000000.0,15151000000.0,15317000000.0,5554000000.0,9597000000.0,1.224,24.05,-626000000.0,733000000.0,733000000.0,17239000000.0,21000000.0,1.799,3.366,3982000000.0,50000000.0,3932000000.0,3982000000.0,0.0,669000000.0,0.0,0.01,0.2,359000000.0,1028000000.0,0.055,1028000000.0,359000000.0,64000000.0,0.14,0.04,0.14,3470000000.0,3585000000.0,3470000000.0,6196505981.0,17.0,6.028,316000000.0,2.19,1.0,1512000000.0,0.081,2057000000.0,295000000.0,13256000000.0,13438750000.0,2316000000.0,0.0,0.0,0.0,11680000000.0,3087000000.0,8593000000.0,2813505981.0,81000000.0,0.0,0.0,-566000000.0,-29000000.0,-215000000.0,-638000000.0,-14000000.0,942000000.0,-8000000.0,22000000.0,22000000.0,22000000.0,0.0,-1000000.0,0.001,1282000000.0,230000000.0,2826000000.0,1.429,0.811,127.887,139.286,6246000000.0,0.0,19.5,0.15,0.15,2898000000.0,3382000000.0,18751000000.0,18751000000.0,0.0,0.001,0.006,0.027,0.019,0.0,633000000.0,1.0,144282358.0,144282358.0,,129.96,13094000000.0,535000000.0,42000000.0,147000000.0,90.753,2467000000.0
34,X,MRT,2012-12-31,2012-12-31,2012-12-31,2021-08-02,-3268000000.0,15217000000.0,15480250000.0,5496000000.0,9721000000.0,1.249,24.099,-568000000.0,570000000.0,570000000.0,17630000000.0,-125000000.0,1.838,3.376,3953000000.0,17000000.0,3936000000.0,3953000000.0,0.0,661000000.0,0.0,0.008,0.2,248000000.0,909000000.0,0.047,909000000.0,248000000.0,7000000.0,-0.86,-0.86,-0.86,3477000000.0,3582500000.0,3477000000.0,6894106238.0,28.0,7.584,567000000.0,3.93,1.0,1698000000.0,0.088,2075000000.0,241000000.0,13535000000.0,13528250000.0,2503000000.0,0.0,0.0,0.0,11739000000.0,2990000000.0,8749000000.0,3441106238.0,162000000.0,0.0,0.0,-344000000.0,-29000000.0,-373000000.0,-602000000.0,-13000000.0,1135000000.0,2000000.0,-124000000.0,-124000000.0,-124000000.0,0.0,-1000000.0,-0.006,1595000000.0,103000000.0,2777000000.0,-0.233,0.99,-27.751,-27.733,6408000000.0,0.0,23.85,0.178,0.178,2689000000.0,3463000000.0,19328000000.0,19328000000.0,0.0,-0.008,-0.035,0.018,0.013,0.0,654000000.0,1.0,144281184.0,144281184.0,,133.961,13142000000.0,605000000.0,131000000.0,146000000.0,91.086,2506000000.0
35,X,MRT,2012-09-30,2012-09-30,2012-09-30,2021-08-02,-2931000000.0,15496000000.0,15694250000.0,5646000000.0,9850000000.0,1.253,26.761,-592000000.0,536000000.0,536000000.0,18076000000.0,-285000000.0,1.728,3.013,3989000000.0,50000000.0,3939000000.0,3989000000.0,0.0,659000000.0,0.0,0.01,0.2,99000000.0,758000000.0,0.039,758000000.0,99000000.0,-180000000.0,-1.99,-2.01,-1.99,3861000000.0,3588250000.0,3861000000.0,6048388802.0,61.0,7.979,426000000.0,2.953,1.0,1584000000.0,0.081,2071000000.0,279000000.0,13611000000.0,13700250000.0,2525000000.0,0.0,0.0,0.0,11633000000.0,3267000000.0,8366000000.0,2751388802.0,266000000.0,0.0,-1000000.0,23000000.0,-29000000.0,-82000000.0,-668000000.0,-23000000.0,1018000000.0,-2000000.0,-285000000.0,-285000000.0,-285000000.0,0.0,0.0,-0.014,1620000000.0,-36000000.0,2996000000.0,-0.101,0.713,-9.654,-9.583,6390000000.0,0.0,19.07,0.14,0.14,3057000000.0,3520000000.0,19660000000.0,19660000000.0,0.0,-0.018,-0.079,0.007,0.005,0.0,680000000.0,1.0,144278385.0,144278385.0,,136.264,13425000000.0,482000000.0,105000000.0,149000000.0,93.049,2379000000.0
36,X,MRT,2012-06-30,2012-06-30,2012-06-30,2021-08-02,-3215000000.0,15404000000.0,15803000000.0,5625000000.0,9779000000.0,1.271,24.527,-686000000.0,565000000.0,565000000.0,18318000000.0,-307000000.0,1.699,3.361,3862000000.0,61000000.0,3801000000.0,3862000000.0,0.0,668000000.0,0.0,0.01,0.2,236000000.0,904000000.0,0.045,904000000.0,236000000.0,-142000000.0,-2.14,-2.14,-2.14,3532000000.0,3665250000.0,3532000000.0,6488534600.0,27.0,7.178,305000000.0,2.118,1.0,1771000000.0,0.088,2038000000.0,378000000.0,13353000000.0,13777500000.0,2412000000.0,0.0,0.0,0.0,11871000000.0,3310000000.0,8561000000.0,2966534600.0,172000000.0,0.0,-1000000.0,-90000000.0,-29000000.0,-119000000.0,-689000000.0,-26000000.0,991000000.0,-11000000.0,-307000000.0,-307000000.0,-307000000.0,0.0,0.0,-0.015,1649000000.0,122000000.0,3049000000.0,-0.093,0.84,-9.663,-9.626,6316000000.0,0.0,20.6,0.148,0.148,3112000000.0,3484000000.0,20089000000.0,20089000000.0,0.0,-0.019,-0.084,0.017,0.012,0.0,702000000.0,1.0,144006534.0,144006534.0,,139.501,13366000000.0,588000000.0,165000000.0,152000000.0,92.815,2315000000.0
37,X,MRT,2012-03-31,2012-03-31,2012-03-31,2021-08-02,-3190000000.0,15804000000.0,16013250000.0,5791000000.0,10013000000.0,1.261,22.925,-697000000.0,652000000.0,652000000.0,18331000000.0,-186000000.0,1.586,3.567,4174000000.0,372000000.0,3802000000.0,4174000000.0,0.0,675000000.0,0.0,0.007,0.2,283000000.0,958000000.0,0.047,958000000.0,283000000.0,-26000000.0,-1.3,-1.43,-1.3,3460000000.0,3836000000.0,3460000000.0,8276694006.0,29.0,8.64,-120000000.0,-0.795,1.0,1861000000.0,0.092,2060000000.0,309000000.0,13614000000.0,13969750000.0,2437000000.0,0.0,0.0,0.0,12343000000.0,3652000000.0,8691000000.0,4432694006.0,231000000.0,0.0,-1000000.0,384000000.0,-29000000.0,355000000.0,-697000000.0,-37000000.0,577000000.0,-4000000.0,-186000000.0,-186000000.0,-186000000.0,0.0,0.0,-0.009,1679000000.0,182000000.0,3007000000.0,-0.154,1.281,-23.832,-22.592,6401000000.0,0.0,29.37,0.22,0.22,3186000000.0,3390000000.0,20192000000.0,20192000000.0,0.0,-0.012,-0.048,0.02,0.014,0.0,726000000.0,1.0,150925911.0,150925911.0,,133.787,13744000000.0,687000000.0,160000000.0,195000000.0,91.065,2139000000.0
38,X,MRT,2011-12-31,2011-12-31,2011-12-31,2021-08-02,-3367000000.0,16073000000.0,16004250000.0,5774000000.0,10299000000.0,1.242,24.306,-807000000.0,408000000.0,408000000.0,18326000000.0,-53000000.0,1.582,3.592,4252000000.0,424000000.0,3828000000.0,4252000000.0,0.0,681000000.0,0.0,0.008,0.2,265000000.0,946000000.0,0.048,946000000.0,265000000.0,27000000.0,-0.37,-0.37,-0.37,3500000000.0,3948000000.0,3500000000.0,7525182291.0,28.0,7.955,-639000000.0,-4.438,1.0,1558000000.0,0.078,2045000000.0,238000000.0,14223000000.0,13945500000.0,2775000000.0,0.0,0.0,0.0,12572000000.0,3649000000.0,8923000000.0,3810182291.0,-170000000.0,0.0,3000000.0,122000000.0,-29000000.0,477000000.0,-813000000.0,-41000000.0,168000000.0,-2000000.0,-53000000.0,-53000000.0,-53000000.0,0.0,0.0,-0.003,1378000000.0,180000000.0,3066000000.0,-0.541,1.089,-71.89,-71.514,6579000000.0,0.0,26.46,0.192,0.192,3116000000.0,3616000000.0,19884000000.0,19884000000.0,0.0,-0.003,-0.013,0.019,0.013,0.0,733000000.0,1.0,143997819.0,143997819.0,,138.085,14028000000.0,763000000.0,80000000.0,118000000.0,97.418,2125000000.0
39,X,MRT,2011-09-30,2011-09-30,2011-09-30,2021-08-02,-2909000000.0,15931000000.0,15823500000.0,5934000000.0,9997000000.0,1.224,28.952,-794000000.0,270000000.0,270000000.0,17794000000.0,-91000000.0,1.598,2.821,3985000000.0,344000000.0,3641000000.0,3985000000.0,0.0,680000000.0,0.0,0.009,0.2,294000000.0,974000000.0,0.05,974000000.0,294000000.0,64000000.0,-0.65,-0.86,-0.65,4169000000.0,4035750000.0,4169000000.0,6711360280.0,23.0,6.891,-587000000.0,-4.076,1.0,1571000000.0,0.081,2013000000.0,230000000.0,13920000000.0,13728000000.0,2843000000.0,0.0,0.0,0.0,11761000000.0,3713000000.0,8048000000.0,3169360280.0,-373000000.0,0.0,6000000.0,202000000.0,-29000000.0,255000000.0,-836000000.0,-27000000.0,207000000.0,1000000.0,-91000000.0,-91000000.0,-91000000.0,0.0,0.0,-0.005,1350000000.0,221000000.0,3166000000.0,-0.308,0.76,-34.828,-33.862,6588000000.0,0.0,22.01,0.164,0.164,3287000000.0,3834000000.0,19365000000.0,19365000000.0,0.0,-0.006,-0.023,0.021,0.015,0.0,712000000.0,1.0,143996378.0,143996378.0,,134.483,13918000000.0,539000000.0,155000000.0,128000000.0,96.655,2221000000.0
40,X,MRT,2011-06-30,2011-06-30,2011-06-30,2021-08-02,-2840000000.0,16245000000.0,15754000000.0,6021000000.0,10224000000.0,1.192,29.318,-730000000.0,393000000.0,393000000.0,17555000000.0,-164000000.0,1.673,2.854,3935000000.0,251000000.0,3684000000.0,3935000000.0,0.0,671000000.0,0.0,0.004,0.2,-43000000.0,628000000.0,0.033,628000000.0,-43000000.0,-51000000.0,-1.15,-1.36,-1.15,4215000000.0,4123000000.0,4215000000.0,9952078720.0,-231.0,15.847,-723000000.0,-5.029,1.0,1226000000.0,0.065,2066000000.0,8000000.0,14122000000.0,13665500000.0,2698000000.0,0.0,0.0,0.0,12029000000.0,3599000000.0,8430000000.0,6619078720.0,-554000000.0,0.0,7000000.0,222000000.0,-29000000.0,200000000.0,-777000000.0,-35000000.0,7000000.0,16000000.0,-164000000.0,-164000000.0,-164000000.0,0.0,0.0,-0.009,1324000000.0,-98000000.0,3154000000.0,-0.174,1.57,-40.36,-40.035,6736000000.0,0.0,46.04,0.352,0.352,3382000000.0,3819000000.0,18781000000.0,18781000000.0,0.0,-0.01,-0.04,-0.003,-0.002,0.0,679000000.0,1.0,143768000.0,143768000.0,,130.634,14179000000.0,579000000.0,113000000.0,151000000.0,98.624,2422000000.0
41,X,MRT,2011-03-31,2011-03-31,2011-03-31,2021-08-02,-2929000000.0,15768000000.0,15547250000.0,5537000000.0,10231000000.0,1.18,27.184,-615000000.0,421000000.0,421000000.0,17241000000.0,-410000000.0,1.572,3.035,3754000000.0,236000000.0,3518000000.0,3754000000.0,0.0,662000000.0,0.0,0.004,0.2,-146000000.0,516000000.0,0.028,516000000.0,-146000000.0,-291000000.0,-2.86,-2.86,-2.86,3908000000.0,4181500000.0,3908000000.0,10939350913.0,-75.0,21.2,-918000000.0,-6.386,1.0,1101000000.0,0.06,2061000000.0,145000000.0,13517000000.0,13446500000.0,2255000000.0,0.0,0.0,0.0,11859000000.0,3523000000.0,8336000000.0,7754350913.0,-965000000.0,0.0,8000000.0,47000000.0,-29000000.0,26000000.0,-691000000.0,-30000000.0,-303000000.0,3000000.0,-411000000.0,-411000000.0,-411000000.0,0.0,1000000.0,-0.022,1279000000.0,-178000000.0,3079000000.0,-0.07,1.984,-18.867,-18.86,6627000000.0,0.0,53.94,0.423,0.423,3290000000.0,3604000000.0,18342000000.0,18342000000.0,0.0,-0.026,-0.098,-0.011,-0.008,0.0,642000000.0,1.0,143758823.0,143758823.0,,127.589,13707000000.0,706000000.0,120000000.0,133000000.0,95.347,2014000000.0
42,X,MRT,2010-12-31,2010-12-31,2010-12-31,2021-08-02,-3068000000.0,15350000000.0,15437000000.0,5304000000.0,10046000000.0,1.125,26.815,-507000000.0,578000000.0,578000000.0,16259000000.0,-482000000.0,1.685,2.986,3763000000.0,246000000.0,3517000000.0,3763000000.0,0.0,658000000.0,0.0,0.003,0.2,-111000000.0,547000000.0,0.031,547000000.0,-111000000.0,-385000000.0,-3.36,-3.36,-3.36,3851000000.0,4343500000.0,3851000000.0,11489992506.0,-104.0,21.005,-886000000.0,-6.169,1.0,1115000000.0,0.064,2035000000.0,274000000.0,13353000000.0,13319250000.0,2352000000.0,0.0,0.0,0.0,11498000000.0,3147000000.0,8351000000.0,8389992506.0,-640000000.0,0.0,5000000.0,359000000.0,-29000000.0,335000000.0,-583000000.0,-34000000.0,-379000000.0,-13000000.0,-482000000.0,-482000000.0,-482000000.0,0.0,0.0,-0.028,1246000000.0,-131000000.0,2742000000.0,-0.06,2.179,-17.407,-17.387,6486000000.0,0.0,58.42,0.483,0.483,2693000000.0,3698000000.0,17374000000.0,17374000000.0,0.0,-0.031,-0.111,-0.008,-0.006,0.0,610000000.0,1.0,143615072.0,143615072.0,,120.976,13315000000.0,815000000.0,97000000.0,116000000.0,92.713,2157000000.0
43,X,MRT,2010-09-30,2010-09-30,2010-09-30,2021-08-02,-2647000000.0,15653000000.0,15455000000.0,5867000000.0,9786000000.0,1.063,31.47,-467000000.0,643000000.0,643000000.0,15492000000.0,-501000000.0,1.908,2.464,3743000000.0,104000000.0,3639000000.0,3743000000.0,0.0,667000000.0,0.0,0.005,0.2,-325000000.0,342000000.0,0.021,342000000.0,-325000000.0,-561000000.0,-3.42,-3.42,-3.42,4518000000.0,4549750000.0,4518000000.0,9019865576.0,-28.0,26.374,-1124000000.0,-7.829,1.0,936000000.0,0.057,2008000000.0,236000000.0,13670000000.0,13258750000.0,2375000000.0,0.0,0.0,0.0,11134000000.0,3075000000.0,8059000000.0,6293865576.0,-900000000.0,-24000000.0,3000000.0,290000000.0,-29000000.0,298000000.0,-522000000.0,-25000000.0,-657000000.0,-19000000.0,-500000000.0,-500000000.0,-500000000.0,0.0,-1000000.0,-0.03,1285000000.0,-349000000.0,2783000000.0,-0.058,1.393,-12.588,-12.819,6390000000.0,0.0,43.84,0.383,0.383,2996000000.0,3953000000.0,16428000000.0,16428000000.0,0.0,-0.032,-0.11,-0.025,-0.02,0.0,606000000.0,1.0,143564452.0,143564452.0,,114.429,13645000000.0,749000000.0,-61000000.0,112000000.0,95.044,2792000000.0
44,X,MRT,2010-06-30,2010-06-30,2010-06-30,2021-08-02,-2763000000.0,15418000000.0,15504000000.0,5809000000.0,9609000000.0,0.951,31.029,-455000000.0,947000000.0,947000000.0,14073000000.0,-757000000.0,2.009,2.465,3673000000.0,34000000.0,3639000000.0,3673000000.0,0.0,671000000.0,0.0,0.005,0.2,-595000000.0,76000000.0,0.005,76000000.0,-595000000.0,-934000000.0,-5.18,-5.18,-5.18,4449000000.0,4607500000.0,4449000000.0,7827449075.0,-13.0,102.993,-1225000000.0,-8.543,1.0,675000000.0,0.046,2006000000.0,339000000.0,13246000000.0,13147000000.0,2012000000.0,0.0,0.0,0.0,10968000000.0,2892000000.0,8076000000.0,5527449075.0,-1003000000.0,-24000000.0,3000000.0,290000000.0,-28000000.0,336000000.0,-544000000.0,-45000000.0,-770000000.0,-25000000.0,-752000000.0,-752000000.0,-752000000.0,0.0,-5000000.0,-0.051,1291000000.0,-616000000.0,2655000000.0,-0.039,1.242,-7.35,-7.442,6203000000.0,0.0,38.55,0.375,0.375,3009000000.0,4012000000.0,14748000000.0,14748000000.0,0.0,-0.049,-0.163,-0.045,-0.04,0.0,621000000.0,1.0,143383893.0,143383893.0,,102.857,13412000000.0,744000000.0,-182000000.0,159000000.0,93.539,2917000000.0
45,X,MRT,2010-03-31,2010-03-31,2010-03-31,2021-08-02,-2686000000.0,15327000000.0,15583750000.0,5400000000.0,9927000000.0,0.782,31.778,-453000000.0,1386000000.0,1386000000.0,12229000000.0,-1125000000.0,2.09,2.364,3686000000.0,35000000.0,3651000000.0,3686000000.0,0.0,668000000.0,0.0,0.003,0.2,-1257000000.0,-589000000.0,-0.048,-589000000.0,-1257000000.0,-1455000000.0,-7.93,-7.93,-7.93,4556000000.0,4713500000.0,4556000000.0,11275871674.0,-9.0,-19.144,-882000000.0,-6.152,1.0,-35000000.0,-0.003,2035000000.0,198000000.0,13008000000.0,13103500000.0,1647000000.0,0.0,0.0,0.0,10770000000.0,2584000000.0,8186000000.0,9106871674.0,255000000.0,-24000000.0,668000000.0,478000000.0,-28000000.0,1242000000.0,-554000000.0,-26000000.0,-429000000.0,-4000000.0,-1119000000.0,-1119000000.0,-1119000000.0,0.0,-6000000.0,-0.092,1260000000.0,-1295000000.0,2364000000.0,-0.025,1.999,-8.138,-8.01,6409000000.0,0.0,63.52,0.747,0.747,2620000000.0,4044000000.0,12194000000.0,12194000000.0,0.0,-0.072,-0.237,-0.096,-0.103,0.0,623000000.0,1.0,143370146.0,143370146.0,,85.053,13292000000.0,800000000.0,-336000000.0,133000000.0,92.711,2816000000.0
46,X,MRT,2009-12-31,2009-12-31,2009-12-31,2021-08-02,-2728000000.0,15422000000.0,15537500000.0,5015000000.0,10407000000.0,0.711,32.619,-253000000.0,1218000000.0,1218000000.0,11597000000.0,-1406000000.0,2.027,2.233,3387000000.0,42000000.0,3345000000.0,3387000000.0,0.0,661000000.0,0.0,0.008,0.45,-1679000000.0,-1018000000.0,-0.092,-1018000000.0,-1679000000.0,-1840000000.0,-10.42,-10.42,-10.42,4676000000.0,4669250000.0,4676000000.0,9724475426.0,-6.0,-9.553,-314000000.0,-2.19,1.0,-549000000.0,-0.05,2006000000.0,161000000.0,13111000000.0,13062250000.0,1679000000.0,0.0,0.0,0.0,10443000000.0,2474000000.0,7969000000.0,7901475426.0,494000000.0,-24000000.0,667000000.0,166000000.0,-56000000.0,938000000.0,-374000000.0,-38000000.0,-61000000.0,-9000000.0,-1401000000.0,-1401000000.0,-1401000000.0,0.0,-5000000.0,-0.127,1155000000.0,-1704000000.0,2311000000.0,-0.043,1.69,-5.64,-5.29,6820000000.0,0.0,55.12,0.715,0.715,2262000000.0,4209000000.0,11048000000.0,11048000000.0,0.0,-0.09,-0.3,-0.129,-0.152,0.0,618000000.0,1.0,143350425.0,143350425.0,,77.07,13416000000.0,1048000000.0,-439000000.0,89000000.0,93.589,2541000000.0
47,X,MRT,2009-09-30,2009-09-30,2009-09-30,2021-08-02,-2925000000.0,15849000000.0,15703750000.0,5256000000.0,10593000000.0,0.777,33.126,-367000000.0,1543000000.0,1543000000.0,12080000000.0,-840000000.0,2.131,2.276,3366000000.0,20000000.0,3346000000.0,3366000000.0,0.0,625000000.0,0.0,0.016,0.7,-837000000.0,-212000000.0,-0.017,-212000000.0,-837000000.0,-965000000.0,-6.28,-6.28,-6.28,4749000000.0,4724000000.0,4749000000.0,7770345691.0,-9.0,-36.653,78000000.0,0.544,1.0,116000000.0,0.01,1983000000.0,128000000.0,13223000000.0,13247000000.0,1677000000.0,0.0,0.0,0.0,10810000000.0,2466000000.0,8344000000.0,6359345691.0,750000000.0,-104000000.0,648000000.0,147000000.0,-84000000.0,881000000.0,-577000000.0,-49000000.0,445000000.0,1000000.0,-844000000.0,-844000000.0,-844000000.0,0.0,4000000.0,-0.069,1099000000.0,-983000000.0,2260000000.0,-0.111,1.339,-7.535,-7.065,6860000000.0,0.0,44.37,0.521,0.522,2335000000.0,4483000000.0,12196000000.0,12196000000.0,0.0,-0.054,-0.179,-0.063,-0.069,0.0,621000000.0,1.0,143325348.0,143363000.0,,85.071,13866000000.0,1080000000.0,-121000000.0,135000000.0,96.72,2790000000.0
48,X,MRT,2009-06-30,2009-06-30,2009-06-30,2021-08-02,-3098000000.0,15737000000.0,16058500000.0,5458000000.0,10279000000.0,1.039,36.194,-499000000.0,1950000000.0,1950000000.0,14930000000.0,409000000.0,2.54,2.177,3361000000.0,28000000.0,3333000000.0,3361000000.0,0.0,607000000.0,0.0,0.027,0.95,875000000.0,1482000000.0,0.089,1482000000.0,875000000.0,726000000.0,3.67,3.62,3.67,4873000000.0,5081500000.0,4873000000.0,6157009868.0,7.0,4.155,1057000000.0,7.851,1.0,1761000000.0,0.106,1927000000.0,149000000.0,13072000000.0,13437000000.0,1781000000.0,0.0,0.0,0.0,10608000000.0,2149000000.0,8459000000.0,4152009868.0,1559000000.0,-140000000.0,518000000.0,143000000.0,-112000000.0,716000000.0,-697000000.0,-13000000.0,1556000000.0,-16000000.0,378000000.0,378000000.0,378000000.0,0.0,31000000.0,0.023,1064000000.0,697000000.0,1860000000.0,0.259,0.852,10.984,9.738,6740000000.0,0.0,35.74,0.249,0.288,1887000000.0,4793000000.0,16691000000.0,16691000000.0,0.0,0.024,0.074,0.065,0.052,0.0,609000000.0,1.0,116172632.0,134634000.0,,123.973,13810000000.0,1084000000.0,348000000.0,226000000.0,102.574,3309000000.0
49,X,MRT,2009-03-31,2009-03-31,2009-03-31,2021-08-02,-3322000000.0,15142000000.0,16451000000.0,5093000000.0,10049000000.0,1.295,37.717,-609000000.0,1131000000.0,1131000000.0,18087000000.0,1475000000.0,2.088,2.412,3136000000.0,93000000.0,3043000000.0,3136000000.0,0.0,607000000.0,0.0,0.054,1.15,2288000000.0,2895000000.0,0.136,2895000000.0,2288000000.0,2123000000.0,12.28,12.19,12.28,4379000000.0,5465500000.0,4379000000.0,4887265642.0,2.0,1.688,1121000000.0,9.655,1.0,3221000000.0,0.151,1865000000.0,165000000.0,12843000000.0,13748750000.0,2080000000.0,0.0,0.0,0.0,10563000000.0,2439000000.0,8124000000.0,2455265642.0,677000000.0,-140000000.0,-193000000.0,-66000000.0,-135000000.0,-256000000.0,-769000000.0,-24000000.0,1730000000.0,-28000000.0,1438000000.0,1438000000.0,1438000000.0,0.0,37000000.0,0.067,1116000000.0,2105000000.0,2066000000.0,0.094,0.561,1.707,1.721,6558000000.0,0.0,21.13,0.115,0.115,2194000000.0,5192000000.0,21308000000.0,21308000000.0,0.0,0.087,0.263,0.166,0.107,0.0,626000000.0,1.0,116198090.0,116103000.0,,183.527,13277000000.0,1024000000.0,685000000.0,237000000.0,114.355,2654000000.0
50,X,MRT,2008-12-31,2008-12-31,2008-12-31,2021-08-02,-3269000000.0,16087000000.0,16709750000.0,5732000000.0,10355000000.0,1.422,42.105,-872000000.0,724000000.0,724000000.0,19723000000.0,2154000000.0,2.063,2.253,3156000000.0,92000000.0,3064000000.0,3156000000.0,0.0,605000000.0,0.0,0.03,1.1,3027000000.0,3632000000.0,0.153,3632000000.0,3027000000.0,2965000000.0,18.04,17.96,18.04,4895000000.0,5815250000.0,4895000000.0,6756746934.0,2.0,1.86,786000000.0,6.761,1.0,4031000000.0,0.17,1891000000.0,62000000.0,13850000000.0,13960750000.0,2492000000.0,0.0,0.0,0.0,11028000000.0,2778000000.0,8250000000.0,4324746934.0,323000000.0,-141000000.0,-222000000.0,-65000000.0,-129000000.0,-305000000.0,-1032000000.0,-21000000.0,1658000000.0,2000000.0,2112000000.0,2112000000.0,2112000000.0,0.0,42000000.0,0.089,1213000000.0,2818000000.0,2450000000.0,0.061,0.884,2.048,2.062,6676000000.0,0.0,37.2,0.182,0.182,2983000000.0,5666000000.0,23754000000.0,23754000000.0,0.0,0.126,0.363,0.217,0.127,0.0,625000000.0,1.0,116256638.0,116256638.0,,204.324,14196000000.0,843000000.0,853000000.0,203000000.0,122.109,2954000000.0
51,X,MRT,2008-09-30,2008-09-30,2008-09-30,2021-08-02,-1738000000.0,17268000000.0,16596000000.0,6981000000.0,10287000000.0,1.433,52.736,-831000000.0,793000000.0,793000000.0,20002000000.0,1902000000.0,1.89,1.769,3225000000.0,105000000.0,3120000000.0,3225000000.0,0.0,617000000.0,0.0,0.013,1.0,2623000000.0,3240000000.0,0.136,3240000000.0,2623000000.0,2540000000.0,15.82,15.72,15.82,6179000000.0,5974250000.0,6179000000.0,11995252760.0,5.0,3.702,822000000.0,7.016,1.0,3785000000.0,0.159,2023000000.0,83000000.0,13983000000.0,13850000000.0,2669000000.0,0.0,0.0,0.0,10933000000.0,3694000000.0,7239000000.0,9118252760.0,-610000000.0,-2076000000.0,-230000000.0,934000000.0,-118000000.0,650000000.0,-2919000000.0,-21000000.0,1653000000.0,6000000.0,1857000000.0,1857000000.0,1857000000.0,0.0,45000000.0,0.078,1252000000.0,2533000000.0,3196000000.0,0.063,1.476,4.91,4.906,6732000000.0,0.0,77.61,0.383,0.382,4015000000.0,5410000000.0,23787000000.0,23787000000.0,0.0,0.112,0.311,0.189,0.11,0.0,642000000.0,1.0,117488117.0,117169000.0,,203.014,15245000000.0,295000000.0,683000000.0,370000000.0,130.111,3287000000.0
52,X,MRT,2008-06-30,2008-06-30,2008-06-30,2021-08-02,-744000000.0,17307000000.0,15607000000.0,6369000000.0,10938000000.0,1.335,54.541,-751000000.0,391000000.0,391000000.0,17999000000.0,1229000000.0,1.644,1.681,3268000000.0,158000000.0,3110000000.0,3268000000.0,0.0,592000000.0,0.0,0.005,0.9,1678000000.0,2270000000.0,0.109,2270000000.0,1678000000.0,1619000000.0,10.26,10.2,10.26,6409000000.0,5767500000.0,6409000000.0,24647253158.0,15.0,10.858,588000000.0,5.004,1.0,2830000000.0,0.136,1992000000.0,59000000.0,14319000000.0,12768500000.0,2593000000.0,0.0,0.0,0.0,10773000000.0,3873000000.0,6900000000.0,21751253158.0,-712000000.0,-2040000000.0,-130000000.0,933000000.0,-107000000.0,724000000.0,-2802000000.0,-23000000.0,1339000000.0,27000000.0,1207000000.0,1207000000.0,1207000000.0,0.0,22000000.0,0.058,1210000000.0,1620000000.0,3397000000.0,0.088,3.394,18.021,18.01,6890000000.0,0.0,184.78,1.044,1.042,3953000000.0,4527000000.0,20829000000.0,20829000000.0,0.0,0.077,0.209,0.131,0.081,0.0,625000000.0,1.0,117714326.0,117507000.0,,177.258,15315000000.0,153000000.0,412000000.0,527000000.0,130.333,2496000000.0
53,X,MRT,2008-03-31,2008-03-31,2008-03-31,2021-08-02,-775000000.0,16177000000.0,14508500000.0,5395000000.0,10782000000.0,1.262,49.135,-670000000.0,454000000.0,454000000.0,16097000000.0,857000000.0,1.589,1.782,3350000000.0,208000000.0,3142000000.0,3350000000.0,0.0,551000000.0,0.0,0.007,0.85,1119000000.0,1670000000.0,0.091,1670000000.0,1119000000.0,1051000000.0,7.12,7.09,7.12,5778000000.0,5405250000.0,5778000000.0,17854126144.0,16.0,10.691,965000000.0,8.206,1.0,2216000000.0,0.121,1987000000.0,68000000.0,13691000000.0,11633000000.0,2339000000.0,0.0,0.0,0.0,10299000000.0,3395000000.0,6904000000.0,14945126144.0,-1098000000.0,-4030000000.0,-108000000.0,2153000000.0,-100000000.0,1952000000.0,-4715000000.0,-27000000.0,1635000000.0,30000000.0,841000000.0,841000000.0,841000000.0,0.0,16000000.0,0.046,1133000000.0,1083000000.0,2928000000.0,0.119,2.587,17.771,17.819,6832000000.0,0.0,126.87,0.816,0.815,3161000000.0,3888000000.0,18313000000.0,18313000000.0,0.0,0.058,0.156,0.096,0.061,0.0,592000000.0,1.0,117798740.0,117595000.0,,155.729,14190000000.0,171000000.0,210000000.0,401000000.0,120.668,2000000000.0
54,X,MRT,2007-12-31,2007-12-31,2007-12-31,2021-08-02,-836000000.0,15632000000.0,13192750000.0,4959000000.0,10673000000.0,1.279,46.826,-650000000.0,401000000.0,401000000.0,14633000000.0,890000000.0,1.651,1.81,3310000000.0,163000000.0,3147000000.0,3310000000.0,0.0,506000000.0,0.0,0.007,0.8,1202000000.0,1708000000.0,0.101,1708000000.0,1202000000.0,1097000000.0,7.44,7.4,7.44,5531000000.0,5124750000.0,5531000000.0,15176655965.0,13.0,8.886,1082000000.0,9.16,1.0,2240000000.0,0.133,2131000000.0,105000000.0,13407000000.0,10126750000.0,2279000000.0,0.0,0.0,0.0,10013000000.0,3003000000.0,7010000000.0,14281655965.0,-1021000000.0,-4029000000.0,-99000000.0,2103000000.0,-95000000.0,1904000000.0,-4675000000.0,-9000000.0,1732000000.0,18000000.0,879000000.0,879000000.0,879000000.0,0.0,11000000.0,0.052,1072000000.0,1168000000.0,2725000000.0,0.108,2.582,16.248,16.251,6688000000.0,0.0,120.91,0.846,0.846,2771000000.0,3683000000.0,16873000000.0,16873000000.0,0.0,0.067,0.172,0.119,0.071,0.0,589000000.0,1.0,118118071.0,118118071.0,,142.849,13501000000.0,167000000.0,218000000.0,257000000.0,114.301,1956000000.0
55,X,MRT,2007-09-30,2007-09-30,2007-09-30,2021-08-02,-1022000000.0,13312000000.0,11931250000.0,5885000000.0,7427000000.0,1.35,45.323,-628000000.0,1403000000.0,1403000000.0,13746000000.0,1141000000.0,1.86,1.481,2298000000.0,195000000.0,2103000000.0,2298000000.0,0.0,455000000.0,0.0,0.008,0.8,1411000000.0,1866000000.0,0.116,1866000000.0,1411000000.0,1335000000.0,9.63,9.62,9.63,5352000000.0,4833250000.0,5352000000.0,13723647202.0,10.0,7.355,1379000000.0,11.678,1.0,2366000000.0,0.147,1386000000.0,76000000.0,9657000000.0,8663250000.0,1826000000.0,0.0,0.0,0.0,7926000000.0,3164000000.0,4762000000.0,12523647202.0,-7000000.0,-1990000000.0,-101000000.0,790000000.0,-94000000.0,594000000.0,-2626000000.0,-6000000.0,2007000000.0,18000000.0,1141000000.0,1141000000.0,1141000000.0,0.0,0.0,0.071,974000000.0,1392000000.0,2756000000.0,0.083,2.34,10.976,11.001,4809000000.0,0.0,105.94,0.777,0.776,2624000000.0,3672000000.0,16112000000.0,16112000000.0,0.0,0.096,0.236,0.163,0.088,0.0,557000000.0,1.0,118214529.0,118086000.0,,136.443,11926000000.0,327000000.0,194000000.0,273000000.0,100.994,2721000000.0
56,X,MRT,2007-06-30,2007-06-30,2007-06-30,2021-08-02,-1189000000.0,12913000000.0,11218750000.0,5756000000.0,7157000000.0,1.414,41.955,-573000000.0,1103000000.0,1103000000.0,13305000000.0,1289000000.0,1.859,1.597,2303000000.0,178000000.0,2125000000.0,2303000000.0,0.0,444000000.0,0.0,0.007,0.75,1612000000.0,2056000000.0,0.13,2056000000.0,1612000000.0,1551000000.0,10.79,10.77,10.79,4960000000.0,4544000000.0,4960000000.0,12365642498.0,8.0,6.014,1347000000.0,11.394,1.0,2559000000.0,0.161,1239000000.0,61000000.0,9777000000.0,8119500000.0,2055000000.0,0.0,0.0,0.0,7919000000.0,3097000000.0,4822000000.0,12866642498.0,-374000000.0,-1990000000.0,-345000000.0,696000000.0,-88000000.0,263000000.0,-2568000000.0,-6000000.0,1920000000.0,11000000.0,1289000000.0,1289000000.0,1289000000.0,0.0,0.0,0.081,979000000.0,1580000000.0,2675000000.0,0.07,2.594,9.982,10.079,4932000000.0,0.0,108.75,0.811,0.81,2593000000.0,3426000000.0,15864000000.0,15864000000.0,0.0,0.115,0.284,0.199,0.102,0.0,567000000.0,1.0,118313954.0,118221000.0,,134.189,11674000000.0,325000000.0,262000000.0,333000000.0,98.747,2659000000.0
57,X,MRT,2007-03-31,2007-03-31,2007-03-31,2021-08-02,-1231000000.0,10914000000.0,10600250000.0,5500000000.0,5414000000.0,1.485,39.376,-566000000.0,1552000000.0,1552000000.0,13049000000.0,1391000000.0,2.002,1.337,1051000000.0,111000000.0,940000000.0,1051000000.0,0.0,440000000.0,0.0,0.007,0.7,1732000000.0,2172000000.0,0.138,2172000000.0,1732000000.0,1691000000.0,11.84,11.45,11.84,4656000000.0,4312250000.0,4656000000.0,11419427887.0,7.0,5.258,1172000000.0,9.912,1.0,2694000000.0,0.171,0.0,41000000.0,7666000000.0,7552500000.0,1618000000.0,0.0,0.0,0.0,6224000000.0,2747000000.0,3477000000.0,11750427887.0,81000000.0,0.0,-432000000.0,-561000000.0,-86000000.0,-1087000000.0,-578000000.0,-5000000.0,1738000000.0,8000000.0,1391000000.0,1387000000.0,1387000000.0,0.0,0.0,0.088,994000000.0,1700000000.0,2424000000.0,0.059,2.524,8.472,8.376,4439000000.0,4000000.0,99.17,0.746,0.745,2274000000.0,3148000000.0,15743000000.0,15743000000.0,0.0,0.131,0.322,0.229,0.11,0.0,585000000.0,1.0,118487727.0,118244000.0,,133.14,10914000000.0,431000000.0,300000000.0,166000000.0,92.301,2753000000.0
58,X,MRT,2006-12-31,2006-12-31,2006-12-31,2021-08-02,-1286000000.0,10586000000.0,10414250000.0,5196000000.0,5390000000.0,1.509,36.843,-586000000.0,1422000000.0,1422000000.0,12968000000.0,1374000000.0,1.923,1.416,1091000000.0,148000000.0,943000000.0,1091000000.0,0.0,441000000.0,0.0,0.008,0.6,1760000000.0,2201000000.0,0.14,2201000000.0,1760000000.0,1698000000.0,11.88,11.18,11.88,4365000000.0,4074500000.0,4365000000.0,8728207084.0,5.0,3.966,1046000000.0,8.829,1.0,2747000000.0,0.175,0.0,62000000.0,7553000000.0,7465000000.0,1604000000.0,0.0,0.0,0.0,6183000000.0,2702000000.0,3481000000.0,8665207084.0,-57000000.0,0.0,-409000000.0,-607000000.0,-77000000.0,-1106000000.0,-590000000.0,-4000000.0,1632000000.0,7000000.0,1374000000.0,1366000000.0,1366000000.0,0.0,0.0,0.087,1032000000.0,1715000000.0,2341000000.0,0.051,1.985,6.343,6.157,4429000000.0,8000000.0,73.14,0.551,0.551,2130000000.0,2902000000.0,15715000000.0,15715000000.0,0.0,0.131,0.335,0.236,0.112,0.0,604000000.0,1.0,118474256.0,118474256.0,,132.645,10586000000.0,465000000.0,324000000.0,182000000.0,89.353,2494000000.0
59,X,MRT,2006-09-30,2006-09-30,2006-09-30,2021-08-02,-1201000000.0,10462000000.0,10223250000.0,5285000000.0,5177000000.0,1.507,34.592,-653000000.0,1410000000.0,1410000000.0,12728000000.0,1186000000.0,1.909,1.487,1473000000.0,146000000.0,1327000000.0,1473000000.0,0.0,431000000.0,0.0,0.009,0.5,1644000000.0,2075000000.0,0.135,2075000000.0,1644000000.0,1593000000.0,10.32,9.55,10.32,4195000000.0,3814250000.0,4195000000.0,7188959713.0,4.0,3.465,716000000.0,5.904,1.0,2683000000.0,0.174,275000000.0,51000000.0,7482000000.0,7344250000.0,1673000000.0,0.0,0.0,0.0,6236000000.0,2768000000.0,3468000000.0,7098959713.0,16000000.0,0.0,-581000000.0,-27000000.0,-69000000.0,-697000000.0,-656000000.0,0.0,1369000000.0,0.0,1186000000.0,1173000000.0,1173000000.0,0.0,0.0,0.076,1059000000.0,1624000000.0,2457000000.0,0.048,1.692,6.052,5.589,4269000000.0,13000000.0,57.68,0.461,0.454,2306000000.0,2628000000.0,15411000000.0,15411000000.0,0.0,0.115,0.308,0.224,0.107,0.0,641000000.0,1.0,123074891.0,121270000.0,,127.08,10187000000.0,337000000.0,407000000.0,123000000.0,84.003,2517000000.0
60,X,MRT,2006-06-30,2006-06-30,2006-06-30,2021-08-02,-1232000000.0,10439000000.0,10449000000.0,5279000000.0,5160000000.0,1.388,36.291,-686000000.0,1477000000.0,1477000000.0,12250000000.0,862000000.0,1.925,1.581,1567000000.0,236000000.0,1331000000.0,1567000000.0,0.0,406000000.0,0.0,0.006,0.45,1224000000.0,1630000000.0,0.112,1630000000.0,1224000000.0,1160000000.0,7.65,6.84,7.65,4033000000.0,3940750000.0,4033000000.0,7800302584.0,6.0,4.785,597000000.0,5.372,1.0,2255000000.0,0.155,277000000.0,64000000.0,7509000000.0,7777000000.0,1517000000.0,0.0,0.0,0.0,6375000000.0,2743000000.0,3632000000.0,7638302584.0,235000000.0,0.0,-340000000.0,68000000.0,-67000000.0,-367000000.0,-679000000.0,3000000.0,1283000000.0,-2000000.0,862000000.0,845000000.0,845000000.0,0.0,0.0,0.058,1026000000.0,1229000000.0,2306000000.0,0.059,1.894,9.039,9.166,4212000000.0,17000000.0,70.12,0.527,0.537,2299000000.0,2229000000.0,14505000000.0,14505000000.0,0.0,0.081,0.214,0.157,0.084,0.0,647000000.0,1.0,108931868.0,111129000.0,,130.524,10162000000.0,445000000.0,298000000.0,162000000.0,91.443,2536000000.0
61,X,MRT,2006-03-31,2006-03-31,2006-03-31,2021-08-02,-1283000000.0,10170000000.0,10648750000.0,5046000000.0,5124000000.0,1.313,34.05,-714000000.0,1471000000.0,1471000000.0,11838000000.0,707000000.0,1.844,1.737,1633000000.0,274000000.0,1359000000.0,1633000000.0,0.0,380000000.0,0.0,0.007,0.4,1124000000.0,1504000000.0,0.108,1504000000.0,1124000000.0,1006000000.0,6.19,5.53,6.19,3705000000.0,4094750000.0,3705000000.0,6851957192.0,6.0,4.556,436000000.0,4.007,1.0,2142000000.0,0.153,279000000.0,118000000.0,7316000000.0,8228250000.0,1483000000.0,0.0,0.0,0.0,6434000000.0,2737000000.0,3697000000.0,6603957192.0,324000000.0,0.0,-229000000.0,210000000.0,-62000000.0,-115000000.0,-707000000.0,4000000.0,1150000000.0,-4000000.0,707000000.0,689000000.0,689000000.0,0.0,0.0,0.049,1006000000.0,1136000000.0,2187000000.0,0.065,1.782,9.585,9.803,4159000000.0,18000000.0,60.68,0.472,0.472,2118000000.0,1846000000.0,13980000000.0,13980000000.0,0.0,0.065,0.168,0.137,0.08,0.0,657000000.0,1.0,108832518.0,108809000.0,,128.482,9891000000.0,474000000.0,299000000.0,239000000.0,90.902,2309000000.0
62,X,MRT,2005-12-31,2005-12-31,2005-12-31,2021-08-02,-1418000000.0,9822000000.0,10913500000.0,4842000000.0,4980000000.0,1.286,29.316,-710000000.0,1479000000.0,1479000000.0,11643000000.0,910000000.0,1.761,1.945,1727000000.0,364000000.0,1363000000.0,1727000000.0,0.0,366000000.0,0.0,0.008,0.38,1402000000.0,1768000000.0,0.126,1768000000.0,1402000000.0,1275000000.0,7.87,7.0,7.87,3324000000.0,4273500000.0,3324000000.0,5537353353.0,4.0,3.132,508000000.0,4.48,1.0,2396000000.0,0.171,251000000.0,127000000.0,7070000000.0,8679000000.0,1466000000.0,0.0,0.0,0.0,6466000000.0,2749000000.0,3717000000.0,5450353353.0,442000000.0,0.0,-226000000.0,258000000.0,-60000000.0,-61000000.0,-708000000.0,4000000.0,1218000000.0,-7000000.0,910000000.0,892000000.0,892000000.0,0.0,0.0,0.064,987000000.0,1409000000.0,2168000000.0,0.048,1.64,6.11,6.108,4015000000.0,18000000.0,48.07,0.388,0.388,1901000000.0,1605000000.0,14039000000.0,14039000000.0,0.0,0.082,0.209,0.162,0.1,0.0,656000000.0,1.0,113383677.0,113383677.0,,123.819,9571000000.0,486000000.0,365000000.0,186000000.0,84.413,2093000000.0
63,X,MRT,2005-09-30,2005-09-30,2005-09-30,2021-08-02,-50000000.0,11365000000.0,11224000000.0,4627000000.0,6738000000.0,1.288,41.244,-652000000.0,1394000000.0,1394000000.0,11687000000.0,1313000000.0,2.097,1.411,1481000000.0,115000000.0,1366000000.0,1481000000.0,0.0,369000000.0,0.0,0.008,0.33,1767000000.0,2136000000.0,0.148,2136000000.0,1767000000.0,1681000000.0,11.4,9.98,11.4,4701000000.0,4461000000.0,4701000000.0,5064343086.0,3.0,2.371,710000000.0,6.229,1.0,2772000000.0,0.192,32000000.0,86000000.0,9213000000.0,9137250000.0,1341000000.0,0.0,0.0,0.0,6635000000.0,2207000000.0,4428000000.0,4838343086.0,332000000.0,0.0,-12000000.0,-281000000.0,-55000000.0,-385000000.0,-646000000.0,-8000000.0,1362000000.0,1000000.0,1313000000.0,1295000000.0,1295000000.0,0.0,0.0,0.09,1022000000.0,1750000000.0,1933000000.0,0.029,1.029,3.736,3.715,3840000000.0,18000000.0,42.35,0.335,0.334,1921000000.0,1413000000.0,14459000000.0,14459000000.0,0.0,0.115,0.29,0.193,0.122,0.0,691000000.0,1.0,114246590.0,113980000.0,,126.856,11333000000.0,272000000.0,368000000.0,828000000.0,99.43,2420000000.0
64,X,MRT,2005-06-30,2005-06-30,2005-06-30,2021-08-02,-50000000.0,11238000000.0,10581500000.0,4537000000.0,6701000000.0,1.414,40.701,-666000000.0,1242000000.0,1242000000.0,11824000000.0,1574000000.0,2.144,1.411,1468000000.0,113000000.0,1355000000.0,1468000000.0,0.0,377000000.0,0.0,0.008,0.28,2111000000.0,2488000000.0,0.166,2488000000.0,2111000000.0,2041000000.0,13.71,11.99,13.71,4649000000.0,3795750000.0,4649000000.0,4174589146.0,2.0,1.678,912000000.0,7.984,1.0,3142000000.0,0.21,34000000.0,70000000.0,9314000000.0,8447500000.0,1428000000.0,0.0,0.0,0.0,6559000000.0,2116000000.0,4443000000.0,3924589146.0,652000000.0,0.0,27000000.0,-197000000.0,-49000000.0,-258000000.0,-670000000.0,-12000000.0,1578000000.0,2000000.0,1574000000.0,1556000000.0,1556000000.0,0.0,0.0,0.104,1064000000.0,2078000000.0,1919000000.0,0.02,0.844,2.522,2.507,3723000000.0,18000000.0,34.37,0.262,0.262,2017000000.0,1322000000.0,14966000000.0,14966000000.0,0.0,0.147,0.41,0.25,0.141,0.0,713000000.0,1.0,114186475.0,114222000.0,,131.026,11204000000.0,164000000.0,467000000.0,715000000.0,98.09,2421000000.0
65,X,MRT,2005-03-31,2005-03-31,2005-03-31,2021-08-02,-49000000.0,11229000000.0,9872000000.0,4552000000.0,6677000000.0,1.502,38.715,-606000000.0,1147000000.0,1147000000.0,11713000000.0,1536000000.0,1.959,1.534,1397000000.0,35000000.0,1362000000.0,1397000000.0,0.0,382000000.0,0.0,0.005,0.23,2085000000.0,2467000000.0,0.166,2467000000.0,2085000000.0,1997000000.0,13.39,11.7,13.39,4420000000.0,3054000000.0,4420000000.0,6217129818.0,3.0,2.52,984000000.0,8.619,1.0,3119000000.0,0.21,36000000.0,88000000.0,9119000000.0,7786750000.0,1308000000.0,0.0,0.0,0.0,6779000000.0,2324000000.0,4455000000.0,5805129818.0,383000000.0,0.0,28000000.0,-555000000.0,-43000000.0,-603000000.0,-611000000.0,-13000000.0,1590000000.0,7000000.0,1536000000.0,1518000000.0,1518000000.0,0.0,0.0,0.102,1077000000.0,2042000000.0,1977000000.0,0.017,1.313,3.824,3.798,3651000000.0,18000000.0,50.85,0.391,0.391,2217000000.0,1093000000.0,14832000000.0,14832000000.0,0.0,0.154,0.497,0.268,0.141,0.0,716000000.0,1.0,114161845.0,114169000.0,,129.913,11193000000.0,211000000.0,461000000.0,933000000.0,98.039,2228000000.0
66,X,MRT,2004-12-31,2004-12-31,2004-12-31,2021-08-02,-49000000.0,11064000000.0,9143250000.0,4351000000.0,6713000000.0,1.528,35.834,-484000000.0,1037000000.0,1037000000.0,11368000000.0,1135000000.0,1.716,1.709,1449000000.0,86000000.0,1363000000.0,1449000000.0,0.0,382000000.0,0.0,0.004,0.2,1606000000.0,1988000000.0,0.142,1988000000.0,1606000000.0,1491000000.0,10.0,8.72,10.0,4074000000.0,2318500000.0,4074000000.0,6406707056.0,4.0,3.223,916000000.0,8.057,1.0,2607000000.0,0.187,38000000.0,115000000.0,8903000000.0,7152750000.0,1305000000.0,0.0,0.0,0.0,6962000000.0,2535000000.0,4427000000.0,5826707056.0,721000000.0,7000000.0,361000000.0,-498000000.0,-39000000.0,-203000000.0,-484000000.0,-13000000.0,1400000000.0,8000000.0,1135000000.0,1117000000.0,1117000000.0,0.0,0.0,0.08,1064000000.0,1543000000.0,2092000000.0,0.02,1.43,5.216,5.125,3627000000.0,18000000.0,51.25,0.417,0.417,2072000000.0,755000000.0,13975000000.0,13975000000.0,0.0,0.122,0.482,0.225,0.115,0.0,739000000.0,1.0,113691845.0,113691845.0,,122.92,11026000000.0,263000000.0,356000000.0,926000000.0,96.981,1816000000.0
67,X,MRT,2004-09-30,2004-09-30,2004-09-30,2021-08-02,-1503000000.0,8795000000.0,8336500000.0,4175000000.0,4620000000.0,1.515,17.97,-373000000.0,1062000000.0,1062000000.0,10676000000.0,644000000.0,1.705,3.299,1642000000.0,73000000.0,1569000000.0,1642000000.0,0.0,379000000.0,0.0,0.005,0.2,1005000000.0,1384000000.0,0.11,1384000000.0,1005000000.0,873000000.0,5.58,4.88,5.58,2040000000.0,1573250000.0,2040000000.0,5337051480.0,5.0,3.856,794000000.0,6.994,1.0,1954000000.0,0.155,472000000.0,132000000.0,6454000000.0,6640750000.0,1251000000.0,0.0,0.0,0.0,6730000000.0,2449000000.0,4281000000.0,4265051480.0,902000000.0,18000000.0,360000000.0,-231000000.0,-38000000.0,75000000.0,-340000000.0,7000000.0,1167000000.0,0.0,644000000.0,626000000.0,626000000.0,0.0,0.0,0.05,1040000000.0,914000000.0,2001000000.0,0.036,2.091,6.813,6.742,3514000000.0,18000000.0,37.62,0.338,0.338,1964000000.0,193000000.0,12630000000.0,12630000000.0,0.0,0.075,0.398,0.151,0.08,0.0,773000000.0,1.0,113371916.0,113523000.0,,111.255,8323000000.0,352000000.0,229000000.0,337000000.0,73.316,1726000000.0
68,X,MRT,2004-06-30,2004-06-30,2004-06-30,2021-08-02,-1503000000.0,8400000000.0,8448000000.0,3774000000.0,4626000000.0,1.353,14.841,-248000000.0,590000000.0,590000000.0,10003000000.0,-64000000.0,1.622,3.977,1662000000.0,63000000.0,1599000000.0,1662000000.0,0.0,377000000.0,0.0,0.006,0.2,-173000000.0,204000000.0,0.018,204000000.0,-173000000.0,-327000000.0,-0.97,-1.29,-0.97,1682000000.0,1474500000.0,1682000000.0,5156099020.0,-30.0,25.275,486000000.0,4.288,1.0,1428000000.0,0.125,474000000.0,154000000.0,6671000000.0,7201250000.0,1332000000.0,0.0,0.0,0.0,6690000000.0,2327000000.0,4363000000.0,3979099020.0,445000000.0,-26000000.0,353000000.0,-309000000.0,-38000000.0,1000000.0,-290000000.0,-18000000.0,734000000.0,0.0,-64000000.0,-82000000.0,-82000000.0,0.0,0.0,-0.007,1682000000.0,-254000000.0,1814000000.0,-0.206,2.366,-48.526,-36.206,3403000000.0,18000000.0,35.12,0.348,0.348,1868000000.0,-152000000.0,11431000000.0,11431000000.0,0.0,-0.01,-0.056,-0.024,-0.015,0.0,751000000.0,1.0,113300086.0,113332000.0,,100.863,7926000000.0,521000000.0,-263000000.0,421000000.0,69.936,1447000000.0
69,X,MRT,2004-03-31,2004-03-31,2004-03-31,2021-08-02,-1504000000.0,8314000000.0,8681250000.0,3622000000.0,4692000000.0,1.192,13.858,-168000000.0,764000000.0,764000000.0,9278000000.0,-324000000.0,1.489,4.606,1941000000.0,313000000.0,1628000000.0,1941000000.0,0.0,371000000.0,0.0,0.005,0.2,-566000000.0,-195000000.0,-0.019,-195000000.0,-566000000.0,-676000000.0,-3.3,-2.86,-3.3,1478000000.0,1597750000.0,1478000000.0,5535634364.0,-10.0,-28.388,559000000.0,5.241,1.0,1067000000.0,0.103,476000000.0,110000000.0,6583000000.0,7734250000.0,1180000000.0,0.0,0.0,0.0,6808000000.0,2432000000.0,4376000000.0,3918634364.0,397000000.0,-864000000.0,356000000.0,403000000.0,-39000000.0,720000000.0,-1048000000.0,-64000000.0,727000000.0,-2000000.0,-324000000.0,-342000000.0,-342000000.0,0.0,0.0,-0.033,1651000000.0,-584000000.0,1692000000.0,-0.061,2.651,-11.458,-11.294,3398000000.0,18000000.0,37.27,0.379,0.384,1701000000.0,-363000000.0,10345000000.0,10345000000.0,0.0,-0.039,-0.214,-0.073,-0.055,0.0,724000000.0,1.0,105141786.0,106653000.0,,96.997,7838000000.0,566000000.0,-352000000.0,386000000.0,73.491,1190000000.0
70,X,MRT,2003-12-31,2003-12-31,2003-12-31,2021-08-02,-1501000000.0,7837000000.0,8684000000.0,3106000000.0,4731000000.0,1.074,10.583,-222000000.0,316000000.0,316000000.0,8458000000.0,-420000000.0,1.46,6.168,1938000000.0,48000000.0,1890000000.0,1938000000.0,0.0,363000000.0,0.0,0.006,0.2,-776000000.0,-413000000.0,-0.044,-413000000.0,-776000000.0,-872000000.0,-4.22,-3.68,-4.22,1093000000.0,1785500000.0,1093000000.0,5337773637.0,-7.0,-12.924,355000000.0,3.437,1.0,870000000.0,0.093,477000000.0,96000000.0,6855000000.0,7950500000.0,1283000000.0,0.0,0.0,0.0,6742000000.0,2127000000.0,4615000000.0,3616773637.0,73000000.0,-871000000.0,23000000.0,397000000.0,-35000000.0,627000000.0,-1130000000.0,-88000000.0,577000000.0,-1000000.0,-420000000.0,-436000000.0,-436000000.0,0.0,0.0,-0.047,1634000000.0,-764000000.0,1669000000.0,-0.047,3.309,-8.295,-8.299,3414000000.0,16000000.0,35.02,0.388,0.388,1514000000.0,-421000000.0,9328000000.0,9328000000.0,0.0,-0.05,-0.244,-0.098,-0.083,0.0,673000000.0,1.0,103277374.0,103277374.0,,90.32,7360000000.0,610000000.0,-452000000.0,366000000.0,71.264,979000000.0
71,X,MRT,2003-09-30,2003-09-30,2003-09-30,2021-08-02,-968000000.0,9241000000.0,8719000000.0,3066000000.0,6175000000.0,0.995,15.921,-182000000.0,160000000.0,160000000.0,7757000000.0,-430000000.0,1.655,4.618,1881000000.0,28000000.0,1853000000.0,1881000000.0,0.0,355000000.0,0.0,0.011,0.2,-751000000.0,-396000000.0,-0.046,-396000000.0,-751000000.0,-887000000.0,-4.28,-3.57,-4.28,1645000000.0,2019000000.0,1645000000.0,3636254033.0,-5.0,-9.182,353000000.0,3.417,1.0,919000000.0,0.106,413000000.0,136000000.0,8696000000.0,8082250000.0,1394000000.0,0.0,0.0,0.0,7596000000.0,1853000000.0,5743000000.0,1898254033.0,55000000.0,-882000000.0,15000000.0,423000000.0,-31000000.0,649000000.0,-1130000000.0,-110000000.0,535000000.0,1000000.0,-430000000.0,-441000000.0,-441000000.0,0.0,0.0,-0.051,1613000000.0,-694000000.0,1432000000.0,-0.047,1.154,-4.304,-4.294,3367000000.0,11000000.0,18.38,0.219,0.219,1583000000.0,-399000000.0,8676000000.0,8676000000.0,0.0,-0.051,-0.218,-0.093,-0.087,0.0,594000000.0,1.0,103278239.0,103321000.0,,83.971,8828000000.0,569000000.0,-457000000.0,346000000.0,85.442,1213000000.0
72,X,MRT,2003-06-30,2003-06-30,2003-06-30,2021-08-02,-802000000.0,9333000000.0,8578500000.0,3250000000.0,6083000000.0,0.942,21.07,-156000000.0,145000000.0,145000000.0,7074000000.0,30000000.0,1.8,3.291,1883000000.0,37000000.0,1846000000.0,1883000000.0,0.0,350000000.0,0.0,0.012,0.2,83000000.0,433000000.0,0.054,433000000.0,83000000.0,-59000000.0,0.23,0.92,0.23,2175000000.0,2301750000.0,2175000000.0,2755488643.0,33.0,6.364,398000000.0,3.856,1.0,1008000000.0,0.125,462000000.0,142000000.0,8803000000.0,8073250000.0,1468000000.0,0.0,0.0,0.0,7158000000.0,1806000000.0,5352000000.0,1688488643.0,117000000.0,-876000000.0,20000000.0,414000000.0,-26000000.0,650000000.0,-1089000000.0,-101000000.0,554000000.0,2000000.0,30000000.0,23000000.0,23000000.0,0.0,0.0,0.003,868000000.0,140000000.0,1381000000.0,0.87,0.776,73.413,71.174,3497000000.0,7000000.0,16.37,0.209,0.209,1668000000.0,-62000000.0,8082000000.0,8082000000.0,0.0,0.003,0.01,0.01,0.01,0.0,518000000.0,1.0,103145305.0,103228000.0,,78.293,8871000000.0,248000000.0,-89000000.0,518000000.0,85.936,1444000000.0
73,X,MRT,2003-03-31,2003-03-31,2003-03-31,2021-08-02,-803000000.0,8325000000.0,8398750000.0,2808000000.0,5517000000.0,0.896,21.697,-189000000.0,367000000.0,367000000.0,6554000000.0,106000000.0,1.835,2.735,1434000000.0,26000000.0,1408000000.0,1434000000.0,0.0,352000000.0,0.0,0.02,0.2,140000000.0,492000000.0,0.065,492000000.0,140000000.0,21000000.0,1.02,1.15,1.02,2229000000.0,2425500000.0,2229000000.0,2200406054.0,16.0,4.472,27000000.0,0.263,1.0,973000000.0,0.129,414000000.0,119000000.0,7448000000.0,8044250000.0,1077000000.0,0.0,0.0,0.0,6096000000.0,1530000000.0,4566000000.0,1009406054.0,310000000.0,-38000000.0,214000000.0,-31000000.0,-20000000.0,405000000.0,-314000000.0,-91000000.0,216000000.0,3000000.0,106000000.0,104000000.0,104000000.0,0.0,0.0,0.014,828000000.0,145000000.0,1157000000.0,0.196,0.453,9.706,9.637,2958000000.0,2000000.0,9.83,0.134,0.134,1449000000.0,-4000000.0,7527000000.0,7527000000.0,0.0,0.012,0.043,0.017,0.019,0.0,476000000.0,1.0,102686272.0,102731000.0,,73.269,7911000000.0,227000000.0,-85000000.0,491000000.0,77.007,1278000000.0
74,X,MRT,2002-12-31,2002-12-31,2002-12-31,2021-08-02,-803000000.0,7977000000.0,8385250000.0,2440000000.0,5537000000.0,0.841,19.816,-191000000.0,243000000.0,243000000.0,6158000000.0,61000000.0,1.778,2.935,1434000000.0,26000000.0,1408000000.0,1434000000.0,0.0,350000000.0,0.0,0.015,0.2,128000000.0,478000000.0,0.068,478000000.0,128000000.0,13000000.0,0.62,0.75,0.62,2027000000.0,2478000000.0,2027000000.0,2672079161.0,21.0,5.59,88000000.0,0.86,1.0,896000000.0,0.127,414000000.0,115000000.0,7382000000.0,8285500000.0,1030000000.0,0.0,0.0,0.0,5950000000.0,1372000000.0,4578000000.0,1342079161.0,96000000.0,-38000000.0,227000000.0,-32000000.0,-19000000.0,122000000.0,-309000000.0,-85000000.0,279000000.0,4000000.0,61000000.0,61000000.0,61000000.0,0.0,0.0,0.009,768000000.0,128000000.0,1021000000.0,0.323,0.662,22.001,21.161,2978000000.0,0.0,13.12,0.19,0.19,1281000000.0,42000000.0,7054000000.0,7054000000.0,0.0,0.007,0.025,0.015,0.018,0.0,418000000.0,1.0,102292619.0,102292619.0,,68.959,7563000000.0,217000000.0,-48000000.0,504000000.0,73.935,1068000000.0
75,X,MRT,2002-09-30,2002-09-30,2002-09-30,2021-08-02,-41000000.0,8679000000.0,8475250000.0,2381000000.0,6298000000.0,0.775,27.235,-201000000.0,105000000.0,105000000.0,5970000000.0,-124000000.0,1.765,2.126,1435000000.0,7000000.0,1428000000.0,1435000000.0,0.0,364000000.0,0.0,0.022,0.25,-126000000.0,238000000.0,0.036,238000000.0,-126000000.0,-278000000.0,-1.56,-1.56,-1.56,2776000000.0,2597750000.0,2776000000.0,2600218587.0,-21.0,10.925,351000000.0,3.444,1.0,599000000.0,0.091,0.0,152000000.0,8660000000.0,8539500000.0,967000000.0,0.0,0.0,0.0,5903000000.0,1349000000.0,4554000000.0,1182218587.0,-370000000.0,-38000000.0,223000000.0,-395000000.0,-25000000.0,-625000000.0,-299000000.0,-63000000.0,552000000.0,2000000.0,-124000000.0,-124000000.0,-124000000.0,0.0,0.0,-0.019,725000000.0,-126000000.0,1029000000.0,-0.16,0.426,-9.534,-7.442,2989000000.0,0.0,11.61,0.18,0.18,1393000000.0,36000000.0,6569000000.0,6569000000.0,0.0,-0.015,-0.048,-0.015,-0.019,0.0,361000000.0,1.0,101827613.0,101926000.0,,64.449,8679000000.0,226000000.0,-154000000.0,1017000000.0,85.15,1032000000.0
76,X,MRT,2002-06-30,2002-06-30,2002-06-30,2021-08-02,-41000000.0,8614000000.0,,2300000000.0,6314000000.0,,27.908,-207000000.0,28000000.0,28000000.0,5899000000.0,-253000000.0,1.71,2.226,1446000000.0,7000000.0,1439000000.0,1446000000.0,0.0,369000000.0,0.0,0.015,0.3,-291000000.0,78000000.0,0.012,78000000.0,-291000000.0,-449000000.0,-2.86,-2.86,-2.86,2670000000.0,,2670000000.0,3208507840.0,-11.0,41.135,116000000.0,1.213,1.0,416000000.0,0.066,0.0,158000000.0,8687000000.0,,919000000.0,0.0,0.0,0.0,5944000000.0,1345000000.0,4599000000.0,1800507840.0,-226000000.0,0.0,218000000.0,-384000000.0,-31000000.0,-299000000.0,-251000000.0,-48000000.0,323000000.0,1000000.0,-253000000.0,-253000000.0,-253000000.0,0.0,0.0,-0.04,707000000.0,-291000000.0,1086000000.0,-0.105,0.674,-7.117,-6.955,3031000000.0,0.0,19.89,0.285,0.301,1460000000.0,-65000000.0,6315000000.0,6315000000.0,0.0,,,,-0.046,0.0,338000000.0,1.0,90523270.0,95670000.0,,66.008,8614000000.0,212000000.0,-196000000.0,977000000.0,90.039,955000000.0
77,X,MRT,2002-03-31,2002-03-31,2002-03-31,2021-08-02,-49000000.0,8271000000.0,,1960000000.0,6311000000.0,,27.23,-262000000.0,57000000.0,57000000.0,5945000000.0,-310000000.0,1.548,2.391,1465000000.0,31000000.0,1434000000.0,1465000000.0,0.0,359000000.0,0.0,0.019,0.35,-365000000.0,-6000000.0,-0.001,-6000000.0,-365000000.0,-552000000.0,-3.48,-3.48,-3.48,2439000000.0,,2439000000.0,2945768310.0,-8.0,-490.961,176000000.0,1.965,1.0,300000000.0,0.048,0.0,187000000.0,8413000000.0,,901000000.0,341000000.0,0.0,341000000.0,5832000000.0,1266000000.0,4566000000.0,1626768310.0,-123000000.0,0.0,19000000.0,-371000000.0,-37000000.0,-291000000.0,-271000000.0,-15000000.0,438000000.0,1000000.0,-310000000.0,-310000000.0,-310000000.0,0.0,0.0,-0.05,665000000.0,-365000000.0,953000000.0,-0.101,0.667,-5.248,-5.216,3063000000.0,0.0,18.15,0.26,0.26,783000000.0,-87000000.0,6245000000.0,6245000000.0,0.0,,,,-0.058,0.0,306000000.0,1.0,89629108.0,89569000.0,,69.723,8271000000.0,216000000.0,-242000000.0,973000000.0,92.342,694000000.0
78,X,MRT,2001-12-31,2001-12-31,2001-12-31,2021-08-02,-49000000.0,8337000000.0,8524000000.0,2073000000.0,6264000000.0,0.748,27.96,-243000000.0,147000000.0,147000000.0,6166000000.0,-218000000.0,1.648,2.327,1466000000.0,32000000.0,1434000000.0,1466000000.0,0.0,344000000.0,0.0,0.03,0.55,-405000000.0,-61000000.0,-0.01,-61000000.0,-405000000.0,-546000000.0,-2.45,-2.45,-2.45,2506000000.0,2212500000.0,2506000000.0,,,,426000000.0,4.753,1.0,209000000.0,0.033,0.0,141000000.0,8398000000.0,9063500000.0,870000000.0,0.0,0.0,0.0,5831000000.0,1258000000.0,4573000000.0,1623183146.0,-72000000.0,-14000000.0,0.0,-370000000.0,-57000000.0,-501000000.0,-239000000.0,3000000.0,669000000.0,-1000000.0,-218000000.0,-218000000.0,-218000000.0,0.0,0.0,-0.034,614000000.0,-405000000.0,966000000.0,-0.224,0.648,-7.446,-7.392,3084000000.0,0.0,18.11,0.255,0.255,1184000000.0,0.0,6375000000.0,6375000000.0,0.0,-0.026,-0.099,-0.045,-0.064,0.0,270000000.0,1.0,89629108.0,89629108.0,,71.126,8337000000.0,216000000.0,-328000000.0,980000000.0,93.017,815000000.0
79,X,MRT,2001-09-30,2001-09-30,2001-09-30,2021-08-02,,,,,,,,,,,,,,,,,,,,,,0.05,0.7,,,,,,,,,,,,,,,,,,1.0,,,,,,,,,,,,,,,,,,,,,,,,,,,,,,,,,,,,,,,,13.98,,,,,,,,,,,,,,1.0,,89223000.0,,,,,,,,
80,X,MRT,2001-06-30,2001-06-30,2001-06-30,2021-08-02,,,,,,,,,,,,,,,,,,,,,,0.042,0.85,,,,,,,,,,,,,,,,,,1.0,,,,,,,,,,,,,,,,,,,,,,,,,,,,,,,,,,,,,,,,20.15,,,,,,,,,,,,,,1.0,,89223000.0,,,,,,,,
81,X,MRT,2001-03-31,2001-03-31,2001-03-31,2021-08-02,,,,,,,,,,,,,,,,,,,,,,0.068,1.0,,,,,,,,,,,,,,,,,,1.0,,,,,,,,,,,,,,,,,,,,,,,,,,,,,,,,,,,,,,,,14.69,,,,,,,,,,,,,,1.0,,89223000.0,,,,,,,,
82,X,MRT,2000-12-31,2000-12-31,2000-12-31,2021-08-02,-30000000.0,8711000000.0,,2717000000.0,5994000000.0,,,-223000000.0,219000000.0,219000000.0,5684000000.0,-21000000.0,1.953,3.539,2628000000.0,209000000.0,2419000000.0,2628000000.0,0.0,360000000.0,0.0,0.056,1.0,104000000.0,464000000.0,0.076,464000000.0,104000000.0,-1000000.0,-0.24,-0.24,-0.24,1919000000.0,,1919000000.0,,,,-850000000.0,,1.0,448000000.0,0.073,0.0,105000000.0,9729000000.0,,946000000.0,439000000.0,0.0,439000000.0,6792000000.0,1391000000.0,5401000000.0,,197000000.0,-10000000.0,0.0,-6000000.0,-97000000.0,1093000000.0,-270000000.0,-47000000.0,-627000000.0,1000000.0,-21000000.0,-21000000.0,-21000000.0,0.0,0.0,-0.003,344000000.0,104000000.0,962000000.0,-4.167,,,-75.0,2739000000.0,0.0,18.0,,,1438000000.0,,6132000000.0,6132000000.0,0.0,,,,0.017,0.0,-16000000.0,1.0,,,,,8711000000.0,201000000.0,20000000.0,839000000.0,,1326000000.0
83,X,MRT,1999-12-31,1999-12-31,1999-12-31,2021-08-02,,,,,,,,-277000000.0,,,5299000000.0,44000000.0,,,,,,,,304000000.0,,0.03,1.0,143000000.0,447000000.0,0.082,447000000.0,143000000.0,69000000.0,0.49,0.49,0.49,,,,,,,-357000000.0,,1.0,171000000.0,0.031,,74000000.0,,,,,,,,,,,13000000.0,0.0,0.0,486000000.0,-97000000.0,387000000.0,-294000000.0,-32000000.0,-80000000.0,0.0,44000000.0,44000000.0,44000000.0,0.0,0.0,0.008,21000000.0,150000000.0,,2.041,,,67.347,,0.0,33.0,,,,,5470000000.0,5470000000.0,0.0,,,,0.026,0.0,-283000000.0,1.0,,,,,,,25000000.0,,,
