None,ticker,dimension,calendardate,datekey,reportperiod,lastupdated,accoci,assets,assetsavg,assetsc,assetsnc,assetturnover,bvps,capex,cashneq,cashnequsd,cor,consolinc,currentratio,de,debt,debtc,debtnc,debtusd,deferredrev,depamor,deposits,divyield,dps,ebit,ebitda,ebitdamargin,ebitdausd,ebitusd,ebt,eps,epsdil,epsusd,equity,equityavg,equityusd,ev,evebit,evebitda,fcf,fcfps,fxusd,gp,grossmargin,intangibles,intexp,invcap,invcapavg,inventory,investments,investmentsc,investmentsnc,liabilities,liabilitiesc,liabilitiesnc,marketcap,ncf,ncfbus,ncfcommon,ncfdebt,ncfdiv,ncff,ncfi,ncfinv,ncfo,ncfx,netinc,netinccmn,netinccmnusd,netincdis,netincnci,netmargin,opex,opinc,payables,payoutratio,pb,pe,pe1,ppnenet,prefdivis,price,ps,ps1,receivables,retearn,revenue,revenueusd,rnd,roa,roe,roic,ros,sbcomp,sgna,sharefactor,sharesbas,shareswa,shareswadil,sps,tangibles,taxassets,taxexp,taxliabilities,tbvps,workingcapital
0,CBRE,MRY,2020-12-31,2020-12-31,2020-12-31,2021-07-30,-529726000,18039143000,16441724250,8845631000,9193512000,1.449,21.117,-266575000.0,2039247000,2039247000,19047620000.0,755868000.0,1.238,1.488,4096331000,1599334000,2496997000,4096331000,162045000,501728000.0,0,0.0,0.0,1033843000.0,1535571000.0,0.064,1535571000.0,1033843000.0,966090000.0,2.24,2.22,2.24,7078326000,6501189750,7078326000,23689504749.0,23.0,15.427,1564204000.0,4.667,1.0,4778575000.0,0.201,5189522000,67753000.0,7762722000,7859856250,0,854866000,0,854866000,10533483000,7143983000,3389500000,21039815749.0,945502000.0,-85526000.0,-50028000.0,-433804000.0,0.0,-625256000.0,-341585000.0,0.0,1830779000.0,81564000.0,751989000.0,751989000.0,751989000.0,0.0,3879000.0,0.032,3896609000.0,881966000.0,2692939000,0.0,2.972,27.979,28.0,1835361000,0.0,62.72,0.883,0.882,5806124000,6530057000,23826195000.0,23826195000.0,0.0,0.046,0.116,0.132,0.043,60391000.0,3306205000.0,1.0,335456246.0,335196296.0,338392210.0,71.081,12849621000,228840000,214101000.0,325092000,38.335,1701648000
1,CBRE,MRY,2019-12-31,2019-12-31,2019-12-31,2021-07-30,-679748000,16197196000,15162570250,7534464000,8662732000,1.576,18.561,-293514000.0,1093745000,1093745000,18689013000.0,1291450000.0,1.171,1.592,3971189000,1152186000,2819003000,3971189000,108671000,439224000.0,0,0.0,0.0,1438006000.0,1877230000.0,0.079,1877230000.0,1438006000.0,1352252000.0,3.82,3.77,3.82,6232693000,5545134500,6232693000,24172186570.0,17.0,12.877,929866000.0,2.769,1.0,5205078000.0,0.218,5133039000,85754000.0,7505150000,7692434000,0,426711000,0,426711000,9924084000,6436451000,3487633000,20516931570.0,229801000.0,-428584000.0,-145137000.0,-103993000.0,0.0,-271949000.0,-721024000.0,0.0,1223380000.0,-606000.0,1282357000.0,1282357000.0,1282357000.0,0.0,9093000.0,0.054,3965020000.0,1240058000.0,2436084000,0.0,3.292,15.999,16.045,1834172000,0.0,61.29,0.859,0.861,5459732000,5793149000,23894091000.0,23894091000.0,0.0,0.085,0.231,0.187,0.06,127738000.0,3436009000.0,1.0,334751698.0,335795654.0,340522871.0,71.157,11064157000,306915000,69895000.0,244413000,32.949,1098013000
2,CBRE,MRY,2018-12-31,2018-12-31,2018-12-31,2021-07-30,-718269000,13456793000,12719202000,6754210000,6702583000,1.678,14.555,-227803000.0,863944000,863944000,16449212000.0,1065948000.0,1.164,1.71,3099167000,1331907000,1767260000,3099167000,82227000,451988000.0,0,0.0,0.0,1474962000.0,1926950000.0,0.09,1926950000.0,1474962000.0,1376277000.0,3.13,3.1,3.13,4938797000,4615740250,4938797000,16505656292.0,11.0,8.566,903446000.0,2.663,1.0,4890876000.0,0.229,5093617000,98685000.0,4795019000,5158544250,0,216174000,0,216174000,8446891000,5803380000,2643511000,13648847292.0,39125000.0,-323666000.0,-161034000.0,-305009000.0,0.0,-506600000.0,-560684000.0,0.0,1131249000.0,-24840000.0,1063219000.0,1063219000.0,1063219000.0,0.0,2729000.0,0.05,3817761000.0,1073115000.0,1919827000,0.0,2.764,12.837,12.792,721692000,0.0,40.04,0.64,0.637,5011059000,4504684000,21340088000.0,21340088000.0,0.0,0.084,0.23,0.286,0.069,128171000.0,3365773000.0,1.0,340880302.0,339321056.0,343122741.0,62.891,8363176000,123387000,313058000.0,348151000,24.647,950830000
3,CBRE,MRY,2017-12-31,2017-12-31,2017-12-31,2021-07-30,-552414000,11718396000,10975935000,5630584000,6087812000,1.697,12.185,-178042000.0,824819000,824819000,14305099000.0,703576000.0,1.195,1.833,2910393000,910790000,1999603000,2910393000,100615000,406114000.0,0,0.0,0.0,1291827000.0,1697941000.0,0.091,1697941000.0,1291827000.0,1164866000.0,2.06,2.05,2.06,4114496000,3665401000,4114496000,17629423267.0,14.0,10.383,716369000.0,2.122,1.0,4323688000.0,0.232,4653852000,126961000.0,4437174000,5004445000,0,238001000,0,238001000,7543782000,4712944000,2830838000,14701975267.0,-6593000.0,-123463000.0,0.0,-551876000.0,0.0,-627742000.0,-302600000.0,-3487000.0,894411000.0,29338000.0,697109000.0,697109000.0,697109000.0,0.0,6467000.0,0.037,3264834000.0,1058854000.0,1573672000,0.0,3.573,21.09,21.024,617739000,0.0,43.31,0.789,0.785,4040327000,3443007000,18628787000.0,18628787000.0,0.0,0.064,0.19,0.258,0.069,93087000.0,2858720000.0,1.0,339459138.0,337658017.0,340783556.0,55.171,7064544000,148374000,467757000.0,358644000,20.922,917640000
4,CBRE,MRY,2016-12-31,2016-12-31,2016-12-31,2021-07-30,-791018000,10779587000,10328516000,5122450000,5657137000,1.682,8.987,-191205000.0,831412000,831412000,13420911000.0,585170000.0,1.132,2.562,3802806000,1254680000,2548126000,3802806000,0,366927000.0,0,0.0,0.0,1014830000.0,1381757000.0,0.08,1381757000.0,1014830000.0,869979000.0,1.71,1.69,1.71,3014487000,2905556250,3014487000,14465858424.0,14.0,10.469,425780000.0,1.269,1.0,3948197000.0,0.227,4392431000,144851000.0,4833121000,5004169500,0,232238000,0,232238000,7722342000,4525429000,3196913000,10620927424.0,218245000.0,-41118000.0,0.0,-154913000.0,0.0,-220677000.0,-150524000.0,41716000.0,616985000.0,-27539000.0,573079000.0,573079000.0,573079000.0,0.0,12091000.0,0.033,3147228000.0,800969000.0,1446438000,0.0,3.523,18.533,18.415,560756000,0.0,31.49,0.611,0.608,3881649000,2656906000,17369108000.0,17369108000.0,0.0,0.055,0.197,0.203,0.058,63484000.0,2780301000.0,1.0,337279372.0,335414831.0,338424563.0,51.784,6387156000,150950000,296900000.0,183112000,19.043,597021000
5,CBRE,MRY,2015-12-31,2015-12-31,2015-12-31,2021-07-30,-485675000,11017943000,8914831500,5305223000,5712720000,1.218,8.155,-139464000.0,613167000,613167000,7082932000.0,558877000.0,1.062,3.045,4430336000,1785225000,2645111000,4430336000,0,314096000.0,0,0.0,0.0,986865000.0,1300961000.0,0.12,1300961000.0,986865000.0,867985000.0,1.64,1.63,1.64,2712652000,2494307750,2712652000,14762766708.0,15.0,11.348,512433000.0,1.541,1.0,3772878000.0,0.348,4536466000,118880000.0,5304489000,4471493500,0,217943000,0,217943000,8258873000,4994157000,3264716000,11555477708.0,-200481000.0,-1466400000.0,0.0,820893000.0,0.0,789548000.0,-1618959000.0,5869000.0,651897000.0,-22967000.0,547132000.0,547132000.0,547132000.0,0.0,11745000.0,0.05,2947705000.0,825173000.0,1484119000,0.0,4.26,21.12,21.085,529823000,0.0,34.58,1.064,1.06,4238847000,2088227000,10855810000.0,10855810000.0,0.0,0.061,0.219,0.221,0.091,74709000.0,2633609000.0,1.0,334166504.0,332616301.0,336414856.0,32.638,6481477000,194583000,320853000.0,271222000,19.486,311066000
6,CBRE,MRY,2014-12-31,2014-12-31,2014-12-31,2021-07-30,-324020000,7568010000,7353273250,3371769000,4196241000,1.231,6.835,-171242000.0,768974000,768974000,5611262000.0,513503000.0,1.151,2.331,2357062000,548457000,1808605000,2357062000,0,265101000.0,0,0.0,0.0,860297000.0,1125398000.0,0.124,1125398000.0,860297000.0,748262000.0,1.47,1.45,1.47,2259830000,2132025750,2259830000,13664860551.0,16.0,12.142,490538000.0,1.484,1.0,3438656000.0,0.38,3136181000,112035000.0,3091152000,3631299750,0,218280000,0,218280000,5266612000,2928765000,2337847000,11400693551.0,248972000.0,-101967000.0,6203000.0,-189061000.0,0.0,-232069000.0,-151556000.0,64646000.0,661780000.0,-29183000.0,484503000.0,484503000.0,484503000.0,0.0,29000000.0,0.054,2704061000.0,734595000.0,827530000,0.0,5.045,23.531,23.299,497926000,0.0,34.25,1.26,1.251,2242523000,1541095000,9049918000.0,9049918000.0,0.0,0.066,0.227,0.237,0.095,58539000.0,2438960000.0,1.0,332866965.0,330620206.0,334171509.0,27.373,4431829000,165075000,263759000.0,141736000,13.405,443004000
7,CBRE,MRY,2013-12-31,2013-12-31,2013-12-31,2021-07-30,-146123000,6998414000,6602919250,2879812000,4118602000,1.088,5.778,-156358000.0,553067000,553067000,4189389000.0,348795000.0,1.105,2.67,2488249000,621359000,1866890000,2488249000,0,191270000.0,0,0.0,0.0,638807000.0,830077000.0,0.116,830077000.0,638807000.0,503725000.0,0.96,0.95,0.96,1895785000,1712296750,1895785000,10471725468.0,16.0,12.615,588750000.0,1.794,1.0,2995405000.0,0.417,3131702000,135082000.0,3196154000,3669372250,0,313938000,58442000,255496000,5062408000,2605740000,2456668000,8715653468.0,-597385000.0,-471511000.0,-10848000.0,-733711000.0,0.0,-866281000.0,-464994000.0,115259000.0,745108000.0,-11218000.0,316538000.0,316538000.0,316538000.0,-26997000.0,32257000.0,0.044,2392829000.0,602576000.0,817519000,0.0,4.597,27.534,27.396,458596000,0.0,26.3,1.213,1.201,1868034000,1056592000,7184794000.0,7184794000.0,0.0,0.048,0.185,0.174,0.089,38538000.0,2104310000.0,1.0,331393668.0,328110004.0,331762854.0,21.898,3866712000,188533000,187187000.0,237408000,11.785,274072000
8,CBRE,MRY,2012-12-31,2012-12-31,2012-12-31,2021-07-30,-165044000,7809542000,6923567750,4084550000,3724992000,0.941,4.775,-150232000.0,1162973000,1162973000,3742514000.0,304787000.0,1.374,3.981,3805539000,1261832000,2543707000,3805539000,0,170905000.0,0,0.0,0.0,675945000.0,846850000.0,0.13,846850000.0,675945000.0,500877000.0,0.98,0.97,0.98,1539211000,1336683000,1539211000,9051925571.0,13.0,10.689,140849000.0,0.437,1.0,2771585000.0,0.425,2676395000,175068000.0,4803420000,4594771500,0,365929000,102010000,263919000,6127730000,2972293000,3155437000,6551730571.0,-3885000.0,-128228000.0,20324000.0,-90918000.0,0.0,-100689000.0,-197671000.0,50020000.0,291081000.0,33947000.0,315555000.0,315555000.0,315555000.0,-631000.0,-10768000.0,0.048,2192385000.0,579200000.0,582294000,0.0,4.257,20.763,20.306,379176000,0.0,19.9,1.006,0.985,2311163000,740054000,6514099000.0,6514099000.0,0.0,0.046,0.236,0.147,0.104,48782000.0,2002914000.0,1.0,329232692.0,322315576.0,327044145.0,20.21,5133147000,223593000,185322000.0,273837000,15.926,1112257000
9,CBRE,MRY,2011-12-31,2011-12-31,2011-12-31,2021-07-30,-158439000,7219143000,5927469000,3550047000,3669096000,0.996,3.616,-147980000.0,1160320000,1160320000,3457130000.0,290325000.0,1.324,5.039,3682158000,1070971000,2611187000,3682158000,0,116930000.0,0,0.0,0.0,578514000.0,695444000.0,0.118,695444000.0,578514000.0,428265000.0,0.75,0.74,0.75,1151481000,1078342250,1151481000,7437197700.0,13.0,10.694,213239000.0,0.67,1.0,2448281000.0,0.415,2622732000,150249000.0,4437601000,4053057000,0,355711000,154274000,201437000,5801980000,2680648000,3121332000,4991665700.0,586608000.0,-572601000.0,7136000.0,808837000.0,0.0,711325000.0,-480255000.0,212403000.0,361219000.0,-5681000.0,239162000.0,239162000.0,239162000.0,-49890000.0,51163000.0,0.04,1998385000.0,449896000.0,574136000,0.0,4.335,20.871,20.293,295488000,0.0,15.22,0.845,0.821,1855432000,424499000,5905411000.0,5905411000.0,0.0,0.04,0.222,0.143,0.098,29391000.0,1882666000.0,1.0,327967523.0,318454191.0,323723755.0,18.544,4596411000,168939000,189103000.0,257264000,14.434,869399000
10,CBRE,MRY,2010-12-31,2010-12-31,2010-12-31,2021-07-30,-94602000,5121568000,4998774000,2260870000,2860698000,1.023,2.894,-68464000.0,558831000,558831000,2960170000.0,156009000.0,1.155,4.466,2515567000,663666000,1851901000,2515567000,0,108962000.0,0,0.0,0.0,521864000.0,630826000.0,0.123,630826000.0,521864000.0,330713000.0,0.64,0.63,0.64,908215000,733888000,908215000,8654301691.0,17.0,13.719,548123000.0,1.746,1.0,2155146000.0,0.421,1656656000,191151000.0,3464880000,3935673500,0,173927000,3018000,170909000,4055773000,1956768000,2099005000,6612874691.0,-234983000.0,-85057000.0,2401000.0,-809431000.0,0.0,-784222000.0,-62503000.0,59953000.0,616587000.0,-4845000.0,200345000.0,200345000.0,200345000.0,-14320000.0,-44336000.0,0.039,1716063000.0,439083000.0,445337000,0.0,7.281,33.007,32.0,188397000,0.0,20.48,1.293,1.257,1425600000,185337000,5115316000.0,5115316000.0,0.0,0.04,0.273,0.133,0.102,41421000.0,1607682000.0,1.0,322894272.0,313873439.0,319016887.0,16.297,3464912000,122624000,130368000.0,96704000,11.039,304102000
11,CBRE,MRY,2009-12-31,2009-12-31,2009-12-31,2021-07-30,-115077000,5039406000,4647802250,2266725000,2772681000,0.896,2.268,-28200000.0,788354000,788354000,2447885000.0,-27638000.0,1.391,6.764,3010677000,638375000,2372302000,3010677000,0,99473000.0,0,0.0,0.0,249480000.0,348953000.0,0.084,348953000.0,249480000.0,60334000.0,0.12,0.12,0.12,629122000,316423250,629122000,6522029072.0,26.0,18.69,185445000.0,0.669,1.0,1717935000.0,0.412,1629276000,189146000.0,4003412000,4038211750,0,168477000,865000,167612000,4255111000,1629041000,2626070000,3973534072.0,582734000.0,-68840000.0,455616000.0,14326000.0,0.0,476768000.0,-119362000.0,-23248000.0,213645000.0,11683000.0,33341000.0,33341000.0,33341000.0,0.0,-60979000.0,0.008,1483052000.0,234883000.0,458510000,0.0,6.316,119.179,113.083,178975000,0.0,13.57,0.954,0.903,1090962000,-15008000,4165820000.0,4165820000.0,0.0,0.007,0.105,0.062,0.06,36339000.0,1383579000.0,1.0,292817544.0,277361783.0,279995081.0,15.019,3410130000,241757000,26993000.0,73462000,12.295,637684000
12,CBRE,MRY,2008-12-31,2008-12-31,2008-12-31,2021-07-30,-125413000,4726414000,5971668250,1915533000,2810881000,0.859,0.545,-51471000.0,195145000,195145000,2926721000.0,-1049741000.0,1.023,38.197,2920100000,633099000,2287001000,2920100000,0,102909000.0,0,0.0,0.0,-794100000.0,-691191000.0,-0.135,-691191000.0,-794100000.0,-961256000.0,-4.81,-4.81,-4.81,114686000,813830500,114686000,3832090400.0,-5.0,-5.544,-181844000.0,-0.864,1.0,2202096000.0,0.429,1563270000,167156000.0,4015254000,4239504000,0,174757000,237000,174520000,4380691000,1872845000,2507846000,885258400.0,-184051000.0,-270832000.0,210726000.0,148734000.0,0.0,373959000.0,-419009000.0,-128487000.0,-130373000.0,-8628000.0,-1012066000.0,-1012066000.0,-1012066000.0,-26748000.0,-37675000.0,-0.197,3009305000.0,-807209000.0,399877000,0.0,7.719,-0.875,-0.898,207976000,0.0,4.32,0.173,0.177,962413000,-48349000,5128817000.0,5128817000.0,0.0,-0.169,-1.244,-0.187,-0.155,25518000.0,1747082000.0,1.0,204920926.0,210539032.0,210539032.0,24.36,3163144000,309973000,50810000.0,78705000,15.024,42688000
13,CBRE,MRY,2007-12-31,2007-12-31,2007-12-31,2021-07-30,-17502000,6242573000,6068746500,2325568000,3917005000,0.994,4.327,-92955000.0,387312000,387312000,3200718000.0,405054000.0,0.959,5.048,2673985000,677760000,1996225000,2673985000,0,113694000.0,0,0.0,0.0,746139000.0,859833000.0,0.142,859833000.0,746139000.0,583148000.0,1.71,1.66,1.71,988543000,1268857000,988543000,7173770127.0,10.0,8.343,555255000.0,2.43,1.0,2833531000.0,0.47,2578814000,162991000.0,3526621000,3678700750,0,268418000,1212000,267206000,4990417000,2423811000,2566606000,4959381127.0,98398000.0,-224974000.0,-623133000.0,166795000.0,0.0,-277253000.0,-284421000.0,-178704000.0,648210000.0,11862000.0,390505000.0,390505000.0,390505000.0,-5308000.0,14549000.0,0.065,2158859000.0,674672000.0,488341000,0.0,5.017,12.7,12.602,216214000,0.0,21.55,0.822,0.816,1337430000,963530000,6034249000.0,6034249000.0,0.0,0.064,0.308,0.203,0.124,18978000.0,1988658000.0,1.0,230133695.0,228476724.0,234978464.0,26.411,3663759000,209916000,192643000.0,132505000,16.036,-98243000
14,CBRE,MRY,2006-12-31,2006-12-31,2006-12-31,2021-07-30,-33066000,5944631000,3355401750,2335012000,3609619000,1.202,5.213,-55298000.0,457414000,457414000,2110512000.0,318571000.0,1.195,3.965,2367050000,181900000,2185150000,2367050000,0,67595000.0,0,0.0,0.0,561904000.0,629499000.0,0.156,629499000.0,561904000.0,516897000.0,1.41,1.35,1.41,1181641000,993206000,1181641000,7724947230.0,14.0,12.272,374746000.0,1.653,1.0,1921515000.0,0.477,2629425000,45007000.0,3270180000,1480601500,0,611622000,355874000,255748000,4684854000,1954662000,2730192000,7481297230.0,-204813000.0,-1819302000.0,15572000.0,1392402000.0,0.0,1419560000.0,-2061933000.0,0.0,430044000.0,7516000.0,318571000.0,318571000.0,318571000.0,0.0,0.0,0.079,1371376000.0,550139000.0,477781000,0.0,6.331,23.484,23.546,180546000,0.0,33.2,1.855,1.867,984801000,602086000,4032027000.0,4032027000.0,0.0,0.095,0.321,0.38,0.139,-19885000.0,1303781000.0,1.0,225340278.0,226685122.0,235118341.0,17.787,3315206000,143024000,198326000.0,129179000,14.625,380350000
15,CBRE,MRY,2005-12-31,2005-12-31,2005-12-31,2021-07-30,-40595000,2815672000,2359551000,1284964000,1530708000,1.354,3.573,-37751000.0,454468000,454468000,1753472000.0,217341000.0,1.129,2.539,833221000,284065000,549156000,833221000,0,45516000.0,0,0.0,0.0,412503000.0,458019000.0,0.143,458019000.0,412503000.0,356222000.0,0.98,0.95,0.98,793685000,677855000,793685000,4775061456.0,12.0,10.425,321905000.0,1.449,1.0,1440554000.0,0.451,989719000,56281000.0,1066903000,1069982750,0,112814000,0,112814000,2015163000,1137803000,877360000,4308964456.0,192393000.0,-86869000.0,11450000.0,-57033000.0,0.0,-47272000.0,-115509000.0,0.0,359656000.0,-4482000.0,217341000.0,217341000.0,217341000.0,0.0,0.0,0.068,1068148000.0,372406000.0,254085000,0.0,5.429,19.826,20.017,137655000,0.0,19.617,1.349,1.364,739138000,283515000,3194026000.0,3194026000.0,0.0,0.092,0.321,0.386,0.129,5463000.0,1022632000.0,1.0,219658341.0,222129066.0,229855056.0,14.379,1825953000,132829000,138881000.0,63918000,8.22,147161000
16,CBRE,MRY,2004-12-31,2004-12-31,2004-12-31,2021-07-30,-20304000,2271636000,2104448500,863695000,1407941000,1.258,2.754,-52953000.0,266109000,266109000,1485742000.0,64725000.0,1.073,3.046,772807000,171923000,600884000,772807000,0,54857000.0,0,0.0,0.0,176334000.0,231191000.0,0.087,231191000.0,176334000.0,108254000.0,0.32,0.3,0.32,559948000,450888250,559948000,2959990921.0,17.0,12.803,134254000.0,0.66,1.0,1161331000.0,0.439,935161000,68080000.0,1038193000,1172003000,0,83501000,0,83501000,1705763000,804980000,900783000,2363223921.0,93015000.0,-34071000.0,144643000.0,-209034000.0,0.0,-67366000.0,-28351000.0,0.0,187207000.0,1525000.0,64725000.0,64725000.0,64725000.0,0.0,0.0,0.024,990323000.0,171008000.0,185877000,0.0,4.22,36.512,34.948,137703000,0.0,11.183,0.893,0.859,532295000,66174000,2647073000.0,2647073000.0,0.0,0.031,0.144,0.15,0.067,1144000.0,909892000.0,1.0,211316595.0,203326218.0,214035219.0,13.019,1336475000,101593000,43529000.0,0,6.573,58715000
17,CBRE,MRY,2003-12-31,2003-12-31,2003-12-31,2021-07-30,-23780000,2213481000,1734675500,838982000,1374499000,0.94,2.179,-40299000.0,178780000,178780000,796428000.0,-34704000.0,0.999,5.629,1072842000,281422000,791420000,1072842000,0,92622000.0,0,,0.0,31339000.0,123961000.0,0.076,123961000.0,31339000.0,-40980000.0,-0.227,-0.227,-0.227,332929000,296331500,332929000,,,,47247000.0,0.309,1.0,833646000.0,0.511,951289000,72319000.0,1316750000,1164165250,0,68361000,0,68361000,1873896000,839504000,1034392000,,82810000.0,-275470000.0,120980000.0,206554000.0,0.0,303664000.0,-308400000.0,0.0,87546000.0,1370000.0,-34704000.0,-34704000.0,-34704000.0,0.0,0.0,-0.021,807816000.0,25830000.0,189787000,0.0,,,,113569000,0.0,,,,553206000,1449000,1630074000.0,1630074000.0,0.0,-0.02,-0.117,0.027,0.019,159000.0,678377000.0,1.0,196769754.0,152755716.0,152755716.0,10.671,1262192000,89860000,-6276000.0,0,8.263,-522000
18,CBRE,MRY,2002-12-31,2002-12-31,2002-12-31,2021-07-30,-18998000,1324876000,1288284750,345940000,978936000,0.908,2.012,-18955000.0,79701000,79701000,547093000.0,18727000.0,0.802,4.249,632909000,133905000,499004000,632909000,0,24614000.0,0,,0.0,109334000.0,133948000.0,0.114,133948000.0,109334000.0,48833000.0,0.15,0.147,0.15,251341000,256932250,251341000,,,,50616000.0,0.405,1.0,623184000.0,0.533,668219000,60501000.0,778778000,886811250,0,50208000,0,50208000,1067920000,431087000,636833000,,22914000.0,-14811000.0,180000.0,-17556000.0,0.0,-17838000.0,-28819000.0,0.0,69571000.0,-663000.0,18727000.0,18727000.0,18727000.0,0.0,0.0,0.016,526448000.0,96736000.0,102415000,0.0,,,,66634000,0.0,,,,229353000,36153000,1170277000.0,1170277000.0,0.0,0.015,0.073,0.123,0.093,0.0,501798000.0,1.0,129682566.0,124921728.0,126557967.0,9.368,656657000,55099000,30106000.0,15451000,5.257,-85147000
0,CBRE,MRQ,2021-06-30,2021-06-30,2021-06-30,2021-07-30,-564564000,18458352000,,8886889000,9571463000,,22.88,-46347000.0,2256809000,2256809000,5016759000.0,443442000.0,1.389,1.346,4251603000,1325777000,2925826000,4251603000,197402000,119085000.0,0,0.0,0.0,589854000.0,708939000.0,0.11,708939000.0,589854000.0,576082000.0,1.32,1.3,1.32,7679521000,,7679521000,30602359045.0,19.0,14.361,374219000.0,1.115,1.0,1441854000.0,0.223,5237277000,13772000.0,8817888000,,0,1150119000,0,1150119000,10335165000,6397981000,3937184000,28775908045.0,255102000.0,-103104000.0,-27167000.0,24811000.0,0.0,-22942000.0,-150587000.0,0.0,420566000.0,8065000.0,442637000.0,442637000.0,442637000.0,0.0,805000.0,0.069,1076301000.0,365553000.0,2485081000,0.0,3.747,23.846,23.88,1743554000,0.0,85.73,1.153,1.153,5543866000,7238896000,6458613000.0,6458613000.0,0.0,,,,,49447000.0,957216000.0,1.0,335657390.0,335643233.0,339502871.0,19.242,13221075000,227041000,133445000.0,410082000,39.39,2488908000
1,CBRE,MRQ,2021-03-31,2021-03-31,2021-03-31,2021-07-30,-582535000,17248728000,,7906291000,9342437000,,21.528,-29597000.0,2001707000,2001707000,4719546000.0,268977000.0,1.37,1.327,3828158000,889072000,2939086000,3828158000,174413000,122078000.0,0,0.0,0.0,352635000.0,474713000.0,0.08,474713000.0,352635000.0,342529000.0,0.79,0.78,0.79,7230370000,,7230370000,28606176277.0,25.0,17.263,-223045000.0,-0.664,1.0,1219333000.0,0.205,5175162000,10106000.0,8127214000,,0,1085066000,0,1085066000,9592945000,5772803000,3820142000,26549092277.0,-37540000.0,-164323000.0,-61108000.0,515992000.0,0.0,401966000.0,-193904000.0,0.0,-193448000.0,-52154000.0,266202000.0,266202000.0,266202000.0,0.0,2775000.0,0.045,950405000.0,268928000.0,2469434000,0.0,3.672,31.382,31.518,1775030000,0.0,79.11,1.112,1.113,4918878000,6796259000,5938879000.0,5938879000.0,0.0,,,,,35786000.0,828327000.0,1.0,335597172.0,335860494.0,339580504.0,17.683,12073566000,199131000,76327000.0,336313000,35.948,2133488000
2,CBRE,MRQ,2020-12-31,2020-12-31,2020-12-31,2021-07-30,-529726000,18039143000,,8845631000,9193512000,,21.104,-76029000.0,2039247000,2039247000,5370830000.0,315386000.0,1.238,1.488,4096331000,1599334000,2496997000,4096331000,162045000,143825000.0,0,0.0,0.0,424777000.0,568602000.0,0.082,568602000.0,424777000.0,408819000.0,0.93,0.92,0.93,7078326000,,7078326000,23689504749.0,23.0,15.427,894108000.0,2.666,1.0,1539671000.0,0.223,5189522000,15958000.0,7762722000,,0,854866000,0,854866000,10533483000,7143983000,3389500000,21039815749.0,392690000.0,-53954000.0,0.0,-449363000.0,0.0,-513932000.0,-135098000.0,0.0,970137000.0,71583000.0,313765000.0,313765000.0,313765000.0,0.0,1621000.0,0.045,1108436000.0,431235000.0,2692939000,0.0,2.972,27.979,28.0,1835361000,0.0,62.72,0.883,0.882,5806124000,6530057000,6910501000.0,6910501000.0,0.0,,,,,18550000.0,951106000.0,1.0,335456246.0,335399591.0,338801263.0,20.604,12849621000,228840000,95054000.0,325092000,38.311,1701648000
3,CBRE,MRQ,2020-09-30,2020-09-30,2020-09-30,2021-07-30,-731399000,16347076000,,7771375000,8575701000,,19.545,-56397000.0,1646557000,1646557000,4564579000.0,184840000.0,1.263,1.488,4296246000,1388029000,2908217000,4296246000,132499000,127725000.0,0,0.0,0.0,251023000.0,378748000.0,0.067,378748000.0,251023000.0,233194000.0,0.55,0.55,0.55,6553096000,,6553096000,18719477125.0,16.0,11.428,798182000.0,2.381,1.0,1080563000.0,0.191,5078186000,17829000.0,7766307000,,0,392569000,0,392569000,9752774000,6152272000,3600502000,15747998125.0,332823000.0,-18465000.0,0.0,-458146000.0,0.0,-488287000.0,-70545000.0,0.0,854579000.0,37076000.0,184132000.0,184132000.0,184132000.0,0.0,708000.0,0.033,921952000.0,158611000.0,2428845000,0.0,2.403,14.638,14.678,1876325000,0.0,46.97,0.655,0.655,5209884000,6216292000,5645142000.0,5645142000.0,0.0,,,,,22137000.0,794227000.0,1.0,335277797.0,335287245.0,337665848.0,16.837,11268890000,197583000,49062000.0,248052000,33.61,1619103000
4,CBRE,MRQ,2020-06-30,2020-06-30,2020-06-30,2021-07-30,-838517000,15700414000,,7189435000,8510979000,,18.632,-71908000.0,1313734000,1313734000,4399537000.0,82112000.0,1.228,1.508,4285213000,1403624000,2881589000,4285213000,128415000,116384000.0,0,0.0,0.0,118650000.0,235034000.0,0.044,235034000.0,118650000.0,100700000.0,0.24,0.24,0.24,6243994000,,6243994000,18672691148.0,15.0,10.902,81019000.0,0.242,1.0,981847000.0,0.182,5026341000,17950000.0,7792654000,,0,386123000,0,386123000,9415363000,5852898000,3562465000,15156243148.0,581039000.0,25951000.0,0.0,473735000.0,0.0,460285000.0,-43711000.0,0.0,152927000.0,11538000.0,81897000.0,81897000.0,81897000.0,0.0,215000.0,0.015,887190000.0,94657000.0,2329218000,0.0,2.427,13.199,13.261,1888277000,0.0,45.22,0.623,0.623,4899919000,6032160000,5381384000.0,5381384000.0,0.0,,,,,20943000.0,770806000.0,1.0,335166810.0,335126126.0,337361419.0,16.058,10674073000,240339000,18803000.0,314018000,31.851,1336537000
5,CBRE,MRQ,2020-03-31,2020-03-31,2020-03-31,2021-07-30,-851039000,15680264000,,7263587000,8416677000,,18.298,-62241000.0,732695000,732695000,4712674000.0,173530000.0,1.198,1.552,4249143000,1448917000,2800226000,4249143000,106995000,113794000.0,0,0.0,0.0,239393000.0,353187000.0,0.06,353187000.0,239393000.0,223377000.0,0.51,0.51,0.51,6129343000,,6129343000,15502406652.0,11.0,8.18,-191014000.0,-0.57,1.0,1176494000.0,0.2,5013544000,16016000.0,8117742000,,0,422910000,0,422910000,9510717000,6065426000,3445291000,12624962652.0,-361050000.0,-39058000.0,-50028000.0,-30000.0,0.0,-101413000.0,-92231000.0,0.0,-128773000.0,-38633000.0,172195000.0,172195000.0,172195000.0,0.0,1335000.0,0.029,979031000.0,197463000.0,2365003000,0.0,2.06,9.786,9.82,1798662000,0.0,37.71,0.512,0.512,5535523000,5950263000,5889168000.0,5889168000.0,0.0,,,,,-1239000.0,790066000.0,1.0,334790842.0,334969826.0,339737911.0,17.581,10666720000,206709000,51182000.0,265125000,31.844,1198161000
6,CBRE,MRQ,2019-12-31,2019-12-31,2019-12-31,2021-07-30,-679748000,16197196000,,7534464000,8662732000,,18.62,-97483000.0,1093745000,1093745000,5533853000.0,639133000.0,1.171,1.592,3971189000,1152186000,2819003000,3971189000,108671000,115362000.0,0,0.0,0.0,555762000.0,671124000.0,0.094,671124000.0,555762000.0,537646000.0,1.9,1.88,1.9,6232693000,,6232693000,24172186570.0,17.0,12.877,951148000.0,2.842,1.0,1585554000.0,0.223,5133039000,18116000.0,7505150000,,0,426711000,0,426711000,9924084000,6436451000,3487633000,20516931570.0,391440000.0,-350052000.0,-51049000.0,-161236000.0,0.0,-219986000.0,-449325000.0,0.0,1048631000.0,12120000.0,637618000.0,637618000.0,637618000.0,0.0,1515000.0,0.09,1072264000.0,513290000.0,2436084000,0.0,3.292,15.999,16.045,1834172000,0.0,61.29,0.859,0.861,5459732000,5793149000,7119407000.0,7119407000.0,0.0,,,,,28780000.0,956152000.0,1.0,334751698.0,334733459.0,340321463.0,21.269,11064157000,306915000,-99972000.0,244413000,33.054,1098013000
7,CBRE,MRQ,2019-09-30,2019-09-30,2019-09-30,2021-07-30,-787081000,15040942000,,7058835000,7982107000,,16.394,-71809000.0,702305000,702305000,4687336000.0,258053000.0,1.171,1.72,4357560000,1569431000,2788129000,4357560000,110911000,111560000.0,0,0.0,0.0,341913000.0,453473000.0,0.077,453473000.0,341913000.0,320067000.0,0.76,0.75,0.76,5511829000,,5511829000,21734463344.0,16.0,11.805,396224000.0,1.179,1.0,1237765000.0,0.209,4952930000,21846000.0,7715297000,,0,705287000,376707000,328580000,9481962000,6027970000,3453992000,17829154344.0,89080000.0,-51476000.0,-49000000.0,-176922000.0,0.0,-237937000.0,-123567000.0,0.0,468033000.0,-17449000.0,256599000.0,256599000.0,256599000.0,0.0,1454000.0,0.043,921144000.0,316621000.0,2085391000,0.0,3.235,17.168,17.211,1762341000,0.0,53.01,0.773,0.773,5045674000,5155531000,5925101000.0,5925101000.0,0.0,,,,,33378000.0,809584000.0,1.0,336335679.0,336203747.0,341100182.0,17.624,10088012000,181533000,63468000.0,260100000,30.006,1030865000
8,CBRE,MRQ,2019-06-30,2019-06-30,2019-06-30,2021-07-30,-717660000,14719135000,,6885217000,7833918000,,15.902,-67243000.0,613225000,613225000,4445790000.0,223438000.0,1.169,1.745,4518534000,1755742000,2762792000,4518534000,109511000,106479000.0,0,0.0,0.0,310852000.0,417331000.0,0.073,417331000.0,310852000.0,286252000.0,0.67,0.66,0.67,5346637000,,5346637000,21378010625.0,15.0,11.181,32048000.0,0.095,1.0,1268283000.0,0.222,4995070000,24600000.0,7741925000,,0,307308000,0,307308000,9328605000,5887449000,3441156000,17251044625.0,-74443000.0,-7326000.0,0.0,-101835000.0,0.0,-114054000.0,-74194000.0,0.0,99291000.0,14514000.0,223731000.0,223731000.0,223731000.0,0.0,-293000.0,0.039,983876000.0,284407000.0,2063845000,0.0,3.227,16.086,16.132,1695706000,0.0,51.3,0.77,0.77,5366931000,4898932000,5714073000.0,5714073000.0,0.0,,,,,36309000.0,877397000.0,1.0,336277673.0,336222471.0,340508931.0,16.995,9724065000,136779000,62521000.0,268313000,28.922,997768000
9,CBRE,MRQ,2019-03-31,2019-03-31,2019-03-31,2021-07-30,-716169000,14693008000,,6996860000,7696148000,,15.146,-56979000.0,687668000,687668000,4022034000.0,170826000.0,1.164,1.864,4814634000,2085237000,2729397000,4814634000,115137000,105823000.0,0,0.0,0.0,229479000.0,335302000.0,0.065,335302000.0,229479000.0,208287000.0,0.49,0.48,0.49,5089379000,,5089379000,18842250448.0,13.0,9.751,-449554000.0,-1.338,1.0,1113476000.0,0.217,5002528000,21192000.0,7807364000,,0,228406000,0,228406000,9488792000,6010082000,3478710000,16607027448.0,-176276000.0,-19730000.0,-45088000.0,336000000.0,0.0,300028000.0,-73938000.0,0.0,-392575000.0,-9791000.0,164409000.0,164409000.0,164409000.0,0.0,6417000.0,0.032,987736000.0,125740000.0,1833841000,0.0,3.263,15.415,15.55,1669131000,0.0,49.45,0.762,0.762,5349723000,4675201000,5135510000.0,5135510000.0,0.0,,,,,29271000.0,792876000.0,1.0,335834731.0,336020431.0,340158399.0,15.283,9690480000,138874000,43878000.0,355318000,28.839,986778000
10,CBRE,MRQ,2018-12-31,2018-12-31,2018-12-31,2021-07-30,-718269000,13456793000,,6754210000,6702583000,,14.533,-75910000.0,863944000,863944000,4771599000.0,394503000.0,1.164,1.71,3099167000,1331907000,1767260000,3099167000,82227000,116940000.0,0,0.0,0.0,518039000.0,634979000.0,0.101,634979000.0,518039000.0,495407000.0,1.16,1.15,1.16,4938797000,,4938797000,16505656292.0,11.0,8.566,553028000.0,1.627,1.0,1522149000.0,0.242,5093617000,22632000.0,4795019000,,0,216174000,0,216174000,8446891000,5803380000,2643511000,13648847292.0,236006000.0,-32800000.0,-161034000.0,-136934000.0,0.0,-293120000.0,-106585000.0,5783000.0,628938000.0,6773000.0,393795000.0,393795000.0,393795000.0,0.0,708000.0,0.063,1065111000.0,457038000.0,1919827000,0.0,2.764,12.837,12.792,721692000,0.0,40.04,0.64,0.637,5011059000,4504684000,6293748000.0,6293748000.0,0.0,,,,,31136000.0,948171000.0,1.0,340880302.0,339828803.0,342689244.0,18.52,8363176000,123387000,101612000.0,348151000,24.61,950830000
11,CBRE,MRQ,2018-09-30,2018-09-30,2018-09-30,2021-07-30,-678972000,12977116000,,6378314000,6598802000,,13.883,-44411000.0,627938000,627938000,4098904000.0,291689000.0,1.163,1.741,3484747000,1724744000,1760003000,3484747000,86771000,113484000.0,0,0.0,0.0,410852000.0,524336000.0,0.1,524336000.0,410852000.0,385432000.0,0.86,0.85,0.86,4712956000,,4712956000,18215714472.0,13.0,9.825,549962000.0,1.62,1.0,1162050000.0,0.221,5046567000,25420000.0,5301577000,,0,195322000,0,195322000,8204725000,5485781000,2718944000,14985102472.0,24592000.0,-33357000.0,0.0,-454914000.0,0.0,-479522000.0,-77467000.0,-526000.0,594373000.0,-12792000.0,290469000.0,290469000.0,290469000.0,0.0,1220000.0,0.055,972569000.0,189481000.0,1674183000,0.0,3.18,18.084,18.074,702428000,0.0,44.1,0.729,0.729,5008765000,4110889000,5260954000.0,5260954000.0,0.0,,,,,35360000.0,859085000.0,1.0,339798242.0,339477316.0,343733947.0,15.497,7930549000,134188000,94963000.0,342099000,23.361,892533000
12,CBRE,MRQ,2018-06-30,2018-06-30,2018-06-30,2021-07-30,-648492000,12535457000,,6106710000,6428747000,,13.134,-60758000.0,603346000,603346000,3958748000.0,229631000.0,1.135,1.8,3833958000,2071073000,1762885000,3833958000,76216000,113399000.0,0,0.0,0.0,324382000.0,437781000.0,0.086,437781000.0,324382000.0,298986000.0,0.67,0.67,0.67,4453577000,,4453577000,18866622474.0,14.0,10.825,97138000.0,0.286,1.0,1152686000.0,0.226,4855453000,25396000.0,5529481000,,0,233889000,0,233889000,8018586000,5381135000,2637451000,16219175474.0,-118467000.0,-262114000.0,0.0,93878000.0,0.0,84697000.0,-312420000.0,10397000.0,157896000.0,-48640000.0,228667000.0,228667000.0,228667000.0,0.0,964000.0,0.045,939681000.0,213005000.0,1642030000,0.0,3.642,21.999,22.0,705469000,0.0,47.74,0.814,0.812,4812846000,3820420000,5111434000.0,5111434000.0,0.0,,,,,32105000.0,826282000.0,1.0,339739746.0,339081556.0,343471513.0,15.074,7680004000,145642000,70319000.0,349030000,22.649,725575000
13,CBRE,MRQ,2018-03-31,2018-03-31,2018-03-31,2021-07-30,-483770000,11907442000,,5754300000,6153142000,,12.859,-46724000.0,721813000,721813000,3619961000.0,150125000.0,1.182,1.719,3369260000,1611072000,1758188000,3369260000,88076000,108165000.0,0,0.0,0.0,225310000.0,333475000.0,0.071,333475000.0,225310000.0,196452000.0,0.44,0.44,0.44,4357631000,,4357631000,18117150118.0,14.0,10.579,-296682000.0,-0.875,1.0,1053991000.0,0.226,4677134000,28858000.0,5008100000,,0,228950000,0,228950000,7488768000,4869655000,2619113000,16031576118.0,-103006000.0,4605000.0,0.0,192961000.0,0.0,181345000.0,-64212000.0,-15654000.0,-249958000.0,29819000.0,150288000.0,150288000.0,150288000.0,0.0,-163000.0,0.032,840400000.0,213591000.0,1505134000,0.0,3.679,22.568,22.486,633666000,0.0,47.22,0.833,0.831,4283188000,3591753000,4673952000.0,4673952000.0,0.0,,,,,29570000.0,732235000.0,1.0,339508177.0,338890098.0,342589810.0,13.792,7230308000,163257000,46164000.0,376677000,21.335,884645000
14,CBRE,MRQ,2017-12-31,2017-12-31,2017-12-31,2021-07-30,-552414000,11718396000,,5630584000,6087812000,,12.145,-76436000.0,824819000,824819000,4150803000.0,161510000.0,1.195,1.833,2910393000,910790000,1999603000,2910393000,100615000,109100000.0,0,0.0,0.0,449241000.0,558341000.0,0.102,558341000.0,449241000.0,426203000.0,0.47,0.47,0.47,4114496000,,4114496000,17629423267.0,14.0,10.383,432382000.0,1.276,1.0,1348851000.0,0.245,4653852000,23038000.0,4437174000,,0,238001000,0,238001000,7543782000,4712944000,2830838000,14701975267.0,-215580000.0,-89922000.0,0.0,-543195000.0,0.0,-560254000.0,-164819000.0,303000.0,508818000.0,675000.0,159224000.0,159224000.0,159224000.0,0.0,2286000.0,0.029,943629000.0,405222000.0,1573672000,0.0,3.573,21.09,21.024,617739000,0.0,43.31,0.789,0.785,4040327000,3443007000,5499654000.0,5499654000.0,0.0,,,,,24112000.0,834529000.0,1.0,339459138.0,338789326.0,341626928.0,16.233,7064544000,148374000,266979000.0,358644000,20.852,917640000
15,CBRE,MRQ,2017-09-30,2017-09-30,2017-09-30,2021-07-30,-580765000,11652014000,,5804734000,5847280000,,11.231,-41743000.0,1040399000,1040399000,3598279000.0,200132000.0,1.275,2.055,3967847000,1416279000,2551568000,3967847000,0,102591000.0,0,0.0,0.0,310643000.0,413234000.0,0.089,413234000.0,310643000.0,276160000.0,0.59,0.58,0.59,3795470000,,3795470000,15795986096.0,12.0,9.466,461287000.0,1.365,1.0,1040317000.0,0.224,4535907000,34483000.0,5492178000,,0,233634000,0,233634000,7800178000,4551377000,3248801000,12800986096.0,429998000.0,475000.0,0.0,-1629000.0,0.0,-37781000.0,-43724000.0,-1333000.0,503030000.0,8473000.0,199088000.0,199088000.0,199088000.0,0.0,1044000.0,0.043,807541000.0,232776000.0,1505860000,0.0,3.373,15.942,15.849,574266000,0.0,37.88,0.602,0.602,4278036000,3179985000,4638596000.0,4638596000.0,0.0,,,,,20692000.0,704950000.0,1.0,337935219.0,337948324.0,341186431.0,13.726,7116107000,160636000,77072000.0,225739000,21.057,1253357000
16,CBRE,MRQ,2017-06-30,2017-06-30,2017-06-30,2021-07-30,-646913000,10606218000,,4824336000,5781882000,,10.504,-36128000.0,610401000,610401000,3409540000.0,203008000.0,1.27,1.984,3605401000,1054997000,2550404000,3605401000,0,100386000.0,0,0.0,0.0,307094000.0,407480000.0,0.092,407480000.0,307094000.0,271664000.0,0.6,0.59,0.6,3539693000,,3539693000,15047045074.0,13.0,9.764,167833000.0,0.498,1.0,1030031000.0,0.232,4494737000,35430000.0,5308931000,,0,246715000,0,246715000,7023192000,3797550000,3225642000,12298633074.0,18074000.0,-13463000.0,0.0,-125584000.0,0.0,-139134000.0,-50780000.0,-2388000.0,203961000.0,4027000.0,201777000.0,201777000.0,201777000.0,0.0,1231000.0,0.045,813001000.0,217030000.0,1427401000,0.0,3.474,17.37,17.251,556480000,0.0,36.4,0.621,0.619,3723235000,2983668000,4439571000.0,4439571000.0,0.0,,,,,32872000.0,712615000.0,1.0,337874535.0,336975149.0,340882603.0,13.175,6111481000,151865000,69887000.0,171003000,18.136,1026786000
17,CBRE,MRQ,2017-03-31,2017-03-31,2017-03-31,2021-07-30,-737231000,9927112000,,4245460000,5681652000,,9.534,-23735000.0,592327000,592327000,3146477000.0,138926000.0,1.222,2.076,3340739000,791481000,2549258000,3340739000,0,94037000.0,0,0.0,0.0,224849000.0,318886000.0,0.079,318886000.0,224849000.0,190839000.0,0.41,0.4,0.41,3211945000,,3211945000,14724475069.0,14.0,10.179,-345133000.0,-1.024,1.0,904489000.0,0.223,4422847000,34010000.0,4779497000,,0,242486000,0,242486000,6668873000,3473180000,3195693000,11753081069.0,-239085000.0,-20553000.0,0.0,118532000.0,0.0,109427000.0,-43277000.0,-69000.0,-321398000.0,16163000.0,137020000.0,137020000.0,137020000.0,0.0,1906000.0,0.034,700663000.0,203826000.0,1320584000,0.0,3.659,18.717,18.604,551633000,0.0,34.79,0.633,0.631,3184248000,2786503000,4050966000.0,4050966000.0,0.0,,,,,15411000.0,606626000.0,1.0,337829292.0,336907836.0,339690579.0,12.024,5504265000,150091000,53819000.0,228806000,16.338,772280000
18,CBRE,MRQ,2016-12-31,2016-12-31,2016-12-31,2021-07-30,-791018000,10779587000,,5122450000,5657137000,,8.95,-56848000.0,831412000,831412000,6900282000.0,266232000.0,1.132,2.562,3802806000,1254680000,2548126000,3802806000,0,96940000.0,0,0.0,0.0,432204000.0,529144000.0,0.065,529144000.0,432204000.0,396403000.0,0.79,0.78,0.79,3014487000,,3014487000,14465858424.0,14.0,10.469,613326000.0,1.821,1.0,1221068000.0,0.15,4392431000,35801000.0,4833121000,,0,232238000,0,232238000,7722342000,4525429000,3196913000,10620927424.0,312302000.0,-70819000.0,0.0,-193953000.0,0.0,-219838000.0,-110903000.0,-757000.0,670174000.0,-27131000.0,265081000.0,265081000.0,265081000.0,0.0,1151000.0,0.033,866903000.0,354165000.0,1446438000,0.0,3.523,18.533,18.415,560756000,0.0,31.49,0.611,0.608,3881649000,2656906000,8121350000.0,8121350000.0,0.0,,,,,20138000.0,769963000.0,1.0,337279372.0,336810506.0,339538361.0,24.113,6387156000,150950000,131322000.0,183112000,18.964,597021000
19,CBRE,MRQ,2016-09-30,2016-09-30,2016-09-30,2021-07-30,-585341000,10776770000,,5055477000,5721293000,,8.741,-55299000.0,517101000,517101000,2252783000.0,110853000.0,1.107,2.656,4362032000,1747134000,2614898000,4362032000,0,92725000.0,0,0.0,0.0,192850000.0,285575000.0,0.089,285575000.0,192850000.0,155577000.0,0.31,0.31,0.31,2935025000,,2935025000,12551168175.0,14.0,9.793,101529000.0,0.302,1.0,940704000.0,0.295,4459915000,37273000.0,5594922000,,0,249883000,0,249883000,7795267000,4566864000,3228403000,9390604175.0,14578000.0,1689000.0,0.0,-106269000.0,0.0,-142327000.0,-103000.0,44396000.0,156828000.0,180000.0,104163000.0,104163000.0,104163000.0,0.0,6690000.0,0.033,779255000.0,161449000.0,1365528000,0.0,3.199,19.241,19.164,550779000,0.0,27.98,0.725,0.726,4041555000,2392931000,3193487000.0,3193487000.0,0.0,,,,,14792000.0,686530000.0,1.0,335618448.0,335770122.0,338488975.0,9.511,6316855000,194909000,51414000.0,223988000,18.813,488613000
20,CBRE,MRQ,2016-06-30,2016-06-30,2016-06-30,2021-07-30,-572181000,9922572000,,4246081000,5676491000,,8.521,-45590000.0,502270000,502270000,2254233000.0,123445000.0,1.135,2.458,3662834000,1037857000,2624977000,3662834000,0,90268000.0,0,0.0,0.0,222694000.0,312962000.0,0.098,312962000.0,222694000.0,185707000.0,0.36,0.36,0.36,2855118000,,2855118000,11999242373.0,12.0,9.064,73033000.0,0.218,1.0,953304000.0,0.297,4457264000,36987000.0,4883223000,,0,226742000,0,226742000,7018802000,3742649000,3276153000,8882343373.0,-57461000.0,8562000.0,0.0,-132604000.0,0.0,-130826000.0,-40824000.0,-4176000.0,118623000.0,-4434000.0,121668000.0,121668000.0,121668000.0,0.0,1777000.0,0.038,770710000.0,182594000.0,1381802000,0.0,3.111,16.665,16.55,533575000,0.0,26.48,0.712,0.712,3220869000,2292062000,3207537000.0,3207537000.0,0.0,,,,,15960000.0,680442000.0,1.0,335435928.0,335076746.0,338080641.0,9.573,5465308000,200547000,64039000.0,221189000,16.311,503432000
21,CBRE,MRQ,2016-03-31,2016-03-31,2016-03-31,2021-07-30,-471355000,9835135000,,4086896000,5748239000,,8.436,-33468000.0,552601000,552601000,2013613000.0,84640000.0,1.106,2.473,3669500000,1034455000,2635045000,3669500000,0,86994000.0,0,0.0,0.0,167082000.0,254076000.0,0.089,254076000.0,167082000.0,132292000.0,0.25,0.24,0.25,2817595000,,2817595000,13449990845.0,14.0,10.274,-362108000.0,-1.084,1.0,833121000.0,0.293,4550202000,34790000.0,4705412000,,0,220533000,0,220533000,6968437000,3696420000,3272017000,9632821845.0,-51174000.0,19450000.0,0.0,277913000.0,0.0,272314000.0,1306000.0,2253000.0,-328640000.0,3846000.0,82167000.0,82167000.0,82167000.0,0.0,2473000.0,0.029,730360000.0,102761000.0,1351062000,0.0,3.419,17.96,17.79,528350000,0.0,28.82,0.827,0.826,3069333000,2170394000,2846734000.0,2846734000.0,0.0,,,,,12594000.0,643366000.0,1.0,334240869.0,333992935.0,337506232.0,8.523,5284933000,200816000,50125000.0,235371000,15.823,390476000
22,CBRE,MRQ,2015-12-31,2015-12-31,2015-12-31,2021-07-30,-485675000,11017943000,,5305223000,5712720000,,8.127,-54140000.0,613167000,613167000,2530521000.0,182595000.0,1.062,3.045,4430336000,1785225000,2645111000,4430336000,0,98598000.0,0,0.0,0.0,330466000.0,429064000.0,0.116,429064000.0,330466000.0,294653000.0,0.54,0.54,0.54,2712652000,,2712652000,14762766708.0,15.0,11.348,455347000.0,1.364,1.0,1169721000.0,0.316,4536466000,35813000.0,5304489000,,0,217943000,0,217943000,8258873000,4994157000,3264716000,11555477708.0,100046000.0,61457000.0,17762000.0,-415815000.0,0.0,-420622000.0,12987000.0,1141000.0,509487000.0,-1806000.0,180043000.0,180043000.0,180043000.0,0.0,2552000.0,0.049,963369000.0,206352000.0,1484119000,0.0,4.26,21.12,21.085,529823000,0.0,34.58,1.064,1.06,4238847000,2088227000,3700242000.0,3700242000.0,0.0,,,,,28860000.0,864771000.0,1.0,334166504.0,333796096.0,337236655.0,11.085,6481477000,194583000,114610000.0,271222000,19.417,311066000
23,CBRE,MRQ,2015-09-30,2015-09-30,2015-09-30,2021-07-30,-446454000,9555464000,,3979647000,5575817000,,7.652,-34936000.0,507547000,507547000,1773660000.0,149991000.0,1.104,2.736,3714836000,1031118000,2683718000,3714836000,0,75047000.0,0,0.0,0.0,252688000.0,327735000.0,0.121,327735000.0,252688000.0,221989000.0,0.45,0.44,0.45,2545679000,,2545679000,12753680344.0,13.0,10.076,149665000.0,0.45,1.0,938899000.0,0.346,4524165000,30699000.0,4634325000,,0,351570000,63885000,287685000,6965939000,3604263000,3361676000,10661757344.0,103935000.0,-1432580000.0,-15863000.0,1407210000.0,0.0,1390639000.0,-1461109000.0,3618000.0,184601000.0,-10196000.0,149123000.0,149123000.0,149123000.0,0.0,868000.0,0.055,701952000.0,236947000.0,1320325000,0.0,4.188,18.66,18.497,503666000,0.0,32.0,1.072,1.071,2860885000,1908184000,2712559000.0,2712559000.0,0.0,,,,,16717000.0,626905000.0,1.0,333179917.0,332684487.0,336561877.0,8.154,5031299000,236328000,72866000.0,254547000,15.123,375384000
24,CBRE,MRQ,2015-06-30,2015-06-30,2015-06-30,2021-07-30,-370734000,7460259000,,3342956000,4117303000,,7.408,-31760000.0,402433000,402433000,1487974000.0,133153000.0,1.288,2.015,2494356000,760006000,1734350000,2494356000,0,70605000.0,0,0.0,0.0,227657000.0,298262000.0,0.125,298262000.0,227657000.0,201503000.0,0.38,0.37,0.38,2459592000,,2459592000,14833211891.0,16.0,12.265,105899000.0,0.319,1.0,902532000.0,0.378,3119921000,26154000.0,3837487000,,0,350344000,69682000,280662000,4956731000,2594774000,2361957000,12320183891.0,-42606000.0,-29825000.0,3193000.0,-109940000.0,0.0,-120034000.0,-64004000.0,-2866000.0,137659000.0,3773000.0,125029000.0,125029000.0,125029000.0,0.0,8124000.0,0.052,680763000.0,221769000.0,764524000,0.0,5.009,23.275,23.125,484032000,0.0,37.0,1.296,1.292,2355436000,1759061000,2390506000.0,2390506000.0,0.0,,,,,13191000.0,610158000.0,1.0,332977943.0,331999935.0,336154524.0,7.2,4340338000,254853000,76474000.0,216163000,13.073,748182000
25,CBRE,MRQ,2015-03-31,2015-03-31,2015-03-31,2021-07-30,-430550000,7625660000,,3593879000,4031781000,,6.806,-18628000.0,435722000,435722000,1290777000.0,93138000.0,1.209,2.355,2948750000,1214456000,1734294000,2948750000,0,69846000.0,0,0.0,0.0,176054000.0,245900000.0,0.12,245900000.0,176054000.0,149840000.0,0.28,0.28,0.28,2259308000,,2259308000,14546500240.0,16.0,12.406,-198478000.0,-0.598,1.0,761726000.0,0.371,3056026000,26214000.0,4109673000,,0,330365000,64973000,265392000,5320639000,2972989000,2347650000,12891372240.0,-361856000.0,-65452000.0,-5092000.0,-60562000.0,0.0,-60435000.0,-106833000.0,3976000.0,-179850000.0,-14738000.0,92937000.0,92937000.0,92937000.0,0.0,201000.0,0.045,601621000.0,160105000.0,702125000,0.0,5.706,25.288,25.136,479751000,0.0,38.71,1.395,1.391,2617464000,1634032000,2052503000.0,2052503000.0,0.0,,,,,15941000.0,531775000.0,1.0,333024341.0,331976907.0,335698590.0,6.183,4569634000,224171000,56903000.0,200471000,13.765,620890000
26,CBRE,MRQ,2014-12-31,2014-12-31,2014-12-31,2021-07-30,-324020000,7568010000,,3371769000,4196241000,,6.809,-78624000.0,768974000,768974000,1706343000.0,205670000.0,1.151,2.331,2357062000,548457000,1808605000,2357062000,0,69444000.0,0,0.0,0.0,324427000.0,393871000.0,0.141,393871000.0,324427000.0,296718000.0,0.62,0.61,0.62,2259830000,,2259830000,13664860551.0,16.0,12.142,514678000.0,1.551,1.0,1080851000.0,0.388,3136181000,27709000.0,3091152000,,0,218280000,0,218280000,5266612000,2928765000,2337847000,11400693551.0,125526000.0,7699000.0,18393000.0,-414634000.0,0.0,-414226000.0,-37050000.0,38000.0,593302000.0,-16500000.0,204277000.0,204277000.0,204277000.0,0.0,1393000.0,0.073,812781000.0,268070000.0,827530000,0.0,5.045,23.531,23.299,497926000,0.0,34.25,1.26,1.251,2242523000,1541095000,2787194000.0,2787194000.0,0.0,,,,,15212000.0,743337000.0,1.0,332866965.0,331889104.0,335120643.0,8.398,4431829000,165075000,92441000.0,141736000,13.353,443004000
27,CBRE,MRQ,2014-09-30,2014-09-30,2014-09-30,2021-07-30,-217197000,7529954000,,3461037000,4068917000,,6.495,-39013000.0,670938000,670938000,1428986000.0,109692000.0,1.293,2.492,2935105000,850892000,2084213000,2935105000,0,67159000.0,0,0.0,0.0,204245000.0,271404000.0,0.119,271404000.0,204245000.0,176404000.0,0.32,0.32,0.32,2145935000,,2145935000,12419761576.0,17.0,12.51,253449000.0,0.767,1.0,846090000.0,0.372,3130309000,27841000.0,3986803000,,0,354747000,70163000,284584000,5347116000,2677009000,2670107000,9877180576.0,233492000.0,-77296000.0,-14384000.0,94225000.0,0.0,71434000.0,-112508000.0,7979000.0,292462000.0,-17896000.0,107099000.0,107099000.0,107099000.0,0.0,2593000.0,0.047,668185000.0,177905000.0,710408000,0.0,4.603,25.014,24.992,455859000,0.0,29.74,1.162,1.157,2246762000,1336818000,2275076000.0,2275076000.0,0.0,,,,,21014000.0,601026000.0,1.0,332117706.0,330419006.0,334293046.0,6.885,4399645000,232976000,69305000.0,190981000,13.315,784028000
28,CBRE,MRQ,2014-06-30,2014-06-30,2014-06-30,2021-07-30,-111095000,7471771000,,3338471000,4133300000,,6.46,-39952000.0,428852000,428852000,1314473000.0,130199000.0,1.161,2.484,2971433000,1139792000,1831641000,2971433000,0,63295000.0,0,0.0,0.0,198045000.0,261340000.0,0.123,261340000.0,198045000.0,169575000.0,0.32,0.32,0.32,2132782000,,2132782000,12769953128.0,18.0,13.481,6030000.0,0.018,1.0,812333000.0,0.382,3151646000,28470000.0,3986742000,,0,349698000,71323000,278375000,5297496000,2875964000,2421532000,10638318128.0,-46371000.0,-25235000.0,2194000.0,-76535000.0,0.0,-97605000.0,1498000.0,58290000.0,45982000.0,3754000.0,105464000.0,105464000.0,105464000.0,0.0,24735000.0,0.05,629497000.0,182836000.0,770494000,0.0,4.988,27.833,27.621,455322000,0.0,32.04,1.337,1.33,2377813000,1229719000,2126806000.0,2126806000.0,0.0,,,,,12381000.0,566202000.0,1.0,332032401.0,330133061.0,333918620.0,6.442,4320125000,229351000,64111000.0,197916000,13.086,462507000
29,CBRE,MRQ,2014-03-31,2014-03-31,2014-03-31,2021-07-30,-133547000,6843358000,,2762237000,4081121000,,6.028,-13653000.0,479066000,479066000,1161460000.0,67942000.0,1.161,2.42,2610701000,754222000,1856479000,2610701000,0,65203000.0,0,0.0,0.0,133580000.0,198783000.0,0.107,198783000.0,133580000.0,105565000.0,0.21,0.2,0.21,1989556000,,1989556000,11040979564.0,16.0,12.499,-283619000.0,-0.859,1.0,699382000.0,0.376,3134877000,28015000.0,3460502000,,0,324085000,62834000,261251000,4815100000,2379614000,2435486000,9105797564.0,-63675000.0,-7135000.0,0.0,207883000.0,0.0,208328000.0,-3496000.0,-1661000.0,-269966000.0,1459000.0,67663000.0,67663000.0,67663000.0,0.0,279000.0,0.036,593598000.0,105784000.0,734087000,0.0,4.577,26.268,26.124,446660000,0.0,27.43,1.203,1.196,1726113000,1124255000,1860842000.0,1860842000.0,0.0,,,,,9932000.0,528395000.0,1.0,331964913.0,330035445.0,333349519.0,5.638,3708481000,219104000,37902000.0,205426000,11.237,382623000
30,CBRE,MRQ,2013-12-31,2013-12-31,2013-12-31,2021-07-30,-146123000,6998414000,,2879812000,4118602000,,5.746,-77615000.0,553067000,553067000,1276998000.0,118540000.0,1.105,2.67,2488249000,621359000,1866890000,2488249000,0,52994000.0,0,0.0,0.0,208260000.0,261254000.0,0.117,261254000.0,208260000.0,180888000.0,0.34,0.34,0.34,1895785000,,1895785000,10471725468.0,16.0,12.615,432853000.0,1.312,1.0,956853000.0,0.428,3131702000,27372000.0,3196154000,,0,313938000,58442000,255496000,5062408000,2605740000,2456668000,8715653468.0,-10709000.0,-413824000.0,856000.0,16199000.0,0.0,-26637000.0,-491256000.0,7521000.0,510468000.0,-3284000.0,114646000.0,114646000.0,114646000.0,-2703000.0,3894000.0,0.051,789809000.0,167044000.0,817519000,0.0,4.597,27.534,27.396,458596000,0.0,26.3,1.213,1.201,1868034000,1056592000,2233851000.0,2233851000.0,0.0,,,,,10332000.0,638696000.0,1.0,331393668.0,329932000.0,332539266.0,6.771,3866712000,188533000,66242000.0,237408000,11.72,274072000
31,CBRE,MRQ,2013-09-30,2013-09-30,2013-09-30,2021-07-30,-156967000,6177335000,,2558960000,3618375000,,5.355,-39191000.0,550675000,550675000,1032348000.0,94166000.0,1.389,2.469,2306747000,428226000,1878521000,2306747000,0,47524000.0,0,0.0,0.0,178353000.0,225877000.0,0.13,225877000.0,178353000.0,150570000.0,0.29,0.28,0.29,1758031000,,1758031000,9798098256.0,13.0,10.722,110778000.0,0.337,1.0,701518000.0,0.405,2700161000,27783000.0,3390519000,,0,337530000,70661000,266869000,4341028000,1842727000,2498301000,7666855256.0,17126000.0,-20110000.0,-15690000.0,-73762000.0,0.0,-99655000.0,-38768000.0,839000.0,149969000.0,5580000.0,94444000.0,94444000.0,94444000.0,0.0,-278000.0,0.054,544139000.0,157379000.0,536743000,0.0,4.361,20.451,20.113,394263000,0.0,23.13,1.102,1.092,1461565000,941946000,1733866000.0,1733866000.0,0.0,,,,,13832000.0,496615000.0,1.0,331468018.0,328307961.0,332061402.0,5.281,3477174000,263160000,56126000.0,295480000,10.591,716233000
32,CBRE,MRQ,2013-06-30,2013-06-30,2013-06-30,2021-07-30,-201671000,6348288000,,2799225000,3549063000,,4.948,-30737000.0,544977000,544977000,1018827000.0,74234000.0,1.312,2.862,2676220000,760765000,1915455000,2676220000,0,44215000.0,0,0.0,0.0,153249000.0,197464000.0,0.113,197464000.0,153249000.0,115717000.0,0.21,0.21,0.21,1620100000,,1620100000,10332314129.0,16.0,12.395,133820000.0,0.409,1.0,723187000.0,0.415,2638549000,37532000.0,3707886000,,0,298799000,31842000,266957000,4636839000,2133096000,2503743000,7736840129.0,-33205000.0,-30580000.0,3986000.0,-207406000.0,0.0,-243324000.0,51479000.0,87860000.0,164557000.0,-5917000.0,69902000.0,69902000.0,69902000.0,-3105000.0,4332000.0,0.04,543059000.0,180128000.0,562099000,0.0,4.776,24.166,23.837,369697000,0.0,23.36,1.141,1.128,1758683000,847502000,1742014000.0,1742014000.0,0.0,,,,,10604000.0,499458000.0,1.0,331200348.0,327423589.0,331631185.0,5.32,3709739000,266229000,45815000.0,276897000,11.33,666129000
33,CBRE,MRQ,2013-03-31,2013-03-31,2013-03-31,2021-07-30,-185446000,6887640000,,3232833000,3654807000,,4.821,-8815000.0,587219000,587219000,861216000.0,61855000.0,1.318,3.289,3182693000,1052072000,2130621000,3182693000,0,46537000.0,0,0.0,0.0,98945000.0,145482000.0,0.099,145482000.0,98945000.0,56550000.0,0.11,0.11,0.11,1575271000,,1575271000,10991565941.0,16.0,12.939,-88701000.0,-0.271,1.0,613847000.0,0.416,2646649000,42395000.0,4382930000,,0,378560000,93908000,284652000,5181853000,2453535000,2728318000,8348999941.0,-570597000.0,-6997000.0,0.0,-468742000.0,0.0,-496665000.0,13551000.0,19039000.0,-79886000.0,-7597000.0,37546000.0,37546000.0,37546000.0,-21189000.0,24309000.0,0.025,515822000.0,98025000.0,597820000,0.0,5.3,25.601,25.0,362421000,0.0,25.25,1.258,1.243,2056765000,777600000,1475063000.0,1475063000.0,0.0,,,,,3770000.0,469541000.0,1.0,330653463.0,326759455.0,330802552.0,4.514,4240991000,260507000,19004000.0,270966000,12.979,779298000
34,CBRE,MRQ,2012-12-31,2012-12-31,2012-12-31,2021-07-30,-165044000,7809542000,,4084550000,3724992000,,4.73,-69645000.0,1162973000,1162973000,1131570000.0,156537000.0,1.374,3.981,3805539000,1261832000,2543707000,3805539000,0,46010000.0,0,0.0,0.0,298992000.0,345002000.0,0.172,345002000.0,298992000.0,255967000.0,0.54,0.53,0.54,1539211000,,1539211000,9051925571.0,13.0,10.689,341372000.0,1.049,1.0,874276000.0,0.436,2676395000,43025000.0,4803420000,,0,365929000,102010000,263919000,6127730000,2972293000,3155437000,6551730571.0,313037000.0,2899000.0,3923000.0,-40852000.0,0.0,-52914000.0,-44159000.0,26152000.0,411017000.0,29646000.0,172998000.0,172998000.0,172998000.0,-631000.0,-16461000.0,0.086,642203000.0,232073000.0,582294000,0.0,4.257,20.763,20.306,379176000,0.0,19.9,1.006,0.985,2311163000,740054000,2005846000.0,2005846000.0,0.0,,,,,11082000.0,597453000.0,1.0,329232692.0,325395253.0,329035236.0,6.164,5133147000,223593000,82969000.0,273837000,15.775,1112257000
35,CBRE,MRQ,2012-09-30,2012-09-30,2012-09-30,2021-07-30,-170856000,6768777000,,3037275000,3731502000,,4.159,-41882000.0,840860000,840860000,915245000.0,42705000.0,1.416,3.916,3341055000,801545000,2539510000,3341055000,0,40102000.0,0,0.0,0.0,105520000.0,145622000.0,0.094,145622000.0,105520000.0,61869000.0,0.12,0.12,0.12,1340432000,,1340432000,8610978878.0,15.0,11.74,39841000.0,0.124,1.0,641902000.0,0.412,2615027000,43651000.0,4509689000,,0,367142000,98142000,269000000,5249671000,2144256000,3105415000,6042518878.0,45058000.0,-20822000.0,13264000.0,-28260000.0,0.0,-21738000.0,-19965000.0,29468000.0,81723000.0,5038000.0,39709000.0,39709000.0,39709000.0,0.0,2996000.0,0.026,542290000.0,99612000.0,515369000,0.0,4.508,27.179,26.681,334860000,0.0,18.41,0.963,0.946,1593786000,567056000,1557147000.0,1557147000.0,0.0,,,,,15955000.0,482362000.0,1.0,328219385.0,322331850.0,327309341.0,4.831,4153750000,258222000,22160000.0,248425000,12.887,893019000
36,CBRE,MRQ,2012-06-30,2012-06-30,2012-06-30,2021-07-30,-184424000,6576395000,,2828698000,3747697000,,3.911,-30619000.0,795530000,795530000,908143000.0,75599000.0,1.43,4.097,3363990000,746078000,2617912000,3363990000,0,38336000.0,0,0.0,0.0,175064000.0,213400000.0,0.133,213400000.0,175064000.0,130653000.0,0.24,0.23,0.24,1254862000,,1254862000,7954839009.0,13.0,10.34,66671000.0,0.208,1.0,692974000.0,0.433,2600819000,44411000.0,4565578000,,0,346434000,81183000,265251000,5141453000,1978458000,3162995000,5367102009.0,27265000.0,-30413000.0,3137000.0,3906000.0,0.0,-3552000.0,-59152000.0,-2459000.0,97290000.0,-7321000.0,75873000.0,75873000.0,75873000.0,0.0,-274000.0,0.047,520713000.0,172261000.0,496127000,0.0,4.277,21.78,21.247,299310000,0.0,16.36,0.859,0.84,1516645000,527347000,1601117000.0,1601117000.0,0.0,,,,,10145000.0,482377000.0,1.0,328062470.0,320852344.0,326081681.0,4.99,3975576000,221625000,54780000.0,244769000,12.391,850240000
37,CBRE,MRQ,2012-03-31,2012-03-31,2012-03-31,2021-07-30,-138445000,6539557000,,2781705000,3757852000,,3.78,-8086000.0,764810000,764810000,787556000.0,29946000.0,1.396,4.238,3352547000,735796000,2616751000,3352547000,0,46457000.0,0,0.0,0.0,96369000.0,142826000.0,0.106,142826000.0,96369000.0,52388000.0,0.08,0.08,0.08,1212227000,,1212227000,9067710260.0,16.0,12.536,-307035000.0,-0.957,1.0,562433000.0,0.417,2634216000,43981000.0,4500399000,,0,366157000,126914000,239243000,5137214000,1992679000,3144535000,6545872260.0,-389245000.0,-79892000.0,0.0,-25712000.0,0.0,-22485000.0,-74395000.0,-3141000.0,-298949000.0,6584000.0,26975000.0,26975000.0,26975000.0,0.0,2971000.0,0.02,487179000.0,75254000.0,524233000,0.0,5.4,28.243,27.722,287548000,0.0,19.96,1.078,1.054,1493606000,451474000,1349989000.0,1349989000.0,0.0,,,,,11600000.0,440722000.0,1.0,327949512.0,320671395.0,325738859.0,4.21,3905341000,203176000,25413000.0,248291000,12.179,789026000
38,CBRE,MRQ,2011-12-31,2011-12-31,2011-12-31,2021-07-30,-158439000,7219143000,,3550047000,3669096000,,3.591,-52582000.0,1160320000,1160320000,1008946000.0,110939000.0,1.324,5.039,3682158000,1070971000,2611187000,3682158000,0,36534000.0,0,0.0,0.0,195069000.0,231603000.0,0.131,231603000.0,195069000.0,151834000.0,0.25,0.25,0.25,1151481000,,1151481000,7437197700.0,13.0,10.694,204513000.0,0.638,1.0,754679000.0,0.428,2622732000,43235000.0,4437601000,,0,355711000,154274000,201437000,5801980000,2680648000,3121332000,4991665700.0,430588000.0,-326749000.0,77000.0,150345000.0,0.0,111804000.0,66286000.0,104343000.0,257095000.0,-4597000.0,79763000.0,79763000.0,79763000.0,-32979000.0,31176000.0,0.045,639495000.0,115184000.0,574136000,0.0,4.335,20.871,20.293,295488000,0.0,15.22,0.845,0.821,1855432000,424499000,1763625000.0,1763625000.0,0.0,,,,,11791000.0,603647000.0,1.0,327967523.0,320662314.0,324141109.0,5.5,4596411000,168939000,72071000.0,257264000,14.334,869399000
39,CBRE,MRQ,2011-09-30,2011-09-30,2011-09-30,2021-07-30,-136895000,6415103000,,3225911000,3189192000,,3.394,-48250000.0,1050662000,1050662000,894607000.0,60033000.0,1.448,4.672,3496194000,1029867000,2466327000,3496194000,0,31308000.0,0,0.0,0.0,150177000.0,181485000.0,0.118,181485000.0,150177000.0,111097000.0,0.2,0.2,0.2,1082374000,,1082374000,6318105455.0,11.0,9.185,212264000.0,0.666,1.0,639856000.0,0.417,2096422000,39080000.0,4536042000,,0,297782000,116530000,181252000,5057041000,2228171000,2828870000,4375806455.0,-89515000.0,-222671000.0,2201000.0,316062000.0,0.0,259878000.0,-594250000.0,4708000.0,260514000.0,-15657000.0,63807000.0,63807000.0,63807000.0,0.0,-3774000.0,0.042,500446000.0,139410000.0,495833000,0.0,4.043,17.191,16.825,249889000,0.0,13.46,0.755,0.741,1688160000,344736000,1534463000.0,1534463000.0,0.0,,,,,10803000.0,469138000.0,1.0,325097062.0,318867447.0,323714703.0,4.812,4318681000,123058000,47290000.0,111764000,13.544,997740000
40,CBRE,MRQ,2011-06-30,2011-06-30,2011-06-30,2021-07-30,-56158000,5282732000,,2379054000,2903678000,,3.409,-33526000.0,801330000,801330000,839822000.0,74867000.0,1.459,3.733,2743629000,609362000,2134267000,2743629000,0,25619000.0,0,0.0,0.0,141775000.0,167394000.0,0.118,167394000.0,141775000.0,107559000.0,0.19,0.19,0.19,1083004000,,1083004000,10009618484.0,17.0,14.788,-76034000.0,-0.239,1.0,582396000.0,0.409,1741483000,34216000.0,3852712000,,0,179088000,0,179088000,4043074000,1630836000,2412238000,8160432484.0,324464000.0,-26425000.0,4858000.0,380671000.0,0.0,378807000.0,-17612000.0,38092000.0,-42508000.0,5777000.0,61223000.0,61223000.0,61223000.0,-6267000.0,13644000.0,0.043,458241000.0,124155000.0,441799000,0.0,7.535,32.935,32.192,216584000,0.0,25.11,1.477,1.444,1276834000,280929000,1422218000.0,1422218000.0,0.0,,,,,6665000.0,432856000.0,1.0,324987355.0,317698275.0,324093042.0,4.477,3541249000,155625000,46336000.0,81217000,11.147,748218000
41,CBRE,MRQ,2011-03-31,2011-03-31,2011-03-31,2021-07-30,-64401000,4792898000,,1969033000,2823865000,,3.148,-13622000.0,474178000,474178000,713755000.0,44486000.0,1.245,3.657,2323364000,515072000,1808292000,2323364000,0,23469000.0,0,0.0,0.0,91493000.0,114962000.0,0.097,114962000.0,91493000.0,57775000.0,0.11,0.11,0.11,996510000,,996510000,10596337860.0,19.0,15.838,-127504000.0,-0.403,1.0,471350000.0,0.398,1674608000,33718000.0,3385873000,,0,179880000,0,179880000,3643753000,1581603000,2062150000,8639601860.0,-78929000.0,3244000.0,0.0,-38241000.0,0.0,-39164000.0,65321000.0,65260000.0,-113882000.0,8796000.0,34369000.0,34369000.0,34369000.0,-10644000.0,10117000.0,0.029,400203000.0,71147000.0,429526000,0.0,8.67,35.798,35.132,193367000,0.0,26.7,1.638,1.602,1174749000,219706000,1185105000.0,1185105000.0,0.0,,,,,132000.0,377025000.0,1.0,323580594.0,316563392.0,322920829.0,3.744,3118290000,148471000,23406000.0,80554000,9.85,387430000
42,CBRE,MRQ,2010-12-31,2010-12-31,2010-12-31,2021-07-30,-94602000,5121568000,,2260870000,2860698000,,2.875,-50579000.0,558831000,558831000,930869000.0,71795000.0,1.155,4.466,2515567000,663666000,1851901000,2515567000,0,29245000.0,0,0.0,0.0,194763000.0,224008000.0,0.136,224008000.0,194763000.0,153434000.0,0.3,0.3,0.3,908215000,,908215000,8654301691.0,17.0,13.719,241084000.0,0.763,1.0,720427000.0,0.436,1656656000,41329000.0,3464880000,,0,173927000,3018000,170909000,4055773000,1956768000,2099005000,6612874691.0,-262101000.0,-13034000.0,1823000.0,-514672000.0,0.0,-511201000.0,-41648000.0,6310000.0,291663000.0,-915000.0,95144000.0,95144000.0,95144000.0,641000.0,-23349000.0,0.058,550993000.0,169434000.0,445337000,0.0,7.281,33.007,32.0,188397000,0.0,20.48,1.293,1.257,1425600000,185337000,1651296000.0,1651296000.0,0.0,,,,,6869000.0,522128000.0,1.0,322894272.0,315901493.0,321230644.0,5.227,3464912000,122624000,58290000.0,96704000,10.968,304102000
43,CBRE,MRQ,2010-09-30,2010-09-30,2010-09-30,2021-07-30,-112039000,5075063000,,2177587000,2897476000,,2.465,-10724000.0,820172000,820172000,735393000.0,55715000.0,1.353,5.325,2861599000,603284000,2258315000,2861599000,0,25638000.0,0,0.0,0.0,144868000.0,170506000.0,0.135,170506000.0,144868000.0,95113000.0,0.18,0.18,0.18,773397000,,773397000,8154913294.0,17.0,14.176,213193000.0,0.679,1.0,530825000.0,0.419,1648591000,49755000.0,3858031000,,0,164179000,0,164179000,4118099000,1609868000,2508231000,5882071294.0,25112000.0,-14581000.0,266000.0,-190138000.0,0.0,-183880000.0,-24880000.0,1606000.0,223917000.0,9955000.0,57038000.0,57038000.0,57038000.0,-7821000.0,-1323000.0,0.045,400420000.0,130405000.0,405800000,0.0,7.606,34.704,32.643,154157000,0.0,18.28,1.236,1.205,1082849000,90193000,1266218000.0,1266218000.0,0.0,,,,,12770000.0,374815000.0,1.0,321776329.0,313791661.0,319353359.0,4.035,3426472000,147222000,38075000.0,78359000,10.92,567719000
44,CBRE,MRQ,2010-06-30,2010-06-30,2010-06-30,2021-07-30,-172438000,4931050000,,2053104000,2877946000,,2.051,-4263000.0,780887000,780887000,678714000.0,44686000.0,1.472,6.405,3053729000,582045000,2471684000,3053729000,0,27784000.0,0,0.0,0.0,131769000.0,159553000.0,0.136,159553000.0,131769000.0,81494000.0,0.17,0.17,0.17,641801000,,641801000,6604952580.0,17.0,13.101,89653000.0,0.287,1.0,493205000.0,0.421,1600340000,50275000.0,4208413000,,0,149788000,0,149788000,4110440000,1395139000,2715301000,4379356580.0,63268000.0,-47416000.0,312000.0,-47605000.0,0.0,-34917000.0,8873000.0,54421000.0,93916000.0,-4604000.0,54790000.0,54790000.0,54790000.0,-7140000.0,-10104000.0,0.047,399649000.0,93556000.0,364634000,0.0,6.824,35.083,32.405,153104000,0.0,13.61,0.969,0.943,992257000,33155000,1171919000.0,1171919000.0,0.0,,,,,11274000.0,372033000.0,1.0,321774914.0,312910934.0,318425227.0,3.745,3330710000,129966000,26704000.0,75433000,10.644,657965000
45,CBRE,MRQ,2010-03-31,2010-03-31,2010-03-31,2021-07-30,-136433000,4867415000,,1897204000,2970211000,,1.956,-2898000.0,718214000,718214000,615194000.0,-16187000.0,1.502,6.662,2943810000,376211000,2567599000,2943810000,0,26295000.0,0,0.0,0.0,50464000.0,76759000.0,0.075,76759000.0,50464000.0,672000.0,-0.02,-0.02,-0.02,612139000,,612139000,7323168811.0,23.0,17.678,4193000.0,0.013,1.0,410689000.0,0.4,1618234000,49792000.0,4211370000,,0,160188000,0,160188000,4077940000,1263407000,2814533000,5100845811.0,-61262000.0,-10026000.0,0.0,-57016000.0,0.0,-54224000.0,-4848000.0,-2384000.0,7091000.0,-9281000.0,-6627000.0,-6627000.0,-6627000.0,0.0,-9560000.0,-0.006,365001000.0,45688000.0,429440000,0.0,8.333,80.451,68.913,165565000,0.0,15.85,1.186,1.153,814869000,-21635000,1025883000.0,1025883000.0,0.0,,,,,10508000.0,338706000.0,1.0,321819925.0,312879640.0,312879640.0,3.279,3249181000,230478000,7299000.0,73805000,10.385,633797000
46,CBRE,MRQ,2009-12-31,2009-12-31,2009-12-31,2021-07-30,-115077000,5039406000,,2266725000,2772681000,,2.105,-15553000.0,788354000,788354000,721165000.0,51130000.0,1.391,6.764,3010677000,638375000,2372302000,3010677000,0,25470000.0,0,0.0,0.0,142981000.0,168451000.0,0.13,168451000.0,142981000.0,90126000.0,0.23,0.23,0.23,629122000,,629122000,6522029072.0,26.0,18.69,144641000.0,0.484,1.0,575334000.0,0.444,1629276000,52855000.0,4003412000,,0,168477000,865000,167612000,4255111000,1629041000,2626070000,3973534072.0,415512000.0,-3673000.0,294520000.0,-20183000.0,0.0,274523000.0,-21457000.0,-3704000.0,160194000.0,2252000.0,64290000.0,64290000.0,64290000.0,0.0,-13160000.0,0.05,436157000.0,139177000.0,458510000,0.0,6.316,119.179,113.083,178975000,0.0,13.57,0.954,0.903,1090962000,-15008000,1296499000.0,1296499000.0,0.0,,,,,9731000.0,410687000.0,1.0,292817544.0,298803851.0,309337043.0,4.339,3410130000,241757000,25836000.0,73462000,11.413,637684000
47,CBRE,MRQ,2009-09-30,2009-09-30,2009-09-30,2021-07-30,-77571000,4475344000,,1633066000,2842278000,,1.058,-6767000.0,368813000,368813000,606470000.0,-10643000.0,1.192,13.404,2917308000,498132000,2419176000,2917308000,0,24445000.0,0,0.0,0.0,74950000.0,99395000.0,0.097,99395000.0,74950000.0,20875000.0,0.04,0.04,0.04,299096000,,299096000,5987744167.0,-6.0,-7.013,129403000.0,0.458,1.0,416735000.0,0.407,1629481000,54075000.0,4024514000,,0,188214000,0,188214000,4009188000,1369844000,2639344000,3356705167.0,16525000.0,-15591000.0,10654000.0,-98919000.0,0.0,-87163000.0,-34355000.0,-11630000.0,136170000.0,1873000.0,12377000.0,12377000.0,12377000.0,0.0,-23020000.0,0.012,362507000.0,54228000.0,426900000,0.0,11.223,-2.996,-2.211,179852000,0.0,11.74,0.808,0.799,874267000,-79298000,1023205000.0,1023205000.0,0.0,,,,,10312000.0,338062000.0,1.0,285920372.0,282732848.0,285923601.0,3.619,2845863000,258129000,8498000.0,81565000,10.066,263222000
48,CBRE,MRQ,2009-06-30,2009-06-30,2009-06-30,2021-07-30,-88198000,4418978000,,1557810000,2861168000,,1.029,-3276000.0,352696000,352696000,566831000.0,-13706000.0,1.254,14.381,2983735000,503668000,2480067000,2983735000,0,24166000.0,0,0.0,0.0,45487000.0,69653000.0,0.073,69653000.0,45487000.0,-1931000.0,-0.02,-0.02,-0.02,273466000,,273466000,5326646237.0,-6.0,-6.598,-74521000.0,-0.28,1.0,388836000.0,0.407,1597776000,47418000.0,4209966000,,0,196178000,0,196178000,3932658000,1242275000,2690383000,2479706237.0,-113943000.0,-30334000.0,150442000.0,-167351000.0,0.0,-13621000.0,-44259000.0,-3100000.0,-71245000.0,15182000.0,-6637000.0,-6637000.0,-6637000.0,0.0,-7069000.0,-0.007,352837000.0,35999000.0,342371000,0.0,9.068,-2.27,-1.817,185915000,0.0,9.36,0.56,0.561,812183000,-91675000,955667000.0,955667000.0,0.0,,,,,8175000.0,328671000.0,1.0,264925880.0,265683366.0,265683366.0,3.597,2821202000,258915000,4706000.0,78491000,10.619,315535000
49,CBRE,MRQ,2009-03-31,2009-03-31,2009-03-31,2021-07-30,-146836000,4657481000,,1904094000,2753387000,,0.244,-2604000.0,457588000,457588000,553419000.0,-54419000.0,0.935,68.413,3304528000,1166404000,2138124000,3304528000,0,25392000.0,0,0.0,0.0,-13938000.0,11454000.0,0.013,11454000.0,-13938000.0,-48736000.0,-0.14,-0.14,-0.14,64009000,,64009000,3791354595.0,-4.0,-4.902,-14078000.0,-0.054,1.0,337030000.0,0.378,1553752000,34798000.0,3914955000,,0,173332000,0,173332000,4379078000,2035714000,2343364000,1066399595.0,264640000.0,-19242000.0,0.0,300779000.0,0.0,303029000.0,-19291000.0,-4814000.0,-11474000.0,-7624000.0,-36689000.0,-36689000.0,-36689000.0,0.0,-17730000.0,-0.041,331551000.0,5479000.0,321414000,0.0,16.66,-0.997,-0.798,192649000,0.0,4.03,0.223,0.221,902140000,-85038000,890449000.0,890449000.0,0.0,,,,,8121000.0,306159000.0,1.0,264615284.0,261999151.0,261999151.0,3.399,3103729000,315582000,-12047000.0,76837000,11.846,-131620000
50,CBRE,MRQ,2008-12-31,2008-12-31,2008-12-31,2021-07-30,-125413000,4726414000,,1915533000,2810881000,,0.494,-11576000.0,195145000,195145000,729708000.0,-1135275000.0,1.023,38.197,2920100000,633099000,2287001000,2920100000,0,28581000.0,0,0.0,0.0,-1062838000.0,-1034257000.0,-0.806,-1034257000.0,-1062838000.0,-1103139000.0,-5.19,-5.18,-5.19,114686000,,114686000,3832090400.0,-5.0,-5.544,89396000.0,0.385,1.0,553576000.0,0.431,1563270000,40301000.0,4015254000,,0,174757000,237000,174520000,4380691000,1872845000,2507846000,885258400.0,-241957000.0,-50618000.0,206921000.0,-530912000.0,0.0,-326271000.0,-8022000.0,-5869000.0,100972000.0,-8636000.0,-1089456000.0,-1089456000.0,-1089456000.0,0.0,-45819000.0,-0.849,1613533000.0,-1059957000.0,399877000,0.0,7.719,-0.875,-0.898,207976000,0.0,4.32,0.173,0.177,962413000,-48349000,1283284000.0,1283284000.0,0.0,,,,,8540000.0,425546000.0,1.0,204920926.0,231926509.0,218327503.0,5.533,3163144000,309973000,-13683000.0,78705000,13.639,42688000
51,CBRE,MRQ,2008-09-30,2008-09-30,2008-09-30,2021-07-30,-57749000,6411766000,,2170731000,4241035000,,5.175,-13032000.0,474519000,474519000,755362000.0,56124000.0,0.971,4.814,3421351000,1110475000,2310876000,3421351000,0,25504000.0,0,0.0,0.0,120364000.0,145868000.0,0.112,145868000.0,120364000.0,78074000.0,0.2,0.19,0.2,1054100000,,1054100000,5653200308.0,11.0,9.335,135690000.0,0.666,1.0,544373000.0,0.419,2721223000,42290000.0,4401963000,,0,243505000,0,243505000,5074593000,2235412000,2839181000,2705461308.0,150262000.0,-48796000.0,928000.0,146825000.0,0.0,149677000.0,-136787000.0,-25220000.0,148722000.0,-11350000.0,40373000.0,40373000.0,40373000.0,-26748000.0,15751000.0,0.031,445764000.0,98609000.0,394209000,0.0,2.567,13.538,14.376,217346000,0.0,13.37,0.476,0.479,1061706000,1040920000,1299735000.0,1299735000.0,0.0,,,,,7588000.0,420352000.0,1.0,202353127.0,203680475.0,207706250.0,6.381,3690543000,264909000,37701000.0,89837000,18.119,-64681000
52,CBRE,MRQ,2008-06-30,2008-06-30,2008-06-30,2021-07-30,3207000,6439505000,,2218969000,4220536000,,5.243,-13864000.0,274992000,274992000,737205000.0,14081000.0,0.973,4.788,3222731000,945424000,2277307000,3222731000,0,25022000.0,0,0.0,0.0,78453000.0,103475000.0,0.079,103475000.0,78453000.0,36893000.0,0.08,0.08,0.08,1066568000,,1066568000,6669672334.0,11.0,9.427,-77067000.0,-0.379,1.0,577668000.0,0.439,2753416000,41560000.0,4352843000,,0,244840000,0,244840000,5106470000,2280985000,2825485000,3881587334.0,-62644000.0,-52893000.0,1370000.0,88471000.0,0.0,111241000.0,-108268000.0,-41937000.0,-63203000.0,-2414000.0,16563000.0,16563000.0,16563000.0,0.0,-2482000.0,0.013,493861000.0,83807000.0,479740000,0.0,3.639,14.145,15.61,229661000,0.0,19.2,0.661,0.665,1124195000,1000547000,1314873000.0,1314873000.0,0.0,,,,,5846000.0,468839000.0,1.0,202166007.0,203435495.0,208388563.0,6.463,3686089000,257635000,20330000.0,85476000,18.119,-62016000
53,CBRE,MRQ,2008-03-31,2008-03-31,2008-03-31,2021-07-30,-18556000,6308988000,,2224709000,4084279000,,5.022,-12999000.0,338062000,338062000,704446000.0,15329000.0,1.004,4.942,3126147000,855220000,2270927000,3126147000,0,23802000.0,0,0.0,0.0,69921000.0,93723000.0,0.076,93723000.0,69921000.0,26916000.0,0.1,0.1,0.1,1019968000,,1019968000,6683742899.0,9.0,7.752,-329863000.0,-1.624,1.0,526479000.0,0.428,2692657000,43005000.0,4187956000,,0,258197000,0,258197000,5040807000,2216460000,2824347000,4372440899.0,-29712000.0,-118525000.0,1507000.0,444350000.0,0.0,439312000.0,-165932000.0,-55461000.0,-316864000.0,13772000.0,20454000.0,20454000.0,20454000.0,0.0,-5125000.0,0.017,456147000.0,70332000.0,445112000,0.0,4.287,10.959,12.295,229056000,0.0,21.64,0.723,0.726,1194853000,983984000,1230925000.0,1230925000.0,0.0,,,,,3544000.0,432345000.0,1.0,202053646.0,203110675.0,207730837.0,6.06,3616331000,214395000,6462000.0,83211000,17.805,8249000
54,CBRE,MRQ,2007-12-31,2007-12-31,2007-12-31,2021-07-30,-17502000,6242573000,,2325568000,3917005000,,4.439,-42684000.0,387312000,387312000,967588000.0,136995000.0,0.959,5.048,2673985000,677760000,1996225000,2673985000,0,30504000.0,0,0.0,0.0,231996000.0,262500000.0,0.143,262500000.0,231996000.0,193577000.0,0.55,0.53,0.55,988543000,,988543000,7173770127.0,10.0,8.343,316101000.0,1.419,1.0,869528000.0,0.473,2578814000,38419000.0,3526621000,,0,268418000,1212000,267206000,4990417000,2423811000,2566606000,4959381127.0,-92333000.0,13063000.0,-632247000.0,187219000.0,0.0,-382563000.0,-71265000.0,-70965000.0,358785000.0,2710000.0,122446000.0,122446000.0,122446000.0,-5308000.0,14549000.0,0.067,685779000.0,183749000.0,488341000,0.0,5.017,12.7,12.602,216214000,0.0,21.55,0.822,0.816,1337430000,963530000,1837116000.0,1837116000.0,0.0,,,,,6271000.0,638592000.0,1.0,230133695.0,222687870.0,228040508.0,8.25,3663759000,209916000,71131000.0,132505000,16.452,-98243000
55,CBRE,MRQ,2007-09-30,2007-09-30,2007-09-30,2021-07-30,14900000,6483641000,,2576269000,3907372000,,6.594,-23279000.0,509978000,509978000,791852000.0,114947000.0,1.168,3.126,2724367000,714469000,2009898000,2724367000,0,28311000.0,0,0.0,0.0,219519000.0,247830000.0,0.166,247830000.0,219519000.0,179102000.0,0.5,0.48,0.5,1523106000,,1523106000,8463062775.0,11.0,9.975,103224000.0,0.447,1.0,700957000.0,0.47,2629034000,40417000.0,3863223000,,0,246973000,2829000,244144000,4761849000,2205773000,2556076000,6383076775.0,-2961000.0,-61556000.0,954000.0,-62807000.0,0.0,-31997000.0,-104613000.0,-34285000.0,126503000.0,7146000.0,114947000.0,114947000.0,114947000.0,0.0,0.0,0.077,501778000.0,199179000.0,427615000,0.0,4.191,16.235,16.281,194308000,0.0,27.84,1.139,1.147,1409880000,841084000,1492809000.0,1492809000.0,0.0,,,,,5225000.0,468375000.0,1.0,229277183.0,230997817.0,237450864.0,6.462,3854607000,199316000,64155000.0,112065000,16.687,370496000
56,CBRE,MRQ,2007-06-30,2007-06-30,2007-06-30,2021-07-30,-15274000,5950030000,,2125210000,3824820000,,5.938,-17719000.0,515744000,515744000,791605000.0,141135000.0,1.208,3.227,2595730000,508146000,2087584000,2595730000,0,27511000.0,0,0.0,0.0,230668000.0,258179000.0,0.173,258179000.0,230668000.0,188495000.0,0.61,0.59,0.61,1368997000,,1368997000,10433561195.0,16.0,13.638,33326000.0,0.145,1.0,698758000.0,0.469,2600080000,42173000.0,3670053000,,0,236568000,2829000,233739000,4418274000,1759883000,2658391000,8346069195.0,91820000.0,-29599000.0,3863000.0,-27016000.0,0.0,68718000.0,-28345000.0,-22628000.0,51045000.0,402000.0,141135000.0,141135000.0,141135000.0,0.0,0.0,0.095,500142000.0,198616000.0,388334000,0.0,6.096,22.525,22.531,184128000,0.0,36.5,1.642,1.656,1067613000,726137000,1490363000.0,1490363000.0,0.0,,,,,-630000.0,469754000.0,1.0,228659430.0,230543095.0,237475584.0,6.465,3349950000,150292000,47360000.0,140724000,14.531,365327000
57,CBRE,MRQ,2007-03-31,2007-03-31,2007-03-31,2021-07-30,-29551000,5598742000,,1787615000,3811127000,,5.202,-9273000.0,435311000,435311000,649673000.0,11977000.0,1.267,3.623,2522803000,303679000,2219124000,2522803000,0,27368000.0,0,0.0,0.0,63956000.0,91324000.0,0.075,91324000.0,63956000.0,21974000.0,0.05,0.05,0.05,1194782000,,1194782000,9833796367.0,18.0,15.497,102604000.0,0.447,1.0,564288000.0,0.465,2620455000,41982000.0,3654906000,,0,231352000,1619000,229733000,4329006000,1410873000,2918133000,7786022367.0,101872000.0,-146882000.0,4297000.0,69399000.0,0.0,68589000.0,-80198000.0,-50826000.0,111877000.0,1604000.0,11977000.0,11977000.0,11977000.0,0.0,0.0,0.01,471160000.0,93128000.0,386158000,0.0,6.517,26.516,26.496,177592000,0.0,34.18,1.732,1.746,804628000,585002000,1213961000.0,1213961000.0,0.0,,,,,8112000.0,411937000.0,1.0,227794686.0,229663454.0,236932240.0,5.286,2978287000,275692000,9997000.0,281469000,12.968,376742000
58,CBRE,MRQ,2006-12-31,2006-12-31,2006-12-31,2021-07-30,-33066000,5944631000,,2335012000,3609619000,,5.172,-17304000.0,457414000,457414000,698015000.0,125098000.0,1.195,3.965,2367050000,181900000,2185150000,2367050000,0,25518000.0,0,0.0,0.0,225545000.0,251063000.0,0.178,251063000.0,225545000.0,215293000.0,0.55,0.52,0.55,1181641000,,1181641000,7724947230.0,14.0,12.272,326329000.0,1.428,1.0,711255000.0,0.505,2629425000,10252000.0,3270180000,,0,611622000,355874000,255748000,4684854000,1954662000,2730192000,7481297230.0,106203000.0,-1716462000.0,7996000.0,1687862000.0,0.0,1685613000.0,-1926058000.0,0.0,343633000.0,3015000.0,125098000.0,125098000.0,125098000.0,0.0,0.0,0.089,487418000.0,223837000.0,477781000,0.0,6.331,23.484,23.546,180546000,0.0,33.2,1.855,1.867,984801000,602086000,1409270000.0,1409270000.0,0.0,,,,,-10191000.0,461900000.0,1.0,225340278.0,228453448.0,239913937.0,6.169,3315206000,143024000,90195000.0,129179000,14.512,380350000
59,CBRE,MRQ,2006-09-30,2006-09-30,2006-09-30,2021-07-30,-34164000,2594126000,,873021000,1721105000,,4.524,-10036000.0,147010000,147010000,521059000.0,92309000.0,0.866,1.501,390660000,258398000,132262000,390660000,0,14892000.0,0,0.0,0.0,149582000.0,164474000.0,0.17,164474000.0,149582000.0,142114000.0,0.41,0.39,0.41,1025842000,,1025842000,5794495244.0,11.0,10.201,153845000.0,0.678,1.0,446882000.0,0.462,1075924000,7468000.0,753185000,,0,122234000,0,122234000,1539569000,1008667000,530902000,5501621244.0,10984000.0,-48418000.0,3132000.0,-108402000.0,0.0,-95224000.0,-57556000.0,0.0,163881000.0,-117000.0,92309000.0,92309000.0,92309000.0,0.0,0.0,0.095,308014000.0,138868000.0,232214000,0.0,5.363,19.044,19.219,153781000,0.0,24.6,1.424,1.444,597330000,476988000,967941000.0,967941000.0,0.0,,,,,-6054000.0,293122000.0,1.0,223643140.0,226749704.0,233943772.0,4.269,1518202000,167989000,49805000.0,27870000,6.695,-135646000
60,CBRE,MRQ,2006-06-30,2006-06-30,2006-06-30,2021-07-30,-32393000,2397071000,,738366000,1658705000,,4.074,-11892000.0,131186000,131186000,479812000.0,64254000.0,0.797,1.573,424060000,291730000,132330000,424060000,0,12255000.0,0,0.0,0.0,115448000.0,127703000.0,0.141,127703000.0,115448000.0,102096000.0,0.28,0.27,0.28,920482000,,920482000,5960747188.0,13.0,11.541,95396000.0,0.422,1.0,423732000.0,0.469,1041398000,13352000.0,722502000,,0,109128000,0,109128000,1448148000,926045000,522103000,5551103188.0,-125800000.0,-50061000.0,1171000.0,-185389000.0,0.0,-178904000.0,-58217000.0,0.0,107288000.0,4033000.0,64254000.0,64254000.0,64254000.0,0.0,0.0,0.071,295853000.0,127879000.0,206405000,0.0,6.031,21.897,22.035,156998000,0.0,24.9,1.526,1.546,490811000,384679000,903544000.0,903544000.0,0.0,,,,,381000.0,283598000.0,1.0,222935871.0,225964727.0,233655941.0,3.999,1355673000,157746000,37842000.0,0,5.999,-187679000
61,CBRE,MRQ,2006-03-31,2006-03-31,2006-03-31,2021-07-30,-38086000,2485779000,,884499000,1601280000,,3.746,-16066000.0,258419000,258419000,411626000.0,36910000.0,1.221,1.921,668063000,122466000,545597000,668063000,0,14930000.0,0,0.0,0.0,71329000.0,86259000.0,0.115,86259000.0,71329000.0,57394000.0,0.16,0.16,0.16,844859000,,844859000,6356166411.0,14.0,12.801,-200824000.0,-0.89,1.0,339646000.0,0.452,994703000,13935000.0,1176539000,,0,100391000,0,100391000,1622860000,724181000,898679000,5977413411.0,-196200000.0,-4361000.0,3273000.0,-1669000.0,0.0,8075000.0,-20102000.0,0.0,-184758000.0,585000.0,36910000.0,36910000.0,36910000.0,0.0,0.0,0.049,280091000.0,59555000.0,203025000,0.0,7.075,24.939,24.907,152915000,0.0,26.9,1.754,1.781,509954000,320425000,751272000.0,751272000.0,0.0,,,,,-4021000.0,265161000.0,1.0,222208677.0,225559521.0,232948764.0,3.331,1491076000,152846000,20484000.0,16316000,6.611,160318000
62,CBRE,MRQ,2005-12-31,2005-12-31,2005-12-31,2021-07-30,-40595000,2815672000,,1284964000,1530708000,,3.543,-12963000.0,454468000,454468000,765792000.0,95412000.0,1.129,2.539,833221000,284065000,549156000,833221000,0,12663000.0,0,0.0,0.0,176934000.0,189597000.0,0.153,189597000.0,176934000.0,163419000.0,0.43,0.42,0.43,793685000,,793685000,4775061456.0,12.0,10.425,209913000.0,0.937,1.0,473607000.0,0.382,989719000,13515000.0,1066903000,,0,112814000,0,112814000,2015163000,1137803000,877360000,4308964456.0,162838000.0,-51212000.0,4866000.0,-34197000.0,0.0,-29958000.0,-25598000.0,65774000.0,222876000.0,-2602000.0,95412000.0,95412000.0,95412000.0,0.0,0.0,0.077,314638000.0,158969000.0,254085000,0.0,5.429,19.826,20.017,137655000,0.0,19.617,1.349,1.364,739138000,283515000,1239399000.0,1239399000.0,0.0,,,,,2484000.0,301975000.0,1.0,219658341.0,224008743.0,231416952.0,5.533,1825953000,132829000,68007000.0,63918000,8.151,147161000
63,CBRE,MRQ,2005-09-30,2005-09-30,2005-09-30,2021-07-30,-23675000,2380701000,,906985000,1473716000,,3.159,-9275000.0,290533000,290533000,380943000.0,56936000.0,1.097,2.378,756630000,204590000,552040000,756630000,0,11665000.0,0,0.0,0.0,101255000.0,112920000.0,0.152,112920000.0,101255000.0,85461000.0,0.26,0.25,0.26,702906000,,702906000,4155880669.0,12.0,10.244,116304000.0,0.523,1.0,363255000.0,0.488,951368000,15794000.0,1068731000,,0,98255000,0,98255000,1671227000,826699000,844528000,3570682669.0,91285000.0,-20096000.0,2743000.0,385000.0,0.0,3379000.0,-37673000.0,-65774000.0,125579000.0,1069000.0,56936000.0,56936000.0,56936000.0,0.0,0.0,0.077,267371000.0,95884000.0,193009000,0.0,5.08,18.956,18.489,170627000,0.0,16.4,1.177,1.203,502362000,188103000,744198000.0,744198000.0,0.0,,,,,1453000.0,255706000.0,1.0,217724553.0,222532011.0,230331813.0,3.344,1429333000,109655000,28525000.0,19346000,6.423,80286000
64,CBRE,MRQ,2005-06-30,2005-06-30,2005-06-30,2021-07-30,-23168000,2241566000,,800582000,1440984000,,2.87,-8369000.0,198058000,198058000,338691000.0,50421000.0,1.071,2.519,783256000,223962000,559294000,783256000,0,10818000.0,0,0.0,0.0,96929000.0,107747000.0,0.16,107747000.0,96929000.0,83555000.0,0.23,0.22,0.23,635346000,,635346000,3642674845.0,13.0,10.751,60477000.0,0.273,1.0,333472000.0,0.496,933188000,13374000.0,1145739000,,0,103874000,0,103874000,1600411000,747837000,852574000,3159420845.0,36205000.0,-8117000.0,1766000.0,6440000.0,0.0,6440000.0,-39081000.0,0.0,68846000.0,-1772000.0,50421000.0,50421000.0,50421000.0,0.0,0.0,0.075,252548000.0,80924000.0,153303000,0.0,4.973,22.044,21.406,160371000,0.0,14.62,1.103,1.129,493818000,131167000,672163000.0,672163000.0,0.0,,,,,749000.0,241730000.0,1.0,216102657.0,221355696.0,229097697.0,3.037,1308378000,104539000,33134000.0,15206000,5.911,52745000
65,CBRE,MRQ,2005-03-31,2005-03-31,2005-03-31,2021-07-30,-22250000,2000265000,,583127000,1417138000,,2.627,-7144000.0,166888000,166888000,268046000.0,14572000.0,1.057,2.44,650142000,78293000,571849000,650142000,0,10370000.0,0,0.0,0.0,37385000.0,47755000.0,0.089,47755000.0,37385000.0,23787000.0,0.067,0.063,0.067,579483000,,579483000,3022301426.0,14.0,11.295,-64789000.0,-0.294,1.0,270220000.0,0.502,933048000,13598000.0,998558000,,0,91412000,0,91412000,1414107000,551913000,862194000,2515603426.0,-97935000.0,-7444000.0,2075000.0,-29661000.0,0.0,-27133000.0,-13157000.0,0.0,-57645000.0,-1177000.0,14572000.0,14572000.0,14572000.0,0.0,0.0,0.027,233591000.0,36629000.0,166408000,0.0,4.341,26.241,24.816,134576000,0.0,11.663,0.917,0.938,337634000,80746000,538266000.0,538266000.0,0.0,,,,,777000.0,223221000.0,1.0,215684775.0,220598529.0,228554175.0,2.44,1067217000,108299000,9215000.0,0,4.838,31214000
66,CBRE,MRQ,2004-12-31,2004-12-31,2004-12-31,2021-07-30,-20304000,2271636000,,863695000,1407941000,,2.554,-14866000.0,266109000,266109000,688198000.0,66433000.0,1.073,3.046,772807000,171923000,600884000,772807000,0,14856000.0,0,0.0,0.0,122418000.0,137274000.0,0.127,137274000.0,122418000.0,108272000.0,0.33,0.31,0.33,559948000,,559948000,2959990921.0,17.0,12.803,120002000.0,0.547,1.0,391968000.0,0.363,935161000,14146000.0,1038193000,,0,83501000,0,83501000,1705763000,804980000,900783000,2363223921.0,107310000.0,-3939000.0,1652000.0,-9730000.0,0.0,-5645000.0,-23438000.0,0.0,134868000.0,3186000.0,66433000.0,66433000.0,66433000.0,0.0,0.0,0.062,281732000.0,110236000.0,185877000,0.0,4.22,36.512,34.948,137703000,0.0,11.183,0.893,0.859,532295000,66174000,1080166000.0,1080166000.0,0.0,,,,,1144000.0,266876000.0,1.0,211316595.0,219248793.0,214035219.0,4.927,1336475000,101593000,41839000.0,0,6.096,58715000
67,CBRE,MRQ,2004-09-30,2004-09-30,2004-09-30,2021-07-30,-26425000,2007347000,,675401000,1331946000,,2.231,-12871000.0,158539000,158539000,300711000.0,11895000.0,1.064,3.183,755306000,151257000,604049000,755306000,0,12340000.0,0,0.0,0.0,33704000.0,46044000.0,0.08,46044000.0,33704000.0,18195000.0,0.057,0.053,0.057,478248000,,478248000,2423124152.0,33.0,15.874,74718000.0,0.349,1.0,274288000.0,0.477,948018000,15509000.0,1021421000,,0,83537000,0,83537000,1522432000,634675000,887757000,1600828152.0,-32213000.0,-18339000.0,7991000.0,-149358000.0,0.0,-144408000.0,24606000.0,0.0,87589000.0,546000.0,11895000.0,11895000.0,11895000.0,0.0,0.0,0.021,229606000.0,44682000.0,170130000,0.0,3.347,-135.755,-114.925,128076000,0.0,7.7,0.732,0.754,388183000,-259000,574999000.0,574999000.0,0.0,,,,,0.0,213226000.0,1.0,207899760.0,214339077.0,225553254.0,2.683,1059329000,93468000,6300000.0,0,4.942,40726000
68,CBRE,MRQ,2004-06-30,2004-06-30,2004-06-30,2021-07-30,-26581000,2219076000,,833955000,1385121000,,2.361,-14129000.0,191636000,191636000,272611000.0,2965000.0,1.143,3.878,1013932000,261582000,752350000,1013932000,0,10830000.0,0,0.0,0.0,25685000.0,36515000.0,0.066,36515000.0,25685000.0,6905000.0,0.017,0.013,0.017,453197000,,453197000,2003273717.0,142.0,16.441,37307000.0,0.194,1.0,278305000.0,0.505,946294000,18780000.0,1365488000,,0,75993000,0,75993000,1757716000,729590000,1028126000,1157127717.0,126586000.0,-2589000.0,134900000.0,-47894000.0,0.0,84890000.0,-9740000.0,0.0,51436000.0,-1248000.0,2965000.0,2965000.0,2965000.0,0.0,0.0,0.005,252943000.0,25362000.0,181531000,0.0,2.553,-22.196,-22.184,123384000,0.0,6.367,0.568,0.6,515191000,-12154000,550916000.0,550916000.0,0.0,,,,,0.0,230539000.0,1.0,181747809.0,191971482.0,208127787.0,2.87,1272782000,103228000,3940000.0,0,6.63,104365000
69,CBRE,MRQ,2004-03-31,2004-03-31,2004-03-31,2021-07-30,-28267000,1919735000,,542760000,1376975000,,1.664,-11087000.0,69419000,69419000,224222000.0,-16568000.0,0.98,5.128,915565000,125073000,790492000,915565000,0,16831000.0,0,,0.0,-5473000.0,11358000.0,0.026,11358000.0,-5473000.0,-25118000.0,-0.087,-0.087,-0.087,312160000,,312160000,,,,-97773000.0,-0.521,1.0,216770000.0,0.492,949373000,19645000.0,1262910000,,0,73354000,0,73354000,1600715000,553598000,1047117000,,-108668000.0,-9204000.0,100000.0,-2052000.0,0.0,-2203000.0,-19779000.0,0.0,-86686000.0,-959000.0,-16568000.0,-16568000.0,-16568000.0,0.0,0.0,-0.038,226042000.0,-9272000.0,188725000,0.0,,,,117340000,0.0,,,,345299000,-15119000,440992000.0,440992000.0,0.0,,,,,0.0,199251000.0,1.0,196685883.0,187566528.0,187566528.0,2.351,970362000,95654000,-8550000.0,0,5.173,-10838000
70,CBRE,MRQ,2003-12-31,2003-12-31,2003-12-31,2021-07-30,-23780000,2213481000,,838982000,1374499000,,2.179,-32114000.0,178780000,178780000,311943000.0,-10084000.0,0.999,5.629,1072842000,281422000,791420000,1072842000,0,39051000.0,0,,0.0,19679000.0,58730000.0,0.095,58730000.0,19679000.0,-901000.0,-0.053,-0.053,-0.053,332929000,,332929000,,,,126146000.0,0.826,1.0,309314000.0,0.498,951289000,20580000.0,1316750000,,0,68361000,0,68361000,1873896000,839504000,1034392000,,77710000.0,-31623000.0,400000.0,-21665000.0,0.0,-24834000.0,-55716000.0,0.0,158260000.0,677000.0,-10084000.0,-10084000.0,-10084000.0,0.0,0.0,-0.016,290178000.0,19136000.0,189787000,0.0,,,,113569000,0.0,,,,553206000,1449000,621257000.0,621257000.0,0.0,,,,,159000.0,234105000.0,1.0,196769754.0,152755716.0,152755716.0,4.067,1262192000,89860000,9183000.0,0,8.263,-522000
71,CBRE,MRQ,2003-09-30,2003-09-30,2003-09-30,2021-07-30,-17724000,1967024000,,607535000,1359489000,,2.022,-7014000.0,103406000,103406000,207820000.0,-28445000.0,1.071,4.622,994887000,175511000,819376000,994887000,0,41071000.0,0,,0.0,-25825000.0,15246000.0,0.036,15246000.0,-25825000.0,-46825000.0,-0.163,-0.163,-0.163,348696000,,348696000,,,,-3173000.0,-0.018,1.0,215556000.0,0.509,947041000,21000000.0,1344408000,,0,64482000,0,64482000,1611622000,567056000,1044566000,,63088000.0,-245190000.0,120580000.0,214314000.0,0.0,314327000.0,-255080000.0,0.0,3841000.0,-612000.0,-28445000.0,-28445000.0,-28445000.0,0.0,0.0,-0.067,238232000.0,-22676000.0,137295000,0.0,,,,110705000,0.0,,,,386428000,11533000,423376000.0,423376000.0,0.0,,,,,0.0,180676000.0,1.0,196557858.0,172459215.0,172459215.0,2.455,1019983000,100975000,-18380000.0,0,5.914,40479000
72,CBRE,MRQ,2003-06-30,2003-06-30,2003-06-30,2021-07-30,-22272000,1561901000,,369006000,1192895000,,2.021,2829000.0,223018000,223018000,153066000.0,5172000.0,0.867,5.157,924131000,216399000,707732000,924131000,0,6329000.0,0,,0.0,26093000.0,32422000.0,0.101,32422000.0,26093000.0,9153000.0,0.04,0.04,0.04,252672000,,252672000,,,,-965000.0,-0.008,1.0,168651000.0,0.524,666631000,16940000.0,1170544000,,0,57691000,0,57691000,1303148000,425839000,877309000,,3511000.0,1365000.0,0.0,2675000.0,0.0,2415000.0,4890000.0,0.0,-3794000.0,137000.0,5172000.0,5172000.0,5172000.0,0.0,0.0,0.016,147060000.0,21591000.0,98096000,0.0,,,,68959000,0.0,,,,292464000,39978000,321717000.0,321717000.0,0.0,,,,,0.0,137421000.0,1.0,130139424.0,125051097.0,127571679.0,2.573,895270000,55730000,3981000.0,0,7.159,-56833000
73,CBRE,MRQ,2003-03-31,2003-03-31,2003-03-31,2021-07-30,-18877000,1196296000,,223416000,972880000,,2.009,-4000000.0,19370000,19370000,123599000.0,-1347000.0,0.802,3.743,594092000,84826000,509266000,594092000,0,6171000.0,0,,0.0,11917000.0,18088000.0,0.069,18088000.0,11917000.0,-2407000.0,-0.01,-0.01,-0.01,251029000,,251029000,,,,-74761000.0,-0.598,1.0,140125000.0,0.531,667382000,14324000.0,824959000,,0,53980000,0,53980000,939540000,278677000,660863000,,-61499000.0,-22000.0,0.0,11230000.0,0.0,11756000.0,-2494000.0,0.0,-70761000.0,1168000.0,-1347000.0,-1347000.0,-1347000.0,0.0,0.0,-0.005,132346000.0,7779000.0,102891000,0.0,,,,66706000,0.0,,,,155990000,34806000,263724000.0,263724000.0,0.0,,,,,0.0,126175000.0,1.0,129147858.0,124954245.0,124954245.0,2.111,528914000,55971000,-1060000.0,0,4.233,-55261000
74,CBRE,MRQ,2002-12-31,2002-12-31,2002-12-31,2021-07-30,-18998000,1324876000,,345940000,978936000,,2.012,-10674000.0,79701000,79701000,183587000.0,15097000.0,0.802,4.249,632909000,133905000,499004000,632909000,0,6507000.0,0,,0.0,52767000.0,59274000.0,0.157,59274000.0,52767000.0,38607000.0,0.123,0.12,0.123,251341000,,251341000,,,,77867000.0,0.623,1.0,192879000.0,0.512,668219000,14160000.0,778778000,,0,50208000,0,50208000,1067920000,431087000,636833000,,60411000.0,-282000.0,0.0,-16166000.0,0.0,-15773000.0,-12357000.0,0.0,88541000.0,806000.0,15097000.0,15097000.0,15097000.0,0.0,0.0,0.04,143615000.0,49264000.0,102415000,0.0,,,,66634000,0.0,,,,229353000,36153000,376466000.0,376466000.0,0.0,,,,,0.0,137122000.0,1.0,129682566.0,124921728.0,126557967.0,3.014,656657000,55099000,23510000.0,15451000,5.257,-85147000
75,CBRE,MRQ,2002-09-30,2002-09-30,2002-09-30,2021-07-30,2323000,1254683000,,273669000,981014000,,1.906,-2918000.0,18484000,18484000,135670000.0,1881000.0,0.826,3.853,647615000,134455000,513160000,647615000,0,6404000.0,0,,0.0,22437000.0,28841000.0,0.101,28841000.0,22437000.0,7017000.0,0.014,0.013,0.014,257563000,,257563000,,,,18244000.0,0.135,1.0,149258000.0,0.524,673535000,15420000.0,878813000,,0,43973000,0,43973000,992518000,331466000,661052000,,935000.0,-4637000.0,180000.0,-20385000.0,0.0,-19975000.0,-252000.0,0.0,21162000.0,-662000.0,1881000.0,1881000.0,1881000.0,0.0,0.0,0.007,130874000.0,18384000.0,77867000,0.0,,,,62896000,0.0,,,,201556000,21056000,284928000.0,284928000.0,0.0,,,,,0.0,124470000.0,1.0,128887875.0,135144396.0,137032092.0,2.108,581148000,64288000,5136000.0,11709000,4.3,-57797000
76,CBRE,MRQ,2002-06-30,2002-06-30,2002-06-30,2021-07-30,10608000,1351923000,,352777000,999146000,,1.982,-3218000.0,18211000,18211000,128782000.0,7289000.0,0.846,4.024,747006000,231724000,515282000,747006000,0,4111000.0,0,,0.0,29797000.0,33908000.0,0.119,33908000.0,29797000.0,14893000.0,0.053,0.053,0.053,268190000,,268190000,,,,13196000.0,0.098,1.0,156111000.0,0.548,676762000,14904000.0,987137000,,0,48120000,0,48120000,1079125000,416819000,662306000,,-1643000.0,-1528000.0,0.0,-12972000.0,0.0,-13177000.0,-4880000.0,0.0,16414000.0,-143000.0,7289000.0,7289000.0,7289000.0,0.0,0.0,0.026,128487000.0,27624000.0,80332000,0.0,,,,64928000,0.0,,,,279727000,18620000,284893000.0,284893000.0,0.0,,,,,0.0,124353000.0,1.0,128997360.0,135311544.0,136954674.0,2.105,675161000,67745000,7604000.0,13009000,4.99,-64042000
77,CBRE,MRQ,2002-03-31,2002-03-31,2002-03-31,2021-07-30,44000,1221657000,,232891000,988766000,,1.85,-2145000.0,19997000,19997000,99054000.0,-6095000.0,0.787,3.857,644120000,127038000,517082000,644120000,0,7592000.0,0,,0.0,3778000.0,11370000.0,0.051,11370000.0,3778000.0,-12239000.0,-0.044,-0.044,-0.044,250635000,,250635000,,,,-58691000.0,-0.433,1.0,124936000.0,0.558,647518000,16017000.0,902517000,,0,45439000,0,45439000,966586000,295745000,670841000,,-36789000.0,-8364000.0,0.0,31967000.0,0.0,31087000.0,-11330000.0,0.0,-56546000.0,-664000.0,-6095000.0,-6095000.0,-6095000.0,0.0,0.0,-0.027,124027000.0,909000.0,90050000,0.0,,,,65814000,0.0,,,,160511000,11331000,223990000.0,223990000.0,0.0,,,,,0.0,115853000.0,1.0,129014298.0,135455697.0,135455697.0,1.654,574139000,84640000,-6144000.0,6991000,4.239,-62854000
78,CBRE,MRQ,2001-12-31,2001-12-31,2001-12-31,2021-07-30,296000,1354512000,,369647000,984865000,,3.872,-1084000.0,57450000,57450000,154506000.0,16178000.0,0.872,4.347,687904000,165841000,522063000,687904000,0,6410000.0,0,,0.0,47623000.0,54033000.0,0.16,54033000.0,47623000.0,33088000.0,0.239,0.236,0.239,252523000,,252523000,,,,65162000.0,0.999,1.0,182756000.0,0.542,647660000,14535000.0,913441000,,0,42535000,0,42535000,1097693000,423865000,673828000,,33050000.0,-11125000.0,-246000.0,14332000.0,0.0,16034000.0,-49230000.0,1033000.0,66246000.0,189000.0,16178000.0,16178000.0,16178000.0,0.0,0.0,0.048,137361000.0,45395000.0,82982000,0.0,,,,68451000,0.0,,,,263224000,17426000,337262000.0,337262000.0,0.0,,,,,0.0,127785000.0,1.0,129530529.0,65224053.0,65762745.0,5.171,706852000,86157000,16910000.0,21736000,10.837,-54218000
79,CBRE,MRQ,2001-09-30,2001-09-30,2001-09-30,2021-07-30,1546000,1219638000,,282613000,937025000,,2.29,-5417000.0,24211000,24211000,109095000.0,1978000.0,0.853,3.975,639664000,114943000,524721000,639664000,0,5788000.0,0,,0.0,16956000.0,22744000.0,0.101,22744000.0,16956000.0,3549000.0,0.019,0.019,0.019,244563000,,244563000,,,,19671000.0,0.184,1.0,116471000.0,0.516,662778000,13407000.0,840893000,,0,42863000,0,42863000,972175000,331420000,640755000,,-218777000.0,-203577000.0,88532000.0,-93016000.0,0.0,-31702000.0,-212163000.0,-1033000.0,25088000.0,-173000.0,1978000.0,1978000.0,1978000.0,0.0,0.0,0.009,100688000.0,15783000.0,93988000,0.0,,,,68108000,0.0,,,,224109000,1248000,225566000.0,225566000.0,0.0,,,,,0.0,91624000.0,1.0,128656125.0,106789131.0,106965828.0,2.112,556860000,54293000,1571000.0,10972000,5.215,-48807000
80,CBRE,MRQ,2001-06-30,2001-06-30,2001-06-30,2021-07-30,0,238267856,,230544108,7723748,,5.468,,229499280,229499280,0.0,-730000.0,24.303,74.886,225641669,0,225641669,225641669,0,,0,,0.0,580000.0,,,,580000.0,-1195000.0,-1.272,-1.272,-1.272,3139813,,3139813,,,,,,1.0,0.0,,0,1775000.0,224923871,,0,0,0,0,235128043,9486374,225641669,,,,,,,,,,,,-730000.0,-730000.0,-730000.0,0.0,0.0,,0.0,0.0,7768874,0.0,,,,0,0.0,,,,0,-730347,0.0,0.0,0.0,,,,,,0.0,1.0,128656125.0,574209.0,574209.0,0.0,238267856,0,-465000.0,0,414.95,221057734
81,CBRE,MRQ,2001-03-31,2001-02-20,2001-02-20,2021-07-30,0,160,,160,0,,,,160,160,,,,0.0,0,0,0,0,0,,0,,0.0,,,,,,,,,,160,,160,,,,,,1.0,,,0,,0,,0,0,0,0,0,0,0,,,,,,,,,,,,,,,,,,,,0,,,,,0,,,,,0,0,,,,,,,,,,1.0,,,,,160,0,,0,,160
0,CBRE,MRT,2021-06-30,2021-06-30,2021-06-30,2021-07-30,-564564000,18458352000,17523324750.0,8886889000,9571463000,1.424,22.88,-208370000.0,2256809000,2256809000,19671714000.0,1212645000.0,1.389,1.346,4251603000,1325777000,2925826000,4251603000,197402000,512713000.0,0,0.0,0.0,1618289000.0,2131002000.0,0.085,2131002000.0,1618289000.0,1560624000.0,3.59,3.55,3.59,7679521000,7135328250.0,7679521000,30602359045.0,19.0,14.361,1843464000.0,5.492,1.0,5281421000.0,0.212,5237277000,57665000.0,8817888000,8118532750.0,0,1150119000,0,1150119000,10335165000,6397981000,3937184000,28775908045.0,943075000.0,-339846000.0,-88275000.0,-366706000.0,0.0,-623195000.0,-550134000.0,0.0,2051834000.0,64570000.0,1206736000.0,1206736000.0,1206736000.0,0.0,5909000.0,0.048,4057094000.0,1224327000.0,2485081000,0.0,3.747,23.846,23.88,1743554000,0.0,85.73,1.153,1.153,5543866000,7238896000,24953135000.0,24953135000.0,0.0,0.069,0.169,0.199,0.065,125920000.0,3530876000.0,1.0,335657390.0,335643233.0,339502871.0,74.344,13221075000,227041000,353888000.0,410082000,39.39,2488908000
1,CBRE,MRT,2021-03-31,2021-03-31,2021-03-31,2021-07-30,-582535000,17248728000,16833840250.0,7906291000,9342437000,1.418,21.528,-233931000.0,2001707000,2001707000,19054492000.0,851315000.0,1.37,1.327,3828158000,889072000,2939086000,3828158000,174413000,510012000.0,0,0.0,0.0,1147085000.0,1657097000.0,0.069,1657097000.0,1147085000.0,1085242000.0,2.51,2.49,2.51,7230370000,6776446500.0,7230370000,28606176277.0,25.0,17.263,1550264000.0,4.616,1.0,4821414000.0,0.202,5175162000,61843000.0,8127214000,7862224250.0,0,1085066000,0,1085066000,9592945000,5772803000,3820142000,26549092277.0,1269012000.0,-210791000.0,-61108000.0,82218000.0,0.0,-139968000.0,-443258000.0,0.0,1784195000.0,68043000.0,845996000.0,845996000.0,845996000.0,0.0,5319000.0,0.035,3867983000.0,953431000.0,2469434000,0.0,3.672,31.382,31.518,1775030000,0.0,79.11,1.112,1.113,4918878000,6796259000,23875906000.0,23875906000.0,0.0,0.05,0.125,0.146,0.048,97416000.0,3344466000.0,1.0,335597172.0,335860494.0,339580504.0,71.089,12073566000,199131000,239246000.0,336313000,35.948,2133488000
2,CBRE,MRT,2020-12-31,2020-12-31,2020-12-31,2021-07-30,-529726000,18039143000,16441724250.0,8845631000,9193512000,1.449,21.117,-266575000.0,2039247000,2039247000,19047620000.0,755868000.0,1.238,1.488,4096331000,1599334000,2496997000,4096331000,162045000,501728000.0,0,0.0,0.0,1033843000.0,1535571000.0,0.064,1535571000.0,1033843000.0,966090000.0,2.24,2.22,2.24,7078326000,6501189750.0,7078326000,23689504749.0,23.0,15.427,1564204000.0,4.667,1.0,4778575000.0,0.201,5189522000,67753000.0,7762722000,7859856250.0,0,854866000,0,854866000,10533483000,7143983000,3389500000,21039815749.0,945502000.0,-85526000.0,-50028000.0,-433804000.0,0.0,-625256000.0,-341585000.0,0.0,1830779000.0,81564000.0,751989000.0,751989000.0,751989000.0,0.0,3879000.0,0.032,3896609000.0,881966000.0,2692939000,0.0,2.972,27.979,28.0,1835361000,0.0,62.72,0.883,0.882,5806124000,6530057000,23826195000.0,23826195000.0,0.0,0.046,0.116,0.132,0.043,60391000.0,3306205000.0,1.0,335456246.0,335196296.0,338392210.0,71.081,12849621000,228840000,214101000.0,325092000,38.335,1701648000
3,CBRE,MRT,2020-09-30,2020-09-30,2020-09-30,2021-07-30,-731399000,16347076000,15981237500.0,7771375000,8575701000,1.504,19.545,-288029000.0,1646557000,1646557000,19210643000.0,1079615000.0,1.263,1.488,4296246000,1388029000,2908217000,4296246000,132499000,473265000.0,0,0.0,0.0,1164828000.0,1638093000.0,0.068,1638093000.0,1164828000.0,1094917000.0,3.2,3.18,3.2,6553096000,6289781500.0,6553096000,18719477125.0,16.0,11.428,1639335000.0,4.889,1.0,4824458000.0,0.201,5078186000,69911000.0,7766307000,7795463250.0,0,392569000,0,392569000,9752774000,6152272000,3600502000,15747998125.0,944252000.0,-381624000.0,-101077000.0,-145677000.0,0.0,-349401000.0,-655812000.0,0.0,1927364000.0,22101000.0,1075842000.0,1075842000.0,1075842000.0,0.0,3773000.0,0.045,3860437000.0,964021000.0,2428845000,0.0,2.403,14.638,14.678,1876325000,0.0,46.97,0.655,0.655,5209884000,6216292000,24035101000.0,24035101000.0,0.0,0.067,0.171,0.149,0.048,70621000.0,3311251000.0,1.0,335277797.0,335287245.0,337665848.0,71.685,11268890000,197583000,19075000.0,248052000,33.61,1619103000
4,CBRE,MRT,2020-06-30,2020-06-30,2020-06-30,2021-07-30,-838517000,15700414000,15654704000.0,7189435000,8510979000,1.553,18.632,-303441000.0,1313734000,1313734000,19333400000.0,1152828000.0,1.228,1.508,4285213000,1403624000,2881589000,4285213000,128415000,457100000.0,0,0.0,0.0,1255718000.0,1712818000.0,0.07,1712818000.0,1255718000.0,1181790000.0,3.41,3.38,3.41,6243994000,6029464750.0,6243994000,18672691148.0,15.0,10.902,1237377000.0,3.692,1.0,4981660000.0,0.205,5026341000,73928000.0,7792654000,7782710750.0,0,386123000,0,386123000,9415363000,5852898000,3562465000,15156243148.0,700509000.0,-414635000.0,-150077000.0,135547000.0,0.0,-99051000.0,-708834000.0,0.0,1540818000.0,-32424000.0,1148309000.0,1148309000.0,1148309000.0,0.0,4519000.0,0.047,3859629000.0,1122031000.0,2329218000,0.0,2.427,13.199,13.261,1888277000,0.0,45.22,0.623,0.623,4899919000,6032160000,24315060000.0,24315060000.0,0.0,0.073,0.19,0.161,0.052,81862000.0,3326608000.0,1.0,335166810.0,335126126.0,337361419.0,72.555,10674073000,240339000,33481000.0,314018000,31.851,1336537000
5,CBRE,MRT,2020-03-31,2020-03-31,2020-03-31,2021-07-30,-851039000,15680264000,15409384250.0,7263587000,8416677000,1.6,18.298,-298776000.0,732695000,732695000,19379653000.0,1294154000.0,1.198,1.552,4249143000,1448917000,2800226000,4249143000,106995000,447195000.0,0,0.0,0.0,1447920000.0,1895115000.0,0.077,1895115000.0,1447920000.0,1367342000.0,3.84,3.8,3.84,6129343000,5805125500.0,6129343000,15502406652.0,11.0,8.18,1188406000.0,3.548,1.0,5268096000.0,0.214,5013544000,80578000.0,8117742000,7770028500.0,0,422910000,0,422910000,9510717000,6065426000,3445291000,12624962652.0,45027000.0,-447912000.0,-150077000.0,-440023000.0,0.0,-673390000.0,-739317000.0,0.0,1487182000.0,-29448000.0,1290143000.0,1290143000.0,1290143000.0,0.0,4011000.0,0.052,3956315000.0,1311781000.0,2365003000,0.0,2.06,9.786,9.82,1798662000,0.0,37.71,0.512,0.512,5535523000,5950263000,24647749000.0,24647749000.0,0.0,0.084,0.222,0.186,0.059,97228000.0,3433199000.0,1.0,334790842.0,334969826.0,339737911.0,73.582,10666720000,206709000,77199000.0,265125000,31.844,1198161000
6,CBRE,MRT,2019-12-31,2019-12-31,2019-12-31,2021-07-30,-679748000,16197196000,15162570250.0,7534464000,8662732000,1.576,18.561,-293514000.0,1093745000,1093745000,18689013000.0,1291450000.0,1.171,1.592,3971189000,1152186000,2819003000,3971189000,108671000,439224000.0,0,0.0,0.0,1438006000.0,1877230000.0,0.079,1877230000.0,1438006000.0,1352252000.0,3.82,3.77,3.82,6232693000,5545134500.0,6232693000,24172186570.0,17.0,12.877,929866000.0,2.769,1.0,5205078000.0,0.218,5133039000,85754000.0,7505150000,7692434000.0,0,426711000,0,426711000,9924084000,6436451000,3487633000,20516931570.0,229801000.0,-428584000.0,-145137000.0,-103993000.0,0.0,-271949000.0,-721024000.0,0.0,1223380000.0,-606000.0,1282357000.0,1282357000.0,1282357000.0,0.0,9093000.0,0.054,3965020000.0,1240058000.0,2436084000,0.0,3.292,15.999,16.045,1834172000,0.0,61.29,0.859,0.861,5459732000,5793149000,23894091000.0,23894091000.0,0.0,0.085,0.231,0.187,0.06,127738000.0,3436009000.0,1.0,334751698.0,335795654.0,340522871.0,71.157,11064157000,306915000,69895000.0,244413000,32.949,1098013000
7,CBRE,MRT,2019-09-30,2019-09-30,2019-09-30,2021-07-30,-787081000,15040942000,14477469500.0,7058835000,7982107000,1.593,16.394,-271941000.0,702305000,702305000,17926759000.0,1046820000.0,1.171,1.72,4357560000,1569431000,2788129000,4357560000,110911000,440802000.0,0,0.0,0.0,1400283000.0,1841085000.0,0.08,1841085000.0,1400283000.0,1310013000.0,3.08,3.04,3.08,5511829000,5221660500.0,5511829000,21734463344.0,16.0,11.805,531746000.0,1.582,1.0,5141673000.0,0.223,4952930000,90270000.0,7715297000,7014901250.0,0,705287000,376707000,328580000,9481962000,6027970000,3453992000,17829154344.0,74367000.0,-111332000.0,-255122000.0,-79691000.0,0.0,-345083000.0,-378284000.0,5783000.0,803687000.0,-5953000.0,1038534000.0,1038534000.0,1038534000.0,0.0,8286000.0,0.045,3957867000.0,1183806000.0,2085391000,0.0,3.235,17.168,17.211,1762341000,0.0,53.01,0.773,0.773,5045674000,5155531000,23068432000.0,23068432000.0,0.0,0.072,0.199,0.2,0.061,130094000.0,3428028000.0,1.0,336335679.0,336203747.0,341100182.0,68.614,10088012000,181533000,271479000.0,260100000,30.006,1030865000
8,CBRE,MRT,2019-06-30,2019-06-30,2019-06-30,2021-07-30,-717660000,14719135000,13961513000.0,6885217000,7833918000,1.605,15.902,-244543000.0,613225000,613225000,17338327000.0,1080456000.0,1.169,1.745,4518534000,1755742000,2762792000,4518534000,109511000,442726000.0,0,0.0,0.0,1469222000.0,1911948000.0,0.085,1911948000.0,1469222000.0,1375378000.0,3.18,3.14,3.18,5346637000,5021942250.0,5346637000,21378010625.0,15.0,11.181,685484000.0,2.039,1.0,5065958000.0,0.226,4995070000,93844000.0,7741925000,6411471250.0,0,307308000,0,307308000,9328605000,5887449000,3441156000,17251044625.0,9879000.0,-93213000.0,-206122000.0,-357683000.0,0.0,-586668000.0,-332184000.0,5257000.0,930027000.0,-1296000.0,1072404000.0,1072404000.0,1072404000.0,0.0,8052000.0,0.048,4009292000.0,1056666000.0,2063845000,0.0,3.227,16.086,16.132,1695706000,0.0,51.3,0.77,0.77,5366931000,4898932000,22404285000.0,22404285000.0,0.0,0.077,0.214,0.229,0.066,132076000.0,3477529000.0,1.0,336277673.0,336222471.0,340508931.0,66.635,9724065000,136779000,302974000.0,268313000,28.922,997768000
9,CBRE,MRT,2019-03-31,2019-03-31,2019-03-31,2021-07-30,-716169000,14693008000,13415593500.0,6996860000,7696148000,1.625,15.146,-238058000.0,687668000,687668000,16851285000.0,1086649000.0,1.164,1.864,4814634000,2085237000,2729397000,4814634000,115137000,449646000.0,0,0.0,0.0,1482752000.0,1932398000.0,0.089,1932398000.0,1482752000.0,1388112000.0,3.18,3.15,3.18,5089379000,4798677250.0,5089379000,18842250448.0,13.0,9.751,750574000.0,2.234,1.0,4950361000.0,0.227,5002528000,94640000.0,7807364000,5858360250.0,0,228406000,0,228406000,9488792000,6010082000,3478710000,16607027448.0,-34145000.0,-348001000.0,-206122000.0,-161970000.0,0.0,-387917000.0,-570410000.0,15654000.0,988632000.0,-64450000.0,1077340000.0,1077340000.0,1077340000.0,0.0,9309000.0,0.049,3965097000.0,985264000.0,1833841000,0.0,3.263,15.415,15.55,1669131000,0.0,49.45,0.762,0.762,5349723000,4675201000,21801646000.0,21801646000.0,0.0,0.08,0.225,0.253,0.068,127872000.0,3426414000.0,1.0,335834731.0,336020431.0,340158399.0,64.882,9690480000,138874000,310772000.0,355318000,28.839,986778000
10,CBRE,MRT,2018-12-31,2018-12-31,2018-12-31,2021-07-30,-718269000,13456793000,12719202000.0,6754210000,6702583000,1.678,14.555,-227803000.0,863944000,863944000,16449212000.0,1065948000.0,1.164,1.71,3099167000,1331907000,1767260000,3099167000,82227000,451988000.0,0,0.0,0.0,1474962000.0,1926950000.0,0.09,1926950000.0,1474962000.0,1376277000.0,3.13,3.1,3.13,4938797000,4615740250.0,4938797000,16505656292.0,11.0,8.566,903446000.0,2.663,1.0,4890876000.0,0.229,5093617000,98685000.0,4795019000,5158544250.0,0,216174000,0,216174000,8446891000,5803380000,2643511000,13648847292.0,39125000.0,-323666000.0,-161034000.0,-305009000.0,0.0,-506600000.0,-560684000.0,0.0,1131249000.0,-24840000.0,1063219000.0,1063219000.0,1063219000.0,0.0,2729000.0,0.05,3817761000.0,1073115000.0,1919827000,0.0,2.764,12.837,12.792,721692000,0.0,40.04,0.64,0.637,5011059000,4504684000,21340088000.0,21340088000.0,0.0,0.084,0.23,0.286,0.069,128171000.0,3365773000.0,1.0,340880302.0,339321056.0,343122741.0,62.891,8363176000,123387000,313058000.0,348151000,24.647,950830000
11,CBRE,MRT,2018-09-30,2018-09-30,2018-09-30,2021-07-30,-678972000,12977116000,12284602750.0,6378314000,6598802000,1.672,13.883,-228329000.0,627938000,627938000,15828416000.0,832955000.0,1.163,1.741,3484747000,1724744000,1760003000,3484747000,86771000,444148000.0,0,0.0,0.0,1409785000.0,1853933000.0,0.09,1853933000.0,1409785000.0,1307073000.0,2.44,2.43,2.44,4712956000,4409665000.0,4712956000,18215714472.0,13.0,9.825,782800000.0,2.306,1.0,4717578000.0,0.23,5046567000,102712000.0,5301577000,5069083000.0,0,195322000,0,195322000,8204725000,5485781000,2718944000,14985102472.0,-412461000.0,-380788000.0,0.0,-711270000.0,0.0,-773734000.0,-618918000.0,-5480000.0,1011129000.0,-30938000.0,828648000.0,828648000.0,828648000.0,0.0,4307000.0,0.04,3696279000.0,1021299000.0,1674183000,0.0,3.18,18.084,18.074,702428000,0.0,44.1,0.729,0.729,5008765000,4110889000,20545994000.0,20545994000.0,0.0,0.067,0.188,0.278,0.069,121147000.0,3252131000.0,1.0,339798242.0,339477316.0,343733947.0,60.522,7930549000,134188000,478425000.0,342099000,23.361,892533000
12,CBRE,MRT,2018-06-30,2018-06-30,2018-06-30,2021-07-30,-648492000,12535457000,11953327250.0,6106710000,6428747000,1.667,13.134,-225661000.0,603346000,603346000,15327791000.0,741398000.0,1.135,1.8,3833958000,2071073000,1762885000,3833958000,76216000,433255000.0,0,0.0,0.0,1309576000.0,1742831000.0,0.087,1742831000.0,1309576000.0,1197801000.0,2.17,2.16,2.17,4453577000,4180293500.0,4453577000,18866622474.0,14.0,10.825,694125000.0,2.047,1.0,4595845000.0,0.231,4855453000,111775000.0,5529481000,5116733250.0,0,233889000,0,233889000,8018586000,5381135000,2637451000,16219175474.0,-7055000.0,-346956000.0,0.0,-257985000.0,0.0,-331993000.0,-585175000.0,-6287000.0,919786000.0,-9673000.0,737267000.0,737267000.0,737267000.0,0.0,4131000.0,0.037,3531251000.0,1064594000.0,1642030000,0.0,3.642,21.999,22.0,705469000,0.0,47.74,0.814,0.812,4812846000,3820420000,19923636000.0,19923636000.0,0.0,0.062,0.176,0.256,0.066,106479000.0,3097996000.0,1.0,339739746.0,339081556.0,343471513.0,58.758,7680004000,145642000,460534000.0,349030000,22.649,725575000
13,CBRE,MRT,2018-03-31,2018-03-31,2018-03-31,2021-07-30,-483770000,11907442000,11471017500.0,5754300000,6153142000,1.678,12.859,-201031000.0,721813000,721813000,14778583000.0,714775000.0,1.182,1.719,3369260000,1611072000,1758188000,3369260000,88076000,420242000.0,0,0.0,0.0,1292288000.0,1712530000.0,0.089,1712530000.0,1292288000.0,1170479000.0,2.1,2.08,2.1,4357631000,3951822500.0,4357631000,18117150118.0,14.0,10.579,764820000.0,2.257,1.0,4473190000.0,0.232,4677134000,121809000.0,5008100000,5061595750.0,0,228950000,0,228950000,7488768000,4869655000,2619113000,16031576118.0,129486000.0,-98305000.0,0.0,-477447000.0,0.0,-555824000.0,-323535000.0,-19072000.0,965851000.0,42994000.0,710377000.0,710377000.0,710377000.0,0.0,4398000.0,0.037,3404571000.0,1068619000.0,1505134000,0.0,3.679,22.568,22.486,633666000,0.0,47.22,0.833,0.831,4283188000,3591753000,19251773000.0,19251773000.0,0.0,0.062,0.18,0.255,0.067,107246000.0,2984329000.0,1.0,339508177.0,338890098.0,342589810.0,56.808,7230308000,163257000,460102000.0,376677000,21.335,884645000
14,CBRE,MRT,2017-12-31,2017-12-31,2017-12-31,2021-07-30,-552414000,11718396000,10975935000.0,5630584000,6087812000,1.697,12.185,-178042000.0,824819000,824819000,14305099000.0,703576000.0,1.195,1.833,2910393000,910790000,1999603000,2910393000,100615000,406114000.0,0,0.0,0.0,1291827000.0,1697941000.0,0.091,1697941000.0,1291827000.0,1164866000.0,2.06,2.05,2.06,4114496000,3665401000.0,4114496000,17629423267.0,14.0,10.383,716369000.0,2.122,1.0,4323688000.0,0.232,4653852000,126961000.0,4437174000,5004445000.0,0,238001000,0,238001000,7543782000,4712944000,2830838000,14701975267.0,-6593000.0,-123463000.0,0.0,-551876000.0,0.0,-627742000.0,-302600000.0,-3487000.0,894411000.0,29338000.0,697109000.0,697109000.0,697109000.0,0.0,6467000.0,0.037,3264834000.0,1058854000.0,1573672000,0.0,3.573,21.09,21.024,617739000,0.0,43.31,0.789,0.785,4040327000,3443007000,18628787000.0,18628787000.0,0.0,0.064,0.19,0.258,0.069,93087000.0,2858720000.0,1.0,339459138.0,337658017.0,340783556.0,55.171,7064544000,148374000,467757000.0,358644000,20.922,917640000
15,CBRE,MRT,2017-09-30,2017-09-30,2017-09-30,2021-07-30,-580765000,11652014000,10741232750.0,5804734000,5847280000,1.978,11.231,-158454000.0,1040399000,1040399000,17054578000.0,808298000.0,1.275,2.055,3967847000,1416279000,2551568000,3967847000,0,393954000.0,0,0.0,0.0,1274790000.0,1668744000.0,0.079,1668744000.0,1274790000.0,1135066000.0,2.39,2.35,2.39,3795470000,3390398750.0,3795470000,15795986096.0,12.0,9.466,897313000.0,2.655,1.0,4195905000.0,0.197,4535907000,139724000.0,5492178000,5103431750.0,0,233634000,0,233634000,7800178000,4551377000,3248801000,12800986096.0,521289000.0,-104360000.0,0.0,-202634000.0,0.0,-287326000.0,-248684000.0,-4547000.0,1055767000.0,1532000.0,802966000.0,802966000.0,802966000.0,0.0,5332000.0,0.038,3188108000.0,1007797000.0,1505860000,0.0,3.373,15.942,15.849,574266000,0.0,37.88,0.602,0.602,4278036000,3179985000,21250483000.0,21250483000.0,0.0,0.075,0.237,0.25,0.06,89113000.0,2794154000.0,1.0,337935219.0,337948324.0,341186431.0,62.881,7116107000,160636000,332100000.0,225739000,21.057,1253357000
16,CBRE,MRT,2017-06-30,2017-06-30,2017-06-30,2021-07-30,-646913000,10606218000,10522421750.0,4824336000,5781882000,1.882,10.504,-172010000.0,610401000,610401000,15709082000.0,719019000.0,1.27,1.984,3605401000,1054997000,2550404000,3605401000,0,384088000.0,0,0.0,0.0,1156997000.0,1541085000.0,0.078,1541085000.0,1156997000.0,1014483000.0,2.11,2.08,2.11,3539693000,3175287500.0,3539693000,15047045074.0,13.0,9.764,537555000.0,1.595,1.0,4096292000.0,0.207,4494737000,142514000.0,5308931000,5129117750.0,0,246715000,0,246715000,7023192000,3797550000,3225642000,12298633074.0,105869000.0,-103146000.0,0.0,-307274000.0,0.0,-391872000.0,-205063000.0,41182000.0,709565000.0,-6761000.0,708041000.0,708041000.0,708041000.0,0.0,10978000.0,0.036,3159822000.0,936470000.0,1427401000,0.0,3.474,17.37,17.251,556480000,0.0,36.4,0.621,0.619,3723235000,2983668000,19805374000.0,19805374000.0,0.0,0.067,0.223,0.226,0.058,83213000.0,2775734000.0,1.0,337874535.0,336975149.0,340882603.0,58.774,6111481000,151865000,306442000.0,171003000,18.136,1026786000
17,CBRE,MRT,2017-03-31,2017-03-31,2017-03-31,2021-07-30,-737231000,9927112000,10351510250.0,4245460000,5681652000,1.794,9.534,-181472000.0,592327000,592327000,14553775000.0,639456000.0,1.222,2.076,3340739000,791481000,2549258000,3340739000,0,373970000.0,0,0.0,0.0,1072597000.0,1446567000.0,0.078,1446567000.0,1072597000.0,928526000.0,1.87,1.85,1.87,3211945000,3004143750.0,3211945000,14724475069.0,14.0,10.179,442755000.0,1.314,1.0,4019565000.0,0.216,4422847000,144071000.0,4779497000,5022690750.0,0,242486000,0,242486000,6668873000,3473180000,3195693000,11753081069.0,30334000.0,-81121000.0,0.0,-314294000.0,0.0,-383564000.0,-195107000.0,39394000.0,624227000.0,-15222000.0,627932000.0,627932000.0,627932000.0,0.0,11524000.0,0.034,3117531000.0,902034000.0,1320584000,0.0,3.659,18.717,18.604,551633000,0.0,34.79,0.633,0.631,3184248000,2786503000,18573340000.0,18573340000.0,0.0,0.061,0.209,0.214,0.058,66301000.0,2743561000.0,1.0,337829292.0,336907836.0,339690579.0,55.129,5504265000,150091000,300594000.0,228806000,16.338,772280000
18,CBRE,MRT,2016-12-31,2016-12-31,2016-12-31,2021-07-30,-791018000,10779587000,10328516000.0,5122450000,5657137000,1.682,8.987,-191205000.0,831412000,831412000,13420911000.0,585170000.0,1.132,2.562,3802806000,1254680000,2548126000,3802806000,0,366927000.0,0,0.0,0.0,1014830000.0,1381757000.0,0.08,1381757000.0,1014830000.0,869979000.0,1.71,1.69,1.71,3014487000,2905556250.0,3014487000,14465858424.0,14.0,10.469,425780000.0,1.269,1.0,3948197000.0,0.227,4392431000,144851000.0,4833121000,5004169500.0,0,232238000,0,232238000,7722342000,4525429000,3196913000,10620927424.0,218245000.0,-41118000.0,0.0,-154913000.0,0.0,-220677000.0,-150524000.0,41716000.0,616985000.0,-27539000.0,573079000.0,573079000.0,573079000.0,0.0,12091000.0,0.033,3147228000.0,800969000.0,1446438000,0.0,3.523,18.533,18.415,560756000,0.0,31.49,0.611,0.608,3881649000,2656906000,17369108000.0,17369108000.0,0.0,0.055,0.197,0.203,0.058,63484000.0,2780301000.0,1.0,337279372.0,335414831.0,338424563.0,51.784,6387156000,150950000,296900000.0,183112000,19.043,597021000
19,CBRE,MRT,2016-09-30,2016-09-30,2016-09-30,2021-07-30,-585341000,10776770000,10388105000.0,5055477000,5721293000,1.246,8.741,-188497000.0,517101000,517101000,9051150000.0,501533000.0,1.107,2.656,4362032000,1747134000,2614898000,4362032000,0,368585000.0,0,0.0,0.0,913092000.0,1281677000.0,0.099,1281677000.0,913092000.0,768229000.0,1.46,1.45,1.46,2935025000,2830097500.0,2935025000,12551168175.0,14.0,9.793,267801000.0,0.798,1.0,3896850000.0,0.301,4459915000,144863000.0,5594922000,5122011500.0,0,249883000,0,249883000,7795267000,4566864000,3228403000,9390604175.0,5989000.0,91158000.0,17762000.0,-376775000.0,0.0,-421461000.0,-26634000.0,43614000.0,456298000.0,-2214000.0,488041000.0,488041000.0,488041000.0,0.0,13492000.0,0.038,3243694000.0,653156000.0,1365528000,0.0,3.199,19.241,19.164,550779000,0.0,27.98,0.725,0.726,4041555000,2392931000,12948000000.0,12948000000.0,0.0,0.047,0.172,0.178,0.071,72206000.0,2875109000.0,1.0,335618448.0,335770122.0,338488975.0,38.562,6316855000,194909000,280188000.0,223988000,18.813,488613000
20,CBRE,MRT,2016-06-30,2016-06-30,2016-06-30,2021-07-30,-572181000,9922572000,10082778500.0,4246081000,5676491000,1.236,8.521,-168134000.0,502270000,502270000,8572027000.0,540671000.0,1.135,2.458,3662834000,1037857000,2624977000,3662834000,0,350907000.0,0,0.0,0.0,972930000.0,1323837000.0,0.106,1323837000.0,972930000.0,834641000.0,1.6,1.58,1.6,2855118000,2732761000.0,2855118000,11999242373.0,12.0,9.064,315937000.0,0.943,1.0,3895045000.0,0.312,4457264000,138289000.0,4883223000,4881862250.0,0,226742000,0,226742000,7018802000,3742649000,3276153000,8882343373.0,95346000.0,-1343111000.0,1899000.0,1136704000.0,0.0,1111505000.0,-1487640000.0,2836000.0,484071000.0,-12590000.0,533001000.0,533001000.0,533001000.0,0.0,7670000.0,0.043,3166391000.0,728654000.0,1381802000,0.0,3.111,16.665,16.55,533575000,0.0,26.48,0.712,0.712,3220869000,2292062000,12467072000.0,12467072000.0,0.0,0.053,0.195,0.199,0.078,74131000.0,2815484000.0,1.0,335435928.0,335076746.0,338080641.0,37.207,5465308000,200547000,301640000.0,221189000,16.311,503432000
21,CBRE,MRT,2016-03-31,2016-03-31,2016-03-31,2021-07-30,-471355000,9835135000,9467200250.0,4086896000,5748239000,1.231,8.436,-154304000.0,552601000,552601000,7805768000.0,550379000.0,1.106,2.473,3669500000,1034455000,2635045000,3669500000,0,331244000.0,0,0.0,0.0,977893000.0,1309137000.0,0.112,1309137000.0,977893000.0,850437000.0,1.62,1.59,1.62,2817595000,2633879500.0,2817595000,13449990845.0,14.0,10.274,348803000.0,1.044,1.0,3844273000.0,0.33,4550202000,127456000.0,4705412000,4620428250.0,0,220533000,0,220533000,6968437000,3696420000,3272017000,9632821845.0,110201000.0,-1381498000.0,5092000.0,1159368000.0,0.0,1122297000.0,-1510820000.0,4146000.0,503107000.0,-4383000.0,536362000.0,536362000.0,536362000.0,0.0,14017000.0,0.046,3076444000.0,767829000.0,1351062000,0.0,3.419,17.96,17.79,528350000,0.0,28.82,0.827,0.826,3069333000,2170394000,11650041000.0,11650041000.0,0.0,0.057,0.204,0.212,0.084,71362000.0,2745200000.0,1.0,334240869.0,333992935.0,337506232.0,34.881,5284933000,200816000,314075000.0,235371000,15.823,390476000
22,CBRE,MRT,2015-12-31,2015-12-31,2015-12-31,2021-07-30,-485675000,11017943000,8914831500.0,5305223000,5712720000,1.218,8.155,-139464000.0,613167000,613167000,7082932000.0,558877000.0,1.062,3.045,4430336000,1785225000,2645111000,4430336000,0,314096000.0,0,0.0,0.0,986865000.0,1300961000.0,0.12,1300961000.0,986865000.0,867985000.0,1.64,1.63,1.64,2712652000,2494307750.0,2712652000,14762766708.0,15.0,11.348,512433000.0,1.541,1.0,3772878000.0,0.348,4536466000,118880000.0,5304489000,4471493500.0,0,217943000,0,217943000,8258873000,4994157000,3264716000,11555477708.0,-200481000.0,-1466400000.0,0.0,820893000.0,0.0,789548000.0,-1618959000.0,5869000.0,651897000.0,-22967000.0,547132000.0,547132000.0,547132000.0,0.0,11745000.0,0.05,2947705000.0,825173000.0,1484119000,0.0,4.26,21.12,21.085,529823000,0.0,34.58,1.064,1.06,4238847000,2088227000,10855810000.0,10855810000.0,0.0,0.061,0.219,0.221,0.091,74709000.0,2633609000.0,1.0,334166504.0,332616301.0,336414856.0,32.638,6481477000,194583000,320853000.0,271222000,19.486,311066000
23,CBRE,MRT,2015-09-30,2015-09-30,2015-09-30,2021-07-30,-446454000,9555464000,8052348250.0,3979647000,5575817000,1.235,7.652,-163948000.0,507547000,507547000,6258754000.0,581952000.0,1.104,2.736,3714836000,1031118000,2683718000,3714836000,0,284942000.0,0,0.0,0.0,980826000.0,1265768000.0,0.127,1265768000.0,980826000.0,870050000.0,1.73,1.7,1.73,2545679000,2381102250.0,2545679000,12753680344.0,13.0,10.076,571764000.0,1.719,1.0,3684008000.0,0.371,4524165000,110776000.0,4634325000,3918159250.0,0,351570000,63885000,287685000,6965939000,3604263000,3361676000,10661757344.0,-175001000.0,-1520158000.0,631000.0,822074000.0,0.0,795944000.0,-1668996000.0,4766000.0,735712000.0,-37661000.0,571366000.0,571366000.0,571366000.0,0.0,10586000.0,0.057,2797117000.0,886891000.0,1320325000,0.0,4.188,18.66,18.497,503666000,0.0,32.0,1.072,1.071,2860885000,1908184000,9942762000.0,9942762000.0,0.0,0.071,0.24,0.25,0.099,61061000.0,2512175000.0,1.0,333179917.0,332684487.0,336561877.0,29.886,5031299000,236328000,298684000.0,254547000,15.123,375384000
24,CBRE,MRT,2015-06-30,2015-06-30,2015-06-30,2021-07-30,-370734000,7460259000,7545970750.0,3342956000,4117303000,1.26,7.408,-168025000.0,402433000,402433000,5914080000.0,541653000.0,1.288,2.015,2494356000,760006000,1734350000,2494356000,0,277054000.0,0,0.0,0.0,932383000.0,1209437000.0,0.127,1209437000.0,932383000.0,824465000.0,1.6,1.58,1.6,2459592000,2281166250.0,2459592000,14833211891.0,16.0,12.265,675548000.0,2.035,1.0,3591199000.0,0.378,3119921000,107918000.0,3837487000,3756278750.0,0,350344000,69682000,280662000,4956731000,2594774000,2361957000,12320183891.0,-45444000.0,-164874000.0,2110000.0,-490911000.0,0.0,-523261000.0,-320395000.0,9127000.0,843573000.0,-45361000.0,529342000.0,529342000.0,529342000.0,0.0,12311000.0,0.056,2763350000.0,827849000.0,764524000,0.0,5.009,23.275,23.125,484032000,0.0,37.0,1.296,1.292,2355436000,1759061000,9505279000.0,9505279000.0,0.0,0.07,0.232,0.248,0.098,65358000.0,2486296000.0,1.0,332977943.0,331999935.0,336154524.0,28.63,4340338000,254853000,295123000.0,216163000,13.073,748182000
25,CBRE,MRT,2015-03-31,2015-03-31,2015-03-31,2021-07-30,-430550000,7625660000,7548848750.0,3593879000,4031781000,1.224,6.806,-176217000.0,435722000,435722000,5740579000.0,538699000.0,1.209,2.355,2948750000,1214456000,1734294000,2948750000,0,269744000.0,0,0.0,0.0,902771000.0,1172515000.0,0.127,1172515000.0,902771000.0,792537000.0,1.54,1.53,1.54,2259308000,2199463750.0,2259308000,14546500240.0,16.0,12.406,575679000.0,1.734,1.0,3501000000.0,0.379,3056026000,110234000.0,4109673000,3793592500.0,0,330365000,64973000,265392000,5320639000,2972989000,2347650000,12891372240.0,-49209000.0,-160284000.0,1111000.0,-457506000.0,0.0,-500832000.0,-254893000.0,70283000.0,751896000.0,-45380000.0,509777000.0,509777000.0,509777000.0,0.0,28922000.0,0.055,2712084000.0,788916000.0,702125000,0.0,5.706,25.288,25.136,479751000,0.0,38.71,1.395,1.391,2617464000,1634032000,9241579000.0,9241579000.0,0.0,0.068,0.232,0.238,0.098,64548000.0,2442340000.0,1.0,333024341.0,331976907.0,335698590.0,27.838,4569634000,224171000,282760000.0,200471000,13.765,620890000
26,CBRE,MRT,2014-12-31,2014-12-31,2014-12-31,2021-07-30,-324020000,7568010000,7353273250.0,3371769000,4196241000,1.231,6.835,-171242000.0,768974000,768974000,5611262000.0,513503000.0,1.151,2.331,2357062000,548457000,1808605000,2357062000,0,265101000.0,0,0.0,0.0,860297000.0,1125398000.0,0.124,1125398000.0,860297000.0,748262000.0,1.47,1.45,1.47,2259830000,2132025750.0,2259830000,13664860551.0,16.0,12.142,490538000.0,1.484,1.0,3438656000.0,0.38,3136181000,112035000.0,3091152000,3631299750.0,0,218280000,0,218280000,5266612000,2928765000,2337847000,11400693551.0,248972000.0,-101967000.0,6203000.0,-189061000.0,0.0,-232069000.0,-151556000.0,64646000.0,661780000.0,-29183000.0,484503000.0,484503000.0,484503000.0,0.0,29000000.0,0.054,2704061000.0,734595000.0,827530000,0.0,5.045,23.531,23.299,497926000,0.0,34.25,1.26,1.251,2242523000,1541095000,9049918000.0,9049918000.0,0.0,0.066,0.227,0.237,0.095,58539000.0,2438960000.0,1.0,332866965.0,330620206.0,334171509.0,27.373,4431829000,165075000,263759000.0,141736000,13.405,443004000
27,CBRE,MRT,2014-09-30,2014-09-30,2014-09-30,2021-07-30,-217197000,7529954000,7210874250.0,3461037000,4068917000,1.178,6.495,-170233000.0,670938000,670938000,5181917000.0,426373000.0,1.293,2.492,2935105000,850892000,2084213000,2935105000,0,248651000.0,0,0.0,0.0,744130000.0,992781000.0,0.117,992781000.0,744130000.0,632432000.0,1.19,1.18,1.19,2145935000,2041014500.0,2145935000,12419761576.0,17.0,12.51,408713000.0,1.237,1.0,3314658000.0,0.39,3130309000,111698000.0,3986803000,3657550250.0,0,354747000,70163000,284584000,5347116000,2677009000,2670107000,9877180576.0,112737000.0,-523490000.0,-11334000.0,241772000.0,0.0,155520000.0,-605762000.0,72129000.0,578946000.0,-15967000.0,394872000.0,394872000.0,394872000.0,-2703000.0,31501000.0,0.046,2681089000.0,633569000.0,710408000,0.0,4.603,25.014,24.992,455859000,0.0,29.74,1.162,1.157,2246762000,1336818000,8496575000.0,8496575000.0,0.0,0.055,0.193,0.203,0.088,53659000.0,2334319000.0,1.0,332117706.0,330419006.0,334293046.0,25.715,4399645000,232976000,237560000.0,190981000,13.315,784028000
28,CBRE,MRT,2014-06-30,2014-06-30,2014-06-30,2021-07-30,-111095000,7471771000,6872719500.0,3338471000,4133300000,1.158,6.46,-170411000.0,428852000,428852000,4785279000.0,410847000.0,1.161,2.484,2971433000,1139792000,1831641000,2971433000,0,229016000.0,0,0.0,0.0,718238000.0,947254000.0,0.119,947254000.0,718238000.0,606598000.0,1.16,1.14,1.16,2132782000,1944038500.0,2132782000,12769953128.0,18.0,13.481,266042000.0,0.806,1.0,3170086000.0,0.398,3151646000,111640000.0,3986742000,3508479250.0,0,349698000,71323000,278375000,5297496000,2875964000,2421532000,10638318128.0,-103629000.0,-466304000.0,-12640000.0,73785000.0,0.0,-15569000.0,-532022000.0,64989000.0,436453000.0,7509000.0,382217000.0,382217000.0,382217000.0,-2703000.0,28630000.0,0.048,2557043000.0,613043000.0,770494000,0.0,4.988,27.833,27.621,455322000,0.0,32.04,1.337,1.33,2377813000,1229719000,7955365000.0,7955365000.0,0.0,0.056,0.197,0.205,0.09,46477000.0,2229908000.0,1.0,332032401.0,330133061.0,333918620.0,24.097,4320125000,229351000,224381000.0,197916000,13.086,462507000
29,CBRE,MRT,2014-03-31,2014-03-31,2014-03-31,2021-07-30,-133547000,6843358000,6591848750.0,2762237000,4081121000,1.148,6.028,-161196000.0,479066000,479066000,4489633000.0,354882000.0,1.161,2.42,2610701000,754222000,1856479000,2610701000,0,209936000.0,0,0.0,0.0,673442000.0,883378000.0,0.117,883378000.0,673442000.0,552740000.0,1.05,1.03,1.05,1989556000,1815868000.0,1989556000,11040979564.0,16.0,12.499,393832000.0,1.193,1.0,3080940000.0,0.407,3134877000,120702000.0,3460502000,3438765250.0,0,324085000,62834000,261251000,4815100000,2379614000,2435486000,9105797564.0,-90463000.0,-471649000.0,-10848000.0,-57086000.0,0.0,-161288000.0,-482041000.0,94559000.0,555028000.0,-2162000.0,346655000.0,346655000.0,346655000.0,-5808000.0,8227000.0,0.046,2470605000.0,610335000.0,734087000,0.0,4.577,26.268,26.124,446660000,0.0,27.43,1.203,1.196,1726113000,1124255000,7570573000.0,7570573000.0,0.0,0.053,0.191,0.196,0.089,44700000.0,2163164000.0,1.0,331964913.0,330035445.0,333349519.0,22.939,3708481000,219104000,206085000.0,205426000,11.237,382623000
30,CBRE,MRT,2013-12-31,2013-12-31,2013-12-31,2021-07-30,-146123000,6998414000,6602919250.0,2879812000,4118602000,1.088,5.778,-156358000.0,553067000,553067000,4189389000.0,348795000.0,1.105,2.67,2488249000,621359000,1866890000,2488249000,0,191270000.0,0,0.0,0.0,638807000.0,830077000.0,0.116,830077000.0,638807000.0,503725000.0,0.96,0.95,0.96,1895785000,1712296750.0,1895785000,10471725468.0,16.0,12.615,588750000.0,1.794,1.0,2995405000.0,0.417,3131702000,135082000.0,3196154000,3669372250.0,0,313938000,58442000,255496000,5062408000,2605740000,2456668000,8715653468.0,-597385000.0,-471511000.0,-10848000.0,-733711000.0,0.0,-866281000.0,-464994000.0,115259000.0,745108000.0,-11218000.0,316538000.0,316538000.0,316538000.0,-26997000.0,32257000.0,0.044,2392829000.0,602576000.0,817519000,0.0,4.597,27.534,27.396,458596000,0.0,26.3,1.213,1.201,1868034000,1056592000,7184794000.0,7184794000.0,0.0,0.048,0.185,0.174,0.089,38538000.0,2104310000.0,1.0,331393668.0,328110004.0,331762854.0,21.898,3866712000,188533000,187187000.0,237408000,11.785,274072000
31,CBRE,MRT,2013-09-30,2013-09-30,2013-09-30,2021-07-30,-156967000,6177335000,6805701250.0,2558960000,3618375000,1.022,5.355,-148388000.0,550675000,550675000,4043961000.0,386792000.0,1.389,2.469,2306747000,428226000,1878521000,2306747000,0,184286000.0,0,0.0,0.0,729539000.0,913825000.0,0.131,913825000.0,729539000.0,578804000.0,1.15,1.13,1.15,1758031000,1623153250.0,1758031000,9798098256.0,13.0,10.722,497269000.0,1.515,1.0,2912828000.0,0.419,2700161000,150735000.0,3390519000,4071188750.0,0,337530000,70661000,266869000,4341028000,1842727000,2498301000,7666855256.0,-273639000.0,-54788000.0,-7781000.0,-790762000.0,0.0,-892558000.0,-17897000.0,133890000.0,645657000.0,21712000.0,374890000.0,374890000.0,374890000.0,-24925000.0,11902000.0,0.054,2245223000.0,667605000.0,536743000,0.0,4.361,20.451,20.113,394263000,0.0,23.13,1.102,1.092,1461565000,941946000,6956789000.0,6956789000.0,0.0,0.055,0.231,0.179,0.105,39288000.0,2063067000.0,1.0,331468018.0,328307961.0,332061402.0,21.19,3477174000,263160000,203914000.0,295480000,10.591,716233000
32,CBRE,MRT,2013-06-30,2013-06-30,2013-06-30,2021-07-30,-201671000,6348288000,6953561750.0,2799225000,3549063000,0.975,4.948,-151079000.0,544977000,544977000,3926858000.0,335331000.0,1.312,2.862,2676220000,760765000,1915455000,2676220000,0,176864000.0,0,0.0,0.0,656706000.0,833570000.0,0.123,833570000.0,656706000.0,490103000.0,0.98,0.97,0.98,1620100000,1518753500.0,1620100000,10332314129.0,16.0,12.395,426332000.0,1.302,1.0,2853212000.0,0.421,2638549000,166603000.0,3707886000,4350981250.0,0,298799000,31842000,266957000,4636839000,2133096000,2503743000,7736840129.0,-245707000.0,-55500000.0,21173000.0,-745260000.0,0.0,-814641000.0,906000.0,162519000.0,577411000.0,21170000.0,320155000.0,320155000.0,320155000.0,-24925000.0,15176000.0,0.047,2243374000.0,609838000.0,562099000,0.0,4.776,24.166,23.837,369697000,0.0,23.36,1.141,1.128,1758683000,847502000,6780070000.0,6780070000.0,0.0,0.046,0.211,0.151,0.097,41411000.0,2048814000.0,1.0,331200348.0,327423589.0,331631185.0,20.707,3709739000,266229000,169948000.0,276897000,11.33,666129000
33,CBRE,MRT,2013-03-31,2013-03-31,2013-03-31,2021-07-30,-185446000,6887640000,7010588500.0,3232833000,3654807000,0.947,4.821,-150961000.0,587219000,587219000,3816174000.0,336696000.0,1.318,3.289,3182693000,1052072000,2130621000,3182693000,0,170985000.0,0,0.0,0.0,678521000.0,849506000.0,0.128,849506000.0,678521000.0,505039000.0,1.01,0.99,1.01,1575271000,1427444000.0,1575271000,10991565941.0,16.0,12.939,359183000.0,1.099,1.0,2822999000.0,0.425,2646649000,173482000.0,4382930000,4565404250.0,0,378560000,93908000,284652000,5181853000,2453535000,2728318000,8348999941.0,-185237000.0,-55333000.0,20324000.0,-533948000.0,0.0,-574869000.0,-109725000.0,72200000.0,510144000.0,19766000.0,326126000.0,326126000.0,326126000.0,-21820000.0,10570000.0,0.049,2221028000.0,601971000.0,597820000,0.0,5.3,25.601,25.0,362421000,0.0,25.25,1.258,1.243,2056765000,777600000,6639173000.0,6639173000.0,0.0,0.047,0.228,0.149,0.102,40952000.0,2031733000.0,1.0,330653463.0,326759455.0,330802552.0,20.318,4240991000,260507000,178913000.0,270966000,12.979,779298000
34,CBRE,MRT,2012-12-31,2012-12-31,2012-12-31,2021-07-30,-165044000,7809542000,6923567750.0,4084550000,3724992000,0.941,4.775,-150232000.0,1162973000,1162973000,3742514000.0,304787000.0,1.374,3.981,3805539000,1261832000,2543707000,3805539000,0,170905000.0,0,0.0,0.0,675945000.0,846850000.0,0.13,846850000.0,675945000.0,500877000.0,0.98,0.97,0.98,1539211000,1336683000.0,1539211000,9051925571.0,13.0,10.689,140849000.0,0.437,1.0,2771585000.0,0.425,2676395000,175068000.0,4803420000,4594771500.0,0,365929000,102010000,263919000,6127730000,2972293000,3155437000,6551730571.0,-3885000.0,-128228000.0,20324000.0,-90918000.0,0.0,-100689000.0,-197671000.0,50020000.0,291081000.0,33947000.0,315555000.0,315555000.0,315555000.0,-631000.0,-10768000.0,0.048,2192385000.0,579200000.0,582294000,0.0,4.257,20.763,20.306,379176000,0.0,19.9,1.006,0.985,2311163000,740054000,6514099000.0,6514099000.0,0.0,0.046,0.236,0.147,0.104,48782000.0,2002914000.0,1.0,329232692.0,322315576.0,327044145.0,20.21,5133147000,223593000,185322000.0,273837000,15.926,1112257000
35,CBRE,MRT,2012-09-30,2012-09-30,2012-09-30,2021-07-30,-170856000,6768777000,6775968000.0,3037275000,3731502000,0.926,4.159,-133169000.0,840860000,840860000,3619890000.0,259189000.0,1.416,3.916,3341055000,801545000,2539510000,3341055000,0,161429000.0,0,0.0,0.0,572022000.0,733451000.0,0.117,733451000.0,572022000.0,396744000.0,0.69,0.68,0.69,1340432000,1239750500.0,1340432000,8610978878.0,15.0,11.74,3990000.0,0.012,1.0,2651988000.0,0.423,2615027000,175278000.0,4509689000,4503316750.0,0,367142000,98142000,269000000,5249671000,2144256000,3105415000,6042518878.0,113666000.0,-457876000.0,16478000.0,100279000.0,0.0,64029000.0,-87226000.0,128211000.0,137159000.0,-296000.0,222320000.0,222320000.0,222320000.0,-32979000.0,36869000.0,0.035,2189677000.0,462311000.0,515369000,0.0,4.508,27.179,26.681,334860000,0.0,18.41,0.963,0.946,1593786000,567056000,6271878000.0,6271878000.0,0.0,0.033,0.179,0.127,0.091,49491000.0,2009108000.0,1.0,328219385.0,322331850.0,327309341.0,19.458,4153750000,258222000,174424000.0,248425000,12.887,893019000
36,CBRE,MRT,2012-06-30,2012-06-30,2012-06-30,2021-07-30,-184424000,6576395000,6687549500.0,2828698000,3747697000,0.934,3.911,-139537000.0,795530000,795530000,3599252000.0,276517000.0,1.43,4.097,3363990000,746078000,2617912000,3363990000,0,152635000.0,0,0.0,0.0,616679000.0,769314000.0,0.123,769314000.0,616679000.0,445972000.0,0.77,0.76,0.77,1254862000,1175236000.0,1254862000,7954839009.0,13.0,10.34,176413000.0,0.55,1.0,2649942000.0,0.424,2600819000,170707000.0,4565578000,4509905000.0,0,346434000,81183000,265251000,5141453000,1978458000,3162995000,5367102009.0,-20907000.0,-659725000.0,5415000.0,444601000.0,0.0,345645000.0,-661511000.0,103451000.0,315950000.0,-20991000.0,246418000.0,246418000.0,246418000.0,-32979000.0,30099000.0,0.039,2147833000.0,502109000.0,496127000,0.0,4.277,21.78,21.247,299310000,0.0,16.36,0.859,0.84,1516645000,527347000,6249194000.0,6249194000.0,0.0,0.037,0.21,0.137,0.099,44339000.0,1995884000.0,1.0,328062470.0,320852344.0,326081681.0,19.477,3975576000,221625000,199554000.0,244769000,12.391,850240000
37,CBRE,MRT,2012-03-31,2012-03-31,2012-03-31,2021-07-30,-138445000,6539557000,6364133750.0,2781705000,3757852000,0.954,3.78,-142444000.0,764810000,764810000,3530931000.0,275785000.0,1.396,4.238,3352547000,735796000,2616751000,3352547000,0,139918000.0,0,0.0,0.0,583390000.0,723308000.0,0.119,723308000.0,583390000.0,422878000.0,0.72,0.72,0.72,1212227000,1132271500.0,1212227000,9067710260.0,16.0,12.536,33708000.0,0.105,1.0,2539364000.0,0.418,2634216000,160512000.0,4500399000,4331688500.0,0,366157000,126914000,239243000,5137214000,1992679000,3144535000,6545872260.0,276292000.0,-655737000.0,7136000.0,821366000.0,0.0,728004000.0,-619971000.0,144002000.0,176152000.0,-7893000.0,231768000.0,231768000.0,231768000.0,-39246000.0,44017000.0,0.038,2085361000.0,454003000.0,524233000,0.0,5.4,28.243,27.722,287548000,0.0,19.96,1.078,1.054,1493606000,451474000,6070295000.0,6070295000.0,0.0,0.036,0.205,0.135,0.096,40859000.0,1946363000.0,1.0,327949512.0,320671395.0,325738859.0,18.93,3905341000,203176000,191110000.0,248291000,12.179,789026000
38,CBRE,MRT,2011-12-31,2011-12-31,2011-12-31,2021-07-30,-158439000,7219143000,5927469000.0,3550047000,3669096000,0.996,3.616,-147980000.0,1160320000,1160320000,3457130000.0,290325000.0,1.324,5.039,3682158000,1070971000,2611187000,3682158000,0,116930000.0,0,0.0,0.0,578514000.0,695444000.0,0.118,695444000.0,578514000.0,428265000.0,0.75,0.74,0.75,1151481000,1078342250.0,1151481000,7437197700.0,13.0,10.694,213239000.0,0.67,1.0,2448281000.0,0.415,2622732000,150249000.0,4437601000,4053057000.0,0,355711000,154274000,201437000,5801980000,2680648000,3121332000,4991665700.0,586608000.0,-572601000.0,7136000.0,808837000.0,0.0,711325000.0,-480255000.0,212403000.0,361219000.0,-5681000.0,239162000.0,239162000.0,239162000.0,-49890000.0,51163000.0,0.04,1998385000.0,449896000.0,574136000,0.0,4.335,20.871,20.293,295488000,0.0,15.22,0.845,0.821,1855432000,424499000,5905411000.0,5905411000.0,0.0,0.04,0.222,0.143,0.098,29391000.0,1882666000.0,1.0,327967523.0,318454191.0,323723755.0,18.544,4596411000,168939000,189103000.0,257264000,14.434,869399000
39,CBRE,MRT,2011-09-30,2011-09-30,2011-09-30,2021-07-30,-136895000,6415103000,5403075250.0,3225911000,3189192000,1.072,3.394,-145977000.0,1050662000,1050662000,3379053000.0,251181000.0,1.448,4.672,3496194000,1029867000,2466327000,3496194000,0,109641000.0,0,0.0,0.0,578208000.0,687849000.0,0.119,687849000.0,578208000.0,429865000.0,0.8,0.8,0.8,1082374000,1017525750.0,1082374000,6318105455.0,11.0,9.185,249810000.0,0.783,1.0,2414029000.0,0.417,2096422000,148343000.0,4536042000,3809876750.0,0,297782000,116530000,181252000,5057041000,2228171000,2828870000,4375806455.0,-106081000.0,-258886000.0,8882000.0,143820000.0,0.0,88320000.0,-588189000.0,114370000.0,395787000.0,-1999000.0,254543000.0,254543000.0,254543000.0,-16270000.0,-3362000.0,0.044,1909883000.0,504146000.0,495833000,0.0,4.043,17.191,16.825,249889000,0.0,13.46,0.755,0.741,1688160000,344736000,5793082000.0,5793082000.0,0.0,0.047,0.25,0.152,0.1,24469000.0,1801147000.0,1.0,325097062.0,318867447.0,323714703.0,18.168,4318681000,123058000,175322000.0,111764000,13.544,997740000
40,CBRE,MRT,2011-06-30,2011-06-30,2011-06-30,2021-07-30,-56158000,5282732000,5068065250.0,2379054000,2903678000,1.09,3.409,-108451000.0,801330000,801330000,3219839000.0,246863000.0,1.459,3.733,2743629000,609362000,2134267000,2743629000,0,103971000.0,0,0.0,0.0,572899000.0,676870000.0,0.123,676870000.0,572899000.0,413881000.0,0.78,0.78,0.78,1083004000,940281500.0,1083004000,10009618484.0,17.0,14.788,250739000.0,0.789,1.0,2304998000.0,0.417,1741483000,159018000.0,3852712000,3640374000.0,0,179088000,0,179088000,4043074000,1630836000,2412238000,8160432484.0,8546000.0,-50796000.0,6947000.0,-362380000.0,0.0,-355438000.0,-18819000.0,111268000.0,359190000.0,23613000.0,247774000.0,247774000.0,247774000.0,-24091000.0,-911000.0,0.045,1809857000.0,495141000.0,441799000,0.0,7.535,32.935,32.192,216584000,0.0,25.11,1.477,1.444,1276834000,280929000,5524837000.0,5524837000.0,0.0,0.049,0.264,0.157,0.104,26436000.0,1706824000.0,1.0,324987355.0,317698275.0,324093042.0,17.39,3541249000,155625000,166107000.0,81217000,11.147,748218000
41,CBRE,MRT,2011-03-31,2011-03-31,2011-03-31,2021-07-30,-64401000,4792898000,4980144750.0,1969033000,2823865000,1.059,3.148,-79188000.0,474178000,474178000,3058731000.0,216682000.0,1.245,3.657,2323364000,515072000,1808292000,2323364000,0,106136000.0,0,0.0,0.0,562893000.0,669029000.0,0.127,669029000.0,562893000.0,387816000.0,0.76,0.76,0.76,996510000,829980750.0,996510000,10596337860.0,19.0,15.838,416426000.0,1.315,1.0,2215807000.0,0.42,1674608000,175077000.0,3385873000,3729299250.0,0,179880000,0,179880000,3643753000,1581603000,2062150000,8639601860.0,-252650000.0,-71787000.0,2401000.0,-790656000.0,0.0,-769162000.0,7666000.0,127597000.0,495614000.0,13232000.0,241341000.0,241341000.0,241341000.0,-24964000.0,-24659000.0,0.046,1751265000.0,464542000.0,429526000,0.0,8.67,35.798,35.132,193367000,0.0,26.7,1.638,1.602,1174749000,219706000,5274538000.0,5274538000.0,0.0,0.048,0.291,0.151,0.107,31045000.0,1646001000.0,1.0,323580594.0,316563392.0,322920829.0,16.662,3118290000,148471000,146475000.0,80554000,9.85,387430000
42,CBRE,MRT,2010-12-31,2010-12-31,2010-12-31,2021-07-30,-94602000,5121568000,4998774000.0,2260870000,2860698000,1.023,2.894,-68464000.0,558831000,558831000,2960170000.0,156009000.0,1.155,4.466,2515567000,663666000,1851901000,2515567000,0,108962000.0,0,0.0,0.0,521864000.0,630826000.0,0.123,630826000.0,521864000.0,330713000.0,0.64,0.63,0.64,908215000,733888000.0,908215000,8654301691.0,17.0,13.719,548123000.0,1.746,1.0,2155146000.0,0.421,1656656000,191151000.0,3464880000,3935673500.0,0,173927000,3018000,170909000,4055773000,1956768000,2099005000,6612874691.0,-234983000.0,-85057000.0,2401000.0,-809431000.0,0.0,-784222000.0,-62503000.0,59953000.0,616587000.0,-4845000.0,200345000.0,200345000.0,200345000.0,-14320000.0,-44336000.0,0.039,1716063000.0,439083000.0,445337000,0.0,7.281,33.007,32.0,188397000,0.0,20.48,1.293,1.257,1425600000,185337000,5115316000.0,5115316000.0,0.0,0.04,0.273,0.133,0.102,41421000.0,1607682000.0,1.0,322894272.0,313873439.0,319016887.0,16.297,3464912000,122624000,130368000.0,96704000,11.039,304102000
43,CBRE,MRT,2010-09-30,2010-09-30,2010-09-30,2021-07-30,-112039000,5075063000,4978233500.0,2177587000,2897476000,0.956,2.465,-33438000.0,820172000,820172000,2750466000.0,135344000.0,1.353,5.325,2861599000,603284000,2258315000,2861599000,0,105187000.0,0,0.0,0.0,470082000.0,575269000.0,0.121,575269000.0,470082000.0,267405000.0,0.56,0.56,0.56,773397000,664114750.0,773397000,8154913294.0,17.0,14.176,451680000.0,1.439,1.0,2010053000.0,0.422,1648591000,202677000.0,3858031000,4070306500.0,0,164179000,0,164179000,4118099000,1609868000,2508231000,5882071294.0,442630000.0,-75696000.0,295098000.0,-314942000.0,0.0,1502000.0,-42312000.0,49939000.0,485118000.0,-1678000.0,169491000.0,169491000.0,169491000.0,-14961000.0,-34147000.0,0.036,1601227000.0,408826000.0,405800000,0.0,7.606,34.704,32.643,154157000,0.0,18.28,1.236,1.205,1082849000,90193000,4760519000.0,4760519000.0,0.0,0.034,0.255,0.115,0.099,44283000.0,1496241000.0,1.0,321776329.0,313791661.0,319353359.0,15.171,3426472000,147222000,97914000.0,78359000,10.92,567719000
44,CBRE,MRT,2010-06-30,2010-06-30,2010-06-30,2021-07-30,-172438000,4931050000,4828303750.0,2053104000,2877946000,0.936,2.051,-29481000.0,780887000,780887000,2621543000.0,68986000.0,1.472,6.405,3053729000,582045000,2471684000,3053729000,0,103994000.0,0,0.0,0.0,400164000.0,504158000.0,0.112,504158000.0,400164000.0,193167000.0,0.42,0.42,0.42,641801000,545539500.0,641801000,6604952580.0,17.0,13.101,367890000.0,1.176,1.0,1895963000.0,0.42,1600340000,206997000.0,4208413000,4111927250.0,0,149788000,0,149788000,4110440000,1395139000,2715301000,4379356580.0,434043000.0,-76706000.0,305486000.0,-223723000.0,0.0,98219000.0,-51787000.0,36703000.0,397371000.0,-9760000.0,124830000.0,124830000.0,124830000.0,-7140000.0,-55844000.0,0.028,1563314000.0,332649000.0,364634000,0.0,6.824,35.083,32.405,153104000,0.0,13.61,0.969,0.943,992257000,33155000,4517506000.0,4517506000.0,0.0,0.026,0.229,0.097,0.089,41825000.0,1459488000.0,1.0,321774914.0,312910934.0,318425227.0,14.437,3330710000,129966000,68337000.0,75433000,10.644,657965000
45,CBRE,MRT,2010-03-31,2010-03-31,2010-03-31,2021-07-30,-136433000,4867415000,4700285750.0,1897204000,2970211000,0.915,1.956,-28494000.0,718214000,718214000,2509660000.0,10594000.0,1.502,6.662,2943810000,376211000,2567599000,2943810000,0,100376000.0,0,0.0,0.0,313882000.0,414258000.0,0.096,414258000.0,313882000.0,109742000.0,0.23,0.23,0.23,612139000,453455750.0,612139000,7323168811.0,23.0,17.678,203716000.0,0.651,1.0,1791594000.0,0.417,1618234000,204140000.0,4211370000,4112315500.0,0,160188000,0,160188000,4077940000,1263407000,2814533000,5100845811.0,256832000.0,-59624000.0,455616000.0,-343469000.0,0.0,119515000.0,-104919000.0,-20818000.0,232210000.0,10026000.0,63403000.0,63403000.0,63403000.0,0.0,-52809000.0,0.015,1516502000.0,275092000.0,429440000,0.0,8.333,80.451,68.913,165565000,0.0,15.85,1.186,1.153,814869000,-21635000,4301254000.0,4301254000.0,0.0,0.013,0.14,0.076,0.073,38726000.0,1416126000.0,1.0,321819925.0,312879640.0,312879640.0,13.747,3249181000,230478000,46339000.0,73805000,10.385,633797000
46,CBRE,MRT,2009-12-31,2009-12-31,2009-12-31,2021-07-30,-115077000,5039406000,4647802250.0,2266725000,2772681000,0.896,2.268,-28200000.0,788354000,788354000,2447885000.0,-27638000.0,1.391,6.764,3010677000,638375000,2372302000,3010677000,0,99473000.0,0,0.0,0.0,249480000.0,348953000.0,0.084,348953000.0,249480000.0,60334000.0,0.12,0.12,0.12,629122000,316423250.0,629122000,6522029072.0,26.0,18.69,185445000.0,0.669,1.0,1717935000.0,0.412,1629276000,189146000.0,4003412000,4038211750.0,0,168477000,865000,167612000,4255111000,1629041000,2626070000,3973534072.0,582734000.0,-68840000.0,455616000.0,14326000.0,0.0,476768000.0,-119362000.0,-23248000.0,213645000.0,11683000.0,33341000.0,33341000.0,33341000.0,0.0,-60979000.0,0.008,1483052000.0,234883000.0,458510000,0.0,6.316,119.179,113.083,178975000,0.0,13.57,0.954,0.903,1090962000,-15008000,4165820000.0,4165820000.0,0.0,0.007,0.105,0.062,0.06,36339000.0,1383579000.0,1.0,292817544.0,277361783.0,279995081.0,15.019,3410130000,241757000,26993000.0,73462000,12.295,637684000
47,CBRE,MRT,2009-09-30,2009-09-30,2009-09-30,2021-07-30,-77571000,4475344000,4569554250.0,1633066000,2842278000,0.909,1.058,-24223000.0,368813000,368813000,2456428000.0,-1214043000.0,1.192,13.404,2917308000,498132000,2419176000,2917308000,0,102584000.0,0,0.0,0.0,-956339000.0,-853755000.0,-0.206,-853755000.0,-956339000.0,-1132931000.0,-5.31,-5.3,-5.31,299096000,187814250.0,299096000,5987744167.0,-6.0,-7.013,130200000.0,0.461,1.0,1696177000.0,0.408,1629481000,176592000.0,4024514000,4041172250.0,0,188214000,0,188214000,4009188000,1369844000,2639344000,3356705167.0,-74735000.0,-115785000.0,368017000.0,-496403000.0,0.0,-124026000.0,-105927000.0,-25413000.0,154423000.0,795000.0,-1120405000.0,-1120405000.0,-1120405000.0,0.0,-93638000.0,-0.27,2660428000.0,-964251000.0,426900000,0.0,11.223,-2.996,-2.211,179852000,0.0,11.74,0.808,0.799,874267000,-79298000,4152605000.0,4152605000.0,0.0,-0.245,-5.965,-0.237,-0.23,35148000.0,1398438000.0,1.0,285920372.0,282732848.0,285923601.0,14.687,2845863000,258129000,-12526000.0,81565000,10.066,263222000
48,CBRE,MRT,2009-06-30,2009-06-30,2009-06-30,2021-07-30,-88198000,4418978000,5053659750.0,1557810000,2861168000,0.876,1.029,-30488000.0,352696000,352696000,2605320000.0,-1147276000.0,1.254,14.381,2983735000,503668000,2480067000,2983735000,0,103643000.0,0,0.0,0.0,-910925000.0,-807282000.0,-0.182,-807282000.0,-910925000.0,-1075732000.0,-5.15,-5.15,-5.15,273466000,376565250.0,273466000,5326646237.0,-6.0,-6.598,136487000.0,0.514,1.0,1823815000.0,0.412,1597776000,164807000.0,4209966000,4135534500.0,0,196178000,0,196178000,3932658000,1242275000,2690383000,2479706237.0,59002000.0,-148990000.0,358291000.0,-250659000.0,0.0,112814000.0,-208359000.0,-39003000.0,166975000.0,-12428000.0,-1092409000.0,-1092409000.0,-1092409000.0,-26748000.0,-54867000.0,-0.247,2743685000.0,-919870000.0,342371000,0.0,9.068,-2.27,-1.817,185915000,0.0,9.36,0.56,0.561,812183000,-91675000,4429135000.0,4429135000.0,0.0,-0.216,-2.901,-0.22,-0.206,32424000.0,1480728000.0,1.0,264925880.0,265683366.0,265683366.0,16.671,2821202000,258915000,16677000.0,78491000,10.619,315535000
49,CBRE,MRT,2009-03-31,2009-03-31,2009-03-31,2021-07-30,-146836000,4657481000,5558791500.0,1904094000,2753387000,0.861,0.244,-41076000.0,457588000,457588000,2775694000.0,-1119489000.0,0.935,68.413,3304528000,1166404000,2138124000,3304528000,0,104499000.0,0,0.0,0.0,-877959000.0,-773460000.0,-0.162,-773460000.0,-877959000.0,-1036908000.0,-5.05,-5.05,-5.05,64009000,574840750.0,64009000,3791354595.0,-4.0,-4.902,133941000.0,0.511,1.0,2012647000.0,0.42,1553752000,158949000.0,3914955000,4171253750.0,0,173332000,0,173332000,4379078000,2035714000,2343364000,1066399595.0,110301000.0,-171549000.0,209219000.0,5163000.0,0.0,237676000.0,-272368000.0,-77840000.0,175017000.0,-30024000.0,-1069209000.0,-1069209000.0,-1069209000.0,-26748000.0,-50280000.0,-0.223,2884709000.0,-872062000.0,321414000,0.0,16.66,-0.997,-0.798,192649000,0.0,4.03,0.223,0.221,902140000,-85038000,4788341000.0,4788341000.0,0.0,-0.192,-1.86,-0.21,-0.183,30095000.0,1620896000.0,1.0,264615284.0,261999151.0,261999151.0,18.276,3103729000,315582000,32301000.0,76837000,11.846,-131620000
50,CBRE,MRT,2008-12-31,2008-12-31,2008-12-31,2021-07-30,-125413000,4726414000,5971668250.0,1915533000,2810881000,0.859,0.545,-51471000.0,195145000,195145000,2926721000.0,-1049741000.0,1.023,38.197,2920100000,633099000,2287001000,2920100000,0,102909000.0,0,0.0,0.0,-794100000.0,-691191000.0,-0.135,-691191000.0,-794100000.0,-961256000.0,-4.81,-4.81,-4.81,114686000,813830500.0,114686000,3832090400.0,-5.0,-5.544,-181844000.0,-0.864,1.0,2202096000.0,0.429,1563270000,167156000.0,4015254000,4239504000.0,0,174757000,237000,174520000,4380691000,1872845000,2507846000,885258400.0,-184051000.0,-270832000.0,210726000.0,148734000.0,0.0,373959000.0,-419009000.0,-128487000.0,-130373000.0,-8628000.0,-1012066000.0,-1012066000.0,-1012066000.0,-26748000.0,-37675000.0,-0.197,3009305000.0,-807209000.0,399877000,0.0,7.719,-0.875,-0.898,207976000,0.0,4.32,0.173,0.177,962413000,-48349000,5128817000.0,5128817000.0,0.0,-0.169,-1.244,-0.187,-0.155,25518000.0,1747082000.0,1.0,204920926.0,210539032.0,210539032.0,24.36,3163144000,309973000,50810000.0,78705000,15.024,42688000
51,CBRE,MRT,2008-09-30,2008-09-30,2008-09-30,2021-07-30,-57749000,6411766000,6350708000.0,2170731000,4241035000,0.895,5.175,-82579000.0,474519000,474519000,3164601000.0,222529000.0,0.971,4.814,3421351000,1110475000,2310876000,3421351000,0,104832000.0,0,0.0,0.0,500734000.0,605566000.0,0.107,605566000.0,500734000.0,335460000.0,0.93,0.9,0.93,1054100000,1032294750.0,1054100000,5653200308.0,11.0,9.335,44861000.0,0.22,1.0,2518048000.0,0.443,2721223000,165274000.0,4401963000,4117345750.0,0,243505000,0,243505000,5074593000,2235412000,2839181000,2705461308.0,-34427000.0,-207151000.0,-628442000.0,866865000.0,0.0,317667000.0,-482252000.0,-193583000.0,127440000.0,2718000.0,199836000.0,199836000.0,199836000.0,-32056000.0,22693000.0,0.035,2081551000.0,436497000.0,394209000,0.0,2.567,13.538,14.376,217346000,0.0,13.37,0.476,0.479,1061706000,1040920000,5682649000.0,5682649000.0,0.0,0.031,0.194,0.122,0.088,23249000.0,1960128000.0,1.0,202353127.0,203680475.0,207706250.0,27.9,3690543000,264909000,135624000.0,89837000,18.119,-64681000
52,CBRE,MRT,2008-06-30,2008-06-30,2008-06-30,2021-07-30,3207000,6439505000,6368676750.0,2218969000,4220536000,0.923,5.243,-92826000.0,274992000,274992000,3201091000.0,281352000.0,0.973,4.788,3222731000,945424000,2277307000,3222731000,0,107639000.0,0,0.0,0.0,599889000.0,707528000.0,0.12,707528000.0,599889000.0,436488000.0,1.23,1.19,1.23,1066568000,1149546250.0,1066568000,6669672334.0,11.0,9.427,12395000.0,0.061,1.0,2674632000.0,0.455,2753416000,163401000.0,4352843000,3982660750.0,0,244840000,0,244840000,5106470000,2280985000,2825485000,3881587334.0,-187650000.0,-219911000.0,-628416000.0,657233000.0,0.0,135993000.0,-450078000.0,-202648000.0,105221000.0,21214000.0,274410000.0,274410000.0,274410000.0,-5308000.0,6942000.0,0.047,2137565000.0,537067000.0,479740000,0.0,3.639,14.145,15.61,229661000,0.0,19.2,0.661,0.665,1124195000,1000547000,5875723000.0,5875723000.0,0.0,0.043,0.239,0.151,0.102,20886000.0,2008151000.0,1.0,202166007.0,203435495.0,208388563.0,28.882,3686089000,257635000,162078000.0,85476000,18.119,-62016000
53,CBRE,MRT,2008-03-31,2008-03-31,2008-03-31,2021-07-30,-18556000,6308988000,6246308000.0,2224709000,4084279000,0.969,5.022,-96681000.0,338062000,338062000,3255491000.0,408406000.0,1.004,4.942,3126147000,855220000,2270927000,3126147000,0,110128000.0,0,0.0,0.0,752104000.0,862232000.0,0.142,862232000.0,752104000.0,588090000.0,1.76,1.7,1.76,1019968000,1225153500.0,1019968000,6683742899.0,9.0,7.752,122788000.0,0.605,1.0,2795722000.0,0.462,2692657000,164014000.0,4187956000,3811963250.0,0,258197000,0,258197000,5040807000,2216460000,2824347000,4372440899.0,-33186000.0,-196617000.0,-625923000.0,541746000.0,0.0,93470000.0,-370155000.0,-183339000.0,219469000.0,24030000.0,398982000.0,398982000.0,398982000.0,-5308000.0,9424000.0,0.066,2143846000.0,651876000.0,445112000,0.0,4.287,10.959,12.295,229056000,0.0,21.64,0.723,0.726,1194853000,983984000,6051213000.0,6051213000.0,0.0,0.064,0.326,0.197,0.124,14410000.0,2009066000.0,1.0,202053646.0,203110675.0,207730837.0,29.793,3616331000,214395000,189108000.0,83211000,17.805,8249000
54,CBRE,MRT,2007-12-31,2007-12-31,2007-12-31,2021-07-30,-17502000,6242573000,6068746500.0,2325568000,3917005000,0.994,4.327,-92955000.0,387312000,387312000,3200718000.0,405054000.0,0.959,5.048,2673985000,677760000,1996225000,2673985000,0,113694000.0,0,0.0,0.0,746139000.0,859833000.0,0.142,859833000.0,746139000.0,583148000.0,1.71,1.66,1.71,988543000,1268857000.0,988543000,7173770127.0,10.0,8.343,555255000.0,2.43,1.0,2833531000.0,0.47,2578814000,162991000.0,3526621000,3678700750.0,0,268418000,1212000,267206000,4990417000,2423811000,2566606000,4959381127.0,98398000.0,-224974000.0,-623133000.0,166795000.0,0.0,-277253000.0,-284421000.0,-178704000.0,648210000.0,11862000.0,390505000.0,390505000.0,390505000.0,-5308000.0,14549000.0,0.065,2158859000.0,674672000.0,488341000,0.0,5.017,12.7,12.602,216214000,0.0,21.55,0.822,0.816,1337430000,963530000,6034249000.0,6034249000.0,0.0,0.064,0.308,0.203,0.124,18978000.0,1988658000.0,1.0,230133695.0,228476724.0,234978464.0,26.411,3663759000,209916000,192643000.0,132505000,16.036,-98243000
55,CBRE,MRT,2007-09-30,2007-09-30,2007-09-30,2021-07-30,14900000,6483641000,5994261000.0,2576269000,3907372000,0.935,6.594,-67575000.0,509978000,509978000,2931145000.0,393157000.0,1.168,3.126,2724367000,714469000,2009898000,2724367000,0,108708000.0,0,0.0,0.0,739688000.0,848396000.0,0.151,848396000.0,739688000.0,604864000.0,1.71,1.64,1.71,1523106000,1317131500.0,1523106000,8463062775.0,11.0,9.975,565483000.0,2.448,1.0,2675258000.0,0.477,2629034000,134824000.0,3863223000,3614590500.0,0,246973000,2829000,244144000,4761849000,2205773000,2556076000,6383076775.0,296934000.0,-1954499000.0,17110000.0,1667438000.0,0.0,1790923000.0,-2139214000.0,-107739000.0,633058000.0,12167000.0,393157000.0,393157000.0,393157000.0,0.0,0.0,0.07,1960498000.0,714760000.0,427615000,0.0,4.191,16.235,16.281,194308000,0.0,27.84,1.139,1.147,1409880000,841084000,5606403000.0,5606403000.0,0.0,0.066,0.298,0.205,0.132,2516000.0,1811966000.0,1.0,229277183.0,230997817.0,237450864.0,24.27,3854607000,199316000,211707000.0,112065000,16.687,370496000
56,CBRE,MRT,2007-06-30,2007-06-30,2007-06-30,2021-07-30,-15274000,5950030000,5021882250.0,2125210000,3824820000,1.012,5.938,-54332000.0,515744000,515744000,2660352000.0,370519000.0,1.208,3.227,2595730000,508146000,2087584000,2595730000,0,95289000.0,0,0.0,0.0,669751000.0,765040000.0,0.151,765040000.0,669751000.0,567876000.0,1.62,1.55,1.62,1368997000,1192815500.0,1368997000,10433561195.0,16.0,13.638,616104000.0,2.672,1.0,2421183000.0,0.476,2600080000,101875000.0,3670053000,2837081000.0,0,236568000,2829000,233739000,4418274000,1759883000,2658391000,8346069195.0,310879000.0,-1941361000.0,19288000.0,1621843000.0,0.0,1727696000.0,-2092157000.0,-73454000.0,670436000.0,4904000.0,370519000.0,370519000.0,370519000.0,0.0,0.0,0.073,1766734000.0,654449000.0,388334000,0.0,6.096,22.525,22.531,184128000,0.0,36.5,1.642,1.656,1067613000,726137000,5081535000.0,5081535000.0,0.0,0.074,0.311,0.236,0.132,-8763000.0,1636713000.0,1.0,228659430.0,230543095.0,237475584.0,22.042,3349950000,150292000,197357000.0,140724000,14.531,365327000
57,CBRE,MRT,2007-03-31,2007-03-31,2007-03-31,2021-07-30,-29551000,5598742000,4133642500.0,1787615000,3811127000,1.087,5.202,-48505000.0,435311000,435311000,2348559000.0,293638000.0,1.267,3.623,2522803000,303679000,2219124000,2522803000,0,80033000.0,0,0.0,0.0,554531000.0,634564000.0,0.141,634564000.0,554531000.0,481477000.0,1.29,1.23,1.29,1194782000,1080686750.0,1194782000,9833796367.0,18.0,15.497,678174000.0,2.953,1.0,2146157000.0,0.477,2620455000,73054000.0,3654906000,2100193250.0,0,231352000,1619000,229733000,4329006000,1410873000,2918133000,7786022367.0,93259000.0,-1961823000.0,16596000.0,1463470000.0,0.0,1480074000.0,-2122029000.0,-50826000.0,726679000.0,8535000.0,293638000.0,293638000.0,293638000.0,0.0,0.0,0.065,1562445000.0,583712000.0,386158000,0.0,6.517,26.516,26.496,177592000,0.0,34.18,1.732,1.746,804628000,585002000,4494716000.0,4494716000.0,0.0,0.071,0.272,0.264,0.123,-7752000.0,1450557000.0,1.0,227794686.0,229663454.0,236932240.0,19.571,2978287000,275692000,187839000.0,281469000,12.968,376742000
58,CBRE,MRT,2006-12-31,2006-12-31,2006-12-31,2021-07-30,-33066000,5944631000,3355401750.0,2335012000,3609619000,1.202,5.213,-55298000.0,457414000,457414000,2110512000.0,318571000.0,1.195,3.965,2367050000,181900000,2185150000,2367050000,0,67595000.0,0,0.0,0.0,561904000.0,629499000.0,0.156,629499000.0,561904000.0,516897000.0,1.41,1.35,1.41,1181641000,993206000.0,1181641000,7724947230.0,14.0,12.272,374746000.0,1.653,1.0,1921515000.0,0.477,2629425000,45007000.0,3270180000,1480601500.0,0,611622000,355874000,255748000,4684854000,1954662000,2730192000,7481297230.0,-204813000.0,-1819302000.0,15572000.0,1392402000.0,0.0,1419560000.0,-2061933000.0,0.0,430044000.0,7516000.0,318571000.0,318571000.0,318571000.0,0.0,0.0,0.079,1371376000.0,550139000.0,477781000,0.0,6.331,23.484,23.546,180546000,0.0,33.2,1.855,1.867,984801000,602086000,4032027000.0,4032027000.0,0.0,0.095,0.321,0.38,0.139,-19885000.0,1303781000.0,1.0,225340278.0,226685122.0,235118341.0,17.787,3315206000,143024000,198326000.0,129179000,14.625,380350000
59,CBRE,MRT,2006-09-30,2006-09-30,2006-09-30,2021-07-30,-34164000,2594126000,2573162000.0,873021000,1721105000,1.501,4.524,-50957000.0,147010000,147010000,2178289000.0,288885000.0,0.866,1.501,390660000,258398000,132262000,390660000,0,54740000.0,0,0.0,0.0,513293000.0,568033000.0,0.147,568033000.0,513293000.0,465023000.0,1.28,1.24,1.28,1025842000,896217000.0,1025842000,5794495244.0,11.0,10.201,258330000.0,1.139,1.0,1683867000.0,0.436,1075924000,48270000.0,753185000,929782250.0,0,122234000,0,122234000,1539569000,1008667000,530902000,5501621244.0,-148178000.0,-154052000.0,12442000.0,-329657000.0,0.0,-296011000.0,-161473000.0,65774000.0,309287000.0,1899000.0,288885000.0,288885000.0,288885000.0,0.0,0.0,0.075,1198596000.0,485271000.0,232214000,0.0,5.363,19.044,19.219,153781000,0.0,24.6,1.424,1.444,597330000,476988000,3862156000.0,3862156000.0,0.0,0.112,0.322,0.552,0.133,-7210000.0,1143856000.0,1.0,223643140.0,226749704.0,233943772.0,17.033,1518202000,167989000,176138000.0,27870000,6.695,-135646000
60,CBRE,MRT,2006-06-30,2006-06-30,2006-06-30,2021-07-30,-32393000,2397071000,2519805750.0,738366000,1658705000,1.444,4.074,-50196000.0,131186000,131186000,2038173000.0,253512000.0,0.797,1.573,424060000,291730000,132330000,424060000,0,51513000.0,0,0.0,0.0,464966000.0,516479000.0,0.142,516479000.0,464966000.0,408370000.0,1.13,1.1,1.13,920482000,815483000.0,920482000,5960747188.0,13.0,11.541,220789000.0,0.977,1.0,1600240000.0,0.44,1041398000,56596000.0,722502000,1008668750.0,0,109128000,0,109128000,1448148000,926045000,522103000,5551103188.0,-67877000.0,-125730000.0,12053000.0,-220870000.0,0.0,-197408000.0,-141590000.0,0.0,270985000.0,3085000.0,253512000.0,253512000.0,253512000.0,0.0,0.0,0.07,1157953000.0,442287000.0,206405000,0.0,6.031,21.897,22.035,156998000,0.0,24.9,1.526,1.546,490811000,384679000,3638413000.0,3638413000.0,0.0,0.101,0.311,0.461,0.128,297000.0,1106440000.0,1.0,222935871.0,225964727.0,233655941.0,16.102,1355673000,157746000,154858000.0,0,5.999,-187679000
61,CBRE,MRT,2006-03-31,2006-03-31,2006-03-31,2021-07-30,-38086000,2485779000,2480929500.0,884499000,1601280000,1.373,3.746,-46673000.0,258419000,258419000,1897052000.0,239679000.0,1.221,1.921,668063000,122466000,545597000,668063000,0,50076000.0,0,0.0,0.0,446447000.0,496523000.0,0.146,496523000.0,446447000.0,389829000.0,1.08,1.05,1.08,844859000,744199000.0,844859000,6356166411.0,14.0,12.801,185870000.0,0.824,1.0,1509980000.0,0.443,994703000,56618000.0,1176539000,1114478000.0,0,100391000,0,100391000,1622860000,724181000,898679000,5977413411.0,94128000.0,-83786000.0,12648000.0,-29041000.0,0.0,-12064000.0,-122454000.0,0.0,232543000.0,-2720000.0,239679000.0,239679000.0,239679000.0,0.0,0.0,0.07,1114648000.0,395332000.0,203025000,0.0,7.075,24.939,24.907,152915000,0.0,26.9,1.754,1.781,509954000,320425000,3407032000.0,3407032000.0,0.0,0.097,0.322,0.401,0.131,665000.0,1064572000.0,1.0,222208677.0,225559521.0,232948764.0,15.105,1491076000,152846000,150150000.0,16316000,6.611,160318000
62,CBRE,MRT,2005-12-31,2005-12-31,2005-12-31,2021-07-30,-40595000,2815672000,2359551000.0,1284964000,1530708000,1.354,3.573,-37751000.0,454468000,454468000,1753472000.0,217341000.0,1.129,2.539,833221000,284065000,549156000,833221000,0,45516000.0,0,0.0,0.0,412503000.0,458019000.0,0.143,458019000.0,412503000.0,356222000.0,0.98,0.95,0.98,793685000,677855000.0,793685000,4775061456.0,12.0,10.425,321905000.0,1.449,1.0,1440554000.0,0.451,989719000,56281000.0,1066903000,1069982750.0,0,112814000,0,112814000,2015163000,1137803000,877360000,4308964456.0,192393000.0,-86869000.0,11450000.0,-57033000.0,0.0,-47272000.0,-115509000.0,0.0,359656000.0,-4482000.0,217341000.0,217341000.0,217341000.0,0.0,0.0,0.068,1068148000.0,372406000.0,254085000,0.0,5.429,19.826,20.017,137655000,0.0,19.617,1.349,1.364,739138000,283515000,3194026000.0,3194026000.0,0.0,0.092,0.321,0.386,0.129,5463000.0,1022632000.0,1.0,219658341.0,222129066.0,229855056.0,14.379,1825953000,132829000,138881000.0,63918000,8.22,147161000
63,CBRE,MRT,2005-09-30,2005-09-30,2005-09-30,2021-07-30,-23675000,2380701000,2223542000.0,906985000,1473716000,1.365,3.159,-39654000.0,290533000,290533000,1675878000.0,188362000.0,1.097,2.378,756630000,204590000,552040000,756630000,0,47709000.0,0,0.0,0.0,357987000.0,405696000.0,0.134,405696000.0,357987000.0,301075000.0,0.887,0.843,0.887,702906000,619420750.0,702906000,4155880669.0,12.0,10.244,231994000.0,1.043,1.0,1358915000.0,0.448,951368000,56912000.0,1068731000,1062805250.0,0,98255000,0,98255000,1671227000,826699000,844528000,3570682669.0,136865000.0,-39596000.0,8236000.0,-32566000.0,0.0,-22959000.0,-113349000.0,-65774000.0,271648000.0,1306000.0,188362000.0,188362000.0,188362000.0,0.0,0.0,0.062,1035242000.0,323673000.0,193009000,0.0,5.08,18.956,18.489,170627000,0.0,16.4,1.177,1.203,502362000,188103000,3034793000.0,3034793000.0,0.0,0.085,0.304,0.337,0.118,4123000.0,987533000.0,1.0,217724553.0,222532011.0,230331813.0,13.638,1429333000,109655000,112713000.0,19346000,6.423,80286000
64,CBRE,MRT,2005-06-30,2005-06-30,2005-06-30,2021-07-30,-23168000,2241566000,2130203500.0,800582000,1440984000,1.345,2.87,-43250000.0,198058000,198058000,1595646000.0,143321000.0,1.071,2.519,783256000,223962000,559294000,783256000,0,48384000.0,0,0.0,0.0,290436000.0,338820000.0,0.118,338820000.0,290436000.0,233809000.0,0.683,0.647,0.683,635346000,563256250.0,635346000,3642674845.0,13.0,10.751,190408000.0,0.86,1.0,1269948000.0,0.443,933188000,56627000.0,1145739000,1050977750.0,0,103874000,0,103874000,1600411000,747837000,852574000,3159420845.0,13367000.0,-37839000.0,13484000.0,-182309000.0,0.0,-170746000.0,-51070000.0,0.0,233658000.0,783000.0,143321000.0,143321000.0,143321000.0,0.0,0.0,0.05,997477000.0,272471000.0,153303000,0.0,4.973,22.044,21.406,160371000,0.0,14.62,1.103,1.129,493818000,131167000,2865594000.0,2865594000.0,0.0,0.067,0.254,0.276,0.101,2670000.0,945053000.0,1.0,216102657.0,221355696.0,229097697.0,12.946,1308378000,104539000,90488000.0,15206000,5.911,52745000
65,CBRE,MRT,2005-03-31,2005-03-31,2005-03-31,2021-07-30,-22250000,2000265000,2124581000.0,583127000,1417138000,1.292,2.627,-49010000.0,166888000,166888000,1529566000.0,95865000.0,1.057,2.44,650142000,78293000,571849000,650142000,0,48396000.0,0,0.0,0.0,219192000.0,267588000.0,0.098,267588000.0,219192000.0,157159000.0,0.47,0.44,0.47,579483000,517719000.0,579483000,3022301426.0,14.0,11.295,167238000.0,0.758,1.0,1214781000.0,0.443,933048000,62033000.0,998558000,1105915000.0,0,91412000,0,91412000,1414107000,551913000,862194000,2515603426.0,103748000.0,-32311000.0,146618000.0,-236643000.0,0.0,-92296000.0,-21729000.0,0.0,216248000.0,1307000.0,95865000.0,95865000.0,95865000.0,0.0,0.0,0.035,997872000.0,216909000.0,166408000,0.0,4.341,26.241,24.816,134576000,0.0,11.663,0.917,0.938,337634000,80746000,2744347000.0,2744347000.0,0.0,0.045,0.185,0.198,0.08,1921000.0,933862000.0,1.0,215684775.0,220598529.0,228554175.0,12.44,1067217000,108299000,61294000.0,0,4.838,31214000
66,CBRE,MRT,2004-12-31,2004-12-31,2004-12-31,2021-07-30,-20304000,2271636000,2104448500.0,863695000,1407941000,1.258,2.754,-52953000.0,266109000,266109000,1485742000.0,64725000.0,1.073,3.046,772807000,171923000,600884000,772807000,0,54857000.0,0,0.0,0.0,176334000.0,231191000.0,0.087,231191000.0,176334000.0,108254000.0,0.32,0.3,0.32,559948000,450888250.0,559948000,2959990921.0,17.0,12.803,134254000.0,0.66,1.0,1161331000.0,0.439,935161000,68080000.0,1038193000,1172003000.0,0,83501000,0,83501000,1705763000,804980000,900783000,2363223921.0,93015000.0,-34071000.0,144643000.0,-209034000.0,0.0,-67366000.0,-28351000.0,0.0,187207000.0,1525000.0,64725000.0,64725000.0,64725000.0,0.0,0.0,0.024,990323000.0,171008000.0,185877000,0.0,4.22,36.512,34.948,137703000,0.0,11.183,0.893,0.859,532295000,66174000,2647073000.0,2647073000.0,0.0,0.031,0.144,0.15,0.067,1144000.0,909892000.0,1.0,211316595.0,203326218.0,214035219.0,13.019,1336475000,101593000,43529000.0,0,6.573,58715000
67,CBRE,MRT,2004-09-30,2004-09-30,2004-09-30,2021-07-30,-26425000,2007347000,2089909750.0,675401000,1331946000,1.047,2.231,-70201000.0,158539000,158539000,1109487000.0,-11792000.0,1.064,3.183,755306000,151257000,604049000,755306000,0,79052000.0,0,0.0,0.0,73595000.0,152647000.0,0.07,152647000.0,73595000.0,-919000.0,-0.067,-0.073,-0.067,478248000,394133500.0,478248000,2423124152.0,33.0,15.874,140398000.0,0.655,1.0,1078677000.0,0.493,948018000,74514000.0,1021421000,1241642250.0,0,83537000,0,83537000,1522432000,634675000,887757000,1600828152.0,63415000.0,-61755000.0,143391000.0,-220969000.0,0.0,-86555000.0,-60629000.0,0.0,210599000.0,-984000.0,-11792000.0,-11792000.0,-11792000.0,0.0,0.0,-0.005,998769000.0,79908000.0,170130000,0.0,3.347,-135.755,-114.925,128076000,0.0,7.7,0.732,0.754,388183000,-259000,2188164000.0,2188164000.0,0.0,-0.006,-0.03,0.059,0.034,159000.0,877121000.0,1.0,207899760.0,214339077.0,225553254.0,10.209,1059329000,93468000,10873000.0,0,4.942,40726000
68,CBRE,MRT,2004-06-30,2004-06-30,2004-06-30,2021-07-30,-26581000,2219076000,2079829000.0,833955000,1385121000,0.979,2.361,-64344000.0,191636000,191636000,1016596000.0,-52132000.0,1.143,3.878,1013932000,261582000,752350000,1013932000,0,107783000.0,0,0.0,0.0,14066000.0,121849000.0,0.06,121849000.0,14066000.0,-65939000.0,-0.287,-0.29,-0.287,453197000,361745500.0,453197000,2003273717.0,142.0,16.441,62507000.0,0.326,1.0,1019945000.0,0.501,946294000,80005000.0,1365488000,1322389000.0,0,75993000,0,75993000,1757716000,729590000,1028126000,1157127717.0,158716000.0,-288606000.0,255980000.0,142703000.0,0.0,372180000.0,-340315000.0,0.0,126851000.0,-2142000.0,-52132000.0,-52132000.0,-52132000.0,0.0,0.0,-0.026,1007395000.0,12550000.0,181531000,0.0,2.553,-22.196,-22.184,123384000,0.0,6.367,0.568,0.6,515191000,-12154000,2036541000.0,2036541000.0,0.0,-0.025,-0.144,0.011,0.007,159000.0,844571000.0,1.0,181747809.0,191971482.0,208127787.0,10.609,1272782000,103228000,-13807000.0,0,6.63,104365000
69,CBRE,MRT,2004-03-31,2004-03-31,2004-03-31,2021-07-30,-28267000,1919735000,1915535250.0,542760000,1376975000,0.944,1.664,-47386000.0,69419000,69419000,897051000.0,-49925000.0,0.98,5.128,915565000,125073000,790492000,915565000,0,103282000.0,0,,0.0,14474000.0,117756000.0,0.065,117756000.0,14474000.0,-63691000.0,-0.263,-0.263,-0.263,312160000,311614250.0,312160000,,,,24235000.0,0.129,1.0,910291000.0,0.504,949373000,78165000.0,1262910000,1273653000.0,0,73354000,0,73354000,1600715000,553598000,1047117000,,35641000.0,-284652000.0,121080000.0,193272000.0,0.0,289705000.0,-325685000.0,0.0,71621000.0,-757000.0,-49925000.0,-49925000.0,-49925000.0,0.0,0.0,-0.028,901512000.0,8779000.0,188725000,0.0,,,,117340000,0.0,,,,345299000,-15119000,1807342000.0,1807342000.0,0.0,-0.026,-0.16,0.011,0.008,159000.0,751453000.0,1.0,196685883.0,187566528.0,187566528.0,9.636,970362000,95654000,-13766000.0,0,5.173,-10838000
70,CBRE,MRT,2003-12-31,2003-12-31,2003-12-31,2021-07-30,-23780000,2213481000,1734675500.0,838982000,1374499000,0.94,2.179,-40299000.0,178780000,178780000,796428000.0,-34704000.0,0.999,5.629,1072842000,281422000,791420000,1072842000,0,92622000.0,0,,0.0,31339000.0,123961000.0,0.076,123961000.0,31339000.0,-40980000.0,-0.227,-0.227,-0.227,332929000,296331500.0,332929000,,,,47247000.0,0.309,1.0,833646000.0,0.511,951289000,72319000.0,1316750000,1164165250.0,0,68361000,0,68361000,1873896000,839504000,1034392000,,82810000.0,-275470000.0,120980000.0,206554000.0,0.0,303664000.0,-308400000.0,0.0,87546000.0,1370000.0,-34704000.0,-34704000.0,-34704000.0,0.0,0.0,-0.021,807816000.0,25830000.0,189787000,0.0,,,,113569000,0.0,,,,553206000,1449000,1630074000.0,1630074000.0,0.0,-0.02,-0.117,0.027,0.019,159000.0,678377000.0,1.0,196769754.0,152755716.0,152755716.0,10.671,1262192000,89860000,-6276000.0,0,8.263,-522000
71,CBRE,MRT,2003-09-30,2003-09-30,2003-09-30,2021-07-30,-17724000,1967024000,1512524250.0,607535000,1359489000,0.916,2.022,-18859000.0,103406000,103406000,668072000.0,-9523000.0,1.071,4.622,994887000,175511000,819376000,994887000,0,60078000.0,0,,0.0,64952000.0,125030000.0,0.09,125030000.0,64952000.0,-1472000.0,-0.01,-0.013,-0.01,348696000,275934500.0,348696000,,,,-1032000.0,-0.006,1.0,717211000.0,0.518,947041000,66424000.0,1344408000,1029672250.0,0,64482000,0,64482000,1611622000,567056000,1044566000,,65511000.0,-244129000.0,120580000.0,212053000.0,0.0,312725000.0,-265041000.0,0.0,17827000.0,1499000.0,-9523000.0,-9523000.0,-9523000.0,0.0,0.0,-0.007,661253000.0,55958000.0,137295000,0.0,,,,110705000,0.0,,,,386428000,11533000,1385283000.0,1385283000.0,0.0,-0.006,-0.035,0.063,0.047,0.0,581394000.0,1.0,196557858.0,172459215.0,172459215.0,8.033,1019983000,100975000,8051000.0,0,5.914,40479000
72,CBRE,MRT,2003-06-30,2003-06-30,2003-06-30,2021-07-30,-22272000,1561901000,1334439000.0,369006000,1192895000,0.934,2.021,-14763000.0,223018000,223018000,595922000.0,20803000.0,0.867,5.157,924131000,216399000,707732000,924131000,0,25411000.0,0,,0.0,113214000.0,138625000.0,0.111,138625000.0,113214000.0,52370000.0,0.168,0.163,0.168,252672000,253151250.0,252672000,,,,20385000.0,0.163,1.0,650913000.0,0.522,666631000,60844000.0,1170544000,913273500.0,0,57691000,0,57691000,1303148000,425839000,877309000,,3358000.0,-3576000.0,180000.0,-22646000.0,0.0,-21577000.0,-10213000.0,0.0,35148000.0,1449000.0,20803000.0,20803000.0,20803000.0,0.0,0.0,0.017,553895000.0,97018000.0,98096000,0.0,,,,68959000,0.0,,,,292464000,39978000,1246835000.0,1246835000.0,0.0,0.016,0.082,0.124,0.091,0.0,525188000.0,1.0,130139424.0,125051097.0,127571679.0,9.971,895270000,55730000,31567000.0,0,7.159,-56833000
73,CBRE,MRT,2003-03-31,2003-03-31,2003-03-31,2021-07-30,-18877000,1196296000,1281944500.0,223416000,972880000,0.944,2.009,-20810000.0,19370000,19370000,571638000.0,22920000.0,0.802,3.743,594092000,84826000,509266000,594092000,0,23193000.0,0,,0.0,116918000.0,140111000.0,0.116,140111000.0,116918000.0,58110000.0,0.181,0.177,0.181,251029000,257030750.0,251029000,,,,34546000.0,0.276,1.0,638373000.0,0.528,667382000,58808000.0,824959000,867421750.0,0,53980000,0,53980000,939540000,278677000,660863000,,-1796000.0,-6469000.0,180000.0,-38293000.0,0.0,-37169000.0,-19983000.0,0.0,55356000.0,1169000.0,22920000.0,22920000.0,22920000.0,0.0,0.0,0.019,535322000.0,103051000.0,102891000,0.0,,,,66706000,0.0,,,,155990000,34806000,1210011000.0,1210011000.0,0.0,0.018,0.089,0.135,0.097,0.0,512120000.0,1.0,129147858.0,124954245.0,124954245.0,9.684,528914000,55971000,35190000.0,0,4.233,-55261000
74,CBRE,MRT,2002-12-31,2002-12-31,2002-12-31,2021-07-30,-18998000,1324876000,1288284750.0,345940000,978936000,0.908,2.012,-18955000.0,79701000,79701000,547093000.0,18727000.0,0.802,4.249,632909000,133905000,499004000,632909000,0,24614000.0,0,,0.0,109334000.0,133948000.0,0.114,133948000.0,109334000.0,48833000.0,0.15,0.147,0.15,251341000,256932250.0,251341000,,,,50616000.0,0.405,1.0,623184000.0,0.533,668219000,60501000.0,778778000,886811250.0,0,50208000,0,50208000,1067920000,431087000,636833000,,22914000.0,-14811000.0,180000.0,-17556000.0,0.0,-17838000.0,-28819000.0,0.0,69571000.0,-663000.0,18727000.0,18727000.0,18727000.0,0.0,0.0,0.016,526448000.0,96736000.0,102415000,0.0,,,,66634000,0.0,,,,229353000,36153000,1170277000.0,1170277000.0,0.0,0.015,0.073,0.123,0.093,0.0,501798000.0,1.0,129682566.0,124921728.0,126557967.0,9.368,656657000,55099000,30106000.0,15451000,5.257,-85147000
75,CBRE,MRT,2002-09-30,2002-09-30,2002-09-30,2021-07-30,2323000,1254683000,1295693750.0,273669000,981014000,0.873,1.906,-9365000.0,18484000,18484000,518012000.0,19253000.0,0.826,3.853,647615000,134455000,513160000,647615000,0,24517000.0,0,,0.0,103635000.0,128152000.0,0.113,128152000.0,103635000.0,42759000.0,0.262,0.258,0.262,257563000,257227750.0,257563000,,,,37911000.0,0.281,1.0,613061000.0,0.542,673535000,60876000.0,878813000,920477000.0,0,43973000,0,43973000,992518000,331466000,661052000,,-4447000.0,-25654000.0,-66000.0,12942000.0,0.0,13969000.0,-65692000.0,1033000.0,47276000.0,-1280000.0,19253000.0,19253000.0,19253000.0,0.0,0.0,0.017,520749000.0,92312000.0,77867000,0.0,,,,62896000,0.0,,,,201556000,21056000,1131073000.0,1131073000.0,0.0,0.015,0.075,0.113,0.092,0.0,492461000.0,1.0,128887875.0,135144396.0,137032092.0,8.369,581148000,64288000,23506000.0,11709000,4.3,-57797000
76,CBRE,MRT,2002-06-30,2002-06-30,2002-06-30,2021-07-30,10608000,1351923000,1286932500.0,352777000,999146000,0.833,1.982,-11864000.0,18211000,18211000,491437000.0,19350000.0,0.846,4.024,747006000,231724000,515282000,747006000,0,23901000.0,0,,0.0,98154000.0,122055000.0,0.114,122055000.0,98154000.0,39291000.0,0.267,0.263,0.267,268190000,253977750.0,268190000,,,,39338000.0,0.291,1.0,580274000.0,0.541,676762000,58863000.0,987137000,910997000.0,0,48120000,0,48120000,1079125000,416819000,662306000,,-224159000.0,-224594000.0,88286000.0,-59689000.0,0.0,2242000.0,-277603000.0,0.0,51202000.0,-791000.0,19350000.0,19350000.0,19350000.0,0.0,0.0,0.018,490563000.0,89711000.0,80332000,0.0,,,,64928000,0.0,,,,279727000,18620000,1071711000.0,1071711000.0,0.0,0.015,0.076,0.108,0.092,0.0,459615000.0,1.0,128997360.0,135311544.0,136954674.0,7.92,675161000,67745000,19941000.0,13009000,4.99,-64042000
77,CBRE,MRT,2002-03-31,2002-03-31,2002-03-31,2021-07-30,44000,1221657000,1008518714.0,232891000,988766000,0.78,1.85,,19997000,19997000,362655000.0,11331000.0,0.787,3.857,644120000,127038000,517082000,644120000,0,,0,,0.0,68937000.0,,,,68937000.0,23203000.0,-1.059,-1.062,-1.059,250635000,187715203.0,250635000,,,,,,1.0,424163000.0,0.539,647518000,45734000.0,902517000,720443718.0,0,45439000,0,45439000,966586000,295745000,670841000,,,,,,,,,,,,11331000.0,11331000.0,11331000.0,0.0,0.0,0.014,362076000.0,62087000.0,90050000,0.0,,,,65814000,0.0,,,,160511000,11331000,786818000.0,786818000.0,0.0,0.011,0.06,0.096,0.088,,335262000.0,1.0,129014298.0,135455697.0,135455697.0,5.809,574139000,84640000,11872000.0,6991000,4.239,-62854000
78,CBRE,MRT,2001-12-31,2001-12-31,2001-12-31,2021-07-30,296000,1354512000,,369647000,984865000,,3.872,,57450000,57450000,,,0.872,4.347,687904000,165841000,522063000,687904000,0,,0,,0.0,,,,,,,,,,252523000,,252523000,,,,,,1.0,,,647660000,,913441000,,0,42535000,0,42535000,1097693000,423865000,673828000,,,,,,,,,,,,,,,,,,,,82982000,,,,,68451000,,,,,263224000,17426000,,,,,,,,,,1.0,129530529.0,65224053.0,,,706852000,86157000,,21736000,10.837,-54218000
79,CBRE,MRT,2001-09-30,2001-09-30,2001-09-30,2021-07-30,1546000,1219638000,,282613000,937025000,,2.29,,24211000,24211000,,,0.853,3.975,639664000,114943000,524721000,639664000,0,,0,,0.0,,,,,,,,,,244563000,,244563000,,,,,,1.0,,,662778000,,840893000,,0,42863000,0,42863000,972175000,331420000,640755000,,,,,,,,,,,,,,,,,,,,93988000,,,,,68108000,,,,,224109000,1248000,,,,,,,,,,1.0,128656125.0,106789131.0,,,556860000,54293000,,10972000,5.215,-48807000
80,CBRE,MRT,2001-06-30,2001-06-30,2001-06-30,2021-07-30,0,238267856,,230544108,7723748,,5.468,,229499280,229499280,,,24.303,74.886,225641669,0,225641669,225641669,0,,0,,0.0,,,,,,,,,,3139813,,3139813,,,,,,1.0,,,0,,224923871,,0,0,0,0,235128043,9486374,225641669,,,,,,,,,,,,,,,,,,,,7768874,,,,,0,,,,,0,-730347,,,,,,,,,,1.0,128656125.0,574209.0,,,238267856,0,,0,414.95,221057734
81,CBRE,MRT,2001-03-31,2001-02-20,2001-02-20,2021-07-30,0,160,,160,0,,,,160,160,,,,0.0,0,0,0,0,0,,0,,,,,,,,,,,,160,,160,,,,,,1.0,,,0,,0,,0,0,0,0,0,0,0,,,,,,,,,,,,,,,,,,,,0,,,,,0,,,,,0,0,,,,,,,,,,1.0,,,,,160,0,,0,,160
