None,ticker,dimension,calendardate,datekey,reportperiod,lastupdated,accoci,assets,assetsavg,assetsc,assetsnc,assetturnover,bvps,capex,cashneq,cashnequsd,cor,consolinc,currentratio,de,debt,debtc,debtnc,debtusd,deferredrev,depamor,deposits,divyield,dps,ebit,ebitda,ebitdamargin,ebitdausd,ebitusd,ebt,eps,epsdil,epsusd,equity,equityavg,equityusd,ev,evebit,evebitda,fcf,fcfps,fxusd,gp,grossmargin,intangibles,intexp,invcap,invcapavg,inventory,investments,investmentsc,investmentsnc,liabilities,liabilitiesc,liabilitiesnc,marketcap,ncf,ncfbus,ncfcommon,ncfdebt,ncfdiv,ncff,ncfi,ncfinv,ncfo,ncfx,netinc,netinccmn,netinccmnusd,netincdis,netincnci,netmargin,opex,opinc,payables,payoutratio,pb,pe,pe1,ppnenet,prefdivis,price,ps,ps1,receivables,retearn,revenue,revenueusd,rnd,roa,roe,roic,ros,sbcomp,sgna,sharefactor,sharesbas,shareswa,shareswadil,sps,tangibles,taxassets,taxexp,taxliabilities,tbvps,workingcapital
0,SUN1,MRY,2011-12-31,2011-12-31,2011-12-31,2021-08-25,0.0,11982000000.0,12881750000.0,6008000000.0,5974000000.0,3.642,7.718,-723000000.0,2064000000.0,2064000000.0,45376000000.0,-1509000000.0,1.119,11.402,3544000000.0,385000000.0,3159000000.0,3544000000.0,0.0,410000000.0,0.0,0.015,0.6,-2537000000.0,-2127000000.0,-0.045,-2127000000.0,-2537000000.0,-2735000000.0,-14.55,-14.55,-14.55,893000000.0,1993250000.0,893000000.0,6247186251.0,-2.0,-2.937,-586000000.0,-5.065,1.0,1540000000.0,0.033,0.0,198000000.0,8092000000.0,8837750000.0,587000000.0,158000000.0,0.0,158000000.0,10182000000.0,5370000000.0,4812000000.0,4379186251.0,579000000.0,638000000.0,-500000000.0,1294000000.0,-71000000.0,540000000.0,-98000000.0,0.0,137000000.0,0.0,-1684000000.0,-1684000000.0,-1684000000.0,156000000.0,175000000.0,-0.036,3772000000.0,-2232000000.0,4098000000.0,-0.041,4.904,-2.6,-2.819,4965000000.0,0.0,41.02,0.093,0.101,3071000000.0,3947000000.0,46916000000.0,46916000000.0,0.0,-0.131,-0.845,-0.287,-0.054,0.0,645000000.0,1.0,106757344.0,115700000,115700000.0,405.497,11982000000.0,354000000.0,-1051000000.0,690000000.0,103.561,638000000.0
1,SUN1,MRY,2010-12-31,2010-12-31,2010-12-31,2021-08-25,-249000000.0,13297000000.0,12718000000.0,5726000000.0,7571000000.0,2.862,25.362,-772000000.0,1485000000.0,1485000000.0,34359000000.0,428000000.0,1.162,3.118,2429000000.0,293000000.0,2136000000.0,2429000000.0,0.0,497000000.0,0.0,0.015,0.6,516000000.0,1013000000.0,0.028,1013000000.0,516000000.0,352000000.0,1.95,1.95,1.95,3046000000.0,2877250000.0,3046000000.0,6278558436.0,12.0,6.198,922000000.0,7.677,1.0,2041000000.0,0.056,0.0,164000000.0,9312000000.0,9244000000.0,404000000.0,160000000.0,0.0,160000000.0,9498000000.0,4929000000.0,4569000000.0,4860558436.0,1108000000.0,130000000.0,289000000.0,-32000000.0,-73000000.0,61000000.0,-647000000.0,0.0,1694000000.0,0.0,234000000.0,234000000.0,234000000.0,17000000.0,194000000.0,0.006,1329000000.0,712000000.0,3912000000.0,0.308,1.596,20.772,20.672,7055000000.0,0.0,40.31,0.134,0.133,2679000000.0,5702000000.0,36400000000.0,36400000000.0,0.0,0.018,0.081,0.056,0.014,0.0,640000000.0,1.0,120579470.0,120100000,120300000.0,303.081,13297000000.0,129000000.0,118000000.0,1560000000.0,110.716,797000000.0
2,SUN1,MRY,2009-12-31,2009-12-31,2009-12-31,2021-08-25,-329000000.0,11895000000.0,11685000000.0,3764000000.0,8131000000.0,2.541,21.873,-899000000.0,377000000.0,377000000.0,28263000000.0,-200000000.0,0.852,3.432,2464000000.0,403000000.0,2061000000.0,2464000000.0,0.0,521000000.0,0.0,0.046,1.2,-542000000.0,-21000000.0,-0.001,-21000000.0,-542000000.0,-687000000.0,-2.81,-2.81,-2.81,2557000000.0,2663750000.0,2557000000.0,5475329859.0,-10.0,-260.73,-351000000.0,-3.003,1.0,1433000000.0,0.048,0.0,145000000.0,9564000000.0,9823000000.0,635000000.0,179000000.0,0.0,179000000.0,8776000000.0,4418000000.0,4358000000.0,3051329859.0,137000000.0,316000000.0,110000000.0,298000000.0,-140000000.0,174000000.0,-585000000.0,0.0,548000000.0,0.0,-329000000.0,-329000000.0,-329000000.0,-38000000.0,129000000.0,-0.011,1923000000.0,-490000000.0,3322000000.0,-0.427,1.193,-9.275,-9.288,7626000000.0,0.0,26.1,0.103,0.103,2262000000.0,5541000000.0,29696000000.0,29696000000.0,0.0,-0.028,-0.124,-0.055,-0.018,0.0,651000000.0,1.0,116909190.0,116900000,116900000.0,254.029,11895000000.0,490000000.0,-358000000.0,1207000000.0,101.754,-654000000.0
3,SUN1,MRY,2008-12-31,2008-12-31,2008-12-31,2021-08-25,-477000000.0,11150000000.0,12838000000.0,2835000000.0,8315000000.0,3.855,24.291,-1286000000.0,240000000.0,240000000.0,46635000000.0,889000000.0,0.72,2.769,2163000000.0,458000000.0,1705000000.0,2163000000.0,0.0,515000000.0,0.0,0.027,1.175,1329000000.0,1844000000.0,0.037,1844000000.0,1329000000.0,1218000000.0,6.63,6.63,6.63,2842000000.0,2649000000.0,2842000000.0,6485833993.0,5.0,3.517,-450000000.0,-3.846,1.0,2850000000.0,0.058,0.0,111000000.0,9136000000.0,8419750000.0,821000000.0,173000000.0,0.0,173000000.0,7870000000.0,3937000000.0,3933000000.0,5078833993.0,-408000000.0,-185000000.0,-49000000.0,435000000.0,-138000000.0,157000000.0,-1401000000.0,0.0,836000000.0,0.0,776000000.0,776000000.0,776000000.0,69000000.0,113000000.0,0.016,1378000000.0,1472000000.0,2409000000.0,0.177,1.787,6.545,6.555,7799000000.0,0.0,43.46,0.103,0.103,1636000000.0,6010000000.0,49485000000.0,49485000000.0,0.0,0.06,0.293,0.158,0.027,0.0,798000000.0,1.0,116862264.0,117000000,117100000.0,422.949,11150000000.0,138000000.0,442000000.0,1198000000.0,95.299,-1102000000.0
4,SUN1,MRY,2007-12-31,2007-12-31,2007-12-31,2021-08-25,-193000000.0,12426000000.0,11705500000.0,4638000000.0,7788000000.0,3.637,21.161,-1179000000.0,648000000.0,648000000.0,39624000000.0,961000000.0,0.822,3.906,1728000000.0,4000000.0,1724000000.0,1728000000.0,0.0,480000000.0,0.0,0.015,1.075,1468000000.0,1948000000.0,0.046,1948000000.0,1468000000.0,1341000000.0,7.44,7.43,7.44,2533000000.0,2458500000.0,2533000000.0,10293654568.0,7.0,5.284,1188000000.0,9.925,1.0,2945000000.0,0.069,0.0,127000000.0,7866000000.0,8281750000.0,1150000000.0,175000000.0,0.0,175000000.0,9893000000.0,5640000000.0,4253000000.0,8517654568.0,385000000.0,30000000.0,-300000000.0,-259000000.0,-184000000.0,-789000000.0,-1193000000.0,0.0,2367000000.0,0.0,891000000.0,891000000.0,891000000.0,-99000000.0,70000000.0,0.021,1532000000.0,1413000000.0,4812000000.0,0.144,3.363,9.56,9.737,7039000000.0,0.0,72.44,0.2,0.204,2710000000.0,5372000000.0,42569000000.0,42569000000.0,0.0,0.076,0.362,0.177,0.034,0.0,880000000.0,1.0,117582200.0,119700000,120000000.0,355.631,12426000000.0,130000000.0,450000000.0,1220000000.0,103.81,-1002000000.0
5,SUN1,MRY,2006-12-31,2006-12-31,2006-12-31,2021-08-25,-176000000.0,10982000000.0,10670500000.0,4015000000.0,6967000000.0,3.628,16.173,-1019000000.0,263000000.0,263000000.0,35581000000.0,979000000.0,0.844,4.293,1987000000.0,282000000.0,1705000000.0,1987000000.0,0.0,459000000.0,0.0,0.015,0.95,1685000000.0,2144000000.0,0.055,2144000000.0,1685000000.0,1580000000.0,7.63,7.59,7.63,2075000000.0,2130750000.0,2075000000.0,8956594204.0,5.0,4.178,-35000000.0,-0.273,1.0,3134000000.0,0.081,0.0,105000000.0,7951000000.0,7272750000.0,1219000000.0,129000000.0,0.0,129000000.0,8907000000.0,4755000000.0,4152000000.0,7677594204.0,-656000000.0,-74000000.0,-761000000.0,572000000.0,-171000000.0,-551000000.0,-1089000000.0,0.0,984000000.0,0.0,979000000.0,979000000.0,979000000.0,0.0,0.0,0.025,1465000000.0,1669000000.0,3615000000.0,0.125,3.7,7.842,8.173,6365000000.0,0.0,62.36,0.198,0.207,2440000000.0,4622000000.0,38715000000.0,38715000000.0,0.0,0.092,0.459,0.232,0.044,0.0,881000000.0,1.0,123117290.0,128300000,129000000.0,301.754,10982000000.0,93000000.0,601000000.0,1128000000.0,85.596,-740000000.0
6,SUN1,MRY,2005-12-31,2005-12-31,2005-12-31,2021-08-25,-192000000.0,9931000000.0,9418750000.0,3687000000.0,6244000000.0,3.585,15.015,-970000000.0,919000000.0,919000000.0,30616000000.0,974000000.0,0.884,3.842,1411000000.0,177000000.0,1234000000.0,1411000000.0,0.0,429000000.0,0.0,0.01,0.75,1674000000.0,2103000000.0,0.062,2103000000.0,1674000000.0,1580000000.0,7.13,7.08,7.13,2051000000.0,1882250000.0,2051000000.0,11340495057.0,7.0,5.393,1099000000.0,8.045,1.0,3148000000.0,0.093,0.0,94000000.0,6252000000.0,6328000000.0,799000000.0,143000000.0,0.0,143000000.0,7880000000.0,4171000000.0,3709000000.0,10669495057.0,514000000.0,-51000000.0,-261000000.0,-71000000.0,-131000000.0,-520000000.0,-1035000000.0,0.0,2069000000.0,0.0,974000000.0,974000000.0,974000000.0,0.0,0.0,0.029,1499000000.0,1649000000.0,3014000000.0,0.105,5.202,10.954,10.993,5658000000.0,0.0,78.38,0.316,0.317,1754000000.0,3766000000.0,33764000000.0,33764000000.0,0.0,0.103,0.517,0.265,0.05,0.0,946000000.0,1.0,136125224.0,136600000,137500000.0,247.174,9931000000.0,215000000.0,606000000.0,1155000000.0,72.701,-484000000.0
7,SUN1,MRY,2004-12-31,2004-12-31,2004-12-31,2021-08-25,-164000000.0,8079000000.0,7911750000.0,2551000000.0,5528000000.0,3.224,10.843,-832000000.0,405000000.0,405000000.0,23016000000.0,605000000.0,0.844,4.027,1482000000.0,103000000.0,1379000000.0,1482000000.0,0.0,409000000.0,0.0,0.014,0.575,1103000000.0,1512000000.0,0.059,1512000000.0,1103000000.0,995000000.0,4.08,4.04,4.08,1607000000.0,1693000000.0,1607000000.0,7171138942.0,7.0,4.743,915000000.0,6.174,1.0,2492000000.0,0.098,0.0,108000000.0,6134000000.0,6263750000.0,765000000.0,115000000.0,0.0,115000000.0,6472000000.0,3022000000.0,3450000000.0,5975138942.0,-26000000.0,-231000000.0,-387000000.0,-176000000.0,-106000000.0,-713000000.0,-1060000000.0,0.0,1747000000.0,0.0,605000000.0,605000000.0,605000000.0,0.0,0.0,0.024,1400000000.0,1092000000.0,2109000000.0,0.141,3.718,9.876,10.013,4966000000.0,0.0,40.855,0.234,0.237,1271000000.0,2895000000.0,25508000000.0,25508000000.0,0.0,0.076,0.357,0.176,0.043,0.0,873000000.0,1.0,146252330.0,148200000,149800000.0,172.119,8079000000.0,110000000.0,390000000.0,1104000000.0,54.514,-471000000.0
8,SUN1,MRY,2003-12-31,2003-12-31,2003-12-31,2021-08-25,-187000000.0,7053000000.0,6907250000.0,2072000000.0,4981000000.0,2.608,10.143,-427000000.0,431000000.0,431000000.0,16153000000.0,312000000.0,0.966,3.533,1601000000.0,103000000.0,1498000000.0,1601000000.0,0.0,369000000.0,0.0,0.02,0.512,612000000.0,981000000.0,0.054,981000000.0,612000000.0,495000000.0,2.03,2.01,2.03,1556000000.0,1544250000.0,1556000000.0,5054047991.0,8.0,5.152,573000000.0,3.735,1.0,1863000000.0,0.103,0.0,117000000.0,6078000000.0,5929250000.0,494000000.0,143000000.0,0.0,143000000.0,5497000000.0,2145000000.0,3352000000.0,3951047991.0,41000000.0,-274000000.0,-84000000.0,-12000000.0,-90000000.0,-238000000.0,-721000000.0,0.0,1000000000.0,0.0,312000000.0,312000000.0,312000000.0,0.0,0.0,0.017,1254000000.0,609000000.0,1365000000.0,0.252,2.539,12.664,12.599,4405000000.0,0.0,25.575,0.219,0.218,1056000000.0,2376000000.0,18016000000.0,18016000000.0,0.0,0.045,0.202,0.103,0.034,0.0,752000000.0,1.0,154488680.0,153400000,155000000.0,117.445,7053000000.0,91000000.0,183000000.0,844000000.0,45.978,-73000000.0
9,SUN1,MRY,2002-12-31,2002-12-31,2002-12-31,2021-08-25,-195000000.0,6441000000.0,6173750000.0,1898000000.0,4543000000.0,2.33,9.147,-385000000.0,390000000.0,390000000.0,13264000000.0,-47000000.0,1.069,3.621,1455000000.0,2000000.0,1453000000.0,1455000000.0,0.0,329000000.0,0.0,0.03,0.5,38000000.0,367000000.0,0.026,367000000.0,38000000.0,-73000000.0,-0.31,-0.31,-0.31,1394000000.0,1496500000.0,1394000000.0,3750551692.0,99.0,10.219,162000000.0,1.063,1.0,1120000000.0,0.078,0.0,111000000.0,5730000000.0,5759750000.0,491000000.0,220000000.0,0.0,220000000.0,5047000000.0,1776000000.0,3271000000.0,2532551692.0,348000000.0,-32000000.0,119000000.0,9000000.0,-83000000.0,233000000.0,-432000000.0,0.0,547000000.0,0.0,-47000000.0,-47000000.0,-47000000.0,0.0,0.0,-0.003,1085000000.0,35000000.0,1316000000.0,-1.613,1.817,-53.884,-53.516,4099000000.0,0.0,16.59,0.176,0.176,923000000.0,2143000000.0,14384000000.0,14384000000.0,0.0,-0.008,-0.031,0.007,0.003,0.0,622000000.0,1.0,152655316.0,152400000,152400000.0,94.383,6441000000.0,94000000.0,-26000000.0,609000000.0,42.264,122000000.0
10,SUN1,MRY,2001-12-31,2001-12-31,2001-12-31,2021-08-25,-28000000.0,6019000000.0,6164000000.0,1510000000.0,4509000000.0,2.294,10.148,-331000000.0,42000000.0,42000000.0,12440000000.0,398000000.0,0.849,2.666,1444000000.0,302000000.0,1142000000.0,1444000000.0,0.0,321000000.0,0.0,0.027,0.5,690000000.0,1011000000.0,0.071,1011000000.0,690000000.0,587000000.0,2.46,2.425,2.46,1642000000.0,1749000000.0,1642000000.0,4134930535.0,6.0,4.09,448000000.0,2.769,1.0,1703000000.0,0.12,0.0,103000000.0,5643000000.0,5552000000.0,652000000.0,165000000.0,0.0,165000000.0,4377000000.0,1778000000.0,2599000000.0,2934930535.0,-197000000.0,-498000000.0,-352000000.0,347000000.0,-82000000.0,-143000000.0,-833000000.0,0.0,779000000.0,0.0,398000000.0,398000000.0,398000000.0,0.0,0.0,0.028,1013000000.0,690000000.0,986000000.0,0.203,1.787,7.374,7.589,4099000000.0,0.0,18.67,0.208,0.214,700000000.0,2266000000.0,14143000000.0,14143000000.0,0.0,0.065,0.228,0.124,0.049,0.0,583000000.0,1.0,157200350.0,161800000,164000000.0,87.41,6019000000.0,116000000.0,189000000.0,690000000.0,37.2,-268000000.0
11,SUN1,MRY,2000-12-31,2000-12-31,2000-12-31,2021-08-25,0.0,5426000000.0,5390250000.0,1683000000.0,3743000000.0,2.737,9.782,-465000000.0,239000000.0,239000000.0,12985000000.0,422000000.0,1.022,2.188,935000000.0,2000000.0,933000000.0,935000000.0,0.0,298000000.0,0.0,0.03,0.5,689000000.0,987000000.0,0.067,987000000.0,689000000.0,607000000.0,2.425,2.41,2.425,1702000000.0,1620750000.0,1702000000.0,3764102458.0,5.0,3.814,313000000.0,1.799,1.0,1767000000.0,0.12,0.0,82000000.0,4476000000.0,4565750000.0,460000000.0,170000000.0,0.0,170000000.0,3724000000.0,1646000000.0,2078000000.0,2864102458.0,152000000.0,36000000.0,-138000000.0,-150000000.0,-87000000.0,-190000000.0,-436000000.0,0.0,778000000.0,0.0,422000000.0,422000000.0,422000000.0,-11000000.0,0.0,0.029,1093000000.0,674000000.0,1052000000.0,0.206,1.683,6.787,6.946,3390000000.0,0.0,16.844,0.194,0.199,890000000.0,1950000000.0,14752000000.0,14752000000.0,0.0,0.078,0.26,0.151,0.047,0.0,502000000.0,1.0,170039478.0,174000000,175000000.0,84.782,5426000000.0,94000000.0,185000000.0,465000000.0,31.184,37000000.0
12,SUN1,MRY,1999-12-31,1999-12-31,1999-12-31,2021-08-25,0.0,5196000000.0,4957250000.0,1456000000.0,3740000000.0,2.062,8.339,-374000000.0,87000000.0,87000000.0,9182000000.0,97000000.0,0.824,2.45,1029000000.0,151000000.0,878000000.0,1029000000.0,0.0,276000000.0,0.0,0.043,0.5,234000000.0,510000000.0,0.05,510000000.0,234000000.0,150000000.0,0.535,0.535,0.535,1506000000.0,1509000000.0,1506000000.0,3076334524.0,13.0,6.032,125000000.0,0.692,1.0,1042000000.0,0.102,0.0,84000000.0,4372000000.0,4388000000.0,403000000.0,118000000.0,0.0,118000000.0,3690000000.0,1766000000.0,1924000000.0,2120334524.0,49000000.0,43000000.0,-15000000.0,12000000.0,-90000000.0,-98000000.0,-352000000.0,0.0,499000000.0,0.0,97000000.0,97000000.0,97000000.0,0.0,0.0,0.009,810000000.0,232000000.0,1038000000.0,0.935,1.408,21.859,21.963,3415000000.0,0.0,11.75,0.207,0.208,833000000.0,1615000000.0,10224000000.0,10224000000.0,0.0,0.02,0.064,0.053,0.023,0.0,455000000.0,1.0,180454002.0,180600000,182000000.0,56.611,5196000000.0,133000000.0,53000000.0,377000000.0,28.771,-310000000.0
13,SUN1,MRY,1998-12-31,1998-12-31,1998-12-31,2021-08-25,0.0,4849000000.0,4758000000.0,1180000000.0,3669000000.0,1.804,8.99,-457000000.0,38000000.0,38000000.0,7205000000.0,280000000.0,0.853,2.203,1012000000.0,189000000.0,823000000.0,1012000000.0,0.0,257000000.0,0.0,0.028,0.5,466000000.0,723000000.0,0.084,723000000.0,466000000.0,389000000.0,1.545,1.475,1.545,1514000000.0,1488000000.0,1514000000.0,4309097076.0,9.0,5.96,-105000000.0,-0.624,1.0,1378000000.0,0.161,0.0,77000000.0,4439000000.0,4222500000.0,483000000.0,108000000.0,0.0,108000000.0,3335000000.0,1384000000.0,1951000000.0,3371097076.0,5000000.0,88000000.0,-144000000.0,67000000.0,-102000000.0,13000000.0,-360000000.0,0.0,352000000.0,0.0,280000000.0,260000000.0,260000000.0,0.0,0.0,0.03,918000000.0,460000000.0,589000000.0,0.324,2.227,12.966,11.671,3346000000.0,20000000.0,18.031,0.393,0.354,537000000.0,1608000000.0,8583000000.0,8583000000.0,0.0,0.055,0.175,0.11,0.054,0.0,521000000.0,1.0,186958590.0,168400000,190000000.0,50.968,4849000000.0,122000000.0,109000000.0,293000000.0,28.795,-204000000.0
14,SUN1,MRY,1997-12-31,1997-12-31,1997-12-31,2021-08-25,0.0,4667000000.0,4846000000.0,1248000000.0,3419000000.0,2.173,10.111,-380000000.0,33000000.0,33000000.0,9173000000.0,263000000.0,0.852,2.192,836000000.0,12000000.0,824000000.0,836000000.0,0.0,259000000.0,0.0,0.024,0.5,463000000.0,722000000.0,0.069,722000000.0,463000000.0,385000000.0,1.515,1.35,1.515,1462000000.0,1450000000.0,1462000000.0,,,,72000000.0,0.498,1.0,1358000000.0,0.129,0.0,78000000.0,4006000000.0,4018000000.0,431000000.0,137000000.0,0.0,137000000.0,3205000000.0,1464000000.0,1741000000.0,2976084194.0,-34000000.0,182000000.0,-96000000.0,-53000000.0,-117000000.0,-299000000.0,-187000000.0,0.0,452000000.0,0.0,263000000.0,219000000.0,219000000.0,0.0,0.0,0.021,902000000.0,456000000.0,830000000.0,0.33,2.036,13.589,13.882,3064000000.0,44000000.0,21.031,0.283,0.289,671000000.0,1430000000.0,10531000000.0,10531000000.0,0.0,0.045,0.151,0.115,0.044,0.0,533000000.0,1.0,141507718.0,144600000,194800000.0,72.828,4667000000.0,113000000.0,122000000.0,161000000.0,32.275,-216000000.0
15,SUN1,MRY,1996-12-31,1996-12-31,1996-12-31,2021-08-25,0.0,5025000000.0,,1535000000.0,3490000000.0,,9.769,-408000000.0,67000000.0,67000000.0,10330000000.0,-115000000.0,0.845,2.494,889000000.0,54000000.0,835000000.0,889000000.0,0.0,267000000.0,0.0,0.041,0.5,-163000000.0,104000000.0,0.009,104000000.0,-163000000.0,-242000000.0,-1.085,-1.085,-1.085,1438000000.0,,1438000000.0,,,,-76000000.0,-0.516,1.0,970000000.0,0.086,0.0,79000000.0,4030000000.0,,476000000.0,170000000.0,0.0,170000000.0,3587000000.0,1817000000.0,1770000000.0,,56000000.0,339000000.0,-27000000.0,-56000000.0,-119000000.0,-226000000.0,-50000000.0,0.0,332000000.0,0.0,-115000000.0,-160000000.0,-160000000.0,-166000000.0,0.0,-0.014,1301000000.0,-331000000.0,1081000000.0,-0.461,,,-11.233,3044000000.0,45000000.0,12.188,,0.159,864000000.0,1284000000.0,11300000000.0,11300000000.0,0.0,,,,-0.014,0.0,589000000.0,1.0,,147200000,147200000.0,76.766,5025000000.0,128000000.0,-127000000.0,109000000.0,34.137,-282000000.0
16,SUN1,MRY,1995-12-31,1995-12-31,1995-12-31,2021-08-25,,,,,,,,-417000000.0,,,8762000000.0,140000000.0,,,,,,,,263000000.0,,0.051,0.7,199000000.0,462000000.0,0.047,462000000.0,199000000.0,101000000.0,0.645,0.645,0.645,,,,,,,-65000000.0,-0.356,1.0,1115000000.0,0.113,,98000000.0,,,,,,,,,,,-75000000.0,635000000.0,-232000000.0,-309000000.0,-156000000.0,-592000000.0,165000000.0,0.0,352000000.0,0.0,140000000.0,118000000.0,118000000.0,-235000000.0,0.0,0.012,1066000000.0,49000000.0,,1.085,,,21.221,,22000000.0,13.688,,0.253,,,9877000000.0,9877000000.0,0.0,,,,0.02,0.0,616000000.0,1.0,,182600000,182600000.0,54.091,,,-39000000.0,,,
0,SUN1,MRQ,2012-06-30,2012-06-30,2012-06-30,2021-08-25,0.0,9337000000.0,,5100000000.0,4237000000.0,,8.724,-128000000.0,1884000000.0,1884000000.0,11469000000.0,335000000.0,1.278,8.287,2548000000.0,0.0,2548000000.0,2548000000.0,0.0,51000000.0,0.0,0.015,0.2,452000000.0,503000000.0,0.041,503000000.0,452000000.0,411000000.0,2.36,2.35,2.36,916000000.0,,916000000.0,5617061615.0,-4.0,-4.65,0.0,0.0,1.0,760000000.0,0.062,0.0,41000000.0,6010000000.0,,462000000.0,121000000.0,0.0,121000000.0,7591000000.0,3991000000.0,3600000000.0,5030061615.0,-101000000.0,28000000.0,-50000000.0,-24000000.0,-21000000.0,-129000000.0,-100000000.0,0.0,128000000.0,0.0,248000000.0,248000000.0,248000000.0,-4000000.0,87000000.0,0.02,227000000.0,533000000.0,3210000000.0,0.085,5.491,-5.229,-5.702,3547000000.0,0.0,47.5,0.102,0.101,2556000000.0,,12229000000.0,12229000000.0,0.0,,,,,0.0,154000000.0,1.0,105896034.0,105000000,105400000.0,116.467,9337000000.0,229000000.0,163000000.0,561000000.0,88.924,1109000000.0
1,SUN1,MRQ,2012-03-31,2012-03-31,2012-03-31,2021-08-25,0.0,9801000000.0,,5582000000.0,4219000000.0,,6.754,-94000000.0,1985000000.0,1985000000.0,11475000000.0,301000000.0,1.197,11.535,2572000000.0,0.0,2572000000.0,2572000000.0,0.0,64000000.0,0.0,0.017,0.2,467000000.0,531000000.0,0.043,531000000.0,467000000.0,418000000.0,2.33,2.32,2.33,720000000.0,,720000000.0,5555059280.0,-3.0,-3.336,165000000.0,1.548,1.0,846000000.0,0.069,0.0,49000000.0,5723000000.0,,387000000.0,118000000.0,0.0,118000000.0,8305000000.0,4665000000.0,3640000000.0,4075059280.0,-79000000.0,193000000.0,-50000000.0,-246000000.0,-21000000.0,-450000000.0,112000000.0,0.0,259000000.0,0.0,248000000.0,248000000.0,248000000.0,-2000000.0,53000000.0,0.02,330000000.0,516000000.0,3869000000.0,0.086,5.66,-3.052,-3.255,3494000000.0,0.0,38.15,0.084,0.084,2849000000.0,,12321000000.0,12321000000.0,0.0,,,,,0.0,128000000.0,1.0,106816757.0,106600000,107100000.0,115.582,9801000000.0,317000000.0,170000000.0,503000000.0,91.942,917000000.0
2,SUN1,MRQ,2011-12-31,2011-12-31,2011-12-31,2021-08-25,0.0,11982000000.0,,6008000000.0,5974000000.0,,8.346,-214000000.0,2064000000.0,2064000000.0,12380000000.0,-320000000.0,1.119,11.402,3544000000.0,385000000.0,3159000000.0,3544000000.0,0.0,72000000.0,0.0,0.015,0.15,-601000000.0,-529000000.0,-0.042,-529000000.0,-601000000.0,-661000000.0,-3.4,-3.4,-3.4,893000000.0,,893000000.0,6247186251.0,-2.0,-2.937,361000000.0,3.374,1.0,347000000.0,0.027,0.0,60000000.0,8092000000.0,,587000000.0,158000000.0,0.0,158000000.0,10182000000.0,5370000000.0,4812000000.0,4379186251.0,408000000.0,103000000.0,0.0,17000000.0,-16000000.0,-48000000.0,-119000000.0,0.0,575000000.0,0.0,-362000000.0,-362000000.0,-362000000.0,3000000.0,42000000.0,-0.028,909000000.0,-562000000.0,4098000000.0,-0.044,4.904,-2.6,-2.819,4965000000.0,0.0,41.02,0.093,0.101,3071000000.0,3947000000.0,12727000000.0,12727000000.0,0.0,,,,,0.0,166000000.0,1.0,106757344.0,107000000,107000000.0,118.944,11982000000.0,354000000.0,-299000000.0,690000000.0,111.981,638000000.0
3,SUN1,MRQ,2011-09-30,2011-09-30,2011-09-30,2021-08-25,0.0,12247000000.0,,6127000000.0,6120000000.0,,11.431,-181000000.0,1656000000.0,1656000000.0,11681000000.0,-1038000000.0,1.217,7.713,3524000000.0,147000000.0,3377000000.0,3524000000.0,0.0,114000000.0,0.0,0.019,0.15,-1827000000.0,-1713000000.0,-0.141,-1713000000.0,-1827000000.0,-1883000000.0,-9.62,-9.62,-9.62,1302000000.0,,1302000000.0,4758527057.0,-3.0,-3.624,-262000000.0,-2.3,1.0,477000000.0,0.039,0.0,56000000.0,9081000000.0,,1153000000.0,165000000.0,0.0,165000000.0,10042000000.0,5034000000.0,5008000000.0,3756527057.0,180000000.0,-186000000.0,-500000000.0,1223000000.0,-19000000.0,624000000.0,-363000000.0,0.0,-81000000.0,0.0,-1096000000.0,-1096000000.0,-1096000000.0,-20000000.0,58000000.0,-0.09,2274000000.0,-1797000000.0,4240000000.0,-0.016,2.885,-3.042,-2.879,5183000000.0,0.0,31.01,0.087,0.081,3092000000.0,,12158000000.0,12158000000.0,0.0,,,,,0.0,173000000.0,1.0,121139215.0,113900000,113900000.0,106.743,12247000000.0,137000000.0,-787000000.0,788000000.0,107.524,1093000000.0
4,SUN1,MRQ,2011-06-30,2011-06-30,2011-06-30,2021-08-25,0.0,13512000000.0,,5729000000.0,7783000000.0,,23.353,-178000000.0,1476000000.0,1476000000.0,10934000000.0,-71000000.0,1.05,3.499,2478000000.0,393000000.0,2085000000.0,2478000000.0,0.0,112000000.0,0.0,0.014,0.15,-66000000.0,46000000.0,0.004,46000000.0,-66000000.0,-105000000.0,-1.03,-1.03,-1.03,2828000000.0,,2828000000.0,6043353325.0,33.0,9.101,-167000000.0,-1.379,1.0,384000000.0,0.034,0.0,39000000.0,9060000000.0,,970000000.0,163000000.0,0.0,163000000.0,9895000000.0,5454000000.0,4441000000.0,5051353325.0,-4000000.0,205000000.0,0.0,7000000.0,-18000000.0,-39000000.0,24000000.0,0.0,11000000.0,0.0,-125000000.0,-125000000.0,-125000000.0,139000000.0,54000000.0,-0.011,258000000.0,126000000.0,4164000000.0,-0.146,1.786,-68.262,-68.377,7043000000.0,0.0,41.71,0.125,0.125,3044000000.0,,11318000000.0,11318000000.0,0.0,,,,,0.0,143000000.0,1.0,121106529.0,121100000,121100000.0,93.46,13512000000.0,121000000.0,20000000.0,1554000000.0,111.577,275000000.0
5,SUN1,MRQ,2011-03-31,2011-03-31,2011-03-31,2021-08-25,0.0,13786000000.0,,5879000000.0,7907000000.0,,24.4,-150000000.0,1480000000.0,1480000000.0,9775000000.0,-80000000.0,1.039,3.421,2472000000.0,320000000.0,2152000000.0,2472000000.0,0.0,112000000.0,0.0,0.013,0.15,-49000000.0,63000000.0,0.006,63000000.0,-49000000.0,-92000000.0,-0.84,-0.84,-0.84,2950000000.0,,2950000000.0,6443152147.0,13.0,6.411,-518000000.0,-4.285,1.0,231000000.0,0.023,0.0,43000000.0,9118000000.0,,1165000000.0,163000000.0,0.0,163000000.0,10092000000.0,5660000000.0,4432000000.0,5499152147.0,-5000000.0,516000000.0,0.0,47000000.0,-18000000.0,3000000.0,360000000.0,0.0,-368000000.0,0.0,-101000000.0,-101000000.0,-101000000.0,9000000.0,21000000.0,-0.01,252000000.0,-21000000.0,4512000000.0,-0.179,1.864,28.057,27.799,7148000000.0,0.0,45.59,0.142,0.142,2875000000.0,,10006000000.0,10006000000.0,0.0,,,,,0.0,124000000.0,1.0,120621894.0,120900000,120900000.0,82.763,13786000000.0,74000000.0,9000000.0,1543000000.0,114.028,219000000.0
6,SUN1,MRQ,2010-12-31,2010-12-31,2010-12-31,2021-08-25,-249000000.0,13297000000.0,,5726000000.0,7571000000.0,,25.299,-252000000.0,1485000000.0,1485000000.0,9381000000.0,118000000.0,1.162,3.118,2429000000.0,293000000.0,2136000000.0,2429000000.0,0.0,130000000.0,0.0,0.015,0.15,161000000.0,291000000.0,0.029,291000000.0,161000000.0,119000000.0,0.72,0.73,0.72,3046000000.0,,3046000000.0,6278558436.0,12.0,6.198,525000000.0,4.36,1.0,550000000.0,0.055,0.0,42000000.0,9312000000.0,,404000000.0,160000000.0,0.0,160000000.0,9498000000.0,4929000000.0,4569000000.0,4860558436.0,356000000.0,-16000000.0,0.0,-119000000.0,-19000000.0,-169000000.0,-252000000.0,0.0,777000000.0,0.0,87000000.0,87000000.0,87000000.0,-4000000.0,31000000.0,0.009,367000000.0,183000000.0,3912000000.0,0.208,1.596,20.772,20.672,7055000000.0,0.0,40.31,0.134,0.133,2679000000.0,5702000000.0,9931000000.0,9931000000.0,0.0,,,,,0.0,178000000.0,1.0,120579470.0,120400000,120900000.0,82.483,13297000000.0,129000000.0,32000000.0,1560000000.0,110.44,797000000.0
7,SUN1,MRQ,2010-09-30,2010-09-30,2010-09-30,2021-08-25,0.0,12945000000.0,,4547000000.0,8398000000.0,,24.212,-179000000.0,1129000000.0,1129000000.0,8671000000.0,172000000.0,0.967,3.175,2547000000.0,293000000.0,2254000000.0,2547000000.0,0.0,128000000.0,0.0,0.021,0.15,136000000.0,264000000.0,0.029,264000000.0,136000000.0,93000000.0,0.54,0.54,0.54,2920000000.0,,2920000000.0,5457864495.0,16.0,6.451,-218000000.0,-1.808,1.0,547000000.0,0.059,0.0,43000000.0,9662000000.0,,869000000.0,164000000.0,0.0,164000000.0,9271000000.0,4701000000.0,4570000000.0,4400864495.0,-333000000.0,-220000000.0,144000000.0,29000000.0,-18000000.0,124000000.0,-418000000.0,0.0,-39000000.0,0.0,65000000.0,65000000.0,65000000.0,-3000000.0,107000000.0,0.007,311000000.0,236000000.0,3691000000.0,0.278,1.507,25.439,25.0,7838000000.0,0.0,36.5,0.126,0.126,2453000000.0,,9218000000.0,9218000000.0,0.0,,,,,0.0,157000000.0,1.0,120571630.0,120600000,120800000.0,76.434,12945000000.0,96000000.0,28000000.0,1440000000.0,107.338,-154000000.0
8,SUN1,MRQ,2010-06-30,2010-06-30,2010-06-30,2021-08-25,0.0,12523000000.0,,4754000000.0,7769000000.0,,23.474,-180000000.0,1462000000.0,1462000000.0,8958000000.0,176000000.0,0.986,3.253,2519000000.0,300000000.0,2219000000.0,2519000000.0,0.0,122000000.0,0.0,0.026,0.15,265000000.0,387000000.0,0.04,387000000.0,265000000.0,225000000.0,1.22,1.22,1.22,2831000000.0,,2831000000.0,5826887542.0,-21.0,27.485,275000000.0,2.28,1.0,628000000.0,0.066,0.0,40000000.0,8759000000.0,,909000000.0,183000000.0,0.0,183000000.0,9208000000.0,4821000000.0,4387000000.0,4191887542.0,650000000.0,358000000.0,0.0,72000000.0,-18000000.0,19000000.0,176000000.0,0.0,455000000.0,0.0,145000000.0,145000000.0,145000000.0,0.0,31000000.0,0.015,335000000.0,293000000.0,3785000000.0,0.123,1.481,-20.548,-19.869,7330000000.0,0.0,34.77,0.122,0.123,2287000000.0,,9586000000.0,9586000000.0,0.0,,,,,0.0,167000000.0,1.0,120560470.0,120600000,120600000.0,79.486,12523000000.0,96000000.0,80000000.0,1275000000.0,103.839,-67000000.0
9,SUN1,MRQ,2010-03-31,2010-03-31,2010-03-31,2021-08-25,0.0,12107000000.0,,4400000000.0,7707000000.0,,22.828,-161000000.0,812000000.0,812000000.0,7841000000.0,-38000000.0,0.978,3.285,2447000000.0,123000000.0,2324000000.0,2447000000.0,0.0,117000000.0,0.0,0.035,0.15,-33000000.0,84000000.0,0.01,84000000.0,-33000000.0,-72000000.0,-0.53,-0.53,-0.53,2712000000.0,,2712000000.0,5561439991.0,-9.0,-55.614,340000000.0,2.862,1.0,351000000.0,0.043,0.0,39000000.0,9243000000.0,,835000000.0,179000000.0,0.0,179000000.0,8908000000.0,4499000000.0,4409000000.0,3474439991.0,435000000.0,8000000.0,145000000.0,-14000000.0,-18000000.0,87000000.0,-153000000.0,0.0,501000000.0,0.0,-63000000.0,-63000000.0,-63000000.0,23000000.0,25000000.0,-0.008,339000000.0,12000000.0,3497000000.0,-0.283,1.281,-8.6,-8.637,7279000000.0,0.0,29.71,0.109,0.111,2273000000.0,,8192000000.0,8192000000.0,0.0,,,,,0.0,146000000.0,1.0,116945136.0,118800000,118800000.0,68.956,12107000000.0,129000000.0,-9000000.0,1195000000.0,101.911,-99000000.0
10,SUN1,MRQ,2009-12-31,2009-12-31,2009-12-31,2021-08-25,-329000000.0,11895000000.0,,3764000000.0,8131000000.0,,21.873,-206000000.0,377000000.0,377000000.0,7704000000.0,56000000.0,0.852,3.432,2464000000.0,403000000.0,2061000000.0,2464000000.0,0.0,128000000.0,0.0,0.046,0.3,-17000000.0,111000000.0,0.014,111000000.0,-17000000.0,-55000000.0,0.23,0.23,0.23,2557000000.0,,2557000000.0,5475329859.0,-10.0,-260.73,349000000.0,2.985,1.0,292000000.0,0.037,0.0,38000000.0,9564000000.0,,635000000.0,179000000.0,0.0,179000000.0,8776000000.0,4418000000.0,4358000000.0,3051329859.0,199000000.0,209000000.0,0.0,-139000000.0,-35000000.0,-197000000.0,-159000000.0,0.0,555000000.0,0.0,26000000.0,26000000.0,26000000.0,-10000000.0,30000000.0,0.003,294000000.0,-2000000.0,3322000000.0,1.304,1.193,-9.275,-9.288,7626000000.0,0.0,26.1,0.103,0.103,2262000000.0,5541000000.0,7996000000.0,7996000000.0,0.0,,,,,0.0,145000000.0,1.0,116909190.0,116900000,116900000.0,68.4,11895000000.0,490000000.0,-81000000.0,1207000000.0,101.754,-654000000.0
11,SUN1,MRQ,2009-09-30,2009-09-30,2009-09-30,2021-08-25,0.0,11369000000.0,,3265000000.0,8104000000.0,,20.898,-236000000.0,178000000.0,178000000.0,8094000000.0,-286000000.0,0.791,3.426,2602000000.0,509000000.0,2093000000.0,2602000000.0,0.0,124000000.0,0.0,0.042,0.3,-494000000.0,-370000000.0,-0.044,-370000000.0,-494000000.0,-531000000.0,-2.67,-2.67,-2.67,2443000000.0,,2443000000.0,5618796636.0,-37.0,15.024,-152000000.0,-1.3,1.0,356000000.0,0.042,0.0,37000000.0,9666000000.0,,1012000000.0,183000000.0,0.0,183000000.0,8369000000.0,4127000000.0,4242000000.0,3325796636.0,111000000.0,-50000000.0,0.0,243000000.0,-35000000.0,182000000.0,-155000000.0,0.0,84000000.0,0.0,-312000000.0,-312000000.0,-312000000.0,-1000000.0,26000000.0,-0.037,837000000.0,-481000000.0,2939000000.0,-0.112,1.361,-22.025,-21.885,7603000000.0,0.0,28.45,0.116,0.116,1907000000.0,,8450000000.0,8450000000.0,0.0,,,,,0.0,180000000.0,1.0,116899706.0,116900000,116900000.0,72.284,11369000000.0,168000000.0,-219000000.0,856000000.0,97.254,-862000000.0
12,SUN1,MRQ,2009-06-30,2009-06-30,2009-06-30,2021-08-25,0.0,12103000000.0,,3644000000.0,8459000000.0,,24.132,-230000000.0,67000000.0,67000000.0,6960000000.0,-21000000.0,0.84,3.093,2360000000.0,293000000.0,2067000000.0,2360000000.0,0.0,144000000.0,0.0,0.052,0.3,-69000000.0,75000000.0,0.01,75000000.0,-69000000.0,-108000000.0,-0.47,-0.47,-0.47,2821000000.0,,2821000000.0,5018998591.0,4.0,2.852,-218000000.0,-1.865,1.0,338000000.0,0.046,0.0,39000000.0,10059000000.0,,1053000000.0,180000000.0,0.0,180000000.0,8726000000.0,4337000000.0,4389000000.0,2711998591.0,-139000000.0,155000000.0,110000000.0,-153000000.0,-19000000.0,-103000000.0,-48000000.0,0.0,12000000.0,0.0,-55000000.0,-55000000.0,-55000000.0,-17000000.0,34000000.0,-0.008,402000000.0,-64000000.0,3354000000.0,-0.638,0.961,3.82,3.828,7934000000.0,0.0,23.2,0.076,0.077,2356000000.0,,7298000000.0,7298000000.0,0.0,,,,,0.0,158000000.0,1.0,116896491.0,116900000,116800000.0,62.429,12103000000.0,168000000.0,-53000000.0,1107000000.0,103.533,-693000000.0
13,SUN1,MRQ,2009-03-31,2009-03-31,2009-03-31,2021-08-25,0.0,11373000000.0,,2959000000.0,8414000000.0,,24.243,-227000000.0,206000000.0,206000000.0,5505000000.0,51000000.0,0.805,2.851,2513000000.0,420000000.0,2093000000.0,2513000000.0,0.0,125000000.0,0.0,0.045,0.3,38000000.0,163000000.0,0.027,163000000.0,38000000.0,7000000.0,0.1,0.1,0.1,2834000000.0,,2834000000.0,5017934418.0,3.0,2.573,-330000000.0,-2.823,1.0,447000000.0,0.075,0.0,31000000.0,10003000000.0,,859000000.0,178000000.0,0.0,178000000.0,8080000000.0,3677000000.0,4403000000.0,3094934418.0,-34000000.0,2000000.0,0.0,347000000.0,-51000000.0,292000000.0,-223000000.0,0.0,-103000000.0,0.0,12000000.0,12000000.0,12000000.0,-10000000.0,39000000.0,0.002,390000000.0,57000000.0,2565000000.0,3.0,1.092,3.654,3.663,7886000000.0,0.0,26.48,0.073,0.073,1725000000.0,,5952000000.0,5952000000.0,0.0,,,,,0.0,168000000.0,1.0,116878188.0,116900000,117000000.0,50.915,11373000000.0,169000000.0,-5000000.0,1086000000.0,97.288,-718000000.0
14,SUN1,MRQ,2008-12-31,2008-12-31,2008-12-31,2021-08-25,-477000000.0,11150000000.0,,2835000000.0,8315000000.0,,24.291,-394000000.0,240000000.0,240000000.0,6213000000.0,243000000.0,0.72,2.769,2163000000.0,458000000.0,1705000000.0,2163000000.0,0.0,134000000.0,0.0,0.027,0.3,372000000.0,506000000.0,0.072,506000000.0,372000000.0,344000000.0,1.74,1.75,1.74,2842000000.0,,2842000000.0,6485833993.0,5.0,3.517,-296000000.0,-2.53,1.0,837000000.0,0.119,0.0,28000000.0,9136000000.0,,821000000.0,173000000.0,0.0,173000000.0,7870000000.0,3937000000.0,3933000000.0,5078833993.0,-87000000.0,-200000000.0,0.0,429000000.0,9000000.0,375000000.0,-560000000.0,0.0,98000000.0,0.0,204000000.0,204000000.0,204000000.0,90000000.0,39000000.0,0.029,349000000.0,488000000.0,2409000000.0,0.172,1.787,6.545,6.555,7799000000.0,0.0,43.46,0.103,0.103,1636000000.0,6010000000.0,7050000000.0,7050000000.0,0.0,,,,,0.0,231000000.0,1.0,116862264.0,117000000,117100000.0,60.256,11150000000.0,138000000.0,140000000.0,1198000000.0,95.299,-1102000000.0
15,SUN1,MRQ,2008-09-30,2008-09-30,2008-09-30,2021-08-25,0.0,13038000000.0,,4815000000.0,8223000000.0,,25.41,-331000000.0,327000000.0,327000000.0,13898000000.0,576000000.0,0.807,3.385,1734000000.0,251000000.0,1483000000.0,1734000000.0,0.0,129000000.0,0.0,0.032,0.3,887000000.0,1016000000.0,0.067,1016000000.0,887000000.0,860000000.0,4.69,4.68,4.69,2973000000.0,,2973000000.0,5769959353.0,6.0,4.133,254000000.0,2.171,1.0,1254000000.0,0.083,0.0,27000000.0,8479000000.0,,1108000000.0,171000000.0,0.0,171000000.0,10065000000.0,5966000000.0,4099000000.0,4157959353.0,113000000.0,7000000.0,0.0,-92000000.0,-51000000.0,-149000000.0,-323000000.0,0.0,585000000.0,0.0,549000000.0,549000000.0,549000000.0,-16000000.0,27000000.0,0.036,365000000.0,889000000.0,4840000000.0,0.064,1.399,7.385,7.336,7539000000.0,0.0,35.58,0.078,0.078,3248000000.0,,15152000000.0,15152000000.0,0.0,,,,,0.0,203000000.0,1.0,116862264.0,117000000,116900000.0,129.504,13038000000.0,132000000.0,311000000.0,1375000000.0,111.436,-1151000000.0
16,SUN1,MRQ,2008-06-30,2008-06-30,2008-06-30,2021-08-25,0.0,14326000000.0,,6264000000.0,8062000000.0,,20.668,-304000000.0,214000000.0,214000000.0,13999000000.0,108000000.0,0.799,4.935,1826000000.0,103000000.0,1723000000.0,1826000000.0,0.0,124000000.0,0.0,0.028,0.3,141000000.0,265000000.0,0.018,265000000.0,141000000.0,113000000.0,0.7,0.7,0.7,2414000000.0,,2414000000.0,6093808099.0,16.0,6.972,-220000000.0,-1.884,1.0,471000000.0,0.033,0.0,28000000.0,8103000000.0,,1447000000.0,172000000.0,0.0,172000000.0,11912000000.0,7835000000.0,4077000000.0,4754808099.0,-133000000.0,5000000.0,0.0,140000000.0,-50000000.0,87000000.0,-304000000.0,0.0,84000000.0,0.0,82000000.0,82000000.0,82000000.0,-5000000.0,26000000.0,0.006,317000000.0,154000000.0,6815000000.0,0.429,1.97,20.673,20.447,7353000000.0,0.0,40.69,0.096,0.095,4471000000.0,,14470000000.0,14470000000.0,0.0,,,,,0.0,187000000.0,1.0,116854463.0,116800000,117200000.0,123.887,14326000000.0,132000000.0,31000000.0,1209000000.0,122.654,-1571000000.0
17,SUN1,MRQ,2008-03-31,2008-03-31,2008-03-31,2021-08-25,0.0,12838000000.0,,4967000000.0,7871000000.0,,20.196,-257000000.0,347000000.0,347000000.0,12525000000.0,-38000000.0,0.799,4.424,1686000000.0,3000000.0,1683000000.0,1686000000.0,0.0,128000000.0,0.0,0.021,0.275,-71000000.0,57000000.0,0.004,57000000.0,-71000000.0,-99000000.0,-0.5,-0.5,-0.5,2367000000.0,,2367000000.0,7250877541.0,7.0,4.595,-188000000.0,-1.604,1.0,288000000.0,0.022,0.0,28000000.0,7961000000.0,,1082000000.0,173000000.0,0.0,173000000.0,10471000000.0,6216000000.0,4255000000.0,6170877541.0,-301000000.0,3000000.0,-49000000.0,-42000000.0,-46000000.0,-156000000.0,-214000000.0,0.0,69000000.0,0.0,-59000000.0,-59000000.0,-59000000.0,0.0,21000000.0,-0.005,347000000.0,-59000000.0,5519000000.0,-0.55,2.607,9.393,9.54,7169000000.0,0.0,52.47,0.134,0.133,3406000000.0,,12813000000.0,12813000000.0,0.0,,,,,0.0,177000000.0,1.0,117607729.0,117200000,117200000.0,109.326,12838000000.0,132000000.0,-40000000.0,1172000000.0,109.539,-1249000000.0
18,SUN1,MRQ,2007-12-31,2007-12-31,2007-12-31,2021-08-25,-193000000.0,12426000000.0,,4638000000.0,7788000000.0,,21.539,-303000000.0,648000000.0,648000000.0,10710000000.0,61000000.0,0.822,3.906,1728000000.0,4000000.0,1724000000.0,1728000000.0,0.0,125000000.0,0.0,0.015,0.275,-67000000.0,58000000.0,0.005,58000000.0,-67000000.0,-98000000.0,-0.04,-0.03,-0.04,2533000000.0,,2533000000.0,10293654568.0,7.0,5.284,807000000.0,6.862,1.0,293000000.0,0.027,0.0,31000000.0,7866000000.0,,1150000000.0,175000000.0,0.0,175000000.0,9893000000.0,5640000000.0,4253000000.0,8517654568.0,385000000.0,-16000000.0,-6000000.0,-311000000.0,-46000000.0,-392000000.0,-333000000.0,0.0,1110000000.0,0.0,-9000000.0,-9000000.0,-9000000.0,-99000000.0,70000000.0,-0.001,396000000.0,-103000000.0,4812000000.0,-6.875,3.363,9.56,9.737,7039000000.0,0.0,72.44,0.2,0.204,2710000000.0,5372000000.0,11003000000.0,11003000000.0,0.0,,,,,0.0,202000000.0,1.0,117582200.0,117600000,117900000.0,93.563,12426000000.0,130000000.0,-89000000.0,1220000000.0,105.663,-1002000000.0
19,SUN1,MRQ,2007-09-30,2007-09-30,2007-09-30,2021-08-25,0.0,12006000000.0,,4426000000.0,7580000000.0,,21.563,-232000000.0,263000000.0,263000000.0,10751000000.0,216000000.0,0.852,3.679,2039000000.0,254000000.0,1785000000.0,2039000000.0,0.0,123000000.0,0.0,0.015,0.275,371000000.0,494000000.0,0.043,494000000.0,371000000.0,342000000.0,1.83,1.83,1.83,2566000000.0,,2566000000.0,10252110882.0,6.0,4.604,202000000.0,1.697,1.0,746000000.0,0.065,0.0,29000000.0,8586000000.0,,1445000000.0,134000000.0,0.0,134000000.0,9440000000.0,5196000000.0,4244000000.0,8519110882.0,23000000.0,16000000.0,-200000000.0,66000000.0,-47000000.0,-188000000.0,-223000000.0,0.0,434000000.0,0.0,216000000.0,216000000.0,216000000.0,0.0,0.0,0.019,380000000.0,366000000.0,4157000000.0,0.15,3.32,8.328,8.278,6879000000.0,0.0,70.78,0.21,0.207,2625000000.0,,11497000000.0,11497000000.0,0.0,,,,,0.0,221000000.0,1.0,120360425.0,119000000,119300000.0,96.613,12006000000.0,93000000.0,126000000.0,1232000000.0,100.891,-770000000.0
20,SUN1,MRQ,2007-06-30,2007-06-30,2007-06-30,2021-08-25,0.0,11483000000.0,,4074000000.0,7409000000.0,,21.325,-312000000.0,240000000.0,240000000.0,9534000000.0,509000000.0,0.865,3.458,1973000000.0,197000000.0,1776000000.0,1973000000.0,0.0,117000000.0,0.0,0.013,0.275,852000000.0,969000000.0,0.09,969000000.0,852000000.0,820000000.0,4.21,4.19,4.21,2576000000.0,,2576000000.0,11541005564.0,6.0,4.73,274000000.0,2.268,1.0,1230000000.0,0.114,0.0,32000000.0,8506000000.0,,1234000000.0,131000000.0,0.0,131000000.0,8907000000.0,4710000000.0,4197000000.0,9677005564.0,18000000.0,24000000.0,-98000000.0,-113000000.0,-48000000.0,-260000000.0,-308000000.0,0.0,586000000.0,0.0,509000000.0,509000000.0,509000000.0,0.0,0.0,0.047,383000000.0,847000000.0,3510000000.0,0.065,3.757,8.357,8.423,6772000000.0,0.0,79.68,0.244,0.243,2507000000.0,,10764000000.0,10764000000.0,0.0,,,,,0.0,236000000.0,1.0,121448363.0,120800000,121100000.0,89.106,11483000000.0,93000000.0,311000000.0,1385000000.0,95.058,-636000000.0
21,SUN1,MRQ,2007-03-31,2007-03-31,2007-03-31,2021-08-25,0.0,10907000000.0,,3735000000.0,7172000000.0,,17.784,-332000000.0,222000000.0,222000000.0,8629000000.0,175000000.0,0.812,4.052,2086000000.0,334000000.0,1752000000.0,2086000000.0,0.0,115000000.0,0.0,0.014,0.25,312000000.0,427000000.0,0.046,427000000.0,312000000.0,277000000.0,1.44,1.44,1.44,2159000000.0,,2159000000.0,10271128951.0,6.0,4.46,-95000000.0,-0.783,1.0,676000000.0,0.073,0.0,35000000.0,8169000000.0,,981000000.0,130000000.0,0.0,130000000.0,8748000000.0,4602000000.0,4146000000.0,8547128951.0,-41000000.0,6000000.0,4000000.0,99000000.0,-43000000.0,51000000.0,-329000000.0,0.0,237000000.0,0.0,175000000.0,175000000.0,175000000.0,0.0,0.0,0.019,373000000.0,303000000.0,3560000000.0,0.174,3.959,7.951,8.307,6580000000.0,0.0,70.44,0.217,0.217,2439000000.0,,9305000000.0,9305000000.0,0.0,,,,,0.0,221000000.0,1.0,121339139.0,121400000,121700000.0,76.647,10907000000.0,93000000.0,102000000.0,1122000000.0,89.843,-867000000.0
22,SUN1,MRQ,2006-12-31,2006-12-31,2006-12-31,2021-08-25,-176000000.0,10982000000.0,,4015000000.0,6967000000.0,,17.008,-344000000.0,263000000.0,263000000.0,8432000000.0,123000000.0,0.844,4.293,1987000000.0,282000000.0,1705000000.0,1987000000.0,0.0,118000000.0,0.0,0.015,0.25,219000000.0,337000000.0,0.037,337000000.0,219000000.0,192000000.0,1.07,1.06,1.07,2075000000.0,,2075000000.0,8956594204.0,5.0,4.178,-92000000.0,-0.754,1.0,604000000.0,0.067,0.0,27000000.0,7951000000.0,,1219000000.0,129000000.0,0.0,129000000.0,8907000000.0,4755000000.0,4152000000.0,7677594204.0,45000000.0,10000000.0,-138000000.0,487000000.0,-44000000.0,127000000.0,-334000000.0,0.0,252000000.0,0.0,123000000.0,123000000.0,123000000.0,0.0,0.0,0.014,391000000.0,213000000.0,3615000000.0,0.234,3.7,7.842,8.173,6365000000.0,0.0,62.36,0.198,0.207,2440000000.0,4622000000.0,9036000000.0,9036000000.0,0.0,,,,,0.0,246000000.0,1.0,123117290.0,122000000,122700000.0,74.066,10982000000.0,93000000.0,69000000.0,1128000000.0,90.016,-740000000.0
23,SUN1,MRQ,2006-09-30,2006-09-30,2006-09-30,2021-08-25,0.0,10757000000.0,,4064000000.0,6693000000.0,,16.767,-246000000.0,218000000.0,218000000.0,9546000000.0,351000000.0,0.852,4.06,1497000000.0,212000000.0,1285000000.0,1497000000.0,0.0,115000000.0,0.0,0.014,0.25,592000000.0,707000000.0,0.067,707000000.0,592000000.0,567000000.0,2.74,2.73,2.74,2126000000.0,,2126000000.0,8948143297.0,5.0,3.711,121000000.0,0.954,1.0,950000000.0,0.091,0.0,25000000.0,7267000000.0,,1281000000.0,126000000.0,0.0,126000000.0,8631000000.0,4769000000.0,3862000000.0,8110143297.0,-382000000.0,11000000.0,-536000000.0,59000000.0,-45000000.0,-527000000.0,-222000000.0,0.0,367000000.0,0.0,351000000.0,351000000.0,351000000.0,0.0,0.0,0.033,363000000.0,587000000.0,3716000000.0,0.091,3.815,7.095,7.165,6094000000.0,0.0,62.19,0.208,0.202,2348000000.0,,10496000000.0,10496000000.0,0.0,,,,,0.0,215000000.0,1.0,130409122.0,126800000,127500000.0,82.776,10757000000.0,217000000.0,216000000.0,1295000000.0,84.834,-705000000.0
24,SUN1,MRQ,2006-06-30,2006-06-30,2006-06-30,2021-08-25,0.0,10930000000.0,,4373000000.0,6557000000.0,,17.452,-257000000.0,600000000.0,600000000.0,9521000000.0,426000000.0,0.908,3.763,1438000000.0,195000000.0,1243000000.0,1438000000.0,0.0,114000000.0,0.0,0.012,0.25,718000000.0,832000000.0,0.079,832000000.0,718000000.0,691000000.0,3.23,3.21,3.23,2295000000.0,,2295000000.0,10352180904.0,5.0,4.396,421000000.0,3.202,1.0,1069000000.0,0.101,0.0,27000000.0,6953000000.0,,1194000000.0,127000000.0,0.0,127000000.0,8635000000.0,4815000000.0,3820000000.0,9189180904.0,239000000.0,2000000.0,-40000000.0,-87000000.0,-45000000.0,-176000000.0,-263000000.0,0.0,678000000.0,0.0,426000000.0,426000000.0,426000000.0,0.0,0.0,0.04,355000000.0,714000000.0,3711000000.0,0.077,4.004,8.197,8.298,5969000000.0,0.0,69.29,0.243,0.241,2363000000.0,,10590000000.0,10590000000.0,0.0,,,,,0.0,210000000.0,1.0,132619150.0,131500000,132200000.0,80.532,10930000000.0,216000000.0,265000000.0,1329000000.0,83.118,-442000000.0
25,SUN1,MRQ,2006-03-31,2006-03-31,2006-03-31,2021-08-25,0.0,10013000000.0,,3586000000.0,6427000000.0,,15.252,-172000000.0,361000000.0,361000000.0,8082000000.0,79000000.0,0.843,3.94,1524000000.0,240000000.0,1284000000.0,1524000000.0,0.0,112000000.0,0.0,0.01,0.2,156000000.0,268000000.0,0.031,268000000.0,156000000.0,130000000.0,0.59,0.59,0.59,2027000000.0,,2027000000.0,10821498823.0,7.0,5.292,-485000000.0,-3.649,1.0,511000000.0,0.059,0.0,26000000.0,6920000000.0,,1136000000.0,144000000.0,0.0,144000000.0,7986000000.0,4256000000.0,3730000000.0,10329498823.0,-558000000.0,-97000000.0,-47000000.0,113000000.0,-37000000.0,25000000.0,-270000000.0,0.0,-313000000.0,0.0,79000000.0,79000000.0,79000000.0,0.0,0.0,0.009,356000000.0,155000000.0,3096000000.0,0.339,5.096,11.024,11.275,5826000000.0,0.0,77.57,0.294,0.293,1873000000.0,,8593000000.0,8593000000.0,0.0,,,,,0.0,210000000.0,1.0,133163579.0,132900000,133600000.0,64.658,10013000000.0,216000000.0,51000000.0,1180000000.0,75.342,-670000000.0
26,SUN1,MRQ,2005-12-31,2005-12-31,2005-12-31,2021-08-25,-192000000.0,9931000000.0,,3687000000.0,6244000000.0,,15.215,-288000000.0,919000000.0,919000000.0,8374000000.0,287000000.0,0.884,3.842,1411000000.0,177000000.0,1234000000.0,1411000000.0,0.0,113000000.0,0.0,0.01,0.2,491000000.0,604000000.0,0.065,604000000.0,491000000.0,468000000.0,2.12,2.11,2.12,2051000000.0,,2051000000.0,11340495057.0,7.0,5.393,508000000.0,3.769,1.0,896000000.0,0.097,0.0,23000000.0,6252000000.0,,799000000.0,143000000.0,0.0,143000000.0,7880000000.0,4171000000.0,3709000000.0,10669495057.0,103000000.0,17000000.0,-261000000.0,-76000000.0,-36000000.0,-407000000.0,-286000000.0,0.0,796000000.0,0.0,287000000.0,287000000.0,287000000.0,0.0,0.0,0.031,410000000.0,486000000.0,3014000000.0,0.094,5.202,10.954,10.993,5658000000.0,0.0,78.38,0.316,0.317,1754000000.0,3766000000.0,9270000000.0,9270000000.0,0.0,,,,,0.0,270000000.0,1.0,136125224.0,134800000,135400000.0,68.769,9931000000.0,215000000.0,181000000.0,1155000000.0,73.672,-484000000.0
27,SUN1,MRQ,2005-09-30,2005-09-30,2005-09-30,2021-08-25,0.0,10041000000.0,,4057000000.0,5984000000.0,,15.14,-212000000.0,816000000.0,816000000.0,8377000000.0,329000000.0,0.92,3.87,1487000000.0,222000000.0,1265000000.0,1487000000.0,0.0,109000000.0,0.0,0.009,0.2,542000000.0,651000000.0,0.07,651000000.0,542000000.0,517000000.0,2.41,2.39,2.41,2062000000.0,,2062000000.0,11733609510.0,8.0,6.08,490000000.0,3.598,1.0,918000000.0,0.099,0.0,25000000.0,6302000000.0,,1112000000.0,122000000.0,0.0,122000000.0,7979000000.0,4410000000.0,3569000000.0,10681609510.0,399000000.0,-89000000.0,26000000.0,18000000.0,-35000000.0,2000000.0,-305000000.0,0.0,702000000.0,0.0,329000000.0,329000000.0,329000000.0,0.0,0.0,0.035,384000000.0,534000000.0,3133000000.0,0.083,5.18,12.349,12.512,5433000000.0,0.0,78.2,0.335,0.334,1975000000.0,,9295000000.0,9295000000.0,0.0,,,,,0.0,242000000.0,1.0,136593472.0,136200000,137600000.0,68.245,10041000000.0,154000000.0,188000000.0,1244000000.0,73.722,-353000000.0
28,SUN1,MRQ,2005-06-30,2005-06-30,2005-06-30,2021-08-25,0.0,9024000000.0,,3217000000.0,5807000000.0,,13.134,-262000000.0,417000000.0,417000000.0,7221000000.0,242000000.0,0.894,4.008,1469000000.0,103000000.0,1366000000.0,1469000000.0,0.0,102000000.0,0.0,0.011,0.2,420000000.0,522000000.0,0.065,522000000.0,420000000.0,397000000.0,1.76,1.75,1.76,1802000000.0,,1802000000.0,8956472123.0,8.0,5.672,62000000.0,0.452,1.0,769000000.0,0.096,0.0,23000000.0,6476000000.0,,987000000.0,111000000.0,0.0,111000000.0,7222000000.0,3600000000.0,3622000000.0,7825472123.0,71000000.0,9000000.0,39000000.0,-9000000.0,-33000000.0,-2000000.0,-251000000.0,0.0,324000000.0,0.0,242000000.0,242000000.0,242000000.0,0.0,0.0,0.03,355000000.0,414000000.0,2717000000.0,0.114,4.343,12.227,12.52,5239000000.0,0.0,56.84,0.268,0.267,1703000000.0,,7990000000.0,7990000000.0,0.0,,,,,0.0,225000000.0,1.0,137675442.0,137200000,137900000.0,58.236,9024000000.0,110000000.0,155000000.0,1117000000.0,65.773,-383000000.0
29,SUN1,MRQ,2005-03-31,2005-03-31,2005-03-31,2021-08-25,0.0,8679000000.0,,3024000000.0,5655000000.0,,11.679,-208000000.0,346000000.0,346000000.0,6644000000.0,116000000.0,0.857,4.377,1477000000.0,103000000.0,1374000000.0,1477000000.0,0.0,105000000.0,0.0,0.011,0.15,221000000.0,326000000.0,0.045,326000000.0,221000000.0,198000000.0,0.84,0.83,0.84,1614000000.0,,1614000000.0,8257606829.0,7.0,5.28,39000000.0,0.282,1.0,565000000.0,0.078,0.0,23000000.0,6282000000.0,,912000000.0,104000000.0,0.0,104000000.0,7065000000.0,3528000000.0,3537000000.0,7180606829.0,-59000000.0,12000000.0,-65000000.0,-4000000.0,-27000000.0,-113000000.0,-193000000.0,0.0,247000000.0,0.0,116000000.0,116000000.0,116000000.0,0.0,0.0,0.016,350000000.0,215000000.0,2688000000.0,0.179,4.449,11.362,11.954,5094000000.0,0.0,51.76,0.261,0.26,1656000000.0,,7209000000.0,7209000000.0,0.0,,,,,0.0,209000000.0,1.0,138728880.0,138200000,139100000.0,52.164,8679000000.0,110000000.0,82000000.0,1112000000.0,62.8,-504000000.0
30,SUN1,MRQ,2004-12-31,2004-12-31,2004-12-31,2021-08-25,-164000000.0,8079000000.0,,2551000000.0,5528000000.0,,11.277,-304000000.0,405000000.0,405000000.0,6716000000.0,178000000.0,0.844,4.027,1482000000.0,103000000.0,1379000000.0,1482000000.0,0.0,106000000.0,0.0,0.014,0.15,325000000.0,431000000.0,0.058,431000000.0,325000000.0,302000000.0,1.24,1.23,1.24,1607000000.0,,1607000000.0,7171138942.0,7.0,4.743,432000000.0,3.032,1.0,713000000.0,0.096,0.0,23000000.0,6134000000.0,,765000000.0,115000000.0,0.0,115000000.0,6472000000.0,3022000000.0,3450000000.0,5975138942.0,112000000.0,50000000.0,-323000000.0,-6000000.0,-28000000.0,-367000000.0,-257000000.0,0.0,736000000.0,0.0,178000000.0,178000000.0,178000000.0,0.0,0.0,0.024,393000000.0,320000000.0,2109000000.0,0.121,3.718,9.876,10.013,4966000000.0,0.0,40.855,0.234,0.237,1271000000.0,2895000000.0,7429000000.0,7429000000.0,0.0,,,,,0.0,260000000.0,1.0,146252330.0,142500000,143800000.0,52.133,8079000000.0,110000000.0,124000000.0,1104000000.0,56.695,-471000000.0
31,SUN1,MRQ,2004-09-30,2004-09-30,2004-09-30,2021-08-25,0.0,8056000000.0,,2670000000.0,5386000000.0,,11.724,-246000000.0,293000000.0,293000000.0,6028000000.0,104000000.0,0.903,3.627,1489000000.0,167000000.0,1322000000.0,1489000000.0,0.0,103000000.0,0.0,0.015,0.15,197000000.0,300000000.0,0.046,300000000.0,197000000.0,169000000.0,0.7,0.67,0.7,1741000000.0,,1741000000.0,6634192305.0,8.0,5.232,86000000.0,0.579,1.0,530000000.0,0.081,0.0,28000000.0,6295000000.0,,906000000.0,114000000.0,0.0,114000000.0,6315000000.0,2957000000.0,3358000000.0,5573192305.0,-242000000.0,24000000.0,-156000000.0,-162000000.0,-28000000.0,-349000000.0,-225000000.0,0.0,332000000.0,0.0,104000000.0,104000000.0,104000000.0,0.0,0.0,0.016,336000000.0,194000000.0,2010000000.0,0.214,3.201,12.037,12.029,4804000000.0,0.0,36.99,0.246,0.242,1381000000.0,,6558000000.0,6558000000.0,0.0,,,,,0.0,203000000.0,1.0,150667540.0,148500000,150000000.0,44.162,8056000000.0,90000000.0,65000000.0,1047000000.0,54.249,-287000000.0
32,SUN1,MRQ,2004-06-30,2004-06-30,2004-06-30,2021-08-25,0.0,8015000000.0,,2724000000.0,5291000000.0,,11.989,-170000000.0,535000000.0,535000000.0,5520000000.0,234000000.0,1.017,3.433,1596000000.0,167000000.0,1429000000.0,1596000000.0,0.0,100000000.0,0.0,0.017,0.138,407000000.0,507000000.0,0.081,507000000.0,407000000.0,379000000.0,1.55,1.555,1.55,1808000000.0,,1808000000.0,6097752966.0,7.0,4.82,321000000.0,2.129,1.0,756000000.0,0.12,0.0,28000000.0,6398000000.0,,888000000.0,147000000.0,0.0,147000000.0,6207000000.0,2678000000.0,3529000000.0,4807752966.0,224000000.0,-167000000.0,105000000.0,-8000000.0,-26000000.0,62000000.0,-329000000.0,0.0,491000000.0,0.0,234000000.0,234000000.0,234000000.0,0.0,0.0,0.037,351000000.0,405000000.0,1838000000.0,0.089,2.659,10.273,10.328,4680000000.0,0.0,31.81,0.232,0.231,1211000000.0,,6276000000.0,6276000000.0,0.0,,,,,0.0,223000000.0,1.0,151139672.0,150800000,152800000.0,41.618,8015000000.0,90000000.0,145000000.0,964000000.0,53.15,46000000.0
33,SUN1,MRQ,2004-03-31,2004-03-31,2004-03-31,2021-08-25,0.0,7497000000.0,,2469000000.0,5028000000.0,,10.702,-112000000.0,311000000.0,311000000.0,4752000000.0,89000000.0,0.965,3.639,1601000000.0,167000000.0,1434000000.0,1601000000.0,0.0,100000000.0,0.0,0.017,0.138,174000000.0,274000000.0,0.052,274000000.0,174000000.0,145000000.0,0.59,0.585,0.59,1616000000.0,,1616000000.0,5740239366.0,9.0,5.7,76000000.0,0.503,1.0,493000000.0,0.094,0.0,29000000.0,6228000000.0,,898000000.0,148000000.0,0.0,148000000.0,5881000000.0,2559000000.0,3322000000.0,4718239366.0,-120000000.0,-138000000.0,-13000000.0,0.0,-24000000.0,-59000000.0,-249000000.0,0.0,188000000.0,0.0,89000000.0,89000000.0,89000000.0,0.0,0.0,0.017,320000000.0,173000000.0,1784000000.0,0.234,2.92,14.979,15.141,4457000000.0,0.0,31.19,0.253,0.252,1171000000.0,,5245000000.0,5245000000.0,0.0,,,,,0.0,187000000.0,1.0,151274106.0,151000000,152600000.0,34.735,7497000000.0,89000000.0,56000000.0,851000000.0,49.649,-90000000.0
34,SUN1,MRQ,2003-12-31,2003-12-31,2003-12-31,2021-08-25,-187000000.0,7053000000.0,,2072000000.0,4981000000.0,,10.183,-156000000.0,431000000.0,431000000.0,4151000000.0,36000000.0,0.966,3.533,1601000000.0,103000000.0,1498000000.0,1601000000.0,0.0,98000000.0,0.0,0.02,0.138,89000000.0,187000000.0,0.041,187000000.0,89000000.0,59000000.0,0.235,0.23,0.235,1556000000.0,,1556000000.0,5054047991.0,8.0,5.152,162000000.0,1.06,1.0,445000000.0,0.097,0.0,30000000.0,6078000000.0,,494000000.0,143000000.0,0.0,143000000.0,5497000000.0,2145000000.0,3352000000.0,3951047991.0,76000000.0,63000000.0,-104000000.0,0.0,-32000000.0,-141000000.0,-101000000.0,0.0,318000000.0,0.0,36000000.0,36000000.0,36000000.0,0.0,0.0,0.008,357000000.0,88000000.0,1365000000.0,0.587,2.539,12.664,12.599,4405000000.0,0.0,25.575,0.219,0.218,1056000000.0,2376000000.0,4596000000.0,4596000000.0,0.0,,,,,0.0,207000000.0,1.0,154488680.0,152800000,154400000.0,30.079,7053000000.0,91000000.0,23000000.0,844000000.0,46.158,-73000000.0
35,SUN1,MRQ,2003-09-30,2003-09-30,2003-09-30,2021-08-25,0.0,6928000000.0,,2070000000.0,4858000000.0,,10.513,-106000000.0,355000000.0,355000000.0,4092000000.0,109000000.0,0.979,3.279,1458000000.0,103000000.0,1355000000.0,1458000000.0,0.0,94000000.0,0.0,0.025,0.125,203000000.0,297000000.0,0.064,297000000.0,203000000.0,174000000.0,0.705,0.69,0.705,1619000000.0,,1619000000.0,4312143503.0,7.0,4.308,145000000.0,0.942,1.0,528000000.0,0.114,0.0,29000000.0,5917000000.0,,645000000.0,203000000.0,0.0,203000000.0,5309000000.0,2114000000.0,3195000000.0,3094143503.0,115000000.0,6000000.0,8000000.0,-4000000.0,-20000000.0,-28000000.0,-108000000.0,0.0,251000000.0,0.0,109000000.0,109000000.0,109000000.0,0.0,0.0,0.024,326000000.0,202000000.0,1388000000.0,0.177,1.911,9.181,9.162,4275000000.0,0.0,20.11,0.177,0.177,975000000.0,,4620000000.0,4620000000.0,0.0,,,,,0.0,202000000.0,1.0,153860940.0,154000000,156400000.0,30.0,6928000000.0,95000000.0,65000000.0,832000000.0,44.987,-44000000.0
36,SUN1,MRQ,2003-06-30,2003-06-30,2003-06-30,2021-08-25,0.0,6821000000.0,,1956000000.0,4865000000.0,,10.0,-97000000.0,240000000.0,240000000.0,3751000000.0,81000000.0,0.945,3.435,1458000000.0,103000000.0,1355000000.0,1458000000.0,0.0,92000000.0,0.0,0.026,0.125,157000000.0,249000000.0,0.059,249000000.0,157000000.0,128000000.0,0.53,0.53,0.53,1538000000.0,,1538000000.0,3891813269.0,9.0,4.859,-44000000.0,-0.286,1.0,453000000.0,0.108,0.0,29000000.0,5969000000.0,,599000000.0,222000000.0,0.0,222000000.0,5283000000.0,2070000000.0,3213000000.0,2892813269.0,-219000000.0,-156000000.0,8000000.0,1000000.0,-19000000.0,-20000000.0,-252000000.0,0.0,53000000.0,0.0,81000000.0,81000000.0,81000000.0,0.0,0.0,0.019,296000000.0,157000000.0,1425000000.0,0.236,1.881,13.27,13.242,4263000000.0,0.0,18.87,0.173,0.174,1024000000.0,,4204000000.0,4204000000.0,0.0,,,,,0.0,180000000.0,1.0,153302240.0,153800000,155000000.0,27.334,6821000000.0,93000000.0,47000000.0,774000000.0,44.35,-114000000.0
37,SUN1,MRQ,2003-03-31,2003-03-31,2003-03-31,2021-08-25,0.0,6827000000.0,,2115000000.0,4712000000.0,,9.569,-68000000.0,459000000.0,459000000.0,4159000000.0,86000000.0,1.02,3.663,1458000000.0,3000000.0,1455000000.0,1458000000.0,0.0,85000000.0,0.0,0.027,0.125,163000000.0,248000000.0,0.054,248000000.0,163000000.0,134000000.0,0.56,0.56,0.56,1464000000.0,,1464000000.0,3865192328.0,11.0,5.735,310000000.0,2.026,1.0,437000000.0,0.095,0.0,29000000.0,5753000000.0,,460000000.0,221000000.0,0.0,221000000.0,5363000000.0,2073000000.0,3290000000.0,2800192328.0,69000000.0,-187000000.0,4000000.0,-9000000.0,-19000000.0,-49000000.0,-260000000.0,0.0,378000000.0,0.0,86000000.0,86000000.0,86000000.0,0.0,0.0,0.019,275000000.0,162000000.0,1538000000.0,0.223,1.913,19.179,19.147,4114000000.0,0.0,18.285,0.174,0.174,1102000000.0,,4596000000.0,4596000000.0,0.0,,,,,0.0,163000000.0,1.0,153141500.0,153000000,154200000.0,30.039,6827000000.0,94000000.0,48000000.0,721000000.0,44.621,42000000.0
38,SUN1,MRQ,2002-12-31,2002-12-31,2002-12-31,2021-08-25,-195000000.0,6441000000.0,,1898000000.0,4543000000.0,,9.147,-141000000.0,390000000.0,390000000.0,3691000000.0,61000000.0,1.069,3.621,1455000000.0,2000000.0,1453000000.0,1455000000.0,0.0,84000000.0,0.0,0.03,0.125,123000000.0,207000000.0,0.051,207000000.0,123000000.0,95000000.0,0.4,0.4,0.4,1394000000.0,,1394000000.0,3750551692.0,99.0,10.219,262000000.0,1.719,1.0,394000000.0,0.096,0.0,28000000.0,5730000000.0,,491000000.0,220000000.0,0.0,220000000.0,5047000000.0,1776000000.0,3271000000.0,2532551692.0,217000000.0,-54000000.0,-1000000.0,64000000.0,-26000000.0,31000000.0,-217000000.0,0.0,403000000.0,0.0,61000000.0,61000000.0,61000000.0,0.0,0.0,0.015,272000000.0,122000000.0,1316000000.0,0.312,1.817,-53.884,-53.516,4099000000.0,0.0,16.59,0.176,0.176,923000000.0,2143000000.0,4085000000.0,4085000000.0,0.0,,,,,0.0,156000000.0,1.0,152655316.0,152400000,152400000.0,26.804,6441000000.0,94000000.0,34000000.0,609000000.0,42.264,122000000.0
39,SUN1,MRQ,2002-09-30,2002-09-30,2002-09-30,2021-08-25,0.0,6343000000.0,,1819000000.0,4524000000.0,,9.882,-86000000.0,173000000.0,173000000.0,3525000000.0,-10000000.0,1.056,3.201,1391000000.0,2000000.0,1389000000.0,1391000000.0,0.0,84000000.0,0.0,0.033,0.125,13000000.0,97000000.0,0.025,97000000.0,13000000.0,-16000000.0,-0.065,-0.065,-0.065,1510000000.0,,1510000000.0,3686837590.0,-62.0,13.655,-28000000.0,-0.183,1.0,287000000.0,0.075,0.0,29000000.0,5839000000.0,,627000000.0,153000000.0,0.0,153000000.0,4833000000.0,1722000000.0,3111000000.0,2301837590.0,147000000.0,5000000.0,-2000000.0,-21000000.0,-19000000.0,170000000.0,-81000000.0,0.0,58000000.0,0.0,-10000000.0,-10000000.0,-10000000.0,0.0,0.0,-0.003,275000000.0,12000000.0,1244000000.0,-1.923,1.524,-22.133,-23.38,4062000000.0,0.0,15.08,0.174,0.174,902000000.0,,3812000000.0,3812000000.0,0.0,,,,,0.0,166000000.0,1.0,152641750.0,152800000,152800000.0,24.948,6343000000.0,117000000.0,-6000000.0,675000000.0,41.512,97000000.0
40,SUN1,MRQ,2002-06-30,2002-06-30,2002-06-30,2021-08-25,0.0,5996000000.0,,1605000000.0,4391000000.0,,10.072,-88000000.0,26000000.0,26000000.0,3240000000.0,9000000.0,0.988,2.901,1411000000.0,22000000.0,1389000000.0,1411000000.0,0.0,82000000.0,0.0,0.028,0.125,40000000.0,122000000.0,0.034,122000000.0,40000000.0,12000000.0,0.06,0.06,0.06,1537000000.0,,1537000000.0,4061722859.0,63.0,10.441,-33000000.0,-0.216,1.0,316000000.0,0.089,0.0,28000000.0,5756000000.0,,625000000.0,157000000.0,0.0,157000000.0,4459000000.0,1625000000.0,2834000000.0,2717722859.0,-50000000.0,6000000.0,1000000.0,-9000000.0,-19000000.0,-32000000.0,-73000000.0,0.0,55000000.0,0.0,9000000.0,9000000.0,9000000.0,0.0,0.0,0.003,277000000.0,39000000.0,1165000000.0,2.083,1.768,-1358.861,-3563.0,4066000000.0,0.0,17.815,0.208,0.208,837000000.0,,3556000000.0,3556000000.0,0.0,,,,,0.0,146000000.0,1.0,152552504.0,152600000,152600000.0,23.303,5996000000.0,117000000.0,3000000.0,681000000.0,39.292,-20000000.0
41,SUN1,MRQ,2002-03-31,2002-03-31,2002-03-31,2021-08-25,0.0,5915000000.0,,1486000000.0,4429000000.0,,10.178,-70000000.0,76000000.0,76000000.0,2808000000.0,-107000000.0,0.962,2.828,1420000000.0,32000000.0,1388000000.0,1420000000.0,0.0,79000000.0,0.0,0.025,0.125,-138000000.0,-59000000.0,-0.02,-59000000.0,-138000000.0,-164000000.0,-0.705,-0.705,-0.705,1545000000.0,,1545000000.0,4428617145.0,12.0,6.475,-39000000.0,-0.257,1.0,123000000.0,0.042,0.0,26000000.0,5714000000.0,,531000000.0,165000000.0,0.0,165000000.0,4370000000.0,1545000000.0,2825000000.0,3026617145.0,34000000.0,11000000.0,121000000.0,-25000000.0,-19000000.0,64000000.0,-61000000.0,0.0,31000000.0,0.0,-107000000.0,-107000000.0,-107000000.0,0.0,0.0,-0.037,261000000.0,-138000000.0,1033000000.0,-0.177,1.959,16.36,17.782,4087000000.0,0.0,20.005,0.225,0.226,762000000.0,,2931000000.0,2931000000.0,0.0,,,,,0.0,154000000.0,1.0,151293034.0,151800000,151800000.0,19.308,5915000000.0,117000000.0,-57000000.0,680000000.0,38.966,-59000000.0
42,SUN1,MRQ,2001-12-31,2001-12-31,2001-12-31,2021-08-25,-28000000.0,6019000000.0,,1510000000.0,4509000000.0,,10.148,-54000000.0,42000000.0,42000000.0,2686000000.0,4000000.0,0.849,2.666,1444000000.0,302000000.0,1142000000.0,1444000000.0,0.0,84000000.0,0.0,0.027,0.125,26000000.0,110000000.0,0.037,110000000.0,26000000.0,0.0,0.065,0.06,0.065,1642000000.0,,1642000000.0,4134930535.0,6.0,4.09,-28000000.0,-0.173,1.0,266000000.0,0.09,0.0,26000000.0,5643000000.0,,652000000.0,165000000.0,0.0,165000000.0,4377000000.0,1778000000.0,2599000000.0,2934930535.0,-52000000.0,-31000000.0,-116000000.0,148000000.0,-20000000.0,5000000.0,-83000000.0,0.0,26000000.0,0.0,4000000.0,4000000.0,4000000.0,0.0,0.0,0.001,240000000.0,26000000.0,986000000.0,1.923,1.787,7.374,7.589,4099000000.0,0.0,18.67,0.208,0.214,700000000.0,2266000000.0,2952000000.0,2952000000.0,0.0,,,,,0.0,151000000.0,1.0,157200350.0,161800000,164000000.0,18.245,6019000000.0,116000000.0,-4000000.0,690000000.0,37.2,-268000000.0
43,SUN1,MRQ,2001-09-30,2001-09-30,2001-09-30,2021-08-25,0.0,6204000000.0,,1736000000.0,4468000000.0,,11.248,-132000000.0,94000000.0,94000000.0,3203000000.0,92000000.0,0.904,2.46,1294000000.0,153000000.0,1141000000.0,1294000000.0,0.0,80000000.0,0.0,0.028,0.125,136000000.0,216000000.0,0.06,216000000.0,136000000.0,111000000.0,0.575,0.57,0.575,1793000000.0,,1793000000.0,4096087736.0,5.0,3.382,75000000.0,0.471,1.0,402000000.0,0.112,0.0,25000000.0,5484000000.0,,615000000.0,179000000.0,0.0,179000000.0,4411000000.0,1920000000.0,2491000000.0,2879087736.0,16000000.0,58000000.0,-80000000.0,0.0,-20000000.0,-126000000.0,-65000000.0,0.0,207000000.0,0.0,92000000.0,92000000.0,92000000.0,0.0,0.0,0.026,266000000.0,136000000.0,1167000000.0,0.217,1.606,5.254,5.386,4086000000.0,0.0,17.8,0.187,0.184,921000000.0,,3605000000.0,3605000000.0,0.0,,,,,0.0,153000000.0,1.0,161746502.0,159400000,162000000.0,22.616,6204000000.0,106000000.0,19000000.0,729000000.0,38.921,-184000000.0
44,SUN1,MRQ,2001-06-30,2001-06-30,2001-06-30,2021-08-25,0.0,6204000000.0,,1732000000.0,4472000000.0,,10.953,-73000000.0,78000000.0,78000000.0,3351000000.0,196000000.0,0.903,2.437,1295000000.0,153000000.0,1142000000.0,1295000000.0,0.0,80000000.0,0.0,0.027,0.125,337000000.0,417000000.0,0.106,417000000.0,337000000.0,310000000.0,1.19,1.175,1.19,1805000000.0,,1805000000.0,4449458355.0,6.0,4.158,313000000.0,1.899,1.0,592000000.0,0.15,0.0,27000000.0,5502000000.0,,679000000.0,195000000.0,0.0,195000000.0,4399000000.0,1919000000.0,2480000000.0,3073458355.0,70000000.0,12000000.0,-125000000.0,-90000000.0,-21000000.0,-247000000.0,-69000000.0,0.0,386000000.0,0.0,196000000.0,196000000.0,196000000.0,0.0,0.0,0.05,255000000.0,337000000.0,1134000000.0,0.105,1.703,7.131,7.085,4073000000.0,0.0,18.315,0.198,0.195,883000000.0,,3943000000.0,3943000000.0,0.0,,,,,0.0,142000000.0,1.0,167810994.0,164800000,167000000.0,23.926,6204000000.0,92000000.0,114000000.0,732000000.0,37.646,-187000000.0
45,SUN1,MRQ,2001-03-31,2001-03-31,2001-03-31,2021-08-25,0.0,6229000000.0,,1772000000.0,4457000000.0,,10.403,-72000000.0,8000000.0,8000000.0,3200000000.0,106000000.0,0.875,2.547,1384000000.0,242000000.0,1142000000.0,1384000000.0,0.0,77000000.0,0.0,0.031,0.125,191000000.0,268000000.0,0.074,268000000.0,191000000.0,166000000.0,0.63,0.62,0.63,1756000000.0,,1756000000.0,3445865723.0,5.0,3.285,88000000.0,0.521,1.0,443000000.0,0.122,0.0,25000000.0,5579000000.0,,662000000.0,180000000.0,0.0,180000000.0,4473000000.0,2026000000.0,2447000000.0,2749865723.0,-231000000.0,-537000000.0,-31000000.0,289000000.0,-21000000.0,225000000.0,-616000000.0,0.0,160000000.0,0.0,106000000.0,106000000.0,106000000.0,0.0,0.0,0.029,252000000.0,191000000.0,1166000000.0,0.198,1.566,6.111,6.189,4061000000.0,0.0,16.215,0.181,0.18,1013000000.0,,3643000000.0,3643000000.0,0.0,,,,,0.0,137000000.0,1.0,169587772.0,168800000,170400000.0,21.582,6229000000.0,89000000.0,60000000.0,626000000.0,36.902,-254000000.0
46,SUN1,MRQ,2000-12-31,2000-12-31,2000-12-31,2021-08-25,0.0,5426000000.0,,1683000000.0,3743000000.0,,9.782,-169000000.0,239000000.0,239000000.0,3765000000.0,154000000.0,1.022,2.188,935000000.0,2000000.0,933000000.0,935000000.0,0.0,76000000.0,0.0,0.03,0.125,234000000.0,310000000.0,0.074,310000000.0,234000000.0,215000000.0,0.91,0.9,0.91,1702000000.0,,1702000000.0,3764102458.0,5.0,3.814,228000000.0,1.31,1.0,425000000.0,0.101,0.0,19000000.0,4476000000.0,,460000000.0,170000000.0,0.0,170000000.0,3724000000.0,1646000000.0,2078000000.0,2864102458.0,205000000.0,6000000.0,-2000000.0,0.0,-21000000.0,-37000000.0,-155000000.0,0.0,397000000.0,0.0,154000000.0,154000000.0,154000000.0,0.0,0.0,0.037,193000000.0,232000000.0,1052000000.0,0.137,1.683,6.787,6.946,3390000000.0,0.0,16.844,0.194,0.199,890000000.0,1950000000.0,4190000000.0,4190000000.0,0.0,,,,,0.0,74000000.0,1.0,170039478.0,174000000,175000000.0,24.08,5426000000.0,94000000.0,61000000.0,465000000.0,31.184,37000000.0
47,SUN1,MRQ,2000-09-30,2000-09-30,2000-09-30,2021-08-25,0.0,5333000000.0,,1638000000.0,3695000000.0,,9.152,-112000000.0,34000000.0,34000000.0,3310000000.0,-25000000.0,0.97,2.384,934000000.0,2000000.0,932000000.0,934000000.0,0.0,75000000.0,0.0,0.037,0.125,0.0,75000000.0,0.02,75000000.0,0.0,-21000000.0,-0.145,-0.145,-0.145,1576000000.0,,1576000000.0,3377372728.0,6.0,4.059,1000000.0,0.006,1.0,431000000.0,0.115,0.0,21000000.0,4544000000.0,,508000000.0,189000000.0,0.0,189000000.0,3757000000.0,1689000000.0,2068000000.0,2346372728.0,-29000000.0,6000000.0,-55000000.0,-160000000.0,-22000000.0,-29000000.0,-113000000.0,0.0,113000000.0,0.0,-25000000.0,-25000000.0,-25000000.0,0.0,0.0,-0.007,431000000.0,0.0,1163000000.0,-0.862,1.489,7.668,7.808,3305000000.0,0.0,13.469,0.17,0.168,1000000000.0,,3741000000.0,3741000000.0,0.0,,,,,0.0,141000000.0,1.0,174208648.0,172200000,172200000.0,21.725,5333000000.0,96000000.0,4000000.0,395000000.0,30.97,-51000000.0
48,SUN1,MRQ,2000-06-30,2000-06-30,2000-06-30,2021-08-25,0.0,5477000000.0,,1665000000.0,3812000000.0,,9.55,-104000000.0,63000000.0,63000000.0,3077000000.0,215000000.0,0.891,2.266,1094000000.0,161000000.0,933000000.0,1094000000.0,0.0,74000000.0,0.0,0.034,0.125,322000000.0,396000000.0,0.109,396000000.0,322000000.0,300000000.0,1.225,1.22,1.225,1677000000.0,,1677000000.0,3709979718.0,6.0,4.264,145000000.0,0.826,1.0,557000000.0,0.153,0.0,22000000.0,4640000000.0,,602000000.0,180000000.0,0.0,180000000.0,3800000000.0,1868000000.0,1932000000.0,2604979718.0,20000000.0,11000000.0,-44000000.0,-56000000.0,-22000000.0,-129000000.0,-100000000.0,0.0,249000000.0,0.0,215000000.0,215000000.0,215000000.0,0.0,0.0,0.059,236000000.0,321000000.0,1212000000.0,0.102,1.553,7.551,7.567,3434000000.0,0.0,14.719,0.204,0.203,907000000.0,,3634000000.0,3634000000.0,0.0,,,,,0.0,149000000.0,1.0,176983760.0,175600000,176600000.0,20.695,5477000000.0,93000000.0,85000000.0,439000000.0,31.19,-203000000.0
49,SUN1,MRQ,2000-03-31,2000-03-31,2000-03-31,2021-08-25,0.0,5325000000.0,,1544000000.0,3781000000.0,,8.565,-80000000.0,43000000.0,43000000.0,2833000000.0,78000000.0,0.845,2.485,1148000000.0,217000000.0,931000000.0,1148000000.0,0.0,73000000.0,0.0,0.037,0.125,133000000.0,206000000.0,0.065,206000000.0,133000000.0,113000000.0,0.435,0.435,0.435,1528000000.0,,1528000000.0,3401475914.0,11.0,5.66,-61000000.0,-0.342,1.0,354000000.0,0.111,0.0,20000000.0,4603000000.0,,489000000.0,117000000.0,0.0,117000000.0,3797000000.0,1827000000.0,1970000000.0,2459475914.0,-44000000.0,13000000.0,-37000000.0,66000000.0,-22000000.0,5000000.0,-68000000.0,0.0,19000000.0,0.0,78000000.0,78000000.0,78000000.0,-11000000.0,0.0,0.024,233000000.0,121000000.0,1081000000.0,0.287,1.61,15.766,15.824,3457000000.0,0.0,13.688,0.214,0.213,886000000.0,,3187000000.0,3187000000.0,0.0,,,,,0.0,138000000.0,1.0,179687738.0,178400000,179000000.0,17.864,5325000000.0,126000000.0,35000000.0,379000000.0,29.849,-283000000.0
50,SUN1,MRQ,1999-12-31,1999-12-31,1999-12-31,2021-08-25,0.0,5196000000.0,,1456000000.0,3740000000.0,,8.339,-152000000.0,87000000.0,87000000.0,3042000000.0,38000000.0,0.824,2.45,1029000000.0,151000000.0,878000000.0,1029000000.0,0.0,72000000.0,0.0,0.043,0.125,83000000.0,155000000.0,0.047,155000000.0,83000000.0,60000000.0,0.21,0.215,0.21,1506000000.0,,1506000000.0,3076334524.0,13.0,6.032,80000000.0,0.443,1.0,225000000.0,0.069,0.0,23000000.0,4372000000.0,,403000000.0,118000000.0,0.0,118000000.0,3690000000.0,1766000000.0,1924000000.0,2120334524.0,3000000.0,-17000000.0,-5000000.0,-16000000.0,-22000000.0,-51000000.0,-178000000.0,0.0,232000000.0,0.0,38000000.0,38000000.0,38000000.0,0.0,0.0,0.012,143000000.0,82000000.0,1038000000.0,0.595,1.408,21.859,21.963,3415000000.0,0.0,11.75,0.207,0.208,833000000.0,1615000000.0,3267000000.0,3267000000.0,0.0,,,,,0.0,53000000.0,1.0,180454002.0,180600000,182000000.0,18.09,5196000000.0,133000000.0,22000000.0,377000000.0,28.771,-310000000.0
51,SUN1,MRQ,1999-09-30,1999-09-30,1999-09-30,2021-08-25,0.0,5069000000.0,,1424000000.0,3645000000.0,,8.296,-82000000.0,84000000.0,84000000.0,2382000000.0,14000000.0,0.867,2.379,1040000000.0,168000000.0,872000000.0,1040000000.0,0.0,70000000.0,0.0,0.037,0.125,43000000.0,113000000.0,0.043,113000000.0,43000000.0,22000000.0,0.075,0.075,0.075,1500000000.0,,1500000000.0,3433693511.0,14.0,6.591,25000000.0,0.138,1.0,269000000.0,0.101,0.0,21000000.0,4383000000.0,,506000000.0,105000000.0,0.0,105000000.0,3569000000.0,1642000000.0,1927000000.0,2477693511.0,60000000.0,19000000.0,-10000000.0,60000000.0,-23000000.0,28000000.0,-75000000.0,0.0,107000000.0,0.0,14000000.0,14000000.0,14000000.0,0.0,0.0,0.005,226000000.0,43000000.0,920000000.0,1.667,1.652,22.322,23.004,3322000000.0,0.0,13.688,0.272,0.272,721000000.0,,2651000000.0,2651000000.0,0.0,,,,,0.0,135000000.0,1.0,181018704.0,180800000,182200000.0,14.663,5069000000.0,113000000.0,8000000.0,312000000.0,28.037,-218000000.0
52,SUN1,MRQ,1999-06-30,1999-06-30,1999-06-30,2021-08-25,0.0,4831000000.0,,1203000000.0,3628000000.0,,8.387,-84000000.0,24000000.0,24000000.0,2096000000.0,26000000.0,0.852,2.182,980000000.0,157000000.0,823000000.0,980000000.0,0.0,68000000.0,0.0,0.033,0.125,59000000.0,127000000.0,0.054,127000000.0,59000000.0,40000000.0,0.145,0.14,0.145,1518000000.0,,1518000000.0,3724207672.0,12.0,6.366,37000000.0,0.204,1.0,277000000.0,0.117,0.0,19000000.0,4375000000.0,,445000000.0,104000000.0,0.0,104000000.0,3313000000.0,1412000000.0,1901000000.0,2730207672.0,20000000.0,21000000.0,0.0,-18000000.0,-22000000.0,-38000000.0,-63000000.0,0.0,121000000.0,0.0,26000000.0,26000000.0,26000000.0,0.0,0.0,0.011,219000000.0,58000000.0,690000000.0,0.862,1.799,15.425,15.888,3318000000.0,0.0,15.094,0.318,0.318,616000000.0,,2373000000.0,2373000000.0,0.0,,,,,0.0,134000000.0,1.0,180883324.0,181000000,182600000.0,13.11,4831000000.0,118000000.0,14000000.0,311000000.0,26.691,-209000000.0
53,SUN1,MRQ,1999-03-31,1999-03-31,1999-03-31,2021-08-25,0.0,4733000000.0,,1095000000.0,3638000000.0,,8.363,-56000000.0,4000000.0,4000000.0,1662000000.0,19000000.0,0.839,2.13,998000000.0,175000000.0,823000000.0,998000000.0,0.0,66000000.0,0.0,0.028,0.125,49000000.0,115000000.0,0.059,115000000.0,49000000.0,28000000.0,0.105,0.105,0.105,1512000000.0,,1512000000.0,4234788127.0,10.0,6.292,-17000000.0,-0.094,1.0,271000000.0,0.14,0.0,21000000.0,4422000000.0,,428000000.0,109000000.0,0.0,109000000.0,3221000000.0,1305000000.0,1916000000.0,3260788127.0,-34000000.0,20000000.0,0.0,-14000000.0,-23000000.0,-37000000.0,-36000000.0,0.0,39000000.0,0.0,19000000.0,19000000.0,19000000.0,0.0,0.0,0.01,222000000.0,49000000.0,587000000.0,1.19,2.157,13.935,13.557,3316000000.0,0.0,18.031,0.388,0.388,545000000.0,,1933000000.0,1933000000.0,0.0,,,,,0.0,133000000.0,1.0,180840936.0,180800000,182400000.0,10.691,4733000000.0,118000000.0,9000000.0,292000000.0,26.178,-210000000.0
54,SUN1,MRQ,1998-12-31,1998-12-31,1998-12-31,2021-08-25,0.0,4849000000.0,,1180000000.0,3669000000.0,,8.99,-132000000.0,38000000.0,38000000.0,1765000000.0,52000000.0,0.853,2.203,1012000000.0,189000000.0,823000000.0,1012000000.0,0.0,68000000.0,0.0,0.028,0.125,98000000.0,166000000.0,0.077,166000000.0,98000000.0,79000000.0,0.27,0.275,0.27,1514000000.0,,1514000000.0,4309097076.0,9.0,5.96,-33000000.0,-0.196,1.0,379000000.0,0.177,0.0,19000000.0,4439000000.0,,483000000.0,108000000.0,0.0,108000000.0,3335000000.0,1384000000.0,1951000000.0,3371097076.0,-43000000.0,28000000.0,-133000000.0,99000000.0,-23000000.0,-49000000.0,-93000000.0,0.0,99000000.0,0.0,52000000.0,52000000.0,52000000.0,0.0,0.0,0.024,281000000.0,98000000.0,589000000.0,0.463,2.227,12.966,11.671,3346000000.0,0.0,18.031,0.393,0.354,537000000.0,1608000000.0,2144000000.0,2144000000.0,0.0,,,,,0.0,139000000.0,1.0,186958590.0,168400000,190000000.0,12.732,4849000000.0,122000000.0,27000000.0,293000000.0,28.795,-204000000.0
55,SUN1,MRQ,1998-09-30,1998-09-30,1998-09-30,2021-08-25,,,,,,,,-101000000.0,,,1798000000.0,80000000.0,,,,,,,,65000000.0,,0.031,0.125,112000000.0,177000000.0,0.083,177000000.0,112000000.0,92000000.0,0.43,0.425,0.43,,,,3929337440.0,,,131000000.0,0.701,1.0,333000000.0,0.156,,20000000.0,,,,,,,,,,2991337440.0,70000000.0,5000000.0,2000000.0,-36000000.0,-24000000.0,-64000000.0,-98000000.0,0.0,232000000.0,0.0,80000000.0,80000000.0,80000000.0,0.0,0.0,0.038,222000000.0,111000000.0,,0.291,,,,,0.0,16.0,,,,,2131000000.0,2131000000.0,0.0,,,,,0.0,135000000.0,1.0,186958590.0,187000000,189000000.0,11.396,,,12000000.0,,,
56,SUN1,MRQ,1998-06-30,1998-06-30,1998-06-30,2021-08-25,0.0,4781000000.0,,1180000000.0,3601000000.0,,9.766,-120000000.0,11000000.0,11000000.0,1829000000.0,92000000.0,0.955,2.094,949000000.0,90000000.0,859000000.0,949000000.0,0.0,62000000.0,0.0,0.026,0.125,153000000.0,215000000.0,0.098,215000000.0,153000000.0,136000000.0,0.525,0.485,0.525,1545000000.0,,1545000000.0,3485311883.0,,,-91000000.0,-0.575,1.0,361000000.0,0.165,0.0,17000000.0,4483000000.0,,522000000.0,121000000.0,0.0,121000000.0,3236000000.0,1236000000.0,2000000000.0,2748311883.0,-82000000.0,42000000.0,-11000000.0,10000000.0,-26000000.0,-33000000.0,-78000000.0,0.0,29000000.0,0.0,92000000.0,83000000.0,83000000.0,0.0,0.0,0.038,210000000.0,151000000.0,569000000.0,0.238,1.779,,,3260000000.0,9000000.0,19.406,,,542000000.0,,2190000000.0,2190000000.0,0.0,,,,,0.0,128000000.0,1.0,141619936.0,158200000,190400000.0,13.843,4781000000.0,105000000.0,44000000.0,244000000.0,30.221,-56000000.0
57,SUN1,MRQ,1998-03-31,1998-03-31,1998-03-31,2021-08-25,0.0,4733000000.0,,1276000000.0,3457000000.0,,10.523,-104000000.0,93000000.0,93000000.0,1813000000.0,56000000.0,0.978,2.177,830000000.0,6000000.0,824000000.0,830000000.0,0.0,62000000.0,0.0,0.024,0.125,103000000.0,165000000.0,0.078,165000000.0,103000000.0,82000000.0,0.32,0.29,0.32,1490000000.0,,1490000000.0,3699486103.0,,,-112000000.0,-0.791,1.0,305000000.0,0.144,0.0,21000000.0,4165000000.0,,502000000.0,135000000.0,0.0,135000000.0,3243000000.0,1305000000.0,1938000000.0,2896486103.0,60000000.0,13000000.0,-2000000.0,-6000000.0,-29000000.0,159000000.0,-91000000.0,0.0,-8000000.0,0.0,56000000.0,45000000.0,45000000.0,0.0,0.0,0.021,205000000.0,100000000.0,719000000.0,0.391,1.944,,,3098000000.0,11000000.0,20.469,,,572000000.0,,2118000000.0,2118000000.0,0.0,,,,,0.0,119000000.0,1.0,141507718.0,141600000,192200000.0,14.958,4733000000.0,109000000.0,26000000.0,202000000.0,33.425,-29000000.0
58,SUN1,MRQ,1997-12-31,1997-12-31,1997-12-31,2021-08-25,0.0,4667000000.0,,1248000000.0,3419000000.0,,10.111,,33000000.0,33000000.0,,,0.852,2.192,836000000.0,12000000.0,824000000.0,836000000.0,0.0,,0.0,0.024,0.125,,,,,,,,,,1462000000.0,,1462000000.0,,,,,,1.0,,,0.0,,4006000000.0,,431000000.0,137000000.0,0.0,137000000.0,3205000000.0,1464000000.0,1741000000.0,2976084194.0,,,,,,,,,,,,,,,,,,,830000000.0,,2.036,13.589,13.882,3064000000.0,,21.031,0.283,0.289,671000000.0,1430000000.0,,,,,,,,,,1.0,141507718.0,144600000,,,4667000000.0,113000000.0,,161000000.0,32.275,-216000000.0
59,SUN1,MRQ,1997-06-30,1997-06-30,1997-06-30,2021-08-25,,,,,,,,-95000000.0,,,2197000000.0,105000000.0,,,,,,,,64000000.0,,0.032,0.125,176000000.0,240000000.0,0.093,240000000.0,176000000.0,157000000.0,0.645,0.535,0.645,,,,,,,59000000.0,0.405,1.0,396000000.0,0.153,,19000000.0,,,,,,,,,,,23000000.0,19000000.0,-11000000.0,0.0,-30000000.0,-48000000.0,-83000000.0,0.0,154000000.0,0.0,105000000.0,94000000.0,94000000.0,0.0,0.0,0.036,221000000.0,175000000.0,,0.194,,,,,11000000.0,15.5,,,,,2593000000.0,2593000000.0,0.0,,,,,0.0,140000000.0,1.0,,145600000,195600000.0,17.809,,,52000000.0,,,
60,SUN1,MRQ,1997-03-31,1997-03-31,1997-03-31,2021-08-25,,,,,,,,-59000000.0,,,2449000000.0,18000000.0,,,,,,,,66000000.0,,0.038,0.125,46000000.0,112000000.0,0.041,112000000.0,46000000.0,27000000.0,0.05,0.05,0.05,,,,,,,-89000000.0,-0.61,1.0,295000000.0,0.108,,19000000.0,,,,,,,,,,,-40000000.0,73000000.0,0.0,-1000000.0,-29000000.0,-32000000.0,22000000.0,0.0,-30000000.0,0.0,18000000.0,7000000.0,7000000.0,0.0,0.0,0.003,249000000.0,46000000.0,,2.5,,,,,11000000.0,13.062,,,,,2744000000.0,2744000000.0,0.0,,,,,0.0,127000000.0,1.0,,146000000,146000000.0,18.795,,,9000000.0,,,
61,SUN1,MRQ,1996-12-31,1996-12-31,1996-12-31,2021-08-25,0.0,5025000000.0,,1535000000.0,3490000000.0,,9.769,,67000000.0,67000000.0,,,0.845,2.494,889000000.0,54000000.0,835000000.0,889000000.0,0.0,,0.0,0.041,0.125,,,,,,,,,,1438000000.0,,1438000000.0,,,,,,1.0,,,0.0,,4030000000.0,,476000000.0,170000000.0,0.0,170000000.0,3587000000.0,1817000000.0,1770000000.0,,,,,,,,,,,,,,,,,,,,1081000000.0,,,,-11.233,3044000000.0,,12.188,,0.159,864000000.0,1284000000.0,,,,,,,,,,1.0,,147200000,,,5025000000.0,128000000.0,,109000000.0,34.137,-282000000.0
0,SUN1,MRT,2012-06-30,2012-06-30,2012-06-30,2021-08-25,0.0,9337000000.0,10841750000.0,5100000000.0,4237000000.0,4.56,8.724,-617000000.0,1884000000.0,1884000000.0,47005000000.0,-722000000.0,1.278,8.287,2548000000.0,0.0,2548000000.0,2548000000.0,0.0,301000000.0,0.0,0.015,0.7,-1509000000.0,-1208000000.0,-0.024,-1208000000.0,-1509000000.0,-1715000000.0,-8.33,-8.35,-8.33,916000000.0,957750000.0,916000000.0,5617061615.0,-4.0,-4.65,264000000.0,2.514,1.0,2430000000.0,0.049,0.0,206000000.0,6010000000.0,7226500000.0,462000000.0,121000000.0,0.0,121000000.0,7591000000.0,3991000000.0,3600000000.0,5030061615.0,408000000.0,138000000.0,-600000000.0,970000000.0,-77000000.0,-3000000.0,-470000000.0,0.0,881000000.0,0.0,-962000000.0,-962000000.0,-962000000.0,-23000000.0,240000000.0,-0.019,3740000000.0,-1310000000.0,3210000000.0,-0.084,5.491,-5.229,-5.702,3547000000.0,0.0,47.5,0.102,0.101,2556000000.0,,49435000000.0,49435000000.0,0.0,-0.089,-1.004,-0.209,-0.031,0.0,621000000.0,1.0,105896034.0,105000000,105400000.0,470.81,9337000000.0,229000000.0,-753000000.0,561000000.0,88.924,1109000000.0
1,SUN1,MRT,2012-03-31,2012-03-31,2012-03-31,2021-08-25,0.0,9801000000.0,11885500000.0,5582000000.0,4219000000.0,4.083,6.754,-667000000.0,1985000000.0,1985000000.0,46470000000.0,-1128000000.0,1.197,11.535,2572000000.0,0.0,2572000000.0,2572000000.0,0.0,362000000.0,0.0,0.017,0.65,-2027000000.0,-1665000000.0,-0.034,-1665000000.0,-2027000000.0,-2231000000.0,-11.72,-11.73,-11.72,720000000.0,1435750000.0,720000000.0,5555059280.0,-3.0,-3.336,97000000.0,0.91,1.0,2054000000.0,0.042,0.0,204000000.0,5723000000.0,7989000000.0,387000000.0,118000000.0,0.0,118000000.0,8305000000.0,4665000000.0,3640000000.0,4075059280.0,505000000.0,315000000.0,-550000000.0,1001000000.0,-74000000.0,87000000.0,-346000000.0,0.0,764000000.0,0.0,-1335000000.0,-1335000000.0,-1335000000.0,120000000.0,207000000.0,-0.028,3771000000.0,-1717000000.0,3869000000.0,-0.055,5.66,-3.052,-3.255,3494000000.0,0.0,38.15,0.084,0.084,2849000000.0,,48524000000.0,48524000000.0,0.0,-0.112,-0.93,-0.254,-0.042,0.0,610000000.0,1.0,106816757.0,106600000,107100000.0,455.197,9801000000.0,317000000.0,-896000000.0,503000000.0,91.942,917000000.0
2,SUN1,MRT,2011-12-31,2011-12-31,2011-12-31,2021-08-25,0.0,11982000000.0,12881750000.0,6008000000.0,5974000000.0,3.642,7.718,-723000000.0,2064000000.0,2064000000.0,45376000000.0,-1509000000.0,1.119,11.402,3544000000.0,385000000.0,3159000000.0,3544000000.0,0.0,410000000.0,0.0,0.015,0.6,-2537000000.0,-2127000000.0,-0.045,-2127000000.0,-2537000000.0,-2735000000.0,-14.55,-14.55,-14.55,893000000.0,1993250000.0,893000000.0,6247186251.0,-2.0,-2.937,-586000000.0,-5.065,1.0,1540000000.0,0.033,0.0,198000000.0,8092000000.0,8837750000.0,587000000.0,158000000.0,0.0,158000000.0,10182000000.0,5370000000.0,4812000000.0,4379186251.0,579000000.0,638000000.0,-500000000.0,1294000000.0,-71000000.0,540000000.0,-98000000.0,0.0,137000000.0,0.0,-1684000000.0,-1684000000.0,-1684000000.0,156000000.0,175000000.0,-0.036,3772000000.0,-2232000000.0,4098000000.0,-0.041,4.904,-2.6,-2.819,4965000000.0,0.0,41.02,0.093,0.101,3071000000.0,3947000000.0,46916000000.0,46916000000.0,0.0,-0.131,-0.845,-0.287,-0.054,0.0,645000000.0,1.0,106757344.0,115700000,115700000.0,405.497,11982000000.0,354000000.0,-1051000000.0,690000000.0,103.561,638000000.0
3,SUN1,MRT,2011-09-30,2011-09-30,2011-09-30,2021-08-25,0.0,12247000000.0,13210500000.0,6127000000.0,6120000000.0,3.286,11.431,-761000000.0,1656000000.0,1656000000.0,41771000000.0,-1071000000.0,1.217,7.713,3524000000.0,147000000.0,3377000000.0,3524000000.0,0.0,468000000.0,0.0,0.019,0.6,-1781000000.0,-1313000000.0,-0.03,-1313000000.0,-1781000000.0,-1961000000.0,-10.77,-10.76,-10.77,1302000000.0,2531500000.0,1302000000.0,4758527057.0,-3.0,-3.624,-422000000.0,-3.705,1.0,1642000000.0,0.038,0.0,180000000.0,9081000000.0,9142750000.0,1153000000.0,165000000.0,0.0,165000000.0,10042000000.0,5034000000.0,5008000000.0,3756527057.0,527000000.0,519000000.0,-500000000.0,1158000000.0,-74000000.0,419000000.0,-231000000.0,0.0,339000000.0,0.0,-1235000000.0,-1235000000.0,-1235000000.0,124000000.0,164000000.0,-0.028,3151000000.0,-1509000000.0,4240000000.0,-0.056,2.885,-3.042,-2.879,5183000000.0,0.0,31.01,0.087,0.081,3092000000.0,,43413000000.0,43413000000.0,0.0,-0.093,-0.488,-0.195,-0.041,0.0,618000000.0,1.0,121139215.0,113900000,113900000.0,381.15,12247000000.0,137000000.0,-726000000.0,788000000.0,107.524,1093000000.0
4,SUN1,MRT,2011-06-30,2011-06-30,2011-06-30,2021-08-25,0.0,13512000000.0,13385000000.0,5729000000.0,7783000000.0,3.024,23.353,-759000000.0,1476000000.0,1476000000.0,38761000000.0,139000000.0,1.05,3.499,2478000000.0,393000000.0,2085000000.0,2478000000.0,0.0,482000000.0,0.0,0.014,0.6,182000000.0,664000000.0,0.016,664000000.0,182000000.0,15000000.0,-0.61,-0.6,-0.61,2828000000.0,2936000000.0,2828000000.0,6043353325.0,33.0,9.101,-378000000.0,-3.121,1.0,1712000000.0,0.042,0.0,167000000.0,9060000000.0,9288000000.0,970000000.0,163000000.0,0.0,163000000.0,9895000000.0,5454000000.0,4441000000.0,5051353325.0,14000000.0,485000000.0,144000000.0,-36000000.0,-73000000.0,-81000000.0,-286000000.0,0.0,381000000.0,0.0,-74000000.0,-74000000.0,-74000000.0,141000000.0,213000000.0,-0.002,1188000000.0,524000000.0,4164000000.0,-0.984,1.786,-68.262,-68.377,7043000000.0,0.0,41.71,0.125,0.125,3044000000.0,,40473000000.0,40473000000.0,0.0,-0.006,-0.025,0.02,0.004,0.0,602000000.0,1.0,121106529.0,121100000,121100000.0,334.211,13512000000.0,121000000.0,89000000.0,1554000000.0,111.577,275000000.0
5,SUN1,MRT,2011-03-31,2011-03-31,2011-03-31,2021-08-25,0.0,13786000000.0,13137750000.0,5879000000.0,7907000000.0,2.949,24.4,-761000000.0,1480000000.0,1480000000.0,36785000000.0,386000000.0,1.039,3.421,2472000000.0,320000000.0,2152000000.0,2472000000.0,0.0,492000000.0,0.0,0.013,0.6,513000000.0,1005000000.0,0.026,1005000000.0,513000000.0,345000000.0,1.64,1.65,1.64,2950000000.0,2936750000.0,2950000000.0,6443152147.0,13.0,6.411,64000000.0,0.529,1.0,1956000000.0,0.05,0.0,168000000.0,9118000000.0,9212750000.0,1165000000.0,163000000.0,0.0,163000000.0,10092000000.0,5660000000.0,4432000000.0,5499152147.0,668000000.0,638000000.0,144000000.0,29000000.0,-73000000.0,-23000000.0,-134000000.0,0.0,825000000.0,0.0,196000000.0,196000000.0,196000000.0,2000000.0,190000000.0,0.005,1265000000.0,691000000.0,4512000000.0,0.366,1.864,28.057,27.799,7148000000.0,0.0,45.59,0.142,0.142,2875000000.0,,38741000000.0,38741000000.0,0.0,0.015,0.067,0.056,0.013,0.0,626000000.0,1.0,120621894.0,120900000,120900000.0,320.438,13786000000.0,74000000.0,149000000.0,1543000000.0,114.028,219000000.0
6,SUN1,MRT,2010-12-31,2010-12-31,2010-12-31,2021-08-25,-249000000.0,13297000000.0,12718000000.0,5726000000.0,7571000000.0,2.862,25.362,-772000000.0,1485000000.0,1485000000.0,34359000000.0,428000000.0,1.162,3.118,2429000000.0,293000000.0,2136000000.0,2429000000.0,0.0,497000000.0,0.0,0.015,0.6,516000000.0,1013000000.0,0.028,1013000000.0,516000000.0,352000000.0,1.95,1.95,1.95,3046000000.0,2877250000.0,3046000000.0,6278558436.0,12.0,6.198,922000000.0,7.677,1.0,2041000000.0,0.056,0.0,164000000.0,9312000000.0,9244000000.0,404000000.0,160000000.0,0.0,160000000.0,9498000000.0,4929000000.0,4569000000.0,4860558436.0,1108000000.0,130000000.0,289000000.0,-32000000.0,-73000000.0,61000000.0,-647000000.0,0.0,1694000000.0,0.0,234000000.0,234000000.0,234000000.0,17000000.0,194000000.0,0.006,1329000000.0,712000000.0,3912000000.0,0.308,1.596,20.772,20.672,7055000000.0,0.0,40.31,0.134,0.133,2679000000.0,5702000000.0,36400000000.0,36400000000.0,0.0,0.018,0.081,0.056,0.014,0.0,640000000.0,1.0,120579470.0,120100000,120300000.0,303.081,13297000000.0,129000000.0,118000000.0,1560000000.0,110.716,797000000.0
7,SUN1,MRT,2010-09-30,2010-09-30,2010-09-30,2021-08-25,0.0,12945000000.0,12367500000.0,4547000000.0,8398000000.0,2.829,24.212,-726000000.0,1129000000.0,1129000000.0,33174000000.0,366000000.0,0.967,3.175,2547000000.0,293000000.0,2254000000.0,2547000000.0,0.0,495000000.0,0.0,0.021,0.75,351000000.0,846000000.0,0.024,846000000.0,351000000.0,191000000.0,1.46,1.46,1.46,2920000000.0,2755000000.0,2920000000.0,5457864495.0,16.0,6.451,746000000.0,6.186,1.0,1818000000.0,0.052,0.0,160000000.0,9662000000.0,9307000000.0,869000000.0,164000000.0,0.0,164000000.0,9271000000.0,4701000000.0,4570000000.0,4400864495.0,951000000.0,355000000.0,289000000.0,-52000000.0,-89000000.0,33000000.0,-554000000.0,0.0,1472000000.0,0.0,173000000.0,173000000.0,173000000.0,10000000.0,193000000.0,0.005,1279000000.0,539000000.0,3691000000.0,0.514,1.507,25.439,25.0,7838000000.0,0.0,36.5,0.126,0.126,2453000000.0,,34992000000.0,34992000000.0,0.0,0.014,0.063,0.038,0.01,0.0,615000000.0,1.0,120571630.0,120600000,120800000.0,290.149,12945000000.0,96000000.0,18000000.0,1440000000.0,107.338,-154000000.0
8,SUN1,MRT,2010-06-30,2010-06-30,2010-06-30,2021-08-25,0.0,12523000000.0,11973500000.0,4754000000.0,7769000000.0,2.858,23.474,-783000000.0,1462000000.0,1462000000.0,32597000000.0,-92000000.0,0.986,3.253,2519000000.0,300000000.0,2219000000.0,2519000000.0,0.0,491000000.0,0.0,0.026,0.9,-279000000.0,212000000.0,0.006,212000000.0,-279000000.0,-433000000.0,-1.75,-1.75,-1.75,2831000000.0,2635750000.0,2831000000.0,5826887542.0,-21.0,27.485,812000000.0,6.733,1.0,1627000000.0,0.048,0.0,154000000.0,8759000000.0,9308000000.0,909000000.0,183000000.0,0.0,183000000.0,9208000000.0,4821000000.0,4387000000.0,4191887542.0,1395000000.0,525000000.0,145000000.0,162000000.0,-106000000.0,91000000.0,-291000000.0,0.0,1595000000.0,0.0,-204000000.0,-204000000.0,-204000000.0,12000000.0,112000000.0,-0.006,1805000000.0,-178000000.0,3785000000.0,-0.514,1.481,-20.548,-19.869,7330000000.0,0.0,34.77,0.122,0.123,2287000000.0,,34224000000.0,34224000000.0,0.0,-0.017,-0.077,-0.03,-0.008,0.0,638000000.0,1.0,120560470.0,120600000,120600000.0,283.781,12523000000.0,96000000.0,-229000000.0,1275000000.0,103.839,-67000000.0
9,SUN1,MRT,2010-03-31,2010-03-31,2010-03-31,2021-08-25,0.0,12107000000.0,11868500000.0,4400000000.0,7707000000.0,2.691,22.828,-833000000.0,812000000.0,812000000.0,30599000000.0,-289000000.0,0.978,3.285,2447000000.0,123000000.0,2324000000.0,2447000000.0,0.0,513000000.0,0.0,0.035,1.05,-613000000.0,-100000000.0,-0.003,-100000000.0,-613000000.0,-766000000.0,-3.44,-3.44,-3.44,2712000000.0,2633250000.0,2712000000.0,5561439991.0,-9.0,-55.614,319000000.0,2.685,1.0,1337000000.0,0.042,0.0,153000000.0,9243000000.0,9633000000.0,835000000.0,179000000.0,0.0,179000000.0,8908000000.0,4499000000.0,4409000000.0,3474439991.0,606000000.0,322000000.0,255000000.0,-63000000.0,-107000000.0,-31000000.0,-515000000.0,0.0,1152000000.0,0.0,-404000000.0,-404000000.0,-404000000.0,-5000000.0,115000000.0,-0.013,1872000000.0,-535000000.0,3497000000.0,-0.305,1.281,-8.6,-8.637,7279000000.0,0.0,29.71,0.109,0.111,2273000000.0,,31936000000.0,31936000000.0,0.0,-0.034,-0.153,-0.064,-0.019,0.0,629000000.0,1.0,116945136.0,118800000,118800000.0,268.822,12107000000.0,129000000.0,-362000000.0,1195000000.0,101.911,-99000000.0
10,SUN1,MRT,2009-12-31,2009-12-31,2009-12-31,2021-08-25,-329000000.0,11895000000.0,11685000000.0,3764000000.0,8131000000.0,2.541,21.873,-899000000.0,377000000.0,377000000.0,28263000000.0,-200000000.0,0.852,3.432,2464000000.0,403000000.0,2061000000.0,2464000000.0,0.0,521000000.0,0.0,0.046,1.2,-542000000.0,-21000000.0,-0.001,-21000000.0,-542000000.0,-687000000.0,-2.81,-2.81,-2.81,2557000000.0,2663750000.0,2557000000.0,5475329859.0,-10.0,-260.73,-351000000.0,-3.003,1.0,1433000000.0,0.048,0.0,145000000.0,9564000000.0,9823000000.0,635000000.0,179000000.0,0.0,179000000.0,8776000000.0,4418000000.0,4358000000.0,3051329859.0,137000000.0,316000000.0,110000000.0,298000000.0,-140000000.0,174000000.0,-585000000.0,0.0,548000000.0,0.0,-329000000.0,-329000000.0,-329000000.0,-38000000.0,129000000.0,-0.011,1923000000.0,-490000000.0,3322000000.0,-0.427,1.193,-9.275,-9.288,7626000000.0,0.0,26.1,0.103,0.103,2262000000.0,5541000000.0,29696000000.0,29696000000.0,0.0,-0.028,-0.124,-0.055,-0.018,0.0,651000000.0,1.0,116909190.0,116900000,116900000.0,254.029,11895000000.0,490000000.0,-358000000.0,1207000000.0,101.754,-654000000.0
11,SUN1,MRT,2009-09-30,2009-09-30,2009-09-30,2021-08-25,0.0,11369000000.0,11498750000.0,3265000000.0,8104000000.0,2.5,20.898,-1087000000.0,178000000.0,178000000.0,26772000000.0,-13000000.0,0.791,3.426,2602000000.0,509000000.0,2093000000.0,2602000000.0,0.0,527000000.0,0.0,0.042,1.2,-153000000.0,374000000.0,0.013,374000000.0,-153000000.0,-288000000.0,-1.3,-1.29,-1.3,2443000000.0,2735000000.0,2443000000.0,5618796636.0,-37.0,15.024,-996000000.0,-8.52,1.0,1978000000.0,0.069,0.0,135000000.0,9666000000.0,9716000000.0,1012000000.0,183000000.0,0.0,183000000.0,8369000000.0,4127000000.0,4242000000.0,3325796636.0,-149000000.0,-93000000.0,110000000.0,866000000.0,-96000000.0,746000000.0,-986000000.0,0.0,91000000.0,0.0,-151000000.0,-151000000.0,-151000000.0,62000000.0,138000000.0,-0.005,1978000000.0,0.0,2939000000.0,-0.923,1.361,-22.025,-21.885,7603000000.0,0.0,28.45,0.116,0.116,1907000000.0,,28750000000.0,28750000000.0,0.0,-0.013,-0.055,-0.016,-0.005,0.0,737000000.0,1.0,116899706.0,116900000,116900000.0,245.937,11369000000.0,168000000.0,-137000000.0,856000000.0,97.254,-862000000.0
12,SUN1,MRT,2009-06-30,2009-06-30,2009-06-30,2021-08-25,0.0,12103000000.0,11916000000.0,3644000000.0,8459000000.0,2.975,24.132,-1182000000.0,67000000.0,67000000.0,32576000000.0,849000000.0,0.84,3.093,2360000000.0,293000000.0,2067000000.0,2360000000.0,0.0,532000000.0,0.0,0.052,1.2,1228000000.0,1760000000.0,0.05,1760000000.0,1228000000.0,1103000000.0,6.06,6.06,6.06,2821000000.0,2867500000.0,2821000000.0,5018998591.0,4.0,2.852,-590000000.0,-5.047,1.0,2876000000.0,0.081,0.0,125000000.0,10059000000.0,9419250000.0,1053000000.0,180000000.0,0.0,180000000.0,8726000000.0,4337000000.0,4389000000.0,2711998591.0,-147000000.0,-36000000.0,110000000.0,531000000.0,-112000000.0,415000000.0,-1154000000.0,0.0,592000000.0,0.0,710000000.0,710000000.0,710000000.0,47000000.0,139000000.0,0.02,1506000000.0,1370000000.0,3354000000.0,0.198,0.961,3.82,3.828,7934000000.0,0.0,23.2,0.076,0.077,2356000000.0,,35452000000.0,35452000000.0,0.0,0.06,0.248,0.13,0.035,0.0,760000000.0,1.0,116896491.0,116900000,116800000.0,303.268,12103000000.0,168000000.0,393000000.0,1107000000.0,103.533,-693000000.0
13,SUN1,MRT,2009-03-31,2009-03-31,2009-03-31,2021-08-25,0.0,11373000000.0,12471750000.0,2959000000.0,8414000000.0,3.418,24.243,-1256000000.0,206000000.0,206000000.0,39615000000.0,978000000.0,0.805,2.851,2513000000.0,420000000.0,2093000000.0,2513000000.0,0.0,512000000.0,0.0,0.045,1.2,1438000000.0,1950000000.0,0.046,1950000000.0,1438000000.0,1324000000.0,7.23,7.23,7.23,2834000000.0,2765750000.0,2834000000.0,5017934418.0,3.0,2.573,-592000000.0,-5.064,1.0,3009000000.0,0.071,0.0,114000000.0,10003000000.0,8930250000.0,859000000.0,178000000.0,0.0,178000000.0,8080000000.0,3677000000.0,4403000000.0,3094934418.0,-141000000.0,-186000000.0,0.0,824000000.0,-143000000.0,605000000.0,-1410000000.0,0.0,664000000.0,0.0,847000000.0,847000000.0,847000000.0,59000000.0,131000000.0,0.02,1421000000.0,1588000000.0,2565000000.0,0.166,1.092,3.654,3.663,7886000000.0,0.0,26.48,0.073,0.073,1725000000.0,,42624000000.0,42624000000.0,0.0,0.068,0.306,0.161,0.034,0.0,789000000.0,1.0,116878188.0,116900000,117000000.0,364.619,11373000000.0,169000000.0,477000000.0,1086000000.0,97.288,-718000000.0
14,SUN1,MRT,2008-12-31,2008-12-31,2008-12-31,2021-08-25,-477000000.0,11150000000.0,12838000000.0,2835000000.0,8315000000.0,3.855,24.291,-1286000000.0,240000000.0,240000000.0,46635000000.0,889000000.0,0.72,2.769,2163000000.0,458000000.0,1705000000.0,2163000000.0,0.0,515000000.0,0.0,0.027,1.175,1329000000.0,1844000000.0,0.037,1844000000.0,1329000000.0,1218000000.0,6.63,6.63,6.63,2842000000.0,2649000000.0,2842000000.0,6485833993.0,5.0,3.517,-450000000.0,-3.846,1.0,2850000000.0,0.058,0.0,111000000.0,9136000000.0,8419750000.0,821000000.0,173000000.0,0.0,173000000.0,7870000000.0,3937000000.0,3933000000.0,5078833993.0,-408000000.0,-185000000.0,-49000000.0,435000000.0,-138000000.0,157000000.0,-1401000000.0,0.0,836000000.0,0.0,776000000.0,776000000.0,776000000.0,69000000.0,113000000.0,0.016,1378000000.0,1472000000.0,2409000000.0,0.177,1.787,6.545,6.555,7799000000.0,0.0,43.46,0.103,0.103,1636000000.0,6010000000.0,49485000000.0,49485000000.0,0.0,0.06,0.293,0.158,0.027,0.0,798000000.0,1.0,116862264.0,117000000,117100000.0,422.949,11150000000.0,138000000.0,442000000.0,1198000000.0,95.299,-1102000000.0
15,SUN1,MRT,2008-09-30,2008-09-30,2008-09-30,2021-08-25,0.0,13038000000.0,13157000000.0,4815000000.0,8223000000.0,4.062,25.41,-1195000000.0,327000000.0,327000000.0,51132000000.0,707000000.0,0.807,3.385,1734000000.0,251000000.0,1483000000.0,1734000000.0,0.0,506000000.0,0.0,0.032,1.15,890000000.0,1396000000.0,0.026,1396000000.0,890000000.0,776000000.0,4.85,4.85,4.85,2973000000.0,2571750000.0,2973000000.0,5769959353.0,6.0,4.133,653000000.0,5.581,1.0,2306000000.0,0.043,0.0,114000000.0,8479000000.0,8102250000.0,1108000000.0,171000000.0,0.0,171000000.0,10065000000.0,5966000000.0,4099000000.0,4157959353.0,64000000.0,-1000000.0,-55000000.0,-305000000.0,-193000000.0,-610000000.0,-1174000000.0,0.0,1848000000.0,0.0,563000000.0,563000000.0,563000000.0,-120000000.0,144000000.0,0.011,1425000000.0,881000000.0,4840000000.0,0.237,1.399,7.385,7.336,7539000000.0,0.0,35.58,0.078,0.078,3248000000.0,,53438000000.0,53438000000.0,0.0,0.043,0.219,0.11,0.017,0.0,769000000.0,1.0,116862264.0,117000000,116900000.0,456.735,13038000000.0,132000000.0,213000000.0,1375000000.0,111.436,-1151000000.0
16,SUN1,MRT,2008-06-30,2008-06-30,2008-06-30,2021-08-25,0.0,14326000000.0,12899000000.0,6264000000.0,8062000000.0,3.859,20.668,-1096000000.0,214000000.0,214000000.0,47985000000.0,347000000.0,0.799,4.935,1826000000.0,103000000.0,1723000000.0,1826000000.0,0.0,500000000.0,0.0,0.028,1.125,374000000.0,874000000.0,0.018,874000000.0,374000000.0,258000000.0,1.99,2.0,1.99,2414000000.0,2470000000.0,2414000000.0,6093808099.0,16.0,6.972,601000000.0,5.146,1.0,1798000000.0,0.036,0.0,116000000.0,8103000000.0,8129000000.0,1447000000.0,172000000.0,0.0,172000000.0,11912000000.0,7835000000.0,4077000000.0,4754808099.0,-26000000.0,8000000.0,-255000000.0,-147000000.0,-189000000.0,-649000000.0,-1074000000.0,0.0,1697000000.0,0.0,230000000.0,230000000.0,230000000.0,-104000000.0,117000000.0,0.005,1440000000.0,358000000.0,6815000000.0,0.565,1.97,20.673,20.447,7353000000.0,0.0,40.69,0.096,0.095,4471000000.0,,49783000000.0,49783000000.0,0.0,0.018,0.093,0.046,0.008,0.0,787000000.0,1.0,116854463.0,116800000,117200000.0,426.224,14326000000.0,132000000.0,28000000.0,1209000000.0,122.654,-1571000000.0
17,SUN1,MRT,2008-03-31,2008-03-31,2008-03-31,2021-08-25,0.0,12838000000.0,12188250000.0,4967000000.0,7871000000.0,3.78,20.196,-1104000000.0,347000000.0,347000000.0,43520000000.0,748000000.0,0.799,4.424,1686000000.0,3000000.0,1683000000.0,1686000000.0,0.0,493000000.0,0.0,0.021,1.1,1085000000.0,1578000000.0,0.034,1578000000.0,1085000000.0,965000000.0,5.5,5.49,5.5,2367000000.0,2510500000.0,2367000000.0,7250877541.0,7.0,4.595,1095000000.0,9.343,1.0,2557000000.0,0.055,0.0,120000000.0,7961000000.0,8229750000.0,1082000000.0,173000000.0,0.0,173000000.0,10471000000.0,6216000000.0,4255000000.0,6170877541.0,125000000.0,27000000.0,-353000000.0,-400000000.0,-187000000.0,-996000000.0,-1078000000.0,0.0,2199000000.0,0.0,657000000.0,657000000.0,657000000.0,-99000000.0,91000000.0,0.014,1506000000.0,1051000000.0,5519000000.0,0.2,2.607,9.393,9.54,7169000000.0,0.0,52.47,0.134,0.133,3406000000.0,,46077000000.0,46077000000.0,0.0,0.054,0.262,0.132,0.024,0.0,836000000.0,1.0,117607729.0,117200000,117200000.0,393.148,12838000000.0,132000000.0,308000000.0,1172000000.0,109.539,-1249000000.0
18,SUN1,MRT,2007-12-31,2007-12-31,2007-12-31,2021-08-25,-193000000.0,12426000000.0,11705500000.0,4638000000.0,7788000000.0,3.637,21.161,-1179000000.0,648000000.0,648000000.0,39624000000.0,961000000.0,0.822,3.906,1728000000.0,4000000.0,1724000000.0,1728000000.0,0.0,480000000.0,0.0,0.015,1.075,1468000000.0,1948000000.0,0.046,1948000000.0,1468000000.0,1341000000.0,7.44,7.43,7.44,2533000000.0,2458500000.0,2533000000.0,10293654568.0,7.0,5.284,1188000000.0,9.925,1.0,2945000000.0,0.069,0.0,127000000.0,7866000000.0,8281750000.0,1150000000.0,175000000.0,0.0,175000000.0,9893000000.0,5640000000.0,4253000000.0,8517654568.0,385000000.0,30000000.0,-300000000.0,-259000000.0,-184000000.0,-789000000.0,-1193000000.0,0.0,2367000000.0,0.0,891000000.0,891000000.0,891000000.0,-99000000.0,70000000.0,0.021,1532000000.0,1413000000.0,4812000000.0,0.144,3.363,9.56,9.737,7039000000.0,0.0,72.44,0.2,0.204,2710000000.0,5372000000.0,42569000000.0,42569000000.0,0.0,0.076,0.362,0.177,0.034,0.0,880000000.0,1.0,117582200.0,119700000,120000000.0,355.631,12426000000.0,130000000.0,450000000.0,1220000000.0,103.81,-1002000000.0
19,SUN1,MRT,2007-09-30,2007-09-30,2007-09-30,2021-08-25,0.0,12006000000.0,11344500000.0,4426000000.0,7580000000.0,3.579,21.563,-1220000000.0,263000000.0,263000000.0,37346000000.0,1023000000.0,0.852,3.679,2039000000.0,254000000.0,1785000000.0,2039000000.0,0.0,473000000.0,0.0,0.015,1.05,1754000000.0,2227000000.0,0.055,2227000000.0,1754000000.0,1631000000.0,8.55,8.52,8.55,2566000000.0,2344000000.0,2566000000.0,10252110882.0,6.0,4.604,289000000.0,2.429,1.0,3256000000.0,0.08,0.0,123000000.0,8586000000.0,8303000000.0,1445000000.0,134000000.0,0.0,134000000.0,9440000000.0,5196000000.0,4244000000.0,8519110882.0,45000000.0,56000000.0,-432000000.0,539000000.0,-182000000.0,-270000000.0,-1194000000.0,0.0,1509000000.0,0.0,1023000000.0,1023000000.0,1023000000.0,0.0,0.0,0.025,1527000000.0,1729000000.0,4157000000.0,0.123,3.32,8.328,8.278,6879000000.0,0.0,70.78,0.21,0.207,2625000000.0,,40602000000.0,40602000000.0,0.0,0.09,0.436,0.211,0.043,0.0,924000000.0,1.0,120360425.0,119000000,119300000.0,341.193,12006000000.0,93000000.0,608000000.0,1232000000.0,100.891,-770000000.0
20,SUN1,MRT,2007-06-30,2007-06-30,2007-06-30,2021-08-25,0.0,11483000000.0,11032250000.0,4074000000.0,7409000000.0,3.59,21.325,-1234000000.0,240000000.0,240000000.0,36141000000.0,1158000000.0,0.865,3.458,1973000000.0,197000000.0,1776000000.0,1973000000.0,0.0,465000000.0,0.0,0.013,1.025,1975000000.0,2440000000.0,0.062,2440000000.0,1975000000.0,1856000000.0,9.46,9.42,9.46,2576000000.0,2234000000.0,2576000000.0,11541005564.0,6.0,4.73,208000000.0,1.722,1.0,3460000000.0,0.087,0.0,119000000.0,8506000000.0,7973250000.0,1234000000.0,131000000.0,0.0,131000000.0,8907000000.0,4710000000.0,4197000000.0,9677005564.0,-360000000.0,51000000.0,-768000000.0,532000000.0,-180000000.0,-609000000.0,-1193000000.0,0.0,1442000000.0,0.0,1158000000.0,1158000000.0,1158000000.0,0.0,0.0,0.029,1510000000.0,1950000000.0,3510000000.0,0.108,3.757,8.357,8.423,6772000000.0,0.0,79.68,0.244,0.243,2507000000.0,,39601000000.0,39601000000.0,0.0,0.105,0.518,0.248,0.05,0.0,918000000.0,1.0,121448363.0,120800000,121100000.0,327.823,11483000000.0,93000000.0,698000000.0,1385000000.0,95.058,-636000000.0
21,SUN1,MRT,2007-03-31,2007-03-31,2007-03-31,2021-08-25,0.0,10907000000.0,10894000000.0,3735000000.0,7172000000.0,3.619,17.784,-1179000000.0,222000000.0,222000000.0,36128000000.0,1075000000.0,0.812,4.052,2086000000.0,334000000.0,1752000000.0,2086000000.0,0.0,462000000.0,0.0,0.014,1.0,1841000000.0,2303000000.0,0.058,2303000000.0,1841000000.0,1727000000.0,8.48,8.44,8.48,2159000000.0,2163750000.0,2159000000.0,10271128951.0,6.0,4.46,355000000.0,2.924,1.0,3299000000.0,0.084,0.0,114000000.0,8169000000.0,7585000000.0,981000000.0,130000000.0,0.0,130000000.0,8748000000.0,4602000000.0,4146000000.0,8547128951.0,-139000000.0,29000000.0,-710000000.0,558000000.0,-177000000.0,-525000000.0,-1148000000.0,0.0,1534000000.0,0.0,1075000000.0,1075000000.0,1075000000.0,0.0,0.0,0.027,1482000000.0,1817000000.0,3560000000.0,0.118,3.959,7.951,8.307,6580000000.0,0.0,70.44,0.217,0.217,2439000000.0,,39427000000.0,39427000000.0,0.0,0.099,0.497,0.243,0.047,0.0,892000000.0,1.0,121339139.0,121400000,121700000.0,324.769,10907000000.0,93000000.0,652000000.0,1122000000.0,89.843,-867000000.0
22,SUN1,MRT,2006-12-31,2006-12-31,2006-12-31,2021-08-25,-176000000.0,10982000000.0,10670500000.0,4015000000.0,6967000000.0,3.628,16.173,-1019000000.0,263000000.0,263000000.0,35581000000.0,979000000.0,0.844,4.293,1987000000.0,282000000.0,1705000000.0,1987000000.0,0.0,459000000.0,0.0,0.015,0.95,1685000000.0,2144000000.0,0.055,2144000000.0,1685000000.0,1580000000.0,7.63,7.59,7.63,2075000000.0,2130750000.0,2075000000.0,8956594204.0,5.0,4.178,-35000000.0,-0.273,1.0,3134000000.0,0.081,0.0,105000000.0,7951000000.0,7272750000.0,1219000000.0,129000000.0,0.0,129000000.0,8907000000.0,4755000000.0,4152000000.0,7677594204.0,-656000000.0,-74000000.0,-761000000.0,572000000.0,-171000000.0,-551000000.0,-1089000000.0,0.0,984000000.0,0.0,979000000.0,979000000.0,979000000.0,0.0,0.0,0.025,1465000000.0,1669000000.0,3615000000.0,0.125,3.7,7.842,8.173,6365000000.0,0.0,62.36,0.198,0.207,2440000000.0,4622000000.0,38715000000.0,38715000000.0,0.0,0.092,0.459,0.232,0.044,0.0,881000000.0,1.0,123117290.0,128300000,129000000.0,301.754,10982000000.0,93000000.0,601000000.0,1128000000.0,85.596,-740000000.0
23,SUN1,MRT,2006-09-30,2006-09-30,2006-09-30,2021-08-25,0.0,10757000000.0,10407750000.0,4064000000.0,6693000000.0,3.742,16.767,-963000000.0,218000000.0,218000000.0,35523000000.0,1143000000.0,0.852,4.06,1497000000.0,212000000.0,1285000000.0,1497000000.0,0.0,454000000.0,0.0,0.014,0.9,1957000000.0,2411000000.0,0.062,2411000000.0,1957000000.0,1856000000.0,8.68,8.64,8.68,2126000000.0,2124750000.0,2126000000.0,8948143297.0,5.0,3.711,565000000.0,4.456,1.0,3426000000.0,0.088,0.0,101000000.0,7267000000.0,6848000000.0,1281000000.0,126000000.0,0.0,126000000.0,8631000000.0,4769000000.0,3862000000.0,8110143297.0,-598000000.0,-67000000.0,-884000000.0,9000000.0,-163000000.0,-1085000000.0,-1041000000.0,0.0,1528000000.0,0.0,1143000000.0,1143000000.0,1143000000.0,0.0,0.0,0.029,1484000000.0,1942000000.0,3716000000.0,0.104,3.815,7.095,7.165,6094000000.0,0.0,62.19,0.208,0.202,2348000000.0,,38949000000.0,38949000000.0,0.0,0.11,0.538,0.286,0.05,0.0,905000000.0,1.0,130409122.0,126800000,127500000.0,307.169,10757000000.0,217000000.0,713000000.0,1295000000.0,84.834,-705000000.0
24,SUN1,MRT,2006-06-30,2006-06-30,2006-06-30,2021-08-25,0.0,10930000000.0,10228750000.0,4373000000.0,6557000000.0,3.69,17.452,-929000000.0,600000000.0,600000000.0,34354000000.0,1121000000.0,0.908,3.763,1438000000.0,195000000.0,1243000000.0,1438000000.0,0.0,448000000.0,0.0,0.012,0.85,1907000000.0,2355000000.0,0.062,2355000000.0,1907000000.0,1806000000.0,8.35,8.3,8.35,2295000000.0,2108750000.0,2295000000.0,10352180904.0,5.0,4.396,934000000.0,7.103,1.0,3394000000.0,0.09,0.0,101000000.0,6953000000.0,6606750000.0,1194000000.0,127000000.0,0.0,127000000.0,8635000000.0,4815000000.0,3820000000.0,9189180904.0,183000000.0,-167000000.0,-322000000.0,-32000000.0,-153000000.0,-556000000.0,-1124000000.0,0.0,1863000000.0,0.0,1121000000.0,1121000000.0,1121000000.0,0.0,0.0,0.03,1505000000.0,1889000000.0,3711000000.0,0.102,4.004,8.197,8.298,5969000000.0,0.0,69.29,0.243,0.241,2363000000.0,,37748000000.0,37748000000.0,0.0,0.11,0.532,0.289,0.051,0.0,932000000.0,1.0,132619150.0,131500000,132200000.0,287.057,10930000000.0,216000000.0,685000000.0,1329000000.0,83.118,-442000000.0
25,SUN1,MRT,2006-03-31,2006-03-31,2006-03-31,2021-08-25,0.0,10013000000.0,9752250000.0,3586000000.0,6427000000.0,3.604,15.252,-934000000.0,361000000.0,361000000.0,32054000000.0,937000000.0,0.843,3.94,1524000000.0,240000000.0,1284000000.0,1524000000.0,0.0,436000000.0,0.0,0.01,0.8,1609000000.0,2045000000.0,0.058,2045000000.0,1609000000.0,1512000000.0,6.88,6.84,6.88,2027000000.0,1985500000.0,2027000000.0,10821498823.0,7.0,5.292,575000000.0,4.327,1.0,3094000000.0,0.088,0.0,97000000.0,6920000000.0,6487500000.0,1136000000.0,144000000.0,0.0,144000000.0,7986000000.0,4256000000.0,3730000000.0,10329498823.0,15000000.0,-160000000.0,-243000000.0,46000000.0,-141000000.0,-382000000.0,-1112000000.0,0.0,1509000000.0,0.0,937000000.0,937000000.0,937000000.0,0.0,0.0,0.027,1505000000.0,1589000000.0,3096000000.0,0.116,5.096,11.024,11.275,5826000000.0,0.0,77.57,0.294,0.293,1873000000.0,,35148000000.0,35148000000.0,0.0,0.096,0.472,0.248,0.046,0.0,947000000.0,1.0,133163579.0,132900000,133600000.0,264.47,10013000000.0,216000000.0,575000000.0,1180000000.0,75.342,-670000000.0
26,SUN1,MRT,2005-12-31,2005-12-31,2005-12-31,2021-08-25,-192000000.0,9931000000.0,9418750000.0,3687000000.0,6244000000.0,3.585,15.015,-970000000.0,919000000.0,919000000.0,30616000000.0,974000000.0,0.884,3.842,1411000000.0,177000000.0,1234000000.0,1411000000.0,0.0,429000000.0,0.0,0.01,0.75,1674000000.0,2103000000.0,0.062,2103000000.0,1674000000.0,1580000000.0,7.13,7.08,7.13,2051000000.0,1882250000.0,2051000000.0,11340495057.0,7.0,5.393,1099000000.0,8.045,1.0,3148000000.0,0.093,0.0,94000000.0,6252000000.0,6328000000.0,799000000.0,143000000.0,0.0,143000000.0,7880000000.0,4171000000.0,3709000000.0,10669495057.0,514000000.0,-51000000.0,-261000000.0,-71000000.0,-131000000.0,-520000000.0,-1035000000.0,0.0,2069000000.0,0.0,974000000.0,974000000.0,974000000.0,0.0,0.0,0.029,1499000000.0,1649000000.0,3014000000.0,0.105,5.202,10.954,10.993,5658000000.0,0.0,78.38,0.316,0.317,1754000000.0,3766000000.0,33764000000.0,33764000000.0,0.0,0.103,0.517,0.265,0.05,0.0,946000000.0,1.0,136125224.0,136600000,137500000.0,247.174,9931000000.0,215000000.0,606000000.0,1155000000.0,72.701,-484000000.0
27,SUN1,MRT,2005-09-30,2005-09-30,2005-09-30,2021-08-25,0.0,10041000000.0,8955750000.0,4057000000.0,5984000000.0,3.565,15.14,-986000000.0,816000000.0,816000000.0,28958000000.0,865000000.0,0.92,3.87,1487000000.0,222000000.0,1265000000.0,1487000000.0,0.0,422000000.0,0.0,0.009,0.7,1508000000.0,1930000000.0,0.06,1930000000.0,1508000000.0,1414000000.0,6.25,6.2,6.25,2062000000.0,1771250000.0,2062000000.0,11733609510.0,8.0,6.08,1023000000.0,7.511,1.0,2965000000.0,0.093,0.0,94000000.0,6302000000.0,6298500000.0,1112000000.0,122000000.0,0.0,122000000.0,7979000000.0,4410000000.0,3569000000.0,10681609510.0,523000000.0,-18000000.0,-323000000.0,-1000000.0,-123000000.0,-480000000.0,-1006000000.0,0.0,2009000000.0,0.0,865000000.0,865000000.0,865000000.0,0.0,0.0,0.027,1482000000.0,1483000000.0,3133000000.0,0.112,5.18,12.349,12.512,5433000000.0,0.0,78.2,0.335,0.334,1975000000.0,,31923000000.0,31923000000.0,0.0,0.097,0.488,0.239,0.047,0.0,936000000.0,1.0,136593472.0,136200000,137600000.0,234.383,10041000000.0,154000000.0,549000000.0,1244000000.0,73.722,-353000000.0
28,SUN1,MRT,2005-06-30,2005-06-30,2005-06-30,2021-08-25,0.0,9024000000.0,8459500000.0,3217000000.0,5807000000.0,3.45,13.134,-1020000000.0,417000000.0,417000000.0,26609000000.0,640000000.0,0.894,4.008,1469000000.0,103000000.0,1366000000.0,1469000000.0,0.0,416000000.0,0.0,0.011,0.65,1163000000.0,1579000000.0,0.054,1579000000.0,1163000000.0,1066000000.0,4.54,4.48,4.54,1802000000.0,1691000000.0,1802000000.0,8956472123.0,8.0,5.672,619000000.0,4.512,1.0,2577000000.0,0.088,0.0,97000000.0,6476000000.0,6296750000.0,987000000.0,111000000.0,0.0,111000000.0,7222000000.0,3600000000.0,3622000000.0,7825472123.0,-118000000.0,95000000.0,-505000000.0,-181000000.0,-116000000.0,-831000000.0,-926000000.0,0.0,1639000000.0,0.0,640000000.0,640000000.0,640000000.0,0.0,0.0,0.022,1434000000.0,1143000000.0,2717000000.0,0.143,4.343,12.227,12.52,5239000000.0,0.0,56.84,0.268,0.267,1703000000.0,,29186000000.0,29186000000.0,0.0,0.076,0.378,0.185,0.04,0.0,897000000.0,1.0,137675442.0,137200000,137900000.0,212.726,9024000000.0,110000000.0,426000000.0,1117000000.0,65.773,-383000000.0
29,SUN1,MRT,2005-03-31,2005-03-31,2005-03-31,2021-08-25,0.0,8679000000.0,8207250000.0,3024000000.0,5655000000.0,3.347,11.679,-928000000.0,346000000.0,346000000.0,24908000000.0,632000000.0,0.857,4.377,1477000000.0,103000000.0,1374000000.0,1477000000.0,0.0,414000000.0,0.0,0.011,0.587,1150000000.0,1564000000.0,0.057,1564000000.0,1150000000.0,1048000000.0,4.33,4.285,4.33,1614000000.0,1692500000.0,1614000000.0,8257606829.0,7.0,5.28,878000000.0,6.353,1.0,2564000000.0,0.093,0.0,102000000.0,6282000000.0,6277250000.0,912000000.0,104000000.0,0.0,104000000.0,7065000000.0,3528000000.0,3537000000.0,7180606829.0,35000000.0,-81000000.0,-439000000.0,-180000000.0,-109000000.0,-767000000.0,-1004000000.0,0.0,1806000000.0,0.0,632000000.0,632000000.0,632000000.0,0.0,0.0,0.023,1430000000.0,1134000000.0,2688000000.0,0.136,4.449,11.362,11.954,5094000000.0,0.0,51.76,0.261,0.26,1656000000.0,,27472000000.0,27472000000.0,0.0,0.077,0.373,0.183,0.042,0.0,895000000.0,1.0,138728880.0,138200000,139100000.0,198.784,8679000000.0,110000000.0,416000000.0,1112000000.0,62.8,-504000000.0
30,SUN1,MRT,2004-12-31,2004-12-31,2004-12-31,2021-08-25,-164000000.0,8079000000.0,7911750000.0,2551000000.0,5528000000.0,3.224,10.843,-832000000.0,405000000.0,405000000.0,23016000000.0,605000000.0,0.844,4.027,1482000000.0,103000000.0,1379000000.0,1482000000.0,0.0,409000000.0,0.0,0.014,0.575,1103000000.0,1512000000.0,0.059,1512000000.0,1103000000.0,995000000.0,4.08,4.04,4.08,1607000000.0,1693000000.0,1607000000.0,7171138942.0,7.0,4.743,915000000.0,6.174,1.0,2492000000.0,0.098,0.0,108000000.0,6134000000.0,6263750000.0,765000000.0,115000000.0,0.0,115000000.0,6472000000.0,3022000000.0,3450000000.0,5975138942.0,-26000000.0,-231000000.0,-387000000.0,-176000000.0,-106000000.0,-713000000.0,-1060000000.0,0.0,1747000000.0,0.0,605000000.0,605000000.0,605000000.0,0.0,0.0,0.024,1400000000.0,1092000000.0,2109000000.0,0.141,3.718,9.876,10.013,4966000000.0,0.0,40.855,0.234,0.237,1271000000.0,2895000000.0,25508000000.0,25508000000.0,0.0,0.076,0.357,0.176,0.043,0.0,873000000.0,1.0,146252330.0,148200000,149800000.0,172.119,8079000000.0,110000000.0,390000000.0,1104000000.0,54.514,-471000000.0
31,SUN1,MRT,2004-09-30,2004-09-30,2004-09-30,2021-08-25,0.0,8056000000.0,7655250000.0,2670000000.0,5386000000.0,2.962,11.724,-684000000.0,293000000.0,293000000.0,20451000000.0,463000000.0,0.903,3.627,1489000000.0,167000000.0,1322000000.0,1489000000.0,0.0,401000000.0,0.0,0.015,0.562,867000000.0,1268000000.0,0.056,1268000000.0,867000000.0,752000000.0,3.075,3.04,3.075,1741000000.0,1680250000.0,1741000000.0,6634192305.0,8.0,5.232,645000000.0,4.343,1.0,2224000000.0,0.098,0.0,115000000.0,6295000000.0,6249750000.0,906000000.0,114000000.0,0.0,114000000.0,6315000000.0,2957000000.0,3358000000.0,5573192305.0,-62000000.0,-218000000.0,-168000000.0,-170000000.0,-110000000.0,-487000000.0,-904000000.0,0.0,1329000000.0,0.0,463000000.0,463000000.0,463000000.0,0.0,0.0,0.02,1364000000.0,860000000.0,2010000000.0,0.183,3.201,12.037,12.029,4804000000.0,0.0,36.99,0.246,0.242,1381000000.0,,22675000000.0,22675000000.0,0.0,0.06,0.276,0.139,0.038,0.0,820000000.0,1.0,150667540.0,148500000,150000000.0,152.694,8056000000.0,90000000.0,289000000.0,1047000000.0,54.249,-287000000.0
32,SUN1,MRT,2004-06-30,2004-06-30,2004-06-30,2021-08-25,0.0,8015000000.0,7373250000.0,2724000000.0,5291000000.0,2.812,11.989,-544000000.0,535000000.0,535000000.0,18515000000.0,468000000.0,1.017,3.433,1596000000.0,167000000.0,1429000000.0,1596000000.0,0.0,392000000.0,0.0,0.017,0.538,873000000.0,1265000000.0,0.061,1265000000.0,873000000.0,757000000.0,3.08,3.06,3.08,1808000000.0,1649750000.0,1808000000.0,6097752966.0,7.0,4.82,704000000.0,4.668,1.0,2222000000.0,0.107,0.0,116000000.0,6398000000.0,6155250000.0,888000000.0,147000000.0,0.0,147000000.0,6207000000.0,2678000000.0,3529000000.0,4807752966.0,295000000.0,-236000000.0,-4000000.0,-12000000.0,-102000000.0,-166000000.0,-787000000.0,0.0,1248000000.0,0.0,468000000.0,468000000.0,468000000.0,0.0,0.0,0.023,1354000000.0,868000000.0,1838000000.0,0.175,2.659,10.273,10.328,4680000000.0,0.0,31.81,0.232,0.231,1211000000.0,,20737000000.0,20737000000.0,0.0,0.063,0.284,0.142,0.042,0.0,819000000.0,1.0,151139672.0,150800000,152800000.0,137.513,8015000000.0,90000000.0,289000000.0,964000000.0,53.15,46000000.0
33,SUN1,MRT,2004-03-31,2004-03-31,2004-03-31,2021-08-25,0.0,7497000000.0,7074750000.0,2469000000.0,5028000000.0,2.638,10.702,-471000000.0,311000000.0,311000000.0,16746000000.0,315000000.0,0.965,3.639,1601000000.0,167000000.0,1434000000.0,1601000000.0,0.0,384000000.0,0.0,0.017,0.525,623000000.0,1007000000.0,0.054,1007000000.0,623000000.0,506000000.0,2.06,2.035,2.06,1616000000.0,1582250000.0,1616000000.0,5740239366.0,9.0,5.7,339000000.0,2.245,1.0,1919000000.0,0.103,0.0,117000000.0,6228000000.0,6048000000.0,898000000.0,148000000.0,0.0,148000000.0,5881000000.0,2559000000.0,3322000000.0,4718239366.0,-148000000.0,-225000000.0,-101000000.0,-3000000.0,-95000000.0,-248000000.0,-710000000.0,0.0,810000000.0,0.0,315000000.0,315000000.0,315000000.0,0.0,0.0,0.017,1299000000.0,620000000.0,1784000000.0,0.255,2.92,14.979,15.141,4457000000.0,0.0,31.19,0.253,0.252,1171000000.0,,18665000000.0,18665000000.0,0.0,0.045,0.199,0.103,0.033,0.0,776000000.0,1.0,151274106.0,151000000,152600000.0,123.609,7497000000.0,89000000.0,191000000.0,851000000.0,49.649,-90000000.0
34,SUN1,MRT,2003-12-31,2003-12-31,2003-12-31,2021-08-25,-187000000.0,7053000000.0,6907250000.0,2072000000.0,4981000000.0,2.608,10.143,-427000000.0,431000000.0,431000000.0,16153000000.0,312000000.0,0.966,3.533,1601000000.0,103000000.0,1498000000.0,1601000000.0,0.0,369000000.0,0.0,0.02,0.512,612000000.0,981000000.0,0.054,981000000.0,612000000.0,495000000.0,2.03,2.01,2.03,1556000000.0,1544250000.0,1556000000.0,5054047991.0,8.0,5.152,573000000.0,3.735,1.0,1863000000.0,0.103,0.0,117000000.0,6078000000.0,5929250000.0,494000000.0,143000000.0,0.0,143000000.0,5497000000.0,2145000000.0,3352000000.0,3951047991.0,41000000.0,-274000000.0,-84000000.0,-12000000.0,-90000000.0,-238000000.0,-721000000.0,0.0,1000000000.0,0.0,312000000.0,312000000.0,312000000.0,0.0,0.0,0.017,1254000000.0,609000000.0,1365000000.0,0.252,2.539,12.664,12.599,4405000000.0,0.0,25.575,0.219,0.218,1056000000.0,2376000000.0,18016000000.0,18016000000.0,0.0,0.045,0.202,0.103,0.034,0.0,752000000.0,1.0,154488680.0,153400000,155000000.0,117.445,7053000000.0,91000000.0,183000000.0,844000000.0,45.978,-73000000.0
35,SUN1,MRT,2003-09-30,2003-09-30,2003-09-30,2021-08-25,0.0,6928000000.0,6754250000.0,2070000000.0,4858000000.0,2.592,10.513,-412000000.0,355000000.0,355000000.0,15693000000.0,337000000.0,0.979,3.279,1458000000.0,103000000.0,1355000000.0,1458000000.0,0.0,355000000.0,0.0,0.025,0.5,646000000.0,1001000000.0,0.057,1001000000.0,646000000.0,531000000.0,2.195,2.18,2.195,1619000000.0,1503750000.0,1619000000.0,4312143503.0,7.0,4.308,673000000.0,4.37,1.0,1812000000.0,0.104,0.0,115000000.0,5917000000.0,5842250000.0,645000000.0,203000000.0,0.0,203000000.0,5309000000.0,2114000000.0,3195000000.0,3094143503.0,182000000.0,-391000000.0,19000000.0,52000000.0,-84000000.0,-66000000.0,-837000000.0,0.0,1085000000.0,0.0,337000000.0,337000000.0,337000000.0,0.0,0.0,0.019,1169000000.0,643000000.0,1388000000.0,0.228,1.911,9.181,9.162,4275000000.0,0.0,20.11,0.177,0.177,975000000.0,,17505000000.0,17505000000.0,0.0,0.05,0.224,0.111,0.037,0.0,701000000.0,1.0,153860940.0,154000000,156400000.0,113.669,6928000000.0,95000000.0,194000000.0,832000000.0,44.987,-44000000.0
36,SUN1,MRT,2003-06-30,2003-06-30,2003-06-30,2021-08-25,0.0,6821000000.0,6608000000.0,1956000000.0,4865000000.0,2.527,10.0,-392000000.0,240000000.0,240000000.0,15126000000.0,218000000.0,0.945,3.435,1458000000.0,103000000.0,1355000000.0,1458000000.0,0.0,345000000.0,0.0,0.026,0.5,456000000.0,801000000.0,0.048,801000000.0,456000000.0,341000000.0,1.425,1.425,1.425,1538000000.0,1476500000.0,1538000000.0,3891813269.0,9.0,4.859,500000000.0,3.251,1.0,1571000000.0,0.094,0.0,115000000.0,5969000000.0,5822750000.0,599000000.0,222000000.0,0.0,222000000.0,5283000000.0,2070000000.0,3213000000.0,2892813269.0,214000000.0,-392000000.0,9000000.0,35000000.0,-83000000.0,132000000.0,-810000000.0,0.0,892000000.0,0.0,218000000.0,218000000.0,218000000.0,0.0,0.0,0.013,1118000000.0,453000000.0,1425000000.0,0.351,1.881,13.27,13.242,4263000000.0,0.0,18.87,0.173,0.174,1024000000.0,,16697000000.0,16697000000.0,0.0,0.033,0.148,0.078,0.027,0.0,665000000.0,1.0,153302240.0,153800000,155000000.0,108.563,6821000000.0,93000000.0,123000000.0,774000000.0,44.35,-114000000.0
37,SUN1,MRT,2003-03-31,2003-03-31,2003-03-31,2021-08-25,0.0,6827000000.0,6401750000.0,2115000000.0,4712000000.0,2.507,9.569,-383000000.0,459000000.0,459000000.0,14615000000.0,146000000.0,1.02,3.663,1458000000.0,3000000.0,1455000000.0,1458000000.0,0.0,335000000.0,0.0,0.027,0.5,339000000.0,674000000.0,0.042,674000000.0,339000000.0,225000000.0,0.955,0.955,0.955,1464000000.0,1476250000.0,1464000000.0,3865192328.0,11.0,5.735,511000000.0,3.34,1.0,1434000000.0,0.089,0.0,114000000.0,5753000000.0,5769500000.0,460000000.0,221000000.0,0.0,221000000.0,5363000000.0,2073000000.0,3290000000.0,2800192328.0,383000000.0,-230000000.0,2000000.0,25000000.0,-83000000.0,120000000.0,-631000000.0,0.0,894000000.0,0.0,146000000.0,146000000.0,146000000.0,0.0,0.0,0.009,1099000000.0,335000000.0,1538000000.0,0.524,1.913,19.179,19.147,4114000000.0,0.0,18.285,0.174,0.174,1102000000.0,,16049000000.0,16049000000.0,0.0,0.023,0.099,0.059,0.021,0.0,631000000.0,1.0,153141500.0,153000000,154200000.0,104.895,6827000000.0,94000000.0,79000000.0,721000000.0,44.621,42000000.0
38,SUN1,MRT,2002-12-31,2002-12-31,2002-12-31,2021-08-25,-195000000.0,6441000000.0,6173750000.0,1898000000.0,4543000000.0,2.33,9.147,-385000000.0,390000000.0,390000000.0,13264000000.0,-47000000.0,1.069,3.621,1455000000.0,2000000.0,1453000000.0,1455000000.0,0.0,329000000.0,0.0,0.03,0.5,38000000.0,367000000.0,0.026,367000000.0,38000000.0,-73000000.0,-0.31,-0.31,-0.31,1394000000.0,1496500000.0,1394000000.0,3750551692.0,99.0,10.219,162000000.0,1.063,1.0,1120000000.0,0.078,0.0,111000000.0,5730000000.0,5759750000.0,491000000.0,220000000.0,0.0,220000000.0,5047000000.0,1776000000.0,3271000000.0,2532551692.0,348000000.0,-32000000.0,119000000.0,9000000.0,-83000000.0,233000000.0,-432000000.0,0.0,547000000.0,0.0,-47000000.0,-47000000.0,-47000000.0,0.0,0.0,-0.003,1085000000.0,35000000.0,1316000000.0,-1.613,1.817,-53.884,-53.516,4099000000.0,0.0,16.59,0.176,0.176,923000000.0,2143000000.0,14384000000.0,14384000000.0,0.0,-0.008,-0.031,0.007,0.003,0.0,622000000.0,1.0,152655316.0,152400000,152400000.0,94.383,6441000000.0,94000000.0,-26000000.0,609000000.0,42.264,122000000.0
39,SUN1,MRT,2002-09-30,2002-09-30,2002-09-30,2021-08-25,0.0,6343000000.0,6068250000.0,1819000000.0,4524000000.0,2.184,9.882,-298000000.0,173000000.0,173000000.0,12259000000.0,-104000000.0,1.056,3.201,1391000000.0,2000000.0,1389000000.0,1391000000.0,0.0,329000000.0,0.0,0.033,0.5,-59000000.0,270000000.0,0.02,270000000.0,-59000000.0,-168000000.0,-0.645,-0.65,-0.645,1510000000.0,1558500000.0,1510000000.0,3686837590.0,-62.0,13.655,-128000000.0,-0.838,1.0,992000000.0,0.075,0.0,109000000.0,5839000000.0,5738000000.0,627000000.0,153000000.0,0.0,153000000.0,4833000000.0,1722000000.0,3111000000.0,2301837590.0,79000000.0,-9000000.0,4000000.0,93000000.0,-77000000.0,207000000.0,-298000000.0,0.0,170000000.0,0.0,-104000000.0,-104000000.0,-104000000.0,0.0,0.0,-0.008,1053000000.0,-61000000.0,1244000000.0,-0.775,1.524,-22.133,-23.38,4062000000.0,0.0,15.08,0.174,0.174,902000000.0,,13251000000.0,13251000000.0,0.0,-0.017,-0.067,-0.01,-0.004,0.0,617000000.0,1.0,152641750.0,152800000,152800000.0,86.721,6343000000.0,117000000.0,-64000000.0,675000000.0,41.512,97000000.0
40,SUN1,MRT,2002-06-30,2002-06-30,2002-06-30,2021-08-25,0.0,5996000000.0,6033500000.0,1605000000.0,4391000000.0,2.162,10.072,-344000000.0,26000000.0,26000000.0,11937000000.0,-2000000.0,0.988,2.901,1411000000.0,22000000.0,1389000000.0,1411000000.0,0.0,325000000.0,0.0,0.028,0.5,64000000.0,389000000.0,0.03,389000000.0,64000000.0,-41000000.0,-0.005,-0.015,-0.005,1537000000.0,1629250000.0,1537000000.0,4061722859.0,63.0,10.441,-25000000.0,-0.164,1.0,1107000000.0,0.085,0.0,105000000.0,5756000000.0,5649250000.0,625000000.0,157000000.0,0.0,157000000.0,4459000000.0,1625000000.0,2834000000.0,2717722859.0,-52000000.0,44000000.0,-74000000.0,114000000.0,-78000000.0,-89000000.0,-282000000.0,0.0,319000000.0,0.0,-2000000.0,-2000000.0,-2000000.0,0.0,0.0,0.0,1044000000.0,63000000.0,1165000000.0,-100.0,1.768,-1358.861,-3563.0,4066000000.0,0.0,17.815,0.208,0.208,837000000.0,,13044000000.0,13044000000.0,0.0,0.0,-0.001,0.011,0.005,0.0,604000000.0,1.0,152552504.0,152600000,152600000.0,85.478,5996000000.0,117000000.0,-39000000.0,681000000.0,39.292,-20000000.0
41,SUN1,MRT,2002-03-31,2002-03-31,2002-03-31,2021-08-25,0.0,5915000000.0,6085500000.0,1486000000.0,4429000000.0,2.207,10.178,-329000000.0,76000000.0,76000000.0,12048000000.0,185000000.0,0.962,2.828,1420000000.0,32000000.0,1388000000.0,1420000000.0,0.0,323000000.0,0.0,0.025,0.5,361000000.0,684000000.0,0.051,684000000.0,361000000.0,257000000.0,1.125,1.1,1.125,1545000000.0,1696250000.0,1545000000.0,4428617145.0,12.0,6.475,321000000.0,2.115,1.0,1383000000.0,0.103,0.0,104000000.0,5714000000.0,5585750000.0,531000000.0,165000000.0,0.0,165000000.0,4370000000.0,1545000000.0,2825000000.0,3026617145.0,68000000.0,50000000.0,-200000000.0,33000000.0,-80000000.0,-304000000.0,-278000000.0,0.0,650000000.0,0.0,185000000.0,185000000.0,185000000.0,0.0,0.0,0.014,1022000000.0,361000000.0,1033000000.0,0.444,1.959,16.36,17.782,4087000000.0,0.0,20.005,0.225,0.226,762000000.0,,13431000000.0,13431000000.0,0.0,0.03,0.109,0.065,0.027,0.0,600000000.0,1.0,151293034.0,151800000,151800000.0,88.478,5915000000.0,117000000.0,72000000.0,680000000.0,38.966,-59000000.0
42,SUN1,MRT,2001-12-31,2001-12-31,2001-12-31,2021-08-25,-28000000.0,6019000000.0,6164000000.0,1510000000.0,4509000000.0,2.294,10.148,-331000000.0,42000000.0,42000000.0,12440000000.0,398000000.0,0.849,2.666,1444000000.0,302000000.0,1142000000.0,1444000000.0,0.0,321000000.0,0.0,0.027,0.5,690000000.0,1011000000.0,0.071,1011000000.0,690000000.0,587000000.0,2.46,2.425,2.46,1642000000.0,1749000000.0,1642000000.0,4134930535.0,6.0,4.09,448000000.0,2.769,1.0,1703000000.0,0.12,0.0,103000000.0,5643000000.0,5552000000.0,652000000.0,165000000.0,0.0,165000000.0,4377000000.0,1778000000.0,2599000000.0,2934930535.0,-197000000.0,-498000000.0,-352000000.0,347000000.0,-82000000.0,-143000000.0,-833000000.0,0.0,779000000.0,0.0,398000000.0,398000000.0,398000000.0,0.0,0.0,0.028,1013000000.0,690000000.0,986000000.0,0.203,1.787,7.374,7.589,4099000000.0,0.0,18.67,0.208,0.214,700000000.0,2266000000.0,14143000000.0,14143000000.0,0.0,0.065,0.228,0.124,0.049,0.0,583000000.0,1.0,157200350.0,161800000,164000000.0,87.41,6019000000.0,116000000.0,189000000.0,690000000.0,37.2,-268000000.0
43,SUN1,MRT,2001-09-30,2001-09-30,2001-09-30,2021-08-25,0.0,6204000000.0,6015750000.0,1736000000.0,4468000000.0,2.557,11.248,-446000000.0,94000000.0,94000000.0,13519000000.0,548000000.0,0.904,2.46,1294000000.0,153000000.0,1141000000.0,1294000000.0,0.0,313000000.0,0.0,0.028,0.5,898000000.0,1211000000.0,0.079,1211000000.0,898000000.0,802000000.0,3.305,3.265,3.305,1793000000.0,1764000000.0,1793000000.0,4096087736.0,5.0,3.382,704000000.0,4.417,1.0,1862000000.0,0.121,0.0,96000000.0,5484000000.0,5260250000.0,615000000.0,179000000.0,0.0,179000000.0,4411000000.0,1920000000.0,2491000000.0,2879087736.0,60000000.0,-461000000.0,-238000000.0,199000000.0,-83000000.0,-185000000.0,-905000000.0,0.0,1150000000.0,0.0,548000000.0,548000000.0,548000000.0,0.0,0.0,0.036,966000000.0,896000000.0,1167000000.0,0.151,1.606,5.254,5.386,4086000000.0,0.0,17.8,0.187,0.184,921000000.0,,15381000000.0,15381000000.0,0.0,0.091,0.311,0.171,0.058,0.0,506000000.0,1.0,161746502.0,159400000,162000000.0,96.493,6204000000.0,106000000.0,254000000.0,729000000.0,38.921,-184000000.0
44,SUN1,MRT,2001-06-30,2001-06-30,2001-06-30,2021-08-25,0.0,6204000000.0,5798000000.0,1732000000.0,4472000000.0,2.676,10.953,-426000000.0,78000000.0,78000000.0,13626000000.0,431000000.0,0.903,2.437,1295000000.0,153000000.0,1142000000.0,1295000000.0,0.0,308000000.0,0.0,0.027,0.5,762000000.0,1070000000.0,0.069,1070000000.0,762000000.0,670000000.0,2.585,2.55,2.585,1805000000.0,1709750000.0,1805000000.0,4449458355.0,6.0,4.158,630000000.0,3.823,1.0,1891000000.0,0.122,0.0,92000000.0,5502000000.0,5025250000.0,679000000.0,195000000.0,0.0,195000000.0,4399000000.0,1919000000.0,2480000000.0,3073458355.0,15000000.0,-513000000.0,-213000000.0,39000000.0,-85000000.0,-88000000.0,-953000000.0,0.0,1056000000.0,0.0,431000000.0,431000000.0,431000000.0,0.0,0.0,0.028,1131000000.0,760000000.0,1134000000.0,0.193,1.703,7.131,7.085,4073000000.0,0.0,18.315,0.198,0.195,883000000.0,,15517000000.0,15517000000.0,0.0,0.074,0.252,0.152,0.049,0.0,494000000.0,1.0,167810994.0,164800000,167000000.0,94.157,6204000000.0,92000000.0,239000000.0,732000000.0,37.646,-187000000.0
45,SUN1,MRT,2001-03-31,2001-03-31,2001-03-31,2021-08-25,0.0,6229000000.0,5616250000.0,1772000000.0,4457000000.0,2.708,10.403,-457000000.0,8000000.0,8000000.0,13352000000.0,450000000.0,0.875,2.547,1384000000.0,242000000.0,1142000000.0,1384000000.0,0.0,302000000.0,0.0,0.031,0.5,747000000.0,1049000000.0,0.069,1049000000.0,747000000.0,660000000.0,2.62,2.595,2.62,1756000000.0,1677750000.0,1756000000.0,3445865723.0,5.0,3.285,462000000.0,2.737,1.0,1856000000.0,0.122,0.0,87000000.0,5579000000.0,4809750000.0,662000000.0,180000000.0,0.0,180000000.0,4473000000.0,2026000000.0,2447000000.0,2749865723.0,-35000000.0,-514000000.0,-132000000.0,73000000.0,-86000000.0,30000000.0,-984000000.0,0.0,919000000.0,0.0,450000000.0,450000000.0,450000000.0,0.0,0.0,0.03,1112000000.0,744000000.0,1166000000.0,0.191,1.566,6.111,6.189,4061000000.0,0.0,16.215,0.181,0.18,1013000000.0,,15208000000.0,15208000000.0,0.0,0.08,0.268,0.155,0.049,0.0,501000000.0,1.0,169587772.0,168800000,170400000.0,90.095,6229000000.0,89000000.0,210000000.0,626000000.0,36.902,-254000000.0
46,SUN1,MRT,2000-12-31,2000-12-31,2000-12-31,2021-08-25,0.0,5426000000.0,5390250000.0,1683000000.0,3743000000.0,2.737,9.782,-465000000.0,239000000.0,239000000.0,12985000000.0,422000000.0,1.022,2.188,935000000.0,2000000.0,933000000.0,935000000.0,0.0,298000000.0,0.0,0.03,0.5,689000000.0,987000000.0,0.067,987000000.0,689000000.0,607000000.0,2.425,2.41,2.425,1702000000.0,1620750000.0,1702000000.0,3764102458.0,5.0,3.814,313000000.0,1.799,1.0,1767000000.0,0.12,0.0,82000000.0,4476000000.0,4565750000.0,460000000.0,170000000.0,0.0,170000000.0,3724000000.0,1646000000.0,2078000000.0,2864102458.0,152000000.0,36000000.0,-138000000.0,-150000000.0,-87000000.0,-190000000.0,-436000000.0,0.0,778000000.0,0.0,422000000.0,422000000.0,422000000.0,-11000000.0,0.0,0.029,1093000000.0,674000000.0,1052000000.0,0.206,1.683,6.787,6.946,3390000000.0,0.0,16.844,0.194,0.199,890000000.0,1950000000.0,14752000000.0,14752000000.0,0.0,0.078,0.26,0.151,0.047,0.0,502000000.0,1.0,170039478.0,174000000,175000000.0,84.782,5426000000.0,94000000.0,185000000.0,465000000.0,31.184,37000000.0
47,SUN1,MRT,2000-09-30,2000-09-30,2000-09-30,2021-08-25,0.0,5333000000.0,5332750000.0,1638000000.0,3695000000.0,2.593,9.152,-448000000.0,34000000.0,34000000.0,12262000000.0,306000000.0,0.97,2.384,934000000.0,2000000.0,932000000.0,934000000.0,0.0,294000000.0,0.0,0.037,0.5,538000000.0,832000000.0,0.06,832000000.0,538000000.0,452000000.0,1.725,1.725,1.725,1576000000.0,1571750000.0,1576000000.0,3377372728.0,6.0,4.059,165000000.0,0.958,1.0,1567000000.0,0.113,0.0,86000000.0,4544000000.0,4539750000.0,508000000.0,189000000.0,0.0,189000000.0,3757000000.0,1689000000.0,2068000000.0,2346372728.0,-50000000.0,13000000.0,-141000000.0,-166000000.0,-88000000.0,-204000000.0,-459000000.0,0.0,613000000.0,0.0,306000000.0,306000000.0,306000000.0,-11000000.0,0.0,0.022,1043000000.0,524000000.0,1163000000.0,0.29,1.489,7.668,7.808,3305000000.0,0.0,13.469,0.17,0.168,1000000000.0,,13829000000.0,13829000000.0,0.0,0.057,0.195,0.119,0.039,0.0,481000000.0,1.0,174208648.0,172200000,172200000.0,80.308,5333000000.0,96000000.0,146000000.0,395000000.0,30.97,-51000000.0
48,SUN1,MRT,2000-06-30,2000-06-30,2000-06-30,2021-08-25,0.0,5477000000.0,5266750000.0,1665000000.0,3812000000.0,2.419,9.55,-418000000.0,63000000.0,63000000.0,11334000000.0,345000000.0,0.891,2.266,1094000000.0,161000000.0,933000000.0,1094000000.0,0.0,289000000.0,0.0,0.034,0.5,581000000.0,870000000.0,0.068,870000000.0,581000000.0,495000000.0,1.945,1.945,1.945,1677000000.0,1552750000.0,1677000000.0,3709979718.0,6.0,4.264,189000000.0,1.076,1.0,1405000000.0,0.11,0.0,86000000.0,4640000000.0,4499500000.0,602000000.0,180000000.0,0.0,180000000.0,3800000000.0,1868000000.0,1932000000.0,2604979718.0,39000000.0,26000000.0,-96000000.0,54000000.0,-89000000.0,-147000000.0,-421000000.0,0.0,607000000.0,0.0,345000000.0,345000000.0,345000000.0,-11000000.0,0.0,0.027,838000000.0,567000000.0,1212000000.0,0.257,1.553,7.551,7.567,3434000000.0,0.0,14.719,0.204,0.203,907000000.0,,12739000000.0,12739000000.0,0.0,0.066,0.222,0.129,0.046,0.0,475000000.0,1.0,176983760.0,175600000,176600000.0,72.546,5477000000.0,93000000.0,150000000.0,439000000.0,31.19,-203000000.0
49,SUN1,MRT,2000-03-31,2000-03-31,2000-03-31,2021-08-25,0.0,5325000000.0,5105250000.0,1544000000.0,3781000000.0,2.248,8.565,-398000000.0,43000000.0,43000000.0,10353000000.0,156000000.0,0.845,2.485,1148000000.0,217000000.0,931000000.0,1148000000.0,0.0,283000000.0,0.0,0.037,0.5,318000000.0,601000000.0,0.052,601000000.0,318000000.0,235000000.0,0.865,0.865,0.865,1528000000.0,1513000000.0,1528000000.0,3401475914.0,11.0,5.66,81000000.0,0.454,1.0,1125000000.0,0.098,0.0,83000000.0,4603000000.0,4433250000.0,489000000.0,117000000.0,0.0,117000000.0,3797000000.0,1827000000.0,1970000000.0,2459475914.0,39000000.0,36000000.0,-52000000.0,92000000.0,-89000000.0,-56000000.0,-384000000.0,0.0,479000000.0,0.0,156000000.0,156000000.0,156000000.0,-11000000.0,0.0,0.014,821000000.0,304000000.0,1081000000.0,0.578,1.61,15.766,15.824,3457000000.0,0.0,13.688,0.214,0.213,886000000.0,,11478000000.0,11478000000.0,0.0,0.031,0.103,0.072,0.028,0.0,460000000.0,1.0,179687738.0,178400000,179000000.0,64.339,5325000000.0,126000000.0,79000000.0,379000000.0,29.849,-283000000.0
50,SUN1,MRT,1999-12-31,1999-12-31,1999-12-31,2021-08-25,0.0,5196000000.0,4957250000.0,1456000000.0,3740000000.0,2.062,8.339,-374000000.0,87000000.0,87000000.0,9182000000.0,97000000.0,0.824,2.45,1029000000.0,151000000.0,878000000.0,1029000000.0,0.0,276000000.0,0.0,0.043,0.5,234000000.0,510000000.0,0.05,510000000.0,234000000.0,150000000.0,0.535,0.535,0.535,1506000000.0,1509000000.0,1506000000.0,3076334524.0,13.0,6.032,125000000.0,0.692,1.0,1042000000.0,0.102,0.0,84000000.0,4372000000.0,4388000000.0,403000000.0,118000000.0,0.0,118000000.0,3690000000.0,1766000000.0,1924000000.0,2120334524.0,49000000.0,43000000.0,-15000000.0,12000000.0,-90000000.0,-98000000.0,-352000000.0,0.0,499000000.0,0.0,97000000.0,97000000.0,97000000.0,0.0,0.0,0.009,810000000.0,232000000.0,1038000000.0,0.935,1.408,21.859,21.963,3415000000.0,0.0,11.75,0.207,0.208,833000000.0,1615000000.0,10224000000.0,10224000000.0,0.0,0.02,0.064,0.053,0.023,0.0,455000000.0,1.0,180454002.0,180600000,182000000.0,56.611,5196000000.0,133000000.0,53000000.0,377000000.0,28.771,-310000000.0
51,SUN1,MRT,1999-09-30,1999-09-30,1999-09-30,2021-08-25,0.0,5069000000.0,4870500000.0,1424000000.0,3645000000.0,1.869,8.296,-354000000.0,84000000.0,84000000.0,7905000000.0,111000000.0,0.867,2.379,1040000000.0,168000000.0,872000000.0,1040000000.0,0.0,272000000.0,0.0,0.037,0.5,249000000.0,521000000.0,0.057,521000000.0,249000000.0,169000000.0,0.595,0.595,0.595,1500000000.0,1511000000.0,1500000000.0,3433693511.0,14.0,6.591,12000000.0,0.066,1.0,1196000000.0,0.131,0.0,80000000.0,4383000000.0,4404750000.0,506000000.0,105000000.0,0.0,105000000.0,3569000000.0,1642000000.0,1927000000.0,2477693511.0,3000000.0,88000000.0,-143000000.0,127000000.0,-91000000.0,-96000000.0,-267000000.0,0.0,366000000.0,0.0,111000000.0,111000000.0,111000000.0,0.0,0.0,0.012,948000000.0,248000000.0,920000000.0,0.84,1.652,22.322,23.004,3322000000.0,0.0,13.688,0.272,0.272,721000000.0,,9101000000.0,9101000000.0,0.0,0.023,0.073,0.057,0.027,0.0,541000000.0,1.0,181018704.0,180800000,182200000.0,50.337,5069000000.0,113000000.0,58000000.0,312000000.0,28.037,-218000000.0
52,SUN1,MRT,1999-06-30,1999-06-30,1999-06-30,2021-08-25,0.0,4831000000.0,4806000000.0,1203000000.0,3628000000.0,1.785,8.387,-373000000.0,24000000.0,24000000.0,7321000000.0,177000000.0,0.852,2.182,980000000.0,157000000.0,823000000.0,980000000.0,0.0,267000000.0,0.0,0.033,0.5,318000000.0,585000000.0,0.068,585000000.0,318000000.0,239000000.0,0.95,0.945,0.95,1518000000.0,1531500000.0,1518000000.0,3724207672.0,12.0,6.366,118000000.0,0.652,1.0,1260000000.0,0.147,0.0,79000000.0,4375000000.0,4429000000.0,445000000.0,104000000.0,0.0,104000000.0,3313000000.0,1412000000.0,1901000000.0,2730207672.0,13000000.0,74000000.0,-131000000.0,31000000.0,-92000000.0,-188000000.0,-290000000.0,0.0,491000000.0,0.0,177000000.0,177000000.0,177000000.0,0.0,0.0,0.021,944000000.0,316000000.0,690000000.0,0.526,1.799,15.425,15.888,3318000000.0,0.0,15.094,0.318,0.318,616000000.0,,8581000000.0,8581000000.0,0.0,0.037,0.116,0.072,0.037,0.0,541000000.0,1.0,180883324.0,181000000,182600000.0,47.409,4831000000.0,118000000.0,62000000.0,311000000.0,26.691,-209000000.0
53,SUN1,MRT,1999-03-31,1999-03-31,1999-03-31,2021-08-25,0.0,4733000000.0,4733000000.0,1095000000.0,3638000000.0,1.774,8.363,-409000000.0,4000000.0,4000000.0,7054000000.0,243000000.0,0.839,2.13,998000000.0,175000000.0,823000000.0,998000000.0,0.0,261000000.0,0.0,0.028,0.5,412000000.0,673000000.0,0.08,673000000.0,412000000.0,335000000.0,1.33,1.29,1.33,1512000000.0,1501000000.0,1512000000.0,4234788127.0,10.0,6.292,-10000000.0,-0.055,1.0,1344000000.0,0.16,0.0,77000000.0,4422000000.0,4293500000.0,428000000.0,109000000.0,0.0,109000000.0,3221000000.0,1305000000.0,1916000000.0,3260788127.0,-89000000.0,95000000.0,-142000000.0,59000000.0,-96000000.0,-183000000.0,-305000000.0,0.0,399000000.0,0.0,243000000.0,234000000.0,234000000.0,0.0,0.0,0.028,935000000.0,409000000.0,587000000.0,0.376,2.157,13.935,13.557,3316000000.0,9000000.0,18.031,0.388,0.388,545000000.0,,8398000000.0,8398000000.0,0.0,0.049,0.156,0.096,0.049,0.0,535000000.0,1.0,180840936.0,180800000,182400000.0,46.449,4733000000.0,118000000.0,92000000.0,292000000.0,26.178,-210000000.0
54,SUN1,MRT,1998-12-31,1998-12-31,1998-12-31,2021-08-25,0.0,4849000000.0,4758000000.0,1180000000.0,3669000000.0,1.804,8.99,-457000000.0,38000000.0,38000000.0,7205000000.0,280000000.0,0.853,2.203,1012000000.0,189000000.0,823000000.0,1012000000.0,0.0,257000000.0,0.0,0.028,0.5,466000000.0,723000000.0,0.084,723000000.0,466000000.0,389000000.0,1.545,1.475,1.545,1514000000.0,1488000000.0,1514000000.0,4309097076.0,9.0,5.96,-105000000.0,-0.624,1.0,1378000000.0,0.161,0.0,77000000.0,4439000000.0,4222500000.0,483000000.0,108000000.0,0.0,108000000.0,3335000000.0,1384000000.0,1951000000.0,3371097076.0,5000000.0,88000000.0,-144000000.0,67000000.0,-102000000.0,13000000.0,-360000000.0,0.0,352000000.0,0.0,280000000.0,260000000.0,260000000.0,0.0,0.0,0.03,918000000.0,460000000.0,589000000.0,0.324,2.227,12.966,11.671,3346000000.0,20000000.0,18.031,0.393,0.354,537000000.0,1608000000.0,8583000000.0,8583000000.0,0.0,0.055,0.175,0.11,0.054,0.0,521000000.0,1.0,186958590.0,168400000,190000000.0,50.968,4849000000.0,122000000.0,109000000.0,293000000.0,28.795,-204000000.0
55,SUN1,MRT,1998-09-30,1998-09-30,1998-09-30,2021-08-25,,,,,,,,,,,,,,,,,,,,,,0.031,0.5,,,,,,,,,,,,,3929337440.0,,,,,1.0,,,,,,,,,,,,,,2991337440.0,,,,,,,,,,,,,,,,,,,,,,,,,,16.0,,,,,,,,,,,,,,1.0,186958590.0,187000000,,,,,,,,
56,SUN1,MRT,1998-06-30,1998-06-30,1998-06-30,2021-08-25,0.0,4781000000.0,,1180000000.0,3601000000.0,,9.766,-450000000.0,11000000.0,11000000.0,,,0.955,2.094,949000000.0,90000000.0,859000000.0,949000000.0,0.0,253000000.0,0.0,0.026,0.5,,,,,,,,,,1545000000.0,,1545000000.0,3485311883.0,,,-101000000.0,-0.638,1.0,,,0.0,,4483000000.0,,522000000.0,121000000.0,0.0,121000000.0,3236000000.0,1236000000.0,2000000000.0,2748311883.0,-39000000.0,145000000.0,-98000000.0,-48000000.0,-113000000.0,-93000000.0,-295000000.0,0.0,349000000.0,0.0,,,,,,,,,569000000.0,,1.779,,,3260000000.0,,19.406,,,542000000.0,,,,,,,,,0.0,,1.0,141619936.0,158200000,,,4781000000.0,105000000.0,,244000000.0,30.221,-56000000.0
57,SUN1,MRT,1998-03-31,1998-03-31,1998-03-31,2021-08-25,0.0,4733000000.0,,1276000000.0,3457000000.0,,10.523,,93000000.0,93000000.0,,,0.978,2.177,830000000.0,6000000.0,824000000.0,830000000.0,0.0,,0.0,0.024,0.5,,,,,,,,,,1490000000.0,,1490000000.0,3699486103.0,,,,,1.0,,,0.0,,4165000000.0,,502000000.0,135000000.0,0.0,135000000.0,3243000000.0,1305000000.0,1938000000.0,2896486103.0,,,,,,,,,,,,,,,,,,,719000000.0,,1.944,,,3098000000.0,,20.469,,,572000000.0,,,,,,,,,,,1.0,141507718.0,141600000,,,4733000000.0,109000000.0,,202000000.0,33.425,-29000000.0
58,SUN1,MRT,1997-12-31,1997-12-31,1997-12-31,2021-08-25,0.0,4667000000.0,4846000000.0,1248000000.0,3419000000.0,2.173,10.111,-380000000.0,33000000.0,33000000.0,9173000000.0,263000000.0,0.852,2.192,836000000.0,12000000.0,824000000.0,836000000.0,0.0,259000000.0,0.0,0.024,0.5,463000000.0,722000000.0,0.069,722000000.0,463000000.0,385000000.0,1.515,1.35,1.515,1462000000.0,1450000000.0,1462000000.0,,,,72000000.0,0.498,1.0,1358000000.0,0.129,0.0,78000000.0,4006000000.0,4018000000.0,431000000.0,137000000.0,0.0,137000000.0,3205000000.0,1464000000.0,1741000000.0,2976084194.0,-34000000.0,182000000.0,-96000000.0,-53000000.0,-117000000.0,-299000000.0,-187000000.0,0.0,452000000.0,0.0,263000000.0,219000000.0,219000000.0,0.0,0.0,0.021,902000000.0,456000000.0,830000000.0,0.33,2.036,13.589,13.882,3064000000.0,44000000.0,21.031,0.283,0.289,671000000.0,1430000000.0,10531000000.0,10531000000.0,0.0,0.045,0.151,0.115,0.044,0.0,533000000.0,1.0,141507718.0,144600000,194800000.0,72.828,4667000000.0,113000000.0,122000000.0,161000000.0,32.275,-216000000.0
59,SUN1,MRT,1997-06-30,1997-06-30,1997-06-30,2021-08-25,,,,,,,,,,,,,,,,,,,,,,0.032,0.5,,,,,,,,,,,,,,,,,,1.0,,,,,,,,,,,,,,,,,,,,,,,,,,,,,,,,,,,,,,,,15.5,,,,,,,,,,,,,,1.0,,145600000,,,,,,,,
60,SUN1,MRT,1997-03-31,1997-03-31,1997-03-31,2021-08-25,,,,,,,,,,,,,,,,,,,,,,0.038,0.5,,,,,,,,,,,,,,,,,,1.0,,,,,,,,,,,,,,,,,,,,,,,,,,,,,,,,,,,,,,,,13.062,,,,,,,,,,,,,,1.0,,146000000,,,,,,,,
61,SUN1,MRT,1996-12-31,1996-12-31,1996-12-31,2021-08-25,0.0,5025000000.0,,1535000000.0,3490000000.0,,9.769,-408000000.0,67000000.0,67000000.0,10330000000.0,-115000000.0,0.845,2.494,889000000.0,54000000.0,835000000.0,889000000.0,0.0,267000000.0,0.0,0.041,0.5,-163000000.0,104000000.0,0.009,104000000.0,-163000000.0,-242000000.0,-1.085,-1.085,-1.085,1438000000.0,,1438000000.0,,,,-76000000.0,-0.516,1.0,970000000.0,0.086,0.0,79000000.0,4030000000.0,,476000000.0,170000000.0,0.0,170000000.0,3587000000.0,1817000000.0,1770000000.0,,56000000.0,339000000.0,-27000000.0,-56000000.0,-119000000.0,-226000000.0,-50000000.0,0.0,332000000.0,0.0,-115000000.0,-160000000.0,-160000000.0,-166000000.0,0.0,-0.014,1301000000.0,-331000000.0,1081000000.0,-0.461,,,-11.233,3044000000.0,45000000.0,12.188,,0.159,864000000.0,1284000000.0,11300000000.0,11300000000.0,0.0,,,,-0.014,0.0,589000000.0,1.0,,147200000,147200000.0,76.766,5025000000.0,128000000.0,-127000000.0,109000000.0,34.137,-282000000.0
62,SUN1,MRT,1995-12-31,1995-12-31,1995-12-31,2021-08-25,,,,,,,,-417000000.0,,,8762000000.0,140000000.0,,,,,,,,263000000.0,,0.051,0.7,199000000.0,462000000.0,0.047,462000000.0,199000000.0,101000000.0,0.645,0.645,0.645,,,,,,,-65000000.0,-0.356,1.0,1115000000.0,0.113,,98000000.0,,,,,,,,,,,-75000000.0,635000000.0,-232000000.0,-309000000.0,-156000000.0,-592000000.0,165000000.0,0.0,352000000.0,0.0,140000000.0,118000000.0,118000000.0,-235000000.0,0.0,0.012,1066000000.0,49000000.0,,1.085,,,21.221,,22000000.0,13.688,,0.253,,,9877000000.0,9877000000.0,0.0,,,,0.02,0.0,616000000.0,1.0,,182600000,182600000.0,54.091,,,-39000000.0,,,
