None,ticker,dimension,calendardate,datekey,reportperiod,lastupdated,accoci,assets,assetsavg,assetsc,assetsnc,assetturnover,bvps,capex,cashneq,cashnequsd,cor,consolinc,currentratio,de,debt,debtc,debtnc,debtusd,deferredrev,depamor,deposits,divyield,dps,ebit,ebitda,ebitdamargin,ebitdausd,ebitusd,ebt,eps,epsdil,epsusd,equity,equityavg,equityusd,ev,evebit,evebitda,fcf,fcfps,fxusd,gp,grossmargin,intangibles,intexp,invcap,invcapavg,inventory,investments,investmentsc,investmentsnc,liabilities,liabilitiesc,liabilitiesnc,marketcap,ncf,ncfbus,ncfcommon,ncfdebt,ncfdiv,ncff,ncfi,ncfinv,ncfo,ncfx,netinc,netinccmn,netinccmnusd,netincdis,netincnci,netmargin,opex,opinc,payables,payoutratio,pb,pe,pe1,ppnenet,prefdivis,price,ps,ps1,receivables,retearn,revenue,revenueusd,rnd,roa,roe,roic,ros,sbcomp,sgna,sharefactor,sharesbas,shareswa,shareswadil,sps,tangibles,taxassets,taxexp,taxliabilities,tbvps,workingcapital
0,TDG,MRY,2020-12-31,2020-09-30,2020-09-30,2021-08-10,-401000000.0,18395000000.0,17841250000.0,6960000000.0,11435000000.0,0.286,-69.319,-105000000.0,4717000000.0,4717000000.0,2456000000.0,700000000.0,4.307,-5.63,20009000000.0,625000000.0,19384000000.0,20009000000.0,0.0,283000000.0,0.0,0.068,32.5,1815000000.0,2098000000.0,0.411,2098000000.0,1815000000.0,786000000.0,8.96,8.96,8.96,-3972000000.0,-4166750000.0,-3972000000.0,41244486803.0,23.0,19.659,1108000000.0,19.337,1.0,2647000000.0,0.519,10499000000.0,1029000000.0,21572000000.0,20466750000.0,1283000000.0,0.0,0.0,0.0,22363000000.0,1616000000.0,20747000000.0,25754486803.0,3250000000.0,904000000.0,97000000.0,3072000000.0,-1928000000.0,1230000000.0,799000000.0,0.0,1213000000.0,8000000.0,699000000.0,514000000.0,514000000.0,-47000000.0,1000000.0,0.101,896000000.0,1751000000.0,218000000.0,3.627,-6.484,50.106,53.027,752000000.0,185000000.0,475.12,5.047,5.335,720000000.0,-4359000000.0,5103000000.0,5103000000.0,0.0,0.029,-0.123,0.089,0.356,93000000.0,727000000.0,1.0,54206278.0,57300000.0,57300000.0,89.058,7896000000.0,17000000.0,87000000.0,430000000.0,137.801,5344000000.0
1,TDG,MRY,2019-12-31,2019-09-30,2019-09-30,2021-08-10,-379000000.0,16255000000.0,16036008000.0,4865000000.0,11390000000.0,0.326,-51.403,-102000000.0,1467000000.0,1467000000.0,2414000000.0,892000000.0,3.163,-6.613,16899000000.0,430000000.0,16469000000.0,16899000000.0,0.0,226000000.0,0.0,0.058,30.0,1971000000.0,2197000000.0,0.421,2197000000.0,1971000000.0,1112000000.0,13.84,13.84,13.84,-2894000000.0,-1843478750.0,-2894000000.0,41926910905.0,21.0,19.084,913000000.0,16.217,1.0,2809000000.0,0.538,10564000000.0,859000000.0,19585000000.0,17947741250.0,1233000000.0,0.0,0.0,0.0,19139000000.0,1538000000.0,17601000000.0,27767023905.0,-606000000.0,-3787000000.0,82000000.0,3902000000.0,-1712000000.0,2271000000.0,-3889000000.0,0.0,1015000000.0,-3000000.0,890000000.0,779000000.0,779000000.0,-51000000.0,2000000.0,0.149,883000000.0,1926000000.0,276000000.0,2.168,-9.595,35.644,37.621,757000000.0,111000000.0,520.67,5.316,5.612,1068000000.0,-3120000000.0,5223000000.0,5223000000.0,0.0,0.049,-0.423,0.11,0.377,93000000.0,748000000.0,1.0,53329410.0,56300000.0,56300000.0,92.771,5691000000.0,0.0,222000000.0,441000000.0,101.083,3327000000.0
2,TDG,MRY,2018-12-31,2018-09-30,2018-09-30,2021-08-10,4100000.0,12197467000.0,11127187000.0,3657287000.0,8540180000.0,0.342,-32.526,-73000000.0,2073017000.0,2073017000.0,1634000000.0,957000000.0,4.062,-7.745,12877282000.0,375336000.0,12501946000.0,12877282000.0,0.0,129000000.0,0.0,0.0,0.0,1644000000.0,1773000000.0,0.465,1773000000.0,1644000000.0,981000000.0,16.2,16.2,16.2,-1808471000.0,-2204000250.0,-1808471000.0,30632048776.0,19.0,17.277,949000000.0,17.068,1.0,2177000000.0,0.571,8011694000.0,663000000.0,14089656000.0,13441770500.0,805292000.0,0.0,0.0,0.0,14005938000.0,900382000.0,13105556000.0,19593662776.0,1422000000.0,-611000000.0,58000000.0,1095000000.0,-56000000.0,1086000000.0,-684000000.0,0.0,1022000000.0,-2000000.0,957000000.0,901000000.0,901000000.0,5000000.0,0.0,0.236,522000000.0,1655000000.0,173603000.0,0.0,-10.834,21.747,22.981,388333000.0,56000000.0,372.3,5.141,5.432,704310000.0,-2246578000.0,3811000000.0,3811000000.0,0.0,0.081,-0.409,0.122,0.431,58000000.0,450000000.0,1.0,52628694.0,55600000.0,55600000.0,68.543,4185773000.0,0.0,24000000.0,399496000.0,75.284,2756905000.0
3,TDG,MRY,2017-12-31,2017-09-30,2017-09-30,2021-08-10,-85143000.0,9975661000.0,10129136500.0,2133552000.0,7842109000.0,0.346,-53.146,-71013000.0,650561000.0,650561000.0,1519659000.0,596887000.0,2.45,-4.38,11762661000.0,369041000.0,11393620000.0,11762661000.0,0.0,141025000.0,0.0,0.18,46.0,1408365000.0,1549390000.0,0.442,1549390000.0,1408365000.0,805776000.0,7.88,7.88,7.88,-2951204000.0,-2190009500.0,-2951204000.0,23392640017.0,17.0,15.098,717720000.0,12.925,1.0,1984627000.0,0.566,7463200000.0,602589000.0,12753567000.0,12188821500.0,730681000.0,15809000.0,0.0,15809000.0,12926865000.0,870994000.0,12055871000.0,13270928017.0,-936433000.0,-215990000.0,-368644000.0,1524085000.0,-2581552000.0,-1443682000.0,-287003000.0,0.0,788733000.0,5519000.0,596887000.0,437630000.0,437630000.0,31654000.0,0.0,0.125,501781000.0,1482846000.0,148761000.0,5.838,-4.497,30.325,32.443,324924000.0,159257000.0,255.65,3.787,4.051,636127000.0,-3187220000.0,3504286000.0,3504286000.0,0.0,0.043,-0.2,0.116,0.402,45524000.0,412555000.0,1.0,51910534.0,55530000.0,55530000.0,63.106,2512461000.0,0.0,208889000.0,500949000.0,45.245,1262558000.0
4,TDG,MRY,2016-12-31,2016-09-30,2016-09-30,2021-08-10,-149787000.0,10726277000.0,9496549500.0,2930697000.0,7795580000.0,0.334,-11.601,-43982000.0,1586994000.0,1586994000.0,1443348000.0,586414000.0,3.894,-17.464,10195607000.0,252416000.0,9943191000.0,10195607000.0,0.0,121670000.0,0.0,0.0,0.0,1248966000.0,1370636000.0,0.432,1370636000.0,1248966000.0,765116000.0,10.39,10.39,10.39,-651490000.0,-846456500.0,-651490000.0,23939105145.0,19.0,17.466,639316000.0,11.384,1.0,1728063000.0,0.545,7443795000.0,483850000.0,11138492000.0,10090332500.0,724011000.0,0.0,0.0,0.0,11377767000.0,752603000.0,10625164000.0,15400103145.0,872961000.0,-1399064000.0,-177643000.0,1816690000.0,-3000000.0,1632467000.0,-1443046000.0,0.0,683298000.0,242000.0,583414000.0,583414000.0,583414000.0,0.0,3000000.0,0.184,460303000.0,1267760000.0,156075000.0,0.0,-23.638,26.397,27.827,310580000.0,0.0,289.12,4.856,5.12,576339000.0,-1146963000.0,3171411000.0,3171411000.0,0.0,0.061,-0.689,0.124,0.394,48306000.0,382858000.0,1.0,53265437.0,56157000.0,56157000.0,56.474,3282482000.0,0.0,181702000.0,492255000.0,58.452,2178094000.0
5,TDG,MRY,2015-12-31,2015-09-30,2015-09-30,2021-08-10,-96009000.0,8303935000.0,7698525250.0,1786587000.0,6517348000.0,0.352,-18.343,-54871000.0,714033000.0,714033000.0,1257270000.0,447212000.0,2.717,-8.998,8349602000.0,243219000.0,8106383000.0,8349602000.0,0.0,93663000.0,0.0,0.0,0.0,1052244000.0,1145907000.0,0.423,1145907000.0,1052244000.0,633459000.0,7.84,7.84,7.84,-1038306000.0,-1249568000.0,-1038306000.0,18904921503.0,18.0,16.498,466067000.0,8.234,1.0,1449845000.0,0.536,6226071000.0,418785000.0,9055839000.0,8661385750.0,591401000.0,0.0,0.0,0.0,9342241000.0,657594000.0,8684647000.0,11371214503.0,-105515000.0,-1624278000.0,61674000.0,935939000.0,-3365000.0,1054947000.0,-1679149000.0,0.0,520938000.0,-2251000.0,443847000.0,443847000.0,443847000.0,0.0,3365000.0,0.164,375843000.0,1074002000.0,142822000.0,0.0,-10.952,25.62,27.093,260684000.0,0.0,212.41,4.2,4.442,444072000.0,-1717232000.0,2707115000.0,2707115000.0,0.0,0.058,-0.355,0.121,0.389,-30465000.0,321624000.0,1.0,53534271.0,56606000.0,56606000.0,47.824,2077864000.0,0.0,189612000.0,404997000.0,36.707,1128993000.0
6,TDG,MRY,2014-12-31,2014-09-30,2014-09-30,2021-08-10,-25171000.0,6756848000.0,6539916000.0,1689576000.0,5067272000.0,0.363,-27.303,-34146000.0,819548000.0,819548000.0,1105032000.0,306910000.0,2.884,-5.342,7473131000.0,239295000.0,7233836000.0,7473131000.0,0.0,96385000.0,0.0,0.136,25.0,669572000.0,765957000.0,0.323,765957000.0,669572000.0,321884000.0,3.16,3.16,3.16,-1556099000.0,-876854250.0,-1556099000.0,16477701276.0,25.0,21.513,507076000.0,8.897,1.0,1267874000.0,0.534,4742230000.0,347688000.0,8082294000.0,7314255000.0,459074000.0,0.0,0.0,0.0,8312947000.0,585907000.0,7727040000.0,9716119276.0,254808000.0,-311872000.0,-133114000.0,1576796000.0,-1451391000.0,43973000.0,-329638000.0,0.0,541222000.0,-749000.0,180284000.0,180284000.0,180284000.0,0.0,126626000.0,0.076,340054000.0,927820000.0,115741000.0,7.911,-6.244,53.893,58.332,212108000.0,0.0,184.33,4.095,4.427,351307000.0,-2150293000.0,2372906000.0,2372906000.0,0.0,0.028,-0.206,0.092,0.282,-25377000.0,276446000.0,1.0,52710461.0,56993000.0,56993000.0,41.635,2014618000.0,37669000.0,141600000.0,402247000.0,35.349,1103669000.0
7,TDG,MRY,2013-12-31,2013-09-30,2013-09-30,2021-08-10,-6516000.0,6148879000.0,5801311750.0,1320495000.0,4828384000.0,0.332,-6.107,-35535000.0,564740000.0,564740000.0,874838000.0,302789000.0,4.095,-19.28,5731238000.0,31045000.0,5700193000.0,5731238000.0,0.0,73515000.0,0.0,0.251,34.85,547931000.0,621446000.0,0.323,621446000.0,547931000.0,277246000.0,2.39,2.39,2.39,-336381000.0,437390250.0,-336381000.0,11357184531.0,21.0,18.275,434670000.0,7.892,1.0,1049562000.0,0.545,4533397000.0,270685000.0,6459480000.0,5367793500.0,413581000.0,0.0,0.0,0.0,6485260000.0,322500000.0,6162760000.0,7287356531.0,124216000.0,-483257000.0,21534000.0,2059810000.0,-1991350000.0,156195000.0,-502442000.0,16350000.0,470205000.0,258000.0,131546000.0,131546000.0,131546000.0,0.0,171243000.0,0.068,300107000.0,749455000.0,106768000.0,14.582,-21.664,55.398,58.033,208964000.0,0.0,138.7,3.787,3.97,290449000.0,-1004244000.0,1924400000.0,1924400000.0,0.0,0.023,0.301,0.102,0.285,-17317000.0,254468000.0,1.0,52540422.0,55080000.0,55080000.0,34.938,1615482000.0,30182000.0,145700000.0,384301000.0,29.33,997995000.0
8,TDG,MRY,2012-12-31,2012-09-30,2012-09-30,2021-08-10,-8051000.0,5459617000.0,5127689500.0,1050531000.0,4409086000.0,0.332,22.62,-25246000.0,440524000.0,440524000.0,754491000.0,324969000.0,4.491,3.479,3619125000.0,20500000.0,3598625000.0,3619125000.0,0.0,68227000.0,0.0,0.0,0.0,696476000.0,764703000.0,0.45,764703000.0,696476000.0,484570000.0,5.97,5.97,5.97,1218834000.0,1051868500.0,1218834000.0,10621948544.0,15.0,13.89,388639000.0,7.213,1.0,945717000.0,0.556,4159112000.0,211906000.0,4245191000.0,4125575750.0,320503000.0,0.0,0.0,0.0,4240783000.0,233915000.0,4006868000.0,7300416544.0,64341000.0,-851046000.0,14864000.0,465066000.0,-3299000.0,527186000.0,-876292000.0,0.0,413885000.0,-438000.0,321670000.0,321670000.0,321670000.0,0.0,3299000.0,0.189,245942000.0,699775000.0,74178000.0,0.0,5.99,22.695,23.764,172737000.0,0.0,141.87,4.294,4.496,235783000.0,689229000.0,1700208000.0,1700208000.0,0.0,0.063,0.306,0.169,0.41,-28404000.0,201709000.0,1.0,51458494.0,53882000.0,53882000.0,31.554,1300505000.0,29134000.0,162900000.0,356896000.0,24.136,816616000.0
9,TDG,MRY,2011-12-31,2011-09-30,2011-09-30,2021-08-10,-3277000.0,4513636000.0,4374508750.0,870292000.0,3643344000.0,0.276,15.205,-18026000.0,376183000.0,376183000.0,544836000.0,172134000.0,4.207,4.566,3138375000.0,15500000.0,3122875000.0,3138375000.0,0.0,60460000.0,0.0,0.0,0.0,431779000.0,492239000.0,0.408,492239000.0,431779000.0,246523000.0,3.17,3.17,3.17,810949000.0,702390000.0,810949000.0,6688672649.0,15.0,13.588,242360000.0,4.544,1.0,661185000.0,0.548,3424113000.0,185256000.0,3644856000.0,3637069500.0,265317000.0,0.0,0.0,0.0,3702687000.0,206859000.0,3495828000.0,4095673649.0,142071000.0,-1379002000.0,9208000.0,1248713000.0,-2811000.0,1278521000.0,-1397028000.0,0.0,260386000.0,192000.0,169323000.0,169323000.0,169323000.0,-19909000.0,2811000.0,0.14,174050000.0,487135000.0,62110000.0,0.0,5.05,24.189,25.763,150800000.0,0.0,81.67,3.396,3.612,189293000.0,364260000.0,1206021000.0,1206021000.0,0.0,0.039,0.241,0.119,0.358,-10837000.0,133711000.0,1.0,50149059.0,53333000.0,53333000.0,22.613,1089523000.0,30844000.0,77200000.0,310451000.0,20.429,663433000.0
10,TDG,MRY,2010-12-31,2010-09-30,2010-09-30,2021-08-10,-3800000.0,2677818000.0,2585985000.0,583508000.0,2094310000.0,0.32,11.205,-12887000.0,234112000.0,234112000.0,354588000.0,163445000.0,5.163,3.516,1771646000.0,0.0,1771646000.0,1771646000.0,0.0,30165000.0,0.0,0.123,7.65,332756000.0,362921000.0,0.438,362921000.0,332756000.0,220522000.0,2.52,2.52,2.52,592979000.0,514013250.0,592979000.0,4574264783.0,14.0,12.604,184417000.0,3.485,1.0,473066000.0,0.572,1972058000.0,112234000.0,2130282000.0,2114539000.0,188756000.0,0.0,0.0,0.0,2084839000.0,113012000.0,1971827000.0,3061533783.0,43945000.0,-166557000.0,6361000.0,404248000.0,-404868000.0,23200000.0,-176559000.0,0.0,197304000.0,0.0,133132000.0,133132000.0,133132000.0,0.0,30313000.0,0.161,109997000.0,363069000.0,44226000.0,3.036,5.163,22.996,24.623,99613000.0,0.0,62.05,3.699,3.968,134461000.0,192126000.0,827654000.0,827654000.0,0.0,0.051,0.259,0.157,0.402,-10755000.0,94918000.0,1.0,49339787.0,52923000.0,52923000.0,15.639,705760000.0,15200000.0,87390000.0,168588000.0,13.336,470496000.0
11,TDG,MRY,2009-12-31,2009-09-30,2009-09-30,2021-08-10,-5509000.0,2454440000.0,2368074000.0,494754000.0,1959686000.0,0.322,15.592,-13155000.0,190167000.0,190167000.0,332206000.0,162902000.0,4.96,1.996,1356761000.0,0.0,1356761000.0,1356761000.0,0.0,27521000.0,0.0,0.0,0.0,335400000.0,362921000.0,0.477,362921000.0,335400000.0,251002000.0,3.1,3.1,3.1,819162000.0,744570500.0,819162000.0,3567909866.0,11.0,9.831,183957000.0,3.501,1.0,429346000.0,0.564,1835231000.0,84398000.0,1686051000.0,1671336000.0,167766000.0,0.0,0.0,0.0,1635278000.0,99752000.0,1535526000.0,2414679866.0,31105000.0,-155233000.0,-6897000.0,0.0,0.0,2381000.0,-168388000.0,0.0,197112000.0,0.0,162902000.0,162902000.0,162902000.0,0.0,0.0,0.214,93946000.0,335400000.0,44680000.0,0.0,2.948,14.823,16.068,96751000.0,0.0,49.81,3.171,3.436,106446000.0,450647000.0,761552000.0,761552000.0,0.0,0.069,0.219,0.201,0.44,-3465000.0,80018000.0,1.0,48477813.0,52539000.0,52539000.0,14.495,619209000.0,18700000.0,88100000.0,162745000.0,11.786,395002000.0
12,TDG,MRY,2008-12-31,2008-09-30,2008-09-30,2021-08-10,445000.0,2255821000.0,2180509250.0,423434000.0,1832387000.0,0.327,12.551,-10884000.0,159062000.0,159062000.0,327780000.0,133126000.0,4.784,2.45,1357230000.0,0.0,1357230000.0,1357230000.0,0.0,25254000.0,0.0,0.0,0.0,299279000.0,324533000.0,0.455,324533000.0,299279000.0,206602000.0,2.56,2.56,2.56,653900000.0,585743000.0,653900000.0,2824970419.0,9.0,8.705,178751000.0,3.431,1.0,385931000.0,0.541,1710968000.0,92677000.0,1654519000.0,1649626000.0,144114000.0,0.0,0.0,0.0,1601921000.0,88502000.0,1513419000.0,1656815419.0,53116000.0,-154160000.0,9769000.0,0.0,0.0,28525000.0,-165044000.0,0.0,189635000.0,0.0,133126000.0,133126000.0,133126000.0,0.0,0.0,0.187,86652000.0,299279000.0,25140000.0,0.0,2.534,12.445,13.371,96241000.0,0.0,34.23,2.321,2.499,96196000.0,287745000.0,713711000.0,713711000.0,0.0,0.061,0.227,0.181,0.419,-14721000.0,74650000.0,1.0,48402437.0,52098000.0,52098000.0,13.699,544853000.0,19902000.0,73476000.0,151672000.0,10.458,334932000.0
13,TDG,MRY,2007-12-31,2007-09-30,2007-09-30,2021-08-10,-1753000.0,2061053000.0,1877333000.0,365599000.0,1695454000.0,0.316,10.685,-10258000.0,105946000.0,105946000.0,283766000.0,88645000.0,5.439,3.227,1357854000.0,0.0,1357854000.0,1357854000.0,0.0,23952000.0,0.0,0.0,0.0,233838000.0,257790000.0,0.435,257790000.0,233838000.0,142071000.0,1.75,1.75,1.75,487551000.0,436990000.0,487551000.0,3382424035.0,14.0,13.121,102178000.0,2.239,1.0,309032000.0,0.521,1582768000.0,91767000.0,1662974000.0,1517556500.0,126763000.0,0.0,0.0,0.0,1573502000.0,67219000.0,1506283000.0,2144708035.0,44729000.0,-511407000.0,8450000.0,421881000.0,0.0,453958000.0,-521665000.0,0.0,112436000.0,0.0,88645000.0,88645000.0,88645000.0,0.0,0.0,0.15,75194000.0,233838000.0,24753000.0,0.0,4.399,24.194,26.12,87074000.0,0.0,45.71,3.618,3.518,100094000.0,156312000.0,592798000.0,592798000.0,0.0,0.047,0.203,0.154,0.394,-20140000.0,62890000.0,1.0,46919887.0,45630000.0,48542000.0,12.991,478285000.0,28395000.0,53426000.0,140251000.0,10.482,298380000.0
14,TDG,MRY,2006-12-31,2006-09-30,2006-09-30,2021-08-10,-1829000.0,1416712000.0,1422230000.0,234181000.0,1182531000.0,0.306,8.174,-8350000.0,61217000.0,61217000.0,213874000.0,25117000.0,5.391,2.902,925000000.0,0.0,925000000.0,925000000.0,0.0,16111000.0,0.0,0.0,0.0,118167000.0,134278000.0,0.309,134278000.0,118167000.0,41435000.0,0.57,0.53,0.57,363041000.0,348074000.0,363041000.0,1992371647.0,17.0,14.838,-5292000.0,-0.119,1.0,221290000.0,0.509,1103788000.0,76732000.0,1133268000.0,1060609500.0,89243000.0,0.0,0.0,0.0,1053671000.0,43439000.0,1010232000.0,1089462647.0,-43004000.0,-26973000.0,1429000.0,-12168000.0,0.0,-10739000.0,-35323000.0,0.0,3058000.0,0.0,25117000.0,25117000.0,25117000.0,0.0,0.0,0.058,54506000.0,166784000.0,18764000.0,0.0,3.001,43.376,42.842,62851000.0,0.0,24.42,2.504,2.492,65568000.0,67667000.0,435164000.0,435164000.0,0.0,0.018,0.072,0.111,0.272,2403000.0,48309000.0,1.0,44613540.0,44415000.0,47181000.0,9.798,312924000.0,16756000.0,16318000.0,78109000.0,7.045,190742000.0
15,TDG,MRY,2005-12-31,2005-09-30,2005-09-30,2021-08-10,-336000.0,1427748000.0,1386830000.0,258346000.0,1169402000.0,0.27,7.536,-7960000.0,104221000.0,104221000.0,189983000.0,34687000.0,1.848,3.286,889846000.0,2943000.0,886903000.0,889846000.0,0.0,16956000.0,0.0,,0.0,137580000.0,154536000.0,0.413,154536000.0,137580000.0,57314000.0,0.78,0.75,0.78,333107000.0,315259500.0,333107000.0,,,,72735000.0,1.646,1.0,184270000.0,0.492,1085635000.0,80266000.0,987951000.0,1046679000.0,76077000.0,0.0,0.0,0.0,1094641000.0,139787000.0,954854000.0,,55723000.0,-63171000.0,0.0,-2942000.0,0.0,-4442000.0,-20530000.0,50601000.0,80695000.0,0.0,34687000.0,34687000.0,34687000.0,0.0,0.0,0.093,46690000.0,137580000.0,16419000.0,0.0,,,,63624000.0,0.0,,,,63554000.0,42550000.0,374253000.0,374253000.0,0.0,0.025,0.11,0.131,0.368,1062000.0,38943000.0,1.0,44201628.0,44202000.0,46544000.0,8.467,342113000.0,12746000.0,22627000.0,64950000.0,7.74,118559000.0
16,TDG,MRY,2004-12-31,2004-09-30,2004-09-30,2021-08-10,-282000.0,1345912000.0,,220179000.0,1125733000.0,,6.73,-5416000.0,48498000.0,48498000.0,164198000.0,13622000.0,5.397,3.525,889845000.0,0.0,889845000.0,889845000.0,0.0,18303000.0,0.0,,0.0,94979000.0,113282000.0,0.377,113282000.0,94979000.0,20304000.0,0.31,0.29,0.31,297412000.0,,297412000.0,,,,105723000.0,2.392,1.0,136505000.0,0.454,1041058000.0,74675000.0,1105407000.0,,64385000.0,50601000.0,50601000.0,0.0,1048500000.0,40794000.0,1007706000.0,,29596000.0,-21531000.0,-215000.0,-2209000.0,0.0,-3924000.0,-77619000.0,-50672000.0,111139000.0,0.0,13622000.0,13622000.0,13622000.0,0.0,0.0,0.045,41526000.0,94979000.0,11468000.0,0.0,,,,60817000.0,0.0,,,,44489000.0,7863000.0,300703000.0,300703000.0,0.0,,,,0.316,630000.0,31201000.0,1.0,,44193000.0,46300000.0,6.804,304854000.0,10355000.0,6682000.0,60672000.0,6.898,179385000.0
0,TDG,MRQ,2021-06-30,2021-07-03,2021-07-03,2021-08-10,-222000000.0,19089000000.0,,6723000000.0,12366000000.0,,-53.733,-20000000.0,4529000000.0,4529000000.0,563000000.0,317000000.0,4.109,-7.081,20010000000.0,626000000.0,19384000000.0,20010000000.0,0.0,64000000.0,0.0,0.0,0.0,507000000.0,571000000.0,0.469,571000000.0,507000000.0,244000000.0,5.43,5.43,5.43,-3138000000.0,,-3138000000.0,52263858404.0,34.0,28.907,232000000.0,3.973,1.0,655000000.0,0.538,11429000000.0,263000000.0,21505000000.0,,1225000000.0,0.0,0.0,0.0,22221000000.0,1636000000.0,20585000000.0,36307858404.0,457000000.0,224000000.0,37000000.0,-37000000.0,0.0,-1000000.0,204000000.0,0.0,252000000.0,2000000.0,317000000.0,317000000.0,317000000.0,0.0,0.0,0.26,140000000.0,515000000.0,206000000.0,0.0,-11.57,75.641,80.369,777000000.0,0.0,661.44,7.737,8.231,694000000.0,-3906000000.0,1218000000.0,1218000000.0,0.0,,,,,35000000.0,172000000.0,1.0,54892142.0,58400000.0,58400000.0,20.856,7660000000.0,0.0,-73000000.0,420000000.0,131.164,5087000000.0
1,TDG,MRQ,2021-03-31,2021-04-03,2021-04-03,2021-08-10,-234000000.0,18739000000.0,,6358000000.0,12381000000.0,,-60.411,-29000000.0,4072000000.0,4072000000.0,602000000.0,105000000.0,4.024,-6.31,20028000000.0,626000000.0,19402000000.0,20028000000.0,0.0,66000000.0,0.0,0.0,0.0,397000000.0,463000000.0,0.388,463000000.0,397000000.0,129000000.0,1.79,1.79,1.79,-3528000000.0,,-3528000000.0,48129246686.0,36.0,30.043,69000000.0,1.182,1.0,592000000.0,0.496,11439000000.0,268000000.0,21676000000.0,,1240000000.0,0.0,0.0,0.0,22260000000.0,1580000000.0,20680000000.0,33016246686.0,-835000000.0,-918000000.0,37000000.0,-50000000.0,0.0,-13000000.0,-923000000.0,0.0,98000000.0,3000000.0,104000000.0,104000000.0,104000000.0,0.0,1000000.0,0.087,198000000.0,394000000.0,214000000.0,0.0,-9.358,210.295,223.596,790000000.0,0.0,603.71,7.342,7.84,682000000.0,-4215000000.0,1194000000.0,1194000000.0,0.0,,,,,21000000.0,162000000.0,1.0,54688918.0,58400000.0,58400000.0,20.445,7300000000.0,0.0,25000000.0,484000000.0,125.0,4778000000.0
2,TDG,MRQ,2020-12-31,2021-01-02,2021-01-02,2021-08-10,-277000000.0,18557000000.0,,7074000000.0,11483000000.0,,-68.154,-31000000.0,4907000000.0,4907000000.0,567000000.0,50000000.0,4.526,-5.976,20020000000.0,626000000.0,19394000000.0,20020000000.0,0.0,58000000.0,0.0,0.0,0.0,320000000.0,378000000.0,0.341,378000000.0,320000000.0,53000000.0,-0.42,-0.42,-0.42,-3728000000.0,,-3728000000.0,48979645576.0,32.0,27.272,243000000.0,4.442,1.0,541000000.0,0.488,10531000000.0,267000000.0,21576000000.0,,1284000000.0,0.0,0.0,0.0,22278000000.0,1563000000.0,20715000000.0,33687645576.0,190000000.0,2000000.0,32000000.0,-19000000.0,-73000000.0,-60000000.0,-29000000.0,0.0,274000000.0,5000000.0,50000000.0,-23000000.0,-23000000.0,0.0,0.0,-0.021,226000000.0,315000000.0,197000000.0,0.0,-9.036,90.558,95.649,777000000.0,73000000.0,618.85,7.098,7.133,627000000.0,-4314000000.0,1108000000.0,1108000000.0,0.0,,,,,49000000.0,197000000.0,1.0,54435882.0,54700000.0,54700000.0,20.256,8026000000.0,18000000.0,3000000.0,437000000.0,146.728,5511000000.0
3,TDG,MRQ,2020-09-30,2020-09-30,2020-09-30,2021-08-10,-401000000.0,18395000000.0,,6960000000.0,11435000000.0,,-69.684,-43000000.0,4717000000.0,4717000000.0,637000000.0,82000000.0,4.307,-5.63,20009000000.0,625000000.0,19384000000.0,20009000000.0,0.0,72000000.0,0.0,0.068,0.0,324000000.0,396000000.0,0.338,396000000.0,324000000.0,57000000.0,1.43,1.43,1.43,-3972000000.0,,-3972000000.0,41244486803.0,23.0,19.659,179000000.0,3.14,1.0,536000000.0,0.457,10499000000.0,267000000.0,21572000000.0,,1283000000.0,0.0,0.0,0.0,22363000000.0,1616000000.0,20747000000.0,25754486803.0,168000000.0,0.0,27000000.0,-40000000.0,0.0,-15000000.0,-43000000.0,0.0,222000000.0,4000000.0,82000000.0,82000000.0,82000000.0,19000000.0,0.0,0.07,224000000.0,312000000.0,218000000.0,0.0,-6.484,50.106,53.027,752000000.0,0.0,475.12,5.047,5.335,720000000.0,-4359000000.0,1173000000.0,1173000000.0,0.0,,,,,34000000.0,183000000.0,1.0,54206278.0,57000000.0,57000000.0,20.579,7896000000.0,17000000.0,-25000000.0,430000000.0,138.526,5344000000.0
4,TDG,MRQ,2020-06-30,2020-06-27,2020-06-27,2021-08-10,-490000000.0,18179000000.0,,6771000000.0,11408000000.0,,-73.002,-12000000.0,4549000000.0,4549000000.0,531000000.0,-6000000.0,4.101,-5.345,20039000000.0,629000000.0,19410000000.0,20039000000.0,0.0,70000000.0,0.0,0.148,0.0,295000000.0,365000000.0,0.357,365000000.0,295000000.0,33000000.0,-0.1,-0.1,-0.1,-4183000000.0,,-4183000000.0,38663312808.0,18.0,15.891,385000000.0,6.719,1.0,491000000.0,0.48,10492000000.0,262000000.0,21526000000.0,,1344000000.0,0.0,0.0,0.0,22358000000.0,1651000000.0,20707000000.0,22769312808.0,1881000000.0,0.0,20000000.0,1474000000.0,0.0,1493000000.0,-12000000.0,0.0,397000000.0,3000000.0,-6000000.0,-6000000.0,-6000000.0,1000000.0,0.0,-0.006,205000000.0,286000000.0,231000000.0,0.0,-5.443,32.904,34.658,744000000.0,0.0,421.09,4.162,4.41,726000000.0,-4427000000.0,1022000000.0,1022000000.0,0.0,,,,,22000000.0,163000000.0,1.0,54072319.0,57300000.0,57300000.0,17.836,7687000000.0,12000000.0,39000000.0,372000000.0,134.154,5120000000.0
5,TDG,MRQ,2020-03-31,2020-03-28,2020-03-28,2021-08-10,-503000000.0,16635000000.0,,5200000000.0,11435000000.0,,-73.328,-23000000.0,2668000000.0,2668000000.0,625000000.0,319000000.0,3.14,-4.951,18562000000.0,629000000.0,17933000000.0,18562000000.0,0.0,72000000.0,0.0,0.172,0.0,585000000.0,657000000.0,0.455,657000000.0,585000000.0,333000000.0,5.56,5.56,5.56,-4209000000.0,,-4209000000.0,33669998899.0,15.0,13.091,138000000.0,2.404,1.0,818000000.0,0.567,10515000000.0,252000000.0,20358000000.0,,1313000000.0,0.0,0.0,0.0,20840000000.0,1656000000.0,19184000000.0,19481998899.0,-1526000000.0,0.0,30000000.0,181000000.0,-1864000000.0,-1662000000.0,-23000000.0,0.0,161000000.0,-2000000.0,319000000.0,319000000.0,319000000.0,4000000.0,0.0,0.221,226000000.0,592000000.0,266000000.0,0.0,-4.629,23.11,24.495,748000000.0,0.0,363.01,3.263,3.49,999000000.0,-4401000000.0,1443000000.0,1443000000.0,0.0,,,,,11000000.0,180000000.0,1.0,53667940.0,57400000.0,57400000.0,25.139,6120000000.0,13000000.0,14000000.0,385000000.0,106.62,3544000000.0
6,TDG,MRQ,2019-12-31,2019-12-28,2019-12-28,2021-08-10,-252000000.0,18156000000.0,,6652000000.0,11504000000.0,,-74.965,-27000000.0,4194000000.0,4194000000.0,664000000.0,305000000.0,1.986,-5.218,18382000000.0,430000000.0,17952000000.0,18382000000.0,0.0,69000000.0,0.0,0.111,32.5,611000000.0,680000000.0,0.464,680000000.0,611000000.0,363000000.0,2.07,2.07,2.07,-4303000000.0,,-4303000000.0,45631664869.0,21.0,18.848,406000000.0,7.073,1.0,801000000.0,0.547,10583000000.0,248000000.0,18411000000.0,,1294000000.0,0.0,0.0,0.0,22455000000.0,3350000000.0,19105000000.0,30200197869.0,2727000000.0,904000000.0,20000000.0,1457000000.0,-64000000.0,1414000000.0,877000000.0,0.0,433000000.0,3000000.0,304000000.0,119000000.0,119000000.0,-71000000.0,1000000.0,0.081,241000000.0,560000000.0,265000000.0,15.7,-7.018,41.598,43.855,753000000.0,185000000.0,563.98,5.303,5.684,1025000000.0,-4699000000.0,1465000000.0,1465000000.0,0.0,,,,,26000000.0,201000000.0,1.0,53548349.0,57400000.0,57400000.0,25.523,7573000000.0,13000000.0,59000000.0,448000000.0,131.934,3302000000.0
7,TDG,MRQ,2019-09-30,2019-09-30,2019-09-30,2021-08-10,-379000000.0,16255000000.0,,4865000000.0,11390000000.0,,-51.403,-22000000.0,1467000000.0,1467000000.0,659000000.0,349000000.0,3.163,-6.613,16899000000.0,430000000.0,16469000000.0,16899000000.0,0.0,89000000.0,0.0,0.058,30.0,642000000.0,731000000.0,0.474,731000000.0,642000000.0,397000000.0,4.62,4.62,4.62,-2894000000.0,,-2894000000.0,41926910905.0,21.0,19.084,225000000.0,3.996,1.0,882000000.0,0.572,10564000000.0,245000000.0,19585000000.0,,1233000000.0,0.0,0.0,0.0,19139000000.0,1538000000.0,17601000000.0,27767023905.0,-1250000000.0,170000000.0,18000000.0,29000000.0,-1688000000.0,-1641000000.0,148000000.0,0.0,247000000.0,-4000000.0,347000000.0,260000000.0,260000000.0,-32000000.0,2000000.0,0.169,268000000.0,614000000.0,276000000.0,6.494,-9.595,35.644,37.621,757000000.0,87000000.0,520.67,5.316,5.612,1068000000.0,-3120000000.0,1541000000.0,1541000000.0,0.0,,,,,23000000.0,213000000.0,1.0,53329410.0,56300000.0,56300000.0,27.371,5691000000.0,0.0,50000000.0,441000000.0,101.083,3327000000.0
8,TDG,MRQ,2019-06-30,2019-06-29,2019-06-29,2021-08-10,-175775000.0,17702598000.0,,5411195000.0,12291403000.0,,-23.468,-36000000.0,2716812000.0,2716812000.0,808000000.0,145000000.0,3.919,-14.39,16876699000.0,380814000.0,16495885000.0,16876699000.0,0.0,63000000.0,0.0,0.0,0.0,441000000.0,504000000.0,0.331,504000000.0,441000000.0,200000000.0,2.57,2.57,2.57,-1321244000.0,,-1321244000.0,40156690393.0,23.0,20.552,279000000.0,4.956,1.0,713000000.0,0.469,11418677000.0,241000000.0,19063168000.0,,1413934000.0,0.0,0.0,0.0,19013212000.0,1380640000.0,17632572000.0,25728442393.0,-112000000.0,-388000000.0,17000000.0,-21000000.0,0.0,-3000000.0,-424000000.0,0.0,315000000.0,0.0,145000000.0,145000000.0,145000000.0,-17000000.0,0.0,0.095,290000000.0,423000000.0,310448000.0,0.0,-19.473,34.403,36.294,745538000.0,0.0,483.8,5.438,5.757,1162345000.0,-1709790000.0,1521000000.0,1521000000.0,0.0,,,,,32000000.0,252000000.0,1.0,53179914.0,56300000.0,56300000.0,27.016,6283921000.0,62775000.0,55000000.0,641002000.0,111.615,4030555000.0
9,TDG,MRQ,2019-03-31,2019-03-30,2019-03-30,2021-08-10,-157037000.0,17797156000.0,,5595529000.0,12201627000.0,,-26.497,-20000000.0,2828902000.0,2828902000.0,518000000.0,202000000.0,3.242,-12.924,17257150000.0,747969000.0,16509181000.0,17257150000.0,0.0,39000000.0,0.0,0.0,0.0,467000000.0,506000000.0,0.433,506000000.0,467000000.0,265000000.0,3.6,3.6,3.6,-1491778000.0,,-1491778000.0,34560588398.0,19.0,18.03,103000000.0,1.829,1.0,650000000.0,0.557,11338768000.0,202000000.0,19160443000.0,,1453044000.0,0.0,0.0,0.0,19279403000.0,1726193000.0,17553210000.0,24014779398.0,492000000.0,-3540000000.0,33000000.0,3894000000.0,0.0,3925000000.0,-3560000000.0,0.0,123000000.0,4000000.0,202000000.0,202000000.0,202000000.0,-2000000.0,0.0,0.173,182000000.0,468000000.0,318586000.0,0.0,-16.098,29.283,30.947,737599000.0,0.0,453.99,5.73,6.099,1141249000.0,-1851113000.0,1168000000.0,1168000000.0,0.0,,,,,20000000.0,160000000.0,1.0,52897155.0,56300000.0,56300000.0,20.746,6458388000.0,38972000.0,63000000.0,658175000.0,114.714,3869336000.0
10,TDG,MRQ,2018-12-31,2018-12-29,2018-12-29,2021-08-10,-80993000.0,12389278000.0,,3926618000.0,8462660000.0,,-29.607,-24000000.0,2337316000.0,2337316000.0,429000000.0,196000000.0,4.128,-8.433,12883125000.0,375509000.0,12507616000.0,12883125000.0,0.0,35000000.0,0.0,0.0,0.0,422000000.0,457000000.0,0.46,457000000.0,422000000.0,250000000.0,3.05,3.05,3.05,-1666893000.0,,-1666893000.0,28489760287.0,17.0,15.444,306000000.0,5.435,1.0,564000000.0,0.568,8001467000.0,172000000.0,13982354000.0,,838705000.0,26044000.0,0.0,26044000.0,14056171000.0,951266000.0,13104905000.0,17685495287.0,264000000.0,-29000000.0,14000000.0,0.0,-24000000.0,-10000000.0,-53000000.0,0.0,330000000.0,-3000000.0,196000000.0,172000000.0,172000000.0,0.0,0.0,0.173,142000000.0,422000000.0,176010000.0,0.0,-10.61,21.717,22.964,395970000.0,24000000.0,335.28,4.471,4.772,657684000.0,-2050727000.0,993000000.0,993000000.0,0.0,,,,,18000000.0,122000000.0,1.0,52748435.0,56300000.0,56300000.0,17.638,4387811000.0,0.0,54000000.0,375048000.0,77.936,2975352000.0
11,TDG,MRQ,2018-09-30,2018-09-30,2018-09-30,2021-08-10,4100000.0,12197467000.0,,3657287000.0,8540180000.0,,-32.523,-22903000.0,2073017000.0,2073017000.0,452552000.0,228701000.0,4.062,-7.745,12877282000.0,375336000.0,12501946000.0,12877282000.0,0.0,33466000.0,0.0,0.0,0.0,453475000.0,486941000.0,0.464,486941000.0,453475000.0,280251000.0,4.11,4.11,4.11,-1808471000.0,,-1808471000.0,30632048776.0,19.0,17.277,308187000.0,5.542,1.0,596756000.0,0.569,8011694000.0,173224000.0,14089656000.0,,805292000.0,0.0,0.0,0.0,14005938000.0,900382000.0,13105556000.0,19593662776.0,219188000.0,-86424000.0,17379000.0,-19985000.0,148000.0,-3554000.0,-109327000.0,0.0,331090000.0,979000.0,228701000.0,228849000.0,228849000.0,2057000.0,0.0,0.218,141999000.0,454757000.0,173603000.0,0.0,-10.834,21.747,22.981,388333000.0,-148000.0,372.3,5.141,5.432,704310000.0,-2246578000.0,1049308000.0,1049308000.0,0.0,,,,,21589000.0,123792000.0,1.0,52628694.0,55606000.0,55606000.0,18.87,4185773000.0,0.0,51550000.0,399496000.0,75.276,2756905000.0
12,TDG,MRQ,2018-06-30,2018-06-30,2018-06-30,2021-08-10,-23717000.0,11804477000.0,,3385402000.0,8419075000.0,,-37.744,-19213000.0,1853373000.0,1853373000.0,411142000.0,217246000.0,4.143,-6.625,12891759000.0,375749000.0,12516010000.0,12891759000.0,0.0,33925000.0,0.0,0.064,0.0,432973000.0,466898000.0,0.476,466898000.0,432973000.0,265396000.0,3.91,3.91,3.91,-2098480000.0,,-2098480000.0,28819596778.0,18.0,16.647,218013000.0,3.921,1.0,569520000.0,0.581,7924321000.0,167577000.0,14101372000.0,,815251000.0,0.0,0.0,0.0,13902957000.0,817170000.0,13085787000.0,18095833778.0,842366000.0,-531942000.0,14316000.0,1154995000.0,0.0,1161562000.0,-551155000.0,0.0,237226000.0,-5267000.0,217246000.0,217246000.0,217246000.0,145000.0,0.0,0.222,132040000.0,437480000.0,155937000.0,0.0,-8.623,23.738,25.119,380475000.0,0.0,345.14,4.91,5.206,658168000.0,-2471575000.0,980662000.0,980662000.0,0.0,,,,,13708000.0,112816000.0,1.0,52430416.0,55597000.0,55597000.0,17.639,3880156000.0,0.0,48150000.0,357680000.0,69.791,2568232000.0
13,TDG,MRQ,2018-03-31,2018-03-31,2018-03-31,2021-08-10,6519000.0,10394677000.0,,2470104000.0,7924573000.0,,-41.531,-15594000.0,1011007000.0,1011007000.0,398996000.0,196278000.0,3.039,-5.501,11734770000.0,368980000.0,11365790000.0,11734770000.0,0.0,30970000.0,0.0,0.072,0.0,402891000.0,433861000.0,0.465,433861000.0,402891000.0,241625000.0,3.53,3.53,3.53,-2309337000.0,,-2309337000.0,26910517084.0,17.0,15.943,145279000.0,2.613,1.0,534074000.0,0.572,7459114000.0,161266000.0,12846491000.0,,767232000.0,0.0,0.0,0.0,12704014000.0,812835000.0,11891179000.0,16021135084.0,153145000.0,7366000.0,19015000.0,-18243000.0,0.0,-1021000.0,-8228000.0,0.0,160873000.0,1521000.0,196278000.0,196278000.0,196278000.0,5562000.0,0.0,0.21,124983000.0,409091000.0,151709000.0,0.0,-6.938,22.434,23.775,352456000.0,0.0,306.94,4.447,4.738,644985000.0,-2684832000.0,933070000.0,933070000.0,0.0,,,,,11590000.0,107526000.0,1.0,52196309.0,55605000.0,55605000.0,16.78,2935563000.0,0.0,45347000.0,359342000.0,52.793,1657269000.0
14,TDG,MRQ,2017-12-31,2017-12-30,2017-12-30,2021-08-10,-61743000.0,10112127000.0,,2271333000.0,7840794000.0,,-46.757,-15290000.0,857862000.0,857862000.0,371310000.0,314775000.0,2.758,-4.89,11747244000.0,368924000.0,11378320000.0,11747244000.0,0.0,30639000.0,0.0,0.08,0.0,298513000.0,329152000.0,0.388,329152000.0,298513000.0,137580000.0,4.65,4.65,4.65,-2599713000.0,,-2599713000.0,25381273363.0,17.0,15.368,277521000.0,4.991,1.0,476650000.0,0.562,7448525000.0,160933000.0,12729563000.0,,743868000.0,0.0,0.0,0.0,12711840000.0,823421000.0,11888419000.0,14269173363.0,207301000.0,0.0,7290000.0,-21767000.0,-56148000.0,-70987000.0,-15290000.0,0.0,292811000.0,767000.0,258627000.0,258627000.0,258627000.0,-2764000.0,56148000.0,0.305,123640000.0,353010000.0,145045000.0,0.0,-5.489,21.191,22.584,327253000.0,0.0,274.62,4.033,4.315,556743000.0,-2876954000.0,847960000.0,847960000.0,0.0,,,,,11113000.0,106528000.0,1.0,51959702.0,55600000.0,55600000.0,15.251,2663602000.0,0.0,-121047000.0,339439000.0,47.907,1447912000.0
15,TDG,MRQ,2017-09-30,2017-09-30,2017-09-30,2021-08-10,-85143000.0,9975661000.0,,2133552000.0,7842109000.0,,-53.853,-15342000.0,650561000.0,650561000.0,392646000.0,153458000.0,2.45,-4.38,11762661000.0,369041000.0,11393620000.0,11762661000.0,0.0,31949000.0,0.0,0.18,22.0,469348000.0,501297000.0,0.543,501297000.0,469348000.0,312745000.0,1.65,1.65,1.65,-2951204000.0,,-2951204000.0,23392640017.0,17.0,15.098,218175000.0,3.981,1.0,531239000.0,0.575,7463200000.0,156603000.0,12753567000.0,,730681000.0,15809000.0,0.0,15809000.0,12926865000.0,870994000.0,12055871000.0,13270928017.0,-319995000.0,-788000.0,3131000.0,668113000.0,-1205518000.0,-541068000.0,-16130000.0,0.0,233517000.0,3686000.0,249429000.0,90172000.0,90172000.0,30689000.0,-95971000.0,0.098,120282000.0,410957000.0,148761000.0,13.333,-4.497,30.325,32.443,324924000.0,159257000.0,255.65,3.787,4.051,636127000.0,-3187220000.0,923885000.0,923885000.0,0.0,,,,,12817000.0,101878000.0,1.0,51910534.0,54801000.0,54801000.0,16.859,2512461000.0,0.0,63316000.0,500949000.0,45.847,1262558000.0
16,TDG,MRQ,2017-06-30,2017-07-01,2017-07-01,2021-08-10,-112696000.0,10316436000.0,,2387030000.0,7929406000.0,,-34.532,-17235000.0,970556000.0,970556000.0,377959000.0,169053000.0,3.267,-6.443,11092268000.0,264068000.0,10828200000.0,11092268000.0,0.0,36368000.0,0.0,0.089,0.0,387209000.0,423577000.0,0.472,423577000.0,387209000.0,235068000.0,3.08,3.08,3.08,-1895445000.0,,-1895445000.0,24105508870.0,19.0,16.816,147481000.0,2.687,1.0,519696000.0,0.579,7553232000.0,152141000.0,12154199000.0,,743579000.0,0.0,0.0,0.0,12211881000.0,730717000.0,11481164000.0,13987642870.0,-14833000.0,-106321000.0,-44287000.0,-16659000.0,-36000.0,-61014000.0,-123556000.0,0.0,164716000.0,5021000.0,169053000.0,169053000.0,169053000.0,779000.0,0.0,0.188,131363000.0,388333000.0,147080000.0,0.0,-7.38,27.857,29.775,326325000.0,0.0,268.87,4.048,4.271,606005000.0,-2088761000.0,897655000.0,897655000.0,0.0,,,,,11581000.0,108104000.0,1.0,52023814.0,54890000.0,54890000.0,16.354,2763204000.0,0.0,66015000.0,499465000.0,50.341,1656313000.0
17,TDG,MRQ,2017-03-31,2017-04-01,2017-04-01,2021-08-10,-128835000.0,10187327000.0,,2320429000.0,7866898000.0,,-36.476,-16629000.0,985389000.0,985389000.0,379291000.0,155505000.0,3.167,-5.997,11103255000.0,263973000.0,10839282000.0,11103255000.0,0.0,34660000.0,0.0,0.109,0.0,362855000.0,397515000.0,0.458,397515000.0,362855000.0,215013000.0,2.78,2.78,2.78,-2038764000.0,,-2038764000.0,21481832422.0,18.0,15.86,148080000.0,2.649,1.0,489437000.0,0.563,7488243000.0,147842000.0,12084311000.0,,725025000.0,0.0,0.0,0.0,12226091000.0,732639000.0,11493452000.0,11634248422.0,13029000.0,-78879000.0,-331136000.0,284855000.0,0.0,-56883000.0,-95508000.0,0.0,164709000.0,711000.0,155505000.0,155505000.0,155505000.0,186000.0,0.0,0.179,122889000.0,366548000.0,139003000.0,0.0,-5.707,23.566,24.933,319403000.0,0.0,220.16,3.467,3.667,573952000.0,-2248578000.0,868728000.0,868728000.0,0.0,,,,,11106000.0,100857000.0,1.0,52844515.0,55894000.0,55894000.0,15.542,2699084000.0,0.0,59508000.0,518913000.0,48.289,1587790000.0
18,TDG,MRQ,2016-12-31,2016-12-31,2016-12-31,2021-08-10,-139064000.0,10037122000.0,,2235418000.0,7801704000.0,,-33.165,-21807000.0,972360000.0,972360000.0,369763000.0,118871000.0,3.198,-6.354,10819944000.0,263997000.0,10555947000.0,10819944000.0,0.0,38048000.0,0.0,0.096,24.0,188954000.0,227002000.0,0.279,227002000.0,188954000.0,42950000.0,0.41,0.41,0.41,-1874625000.0,,-1874625000.0,21890064359.0,19.0,16.859,203984000.0,3.609,1.0,444255000.0,0.546,7422579000.0,146004000.0,11763209000.0,,715381000.0,0.0,0.0,0.0,11911747000.0,698918000.0,11212829000.0,13281451359.0,-614634000.0,-30002000.0,3648000.0,587776000.0,-1375998000.0,-784717000.0,-51809000.0,0.0,225791000.0,-3899000.0,22900000.0,22900000.0,22900000.0,0.0,95971000.0,0.028,127246000.0,317009000.0,129510000.0,58.537,-7.085,27.677,29.05,314557000.0,0.0,248.96,4.045,4.285,512784000.0,-2394489000.0,814018000.0,814018000.0,0.0,,,,,10020000.0,101715000.0,1.0,53347732.0,56524000.0,56524000.0,14.401,2614543000.0,0.0,20050000.0,515666000.0,46.255,1536500000.0
19,TDG,MRQ,2016-09-30,2016-09-30,2016-09-30,2021-08-10,-149787000.0,10726277000.0,,2930697000.0,7795580000.0,,-11.667,-13975000.0,1586994000.0,1586994000.0,390904000.0,154668000.0,3.894,-17.464,10195607000.0,252416000.0,9943191000.0,10195607000.0,0.0,36569000.0,0.0,0.0,0.0,348861000.0,385430000.0,0.44,385430000.0,348861000.0,209094000.0,2.76,2.76,2.76,-651490000.0,,-651490000.0,23939105145.0,19.0,17.466,187147000.0,3.352,1.0,484319000.0,0.553,7443795000.0,139767000.0,11138492000.0,,724011000.0,0.0,0.0,0.0,11377767000.0,752603000.0,10625164000.0,15400103145.0,-79701000.0,-256058000.0,4792000.0,-14349000.0,0.0,-10828000.0,-270033000.0,0.0,201122000.0,38000.0,154668000.0,154668000.0,154668000.0,0.0,0.0,0.177,135318000.0,349001000.0,156075000.0,0.0,-23.638,26.397,27.827,310580000.0,0.0,289.12,4.856,5.12,576339000.0,-1146963000.0,875223000.0,875223000.0,0.0,,,,,14487000.0,111347000.0,1.0,53265437.0,55839000.0,55839000.0,15.674,3282482000.0,0.0,54426000.0,492255000.0,58.785,2178094000.0
20,TDG,MRQ,2016-06-30,2016-07-02,2016-07-02,2021-08-10,-137540000.0,10570469000.0,,2932134000.0,7638335000.0,,-14.476,-7693000.0,1666695000.0,1666695000.0,354177000.0,160622000.0,4.031,-14.078,10205697000.0,252603000.0,9953094000.0,10205697000.0,0.0,29564000.0,0.0,0.0,0.0,314988000.0,344552000.0,0.432,344552000.0,314988000.0,194176000.0,2.88,2.88,2.88,-808248000.0,,-808248000.0,21642036477.0,18.0,16.347,187603000.0,3.36,1.0,443515000.0,0.556,7314822000.0,120812000.0,11067328000.0,,706069000.0,0.0,0.0,0.0,11378717000.0,727321000.0,10651396000.0,13918758477.0,1054680000.0,-998626000.0,12936000.0,1852959000.0,0.0,1863639000.0,-1006319000.0,0.0,195296000.0,2064000.0,160622000.0,160622000.0,160622000.0,0.0,0.0,0.201,112873000.0,330642000.0,135078000.0,0.0,-17.221,24.401,25.935,283906000.0,0.0,262.72,4.481,4.723,525815000.0,-1334773000.0,797692000.0,797692000.0,0.0,,,,,11371000.0,94244000.0,1.0,52979440.0,55832000.0,55832000.0,14.287,3255647000.0,0.0,33554000.0,513742000.0,58.311,2204813000.0
21,TDG,MRQ,2016-03-31,2016-04-02,2016-04-02,2021-08-10,-109848000.0,8359474000.0,,1758000000.0,6601474000.0,,-17.134,-12142000.0,612015000.0,612015000.0,371140000.0,141683000.0,2.601,-9.691,8335293000.0,243359000.0,8091934000.0,8335293000.0,0.0,29336000.0,0.0,0.0,0.0,312075000.0,341411000.0,0.428,341411000.0,312075000.0,200787000.0,2.52,2.52,2.52,-961818000.0,,-961818000.0,19375687966.0,17.0,15.478,96069000.0,1.711,1.0,425661000.0,0.534,6290966000.0,111288000.0,9115790000.0,,634129000.0,0.0,0.0,0.0,9321292000.0,675996000.0,8645296000.0,11838557966.0,-193276000.0,-144380000.0,-133488000.0,-10960000.0,0.0,-144414000.0,-156522000.0,0.0,108211000.0,-551000.0,141683000.0,141683000.0,141683000.0,0.0,0.0,0.178,113586000.0,312075000.0,125929000.0,0.0,-12.309,23.263,24.602,275849000.0,0.0,221.42,3.947,4.144,480579000.0,-1471705000.0,796801000.0,796801000.0,0.0,,,,,11767000.0,95064000.0,1.0,53466525.0,56134000.0,56134000.0,14.195,2068508000.0,0.0,59104000.0,396495000.0,36.849,1082004000.0
22,TDG,MRQ,2015-12-31,2016-01-02,2016-01-02,2021-08-10,-96101000.0,8329978000.0,,1860775000.0,6469203000.0,,-16.975,-10172000.0,805291000.0,805291000.0,327128000.0,129441000.0,2.835,-9.639,8342421000.0,243262000.0,8099159000.0,8342421000.0,0.0,26201000.0,0.0,0.0,0.0,273041000.0,299242000.0,0.426,299242000.0,273041000.0,161058000.0,2.23,2.23,2.23,-964270000.0,,-964270000.0,19978206496.0,18.0,16.844,168497000.0,2.966,1.0,374567000.0,0.534,6170946000.0,111983000.0,9039720000.0,,599311000.0,0.0,0.0,0.0,9294248000.0,656442000.0,8637806000.0,12264897496.0,91258000.0,0.0,-61883000.0,-10960000.0,-3000000.0,-75930000.0,-10172000.0,0.0,178669000.0,-1309000.0,126441000.0,126441000.0,126441000.0,0.0,3000000.0,0.18,98526000.0,276041000.0,113607000.0,0.0,-12.719,25.652,27.068,268028000.0,0.0,228.45,4.346,4.599,427265000.0,-1606443000.0,701695000.0,701695000.0,0.0,,,,,10681000.0,82203000.0,1.0,53687448.0,56805000.0,56805000.0,12.353,2159032000.0,0.0,34617000.0,410110000.0,38.008,1204333000.0
23,TDG,MRQ,2015-09-30,2015-09-30,2015-09-30,2021-08-10,-96009000.0,8303935000.0,,1786587000.0,6517348000.0,,-18.342,-14572000.0,714033000.0,714033000.0,382192000.0,141673000.0,2.717,-8.998,8349602000.0,243219000.0,8106383000.0,8349602000.0,0.0,25896000.0,0.0,0.0,0.0,312843000.0,338739000.0,0.418,338739000.0,312843000.0,199681000.0,2.5,2.5,2.5,-1038306000.0,,-1038306000.0,18904921503.0,18.0,16.498,132939000.0,2.348,1.0,427600000.0,0.528,6226071000.0,113162000.0,9055839000.0,,591401000.0,0.0,0.0,0.0,9342241000.0,657594000.0,8684647000.0,11371214503.0,-201317000.0,-330780000.0,8692000.0,-23062000.0,0.0,-3302000.0,-345352000.0,0.0,147511000.0,-174000.0,141673000.0,141673000.0,141673000.0,0.0,0.0,0.175,114523000.0,313077000.0,142822000.0,0.0,-10.952,25.62,27.093,260684000.0,0.0,212.41,4.2,4.442,444072000.0,-1717232000.0,809792000.0,809792000.0,0.0,,,,,-3320000.0,98270000.0,1.0,53534271.0,56609000.0,56609000.0,14.305,2077864000.0,0.0,58008000.0,404997000.0,36.706,1128993000.0
24,TDG,MRQ,2015-06-30,2015-06-27,2015-06-27,2021-08-10,-58592000.0,8350382000.0,,2029486000.0,6320896000.0,,-20.651,-17300000.0,915350000.0,915350000.0,331940000.0,99112000.0,2.986,-8.143,8449057000.0,244195000.0,8204862000.0,8449057000.0,0.0,26921000.0,0.0,0.0,0.0,245537000.0,272458000.0,0.394,272458000.0,245537000.0,138741000.0,1.75,1.75,1.75,-1169025000.0,,-1169025000.0,19356657898.0,20.0,17.898,173211000.0,3.06,1.0,359455000.0,0.52,5967159000.0,106796000.0,9237241000.0,,574186000.0,0.0,0.0,0.0,9519407000.0,679689000.0,8839718000.0,12210619898.0,522831000.0,-570298000.0,13860000.0,893575000.0,0.0,919078000.0,-587598000.0,0.0,190511000.0,840000.0,99112000.0,99112000.0,99112000.0,0.0,0.0,0.143,95759000.0,263696000.0,129050000.0,0.0,-10.445,29.758,31.653,250923000.0,0.0,229.17,4.808,5.108,419955000.0,-1857075000.0,691395000.0,691395000.0,0.0,,,,,-2710000.0,81849000.0,1.0,53281930.0,56608000.0,56608000.0,12.214,2383223000.0,37623000.0,39629000.0,493601000.0,42.1,1349797000.0
25,TDG,MRQ,2015-03-31,2015-03-28,2015-03-28,2021-08-10,-84408000.0,7226212000.0,,1467322000.0,5758890000.0,,-23.43,-14861000.0,392519000.0,392519000.0,277413000.0,110894000.0,2.392,-6.449,7538557000.0,239295000.0,7299262000.0,7538557000.0,0.0,19064000.0,0.0,0.115,0.0,256561000.0,275625000.0,0.445,275625000.0,256561000.0,156669000.0,1.96,1.96,1.96,-1326208000.0,,-1326208000.0,17945271526.0,24.0,21.583,-20904000.0,-0.369,1.0,341617000.0,0.552,5419958000.0,99892000.0,8338776000.0,,553057000.0,0.0,0.0,0.0,8552420000.0,613516000.0,7938904000.0,11483769526.0,-619110000.0,-723200000.0,31731000.0,65426000.0,0.0,126922000.0,-738061000.0,0.0,-6043000.0,-1928000.0,110894000.0,110894000.0,110894000.0,0.0,0.0,0.179,85056000.0,256561000.0,120656000.0,0.0,-8.659,53.045,56.885,232335000.0,0.0,217.87,4.671,5.016,419636000.0,-1952185000.0,619030000.0,619030000.0,0.0,,,,,-21935000.0,74026000.0,1.0,52709274.0,56604000.0,56604000.0,10.936,1806254000.0,36645000.0,45775000.0,483403000.0,31.91,853806000.0
26,TDG,MRQ,2014-12-31,2014-12-27,2014-12-27,2021-08-10,-46457000.0,6913572000.0,,1876351000.0,5037221000.0,,-25.883,-8138000.0,1011629000.0,1011629000.0,265725000.0,95533000.0,2.909,-5.72,7473131000.0,239295000.0,7233836000.0,7473131000.0,0.0,21782000.0,0.0,0.125,0.0,237303000.0,259085000.0,0.441,259085000.0,237303000.0,138368000.0,1.63,1.63,1.63,-1464733000.0,,-1464733000.0,17150638705.0,24.0,21.581,180821000.0,3.195,1.0,321173000.0,0.547,4716335000.0,98935000.0,8013687000.0,,470847000.0,0.0,0.0,0.0,8378305000.0,645052000.0,7733253000.0,10497055705.0,192081000.0,0.0,7391000.0,0.0,-3365000.0,12249000.0,-8138000.0,0.0,188959000.0,-989000.0,92168000.0,92168000.0,92168000.0,0.0,3365000.0,0.157,80505000.0,240668000.0,92710000.0,0.0,-7.167,55.112,59.554,211822000.0,0.0,200.1,4.319,4.659,333510000.0,-2059181000.0,586898000.0,586898000.0,0.0,,,,,-2500000.0,67479000.0,1.0,52459049.0,56591000.0,56591000.0,10.371,2197237000.0,36808000.0,46200000.0,396731000.0,38.827,1231299000.0
27,TDG,MRQ,2014-09-30,2014-09-30,2014-09-30,2021-08-10,-25171000.0,6756848000.0,,1689576000.0,5067272000.0,,-27.425,-8696000.0,819548000.0,819548000.0,293613000.0,114255000.0,2.884,-5.342,7473131000.0,239295000.0,7233836000.0,7473131000.0,0.0,21844000.0,0.0,0.136,0.0,252490000.0,274334000.0,0.427,274334000.0,252490000.0,155557000.0,1.9,1.9,1.9,-1556099000.0,,-1556099000.0,16477701276.0,25.0,21.513,182997000.0,3.225,1.0,348628000.0,0.543,4742230000.0,96933000.0,8082294000.0,,459074000.0,0.0,0.0,0.0,8312947000.0,585907000.0,7727040000.0,9716119276.0,90414000.0,0.0,-75361000.0,-21578000.0,-6098000.0,-91758000.0,-8696000.0,0.0,191693000.0,-825000.0,108157000.0,108157000.0,108157000.0,0.0,6098000.0,0.168,89908000.0,258720000.0,115741000.0,0.0,-6.244,53.893,58.332,212108000.0,0.0,184.33,4.095,4.427,351307000.0,-2150293000.0,642241000.0,642241000.0,0.0,,,,,-3745000.0,76685000.0,1.0,52710461.0,56741000.0,56741000.0,11.319,2014618000.0,37669000.0,47400000.0,402247000.0,35.506,1103669000.0
28,TDG,MRQ,2014-06-30,2014-06-28,2014-06-28,2021-08-10,-6845000.0,6710991000.0,,1624771000.0,5086220000.0,,-27.838,-7741000.0,729134000.0,729134000.0,283054000.0,16177000.0,2.945,-5.217,7490716000.0,239295000.0,7251421000.0,7490716000.0,0.0,24821000.0,0.0,0.281,25.0,-2413000.0,22408000.0,0.037,22408000.0,-2413000.0,-90026000.0,-1.66,-1.66,-1.66,-1591507000.0,,-1591507000.0,14105819986.0,27.0,22.535,121300000.0,2.122,1.0,327528000.0,0.536,4767791000.0,87613000.0,8153061000.0,,461629000.0,0.0,0.0,0.0,8302498000.0,551721000.0,7750777000.0,8858033986.0,253443000.0,-856000.0,-67175000.0,1606135000.0,-1435668000.0,133075000.0,-8597000.0,0.0,129041000.0,-76000.0,-94726000.0,-94726000.0,-94726000.0,0.0,110903000.0,-0.155,87548000.0,239980000.0,94783000.0,-15.06,-5.566,145.173,160.933,209353000.0,0.0,167.37,3.902,4.214,353318000.0,-2260677000.0,610582000.0,610582000.0,0.0,,,,,-23267000.0,71146000.0,1.0,52924861.0,57170000.0,57170000.0,10.68,1943200000.0,25495000.0,4700000.0,405525000.0,33.99,1073050000.0
29,TDG,MRQ,2014-03-31,2014-03-29,2014-03-29,2021-08-10,-631000.0,6399338000.0,,1328017000.0,5071321000.0,,-2.201,-9612000.0,475691000.0,475691000.0,283179000.0,90355000.0,3.768,-51.938,5723477000.0,31045000.0,5692432000.0,5723477000.0,0.0,25881000.0,0.0,0.12,0.0,213008000.0,238889000.0,0.404,238889000.0,213008000.0,130719000.0,1.49,1.49,1.49,-125629000.0,,-125629000.0,15022185896.0,22.0,19.809,95169000.0,1.668,1.0,307582000.0,0.521,4779264000.0,82289000.0,6515382000.0,,458463000.0,0.0,0.0,0.0,6524967000.0,352478000.0,6172489000.0,9701871896.0,64767000.0,-47124000.0,6529000.0,-7761000.0,-5486000.0,344000.0,-40356000.0,0.0,104781000.0,-2000.0,84869000.0,84869000.0,84869000.0,0.0,5486000.0,0.144,89088000.0,218494000.0,95150000.0,0.0,-77.226,49.901,53.918,208713000.0,0.0,183.86,4.516,4.884,342379000.0,-831889000.0,590761000.0,590761000.0,0.0,,,,,1096000.0,71488000.0,1.0,52767714.0,57068000.0,57068000.0,10.352,1620074000.0,28607000.0,45850000.0,403988000.0,28.388,975539000.0
30,TDG,MRQ,2013-12-31,2013-12-28,2013-12-28,2021-08-10,195000.0,6292487000.0,,1221093000.0,5071394000.0,,-4.109,-8097000.0,410924000.0,410924000.0,245186000.0,86123000.0,3.606,-27.87,5731238000.0,31045000.0,5700193000.0,5731238000.0,0.0,23839000.0,0.0,0.137,0.0,206487000.0,230326000.0,0.435,230326000.0,206487000.0,125634000.0,1.44,1.44,1.44,-234182000.0,,-234182000.0,13599875093.0,22.0,19.439,107610000.0,1.888,1.0,284136000.0,0.537,4767869000.0,80853000.0,6506283000.0,,443051000.0,0.0,0.0,0.0,6526669000.0,338649000.0,6188020000.0,8433377093.0,-153816000.0,-263892000.0,2893000.0,0.0,-4139000.0,2312000.0,-271989000.0,0.0,115707000.0,154000.0,81984000.0,81984000.0,81984000.0,0.0,4139000.0,0.155,73510000.0,210626000.0,90505000.0,0.0,-36.012,47.515,50.511,219222000.0,0.0,160.12,4.168,4.51,322439000.0,-919460000.0,529322000.0,529322000.0,0.0,,,,,539000.0,57127000.0,1.0,52669105.0,56991000.0,56991000.0,9.288,1524618000.0,28431000.0,43650000.0,417344000.0,26.752,882444000.0
31,TDG,MRQ,2013-09-30,2013-09-30,2013-09-30,2021-08-10,-6516000.0,6148879000.0,,1320495000.0,4828384000.0,,-5.911,-11902000.0,564740000.0,564740000.0,257018000.0,84027000.0,4.095,-19.28,5731238000.0,31045000.0,5700193000.0,5731238000.0,0.0,23680000.0,0.0,0.251,22.0,110636000.0,134316000.0,0.249,134316000.0,110636000.0,29390000.0,-0.23,-0.23,-0.23,-336381000.0,,-336381000.0,11357184531.0,21.0,18.275,191268000.0,3.361,1.0,282719000.0,0.524,4533397000.0,81246000.0,6459480000.0,,413581000.0,0.0,0.0,0.0,6485260000.0,322500000.0,6162760000.0,7287356531.0,295568000.0,-1549000.0,6688000.0,1359635000.0,-1288944000.0,99795000.0,-7601000.0,5850000.0,203170000.0,204000.0,-11110000.0,-11110000.0,-11110000.0,0.0,95137000.0,-0.021,76946000.0,205773000.0,106768000.0,-95.652,-21.664,55.398,58.033,208964000.0,0.0,138.7,3.787,3.97,290449000.0,-1004244000.0,539737000.0,539737000.0,0.0,,,,,-19512000.0,61071000.0,1.0,52540422.0,56910000.0,56910000.0,9.484,1615482000.0,30182000.0,40500000.0,384301000.0,28.387,997995000.0
32,TDG,MRQ,2013-06-30,2013-06-29,2013-06-29,2021-08-10,-13222000.0,5812660000.0,,1040878000.0,4771782000.0,,14.709,-7317000.0,269172000.0,269172000.0,219650000.0,76655000.0,4.043,6.25,4339000000.0,22000000.0,4317000000.0,4339000000.0,0.0,16062000.0,0.0,0.082,0.0,138748000.0,154810000.0,0.317,154810000.0,138748000.0,76279000.0,0.71,0.71,0.71,801726000.0,,801726000.0,11879087924.0,19.0,17.064,62429000.0,1.145,1.0,268986000.0,0.55,4517032000.0,62469000.0,5108006000.0,,413950000.0,0.0,0.0,0.0,5010934000.0,257450000.0,4753484000.0,8214611924.0,-410852000.0,-473341000.0,1927000.0,-5687000.0,0.0,-19000.0,-480658000.0,0.0,69746000.0,79000.0,38679000.0,38679000.0,38679000.0,0.0,37976000.0,0.079,92262000.0,176724000.0,75729000.0,0.0,10.246,35.635,36.887,198558000.0,0.0,156.77,4.447,4.626,287895000.0,172636000.0,488636000.0,488636000.0,0.0,,,,,27977000.0,82773000.0,1.0,52399132.0,54506000.0,54506000.0,8.965,1295628000.0,26849000.0,37600000.0,388695000.0,23.77,783428000.0
33,TDG,MRQ,2013-03-31,2013-03-30,2013-03-30,2021-08-10,-15538000.0,5694092000.0,,1327658000.0,4366434000.0,,12.586,-7639000.0,680024000.0,680024000.0,206299000.0,67937000.0,5.121,7.308,4344500000.0,22000000.0,4322500000.0,4344500000.0,0.0,16321000.0,0.0,0.084,0.0,163831000.0,180152000.0,0.387,180152000.0,163831000.0,99737000.0,1.25,1.25,1.25,685369000.0,,685369000.0,11722720379.0,17.0,15.739,91535000.0,1.681,1.0,259310000.0,0.557,4135689000.0,64094000.0,4963618000.0,,340175000.0,0.0,0.0,0.0,5008723000.0,259261000.0,4749462000.0,7958026379.0,125593000.0,-8501000.0,7378000.0,16489000.0,0.0,37223000.0,-10640000.0,5500000.0,99174000.0,-164000.0,67937000.0,67937000.0,67937000.0,0.0,0.0,0.146,65198000.0,194112000.0,73696000.0,0.0,11.611,28.191,29.295,175442000.0,0.0,152.92,4.372,4.575,243072000.0,95981000.0,465609000.0,465609000.0,0.0,,,,,-6225000.0,55463000.0,1.0,52040455.0,54453000.0,54453000.0,8.551,1558403000.0,23632000.0,31800000.0,361288000.0,28.619,1068397000.0
34,TDG,MRQ,2012-12-31,2012-12-29,2012-12-29,2021-08-10,-6213000.0,5549616000.0,,1155396000.0,4394220000.0,,10.998,-8677000.0,554431000.0,554431000.0,191871000.0,74170000.0,4.944,8.267,4319125000.0,22000000.0,4297125000.0,4319125000.0,0.0,17452000.0,0.0,0.097,12.85,134716000.0,152168000.0,0.354,152168000.0,134716000.0,71840000.0,0.66,0.66,0.66,598847000.0,,598847000.0,10056574848.0,15.0,13.283,89438000.0,1.642,1.0,238547000.0,0.554,4140537000.0,62876000.0,4940070000.0,,332468000.0,0.0,0.0,0.0,4950769000.0,233703000.0,4717066000.0,6877973848.0,113907000.0,134000.0,5541000.0,689373000.0,-702406000.0,19196000.0,-3543000.0,5000000.0,98115000.0,139000.0,36040000.0,36040000.0,36040000.0,0.0,38130000.0,0.084,65701000.0,172846000.0,69550000.0,19.47,11.485,23.244,24.279,174546000.0,0.0,133.05,3.868,4.074,218660000.0,28044000.0,430418000.0,430418000.0,0.0,,,,,-19557000.0,55161000.0,1.0,51694655.0,54453000.0,54453000.0,7.904,1409079000.0,24790000.0,35800000.0,354764000.0,25.877,921693000.0
35,TDG,MRQ,2012-09-30,2012-09-30,2012-09-30,2021-08-10,-8051000.0,5459617000.0,,1050531000.0,4409086000.0,,22.62,-9037000.0,440524000.0,440524000.0,205786000.0,87866000.0,4.491,3.479,3619125000.0,20500000.0,3598625000.0,3619125000.0,0.0,17581000.0,0.0,0.0,0.0,191418000.0,208999000.0,0.452,208999000.0,191418000.0,136266000.0,1.63,1.63,1.63,1218834000.0,,1218834000.0,10621948544.0,15.0,13.89,147025000.0,2.729,1.0,256820000.0,0.555,4159112000.0,55152000.0,4245191000.0,,320503000.0,0.0,0.0,0.0,4240783000.0,233915000.0,4006868000.0,7300416544.0,137806000.0,-17075000.0,2772000.0,-5125000.0,0.0,7671000.0,-26112000.0,0.0,156062000.0,185000.0,87866000.0,87866000.0,87866000.0,0.0,0.0,0.19,65402000.0,191418000.0,74178000.0,0.0,5.99,22.695,23.764,172737000.0,0.0,141.87,4.294,4.496,235783000.0,689229000.0,462606000.0,462606000.0,0.0,,,,,-2266000.0,54288000.0,1.0,51458494.0,53882000.0,53882000.0,8.586,1300505000.0,29134000.0,48400000.0,356896000.0,24.136,816616000.0
36,TDG,MRQ,2012-06-30,2012-06-30,2012-06-30,2021-08-10,-11771000.0,5305942000.0,,914251000.0,4391691000.0,,20.538,-7100000.0,302718000.0,302718000.0,208358000.0,90446000.0,4.992,3.795,3624250000.0,20500000.0,3603750000.0,3624250000.0,0.0,17617000.0,0.0,0.0,0.0,185864000.0,203481000.0,0.441,203481000.0,185864000.0,130471000.0,1.68,1.68,1.68,1106649000.0,,1106649000.0,10288093116.0,16.0,14.314,85761000.0,1.592,1.0,253302000.0,0.549,4142058000.0,55393000.0,4302258000.0,,328077000.0,0.0,0.0,0.0,4199293000.0,183158000.0,4016135000.0,6860199117.0,101237000.0,-459000.0,5622000.0,-5522000.0,0.0,16400000.0,-7559000.0,0.0,92861000.0,-465000.0,90446000.0,90446000.0,90446000.0,0.0,0.0,0.196,67438000.0,185864000.0,76114000.0,0.0,6.199,22.776,23.982,170055000.0,0.0,134.3,4.34,4.578,237718000.0,601363000.0,461660000.0,461660000.0,0.0,,,,,-10442000.0,56097000.0,1.0,51081155.0,53882000.0,53882000.0,8.568,1163884000.0,36634000.0,40025000.0,347727000.0,21.601,731093000.0
37,TDG,MRQ,2012-03-31,2012-03-31,2012-03-31,2021-08-10,-5274000.0,5199863000.0,,815082000.0,4384781000.0,,18.465,-4406000.0,201481000.0,201481000.0,187429000.0,81552000.0,3.876,4.226,3629375000.0,20500000.0,3608875000.0,3629375000.0,0.0,15247000.0,0.0,0.0,0.0,177227000.0,192474000.0,0.455,192474000.0,177227000.0,124927000.0,1.51,1.51,1.51,994923000.0,,994923000.0,8638611605.0,14.0,12.896,92462000.0,1.716,1.0,236040000.0,0.557,4128113000.0,52300000.0,4289343000.0,,326605000.0,0.0,0.0,0.0,4204940000.0,210301000.0,3994639000.0,5864011605.0,-158419000.0,-749700000.0,3813000.0,479588000.0,0.0,498582000.0,-754106000.0,0.0,96868000.0,237000.0,81552000.0,81552000.0,81552000.0,0.0,0.0,0.193,58813000.0,177227000.0,73303000.0,0.0,5.894,21.96,23.245,174378000.0,0.0,115.76,4.061,4.319,240458000.0,510917000.0,423469000.0,423469000.0,0.0,,,,,-10294000.0,49474000.0,1.0,50656631.0,53882000.0,53882000.0,7.859,1071750000.0,35970000.0,43375000.0,322800000.0,19.891,604781000.0
38,TDG,MRQ,2011-12-31,2011-12-31,2011-12-31,2021-08-10,-7618000.0,4545336000.0,,840041000.0,3705295000.0,,16.463,-4703000.0,359900000.0,359900000.0,152918000.0,65105000.0,5.099,4.124,3134500000.0,15500000.0,3119000000.0,3134500000.0,0.0,17782000.0,0.0,0.0,0.0,141967000.0,159749000.0,0.453,159749000.0,141967000.0,92906000.0,1.15,1.15,1.15,887068000.0,,887068000.0,7579147924.0,14.0,12.131,63391000.0,1.176,1.0,199555000.0,0.566,3489691000.0,49061000.0,3665511000.0,,274173000.0,0.0,0.0,0.0,3658268000.0,164734000.0,3493534000.0,4816955924.0,-16283000.0,-83812000.0,2657000.0,-3875000.0,-3299000.0,4533000.0,-88515000.0,0.0,68094000.0,-395000.0,61806000.0,61806000.0,61806000.0,0.0,3299000.0,0.175,54289000.0,145266000.0,48213000.0,0.0,5.43,19.963,21.215,149822000.0,0.0,95.68,3.636,3.891,174698000.0,429365000.0,352473000.0,352473000.0,0.0,,,,,-5402000.0,41850000.0,1.0,50344439.0,53882000.0,53882000.0,6.542,1055645000.0,25100000.0,31100000.0,337846000.0,19.592,675307000.0
39,TDG,MRQ,2011-09-30,2011-09-30,2011-09-30,2021-08-10,-3277000.0,4513636000.0,,870292000.0,3643344000.0,,15.205,-5805000.0,376183000.0,376183000.0,149937000.0,67395000.0,4.207,4.566,3138375000.0,15500000.0,3122875000.0,3138375000.0,0.0,17601000.0,0.0,0.0,0.0,145435000.0,163036000.0,0.475,163036000.0,145435000.0,96732000.0,1.26,1.26,1.26,810949000.0,,810949000.0,6688672649.0,15.0,13.588,111538000.0,2.091,1.0,193016000.0,0.563,3424113000.0,48703000.0,3644856000.0,,265317000.0,0.0,0.0,0.0,3702687000.0,206859000.0,3495828000.0,4095673649.0,-173068000.0,-288364000.0,1463000.0,-4008000.0,0.0,4234000.0,-294169000.0,0.0,117343000.0,-476000.0,67395000.0,67395000.0,67395000.0,-3082000.0,0.0,0.197,50626000.0,142390000.0,62110000.0,0.0,5.05,24.189,25.763,150800000.0,0.0,81.67,3.396,3.612,189293000.0,364260000.0,342953000.0,342953000.0,0.0,,,,,-1058000.0,38471000.0,1.0,50149059.0,53333000.0,53333000.0,6.43,1089523000.0,30844000.0,29337000.0,310451000.0,20.429,663433000.0
40,TDG,MRQ,2011-06-30,2011-07-02,2011-07-02,2021-08-10,2522000.0,4385019000.0,,996868000.0,3388151000.0,,13.787,-3835000.0,549251000.0,549251000.0,142060000.0,56280000.0,6.441,4.963,3142250000.0,15500000.0,3126750000.0,3142250000.0,0.0,17562000.0,0.0,0.0,0.0,137029000.0,154591000.0,0.475,154591000.0,137029000.0,87169000.0,1.06,1.06,1.06,735323000.0,,735323000.0,7303994961.0,19.0,16.596,10057000.0,0.189,1.0,183149000.0,0.563,3184356000.0,49860000.0,3638900000.0,,250714000.0,0.0,0.0,0.0,3649696000.0,154762000.0,3494934000.0,4663206961.0,43914000.0,31564000.0,1526000.0,-4092000.0,-1000.0,1625000.0,27729000.0,0.0,13892000.0,668000.0,56280000.0,56280000.0,56280000.0,2088000.0,0.0,0.173,43994000.0,139155000.0,53041000.0,0.0,6.342,30.566,32.509,134604000.0,0.0,93.3,4.293,4.581,164582000.0,296865000.0,325209000.0,325209000.0,0.0,,,,,-1393000.0,31549000.0,1.0,49980782.0,53333000.0,53333000.0,6.098,1200663000.0,26342000.0,30889000.0,332566000.0,22.513,842106000.0
41,TDG,MRQ,2011-03-31,2011-04-02,2011-04-02,2021-08-10,-994000.0,4386468000.0,,964044000.0,3422424000.0,,12.507,-5399000.0,505337000.0,505337000.0,146433000.0,55817000.0,4.427,5.576,3146125000.0,15500000.0,3130625000.0,3146125000.0,0.0,16681000.0,0.0,0.0,0.0,130712000.0,147393000.0,0.484,147393000.0,130712000.0,76575000.0,1.04,1.04,1.04,667026000.0,,667026000.0,7126573390.0,20.0,18.349,61604000.0,1.155,1.0,157874000.0,0.519,3217774000.0,54137000.0,3591731000.0,,245763000.0,0.0,0.0,0.0,3719442000.0,217751000.0,3501691000.0,4179476390.0,271029000.0,239999000.0,3239000.0,-42090000.0,0.0,-30574000.0,234600000.0,0.0,67003000.0,0.0,55817000.0,55817000.0,55817000.0,-19120000.0,0.0,0.183,44633000.0,113241000.0,55732000.0,0.0,6.266,29.792,31.886,135885000.0,0.0,84.18,4.286,4.604,162389000.0,240585000.0,304307000.0,304307000.0,0.0,,,,,-6080000.0,33171000.0,1.0,49649280.0,53333000.0,53333000.0,5.706,1168694000.0,44754000.0,20758000.0,363005000.0,21.913,746293000.0
42,TDG,MRQ,2010-12-31,2011-01-01,2011-01-01,2021-08-10,-2171000.0,4212912000.0,,677705000.0,3535207000.0,,11.181,-2987000.0,234308000.0,234308000.0,106406000.0,-7358000.0,4.02,6.066,3181405000.0,46905000.0,3134500000.0,3181405000.0,0.0,8616000.0,0.0,0.0,0.0,18603000.0,27219000.0,0.117,27219000.0,18603000.0,-13953000.0,-0.19,-0.19,-0.19,596262000.0,,596262000.0,5098313644.0,17.0,15.156,59161000.0,1.109,1.0,127146000.0,0.544,3318634000.0,32556000.0,3672791000.0,,252521000.0,0.0,0.0,0.0,3616650000.0,168584000.0,3448066000.0,3560779644.0,196000.0,-1362201000.0,2980000.0,1298903000.0,-2810000.0,1303236000.0,-1365188000.0,0.0,62148000.0,0.0,-10169000.0,-10169000.0,-10169000.0,205000.0,2811000.0,-0.044,34797000.0,92349000.0,51303000.0,0.0,5.972,29.064,31.039,150008000.0,0.0,72.01,4.061,4.379,158427000.0,184779000.0,233552000.0,233552000.0,0.0,,,,,-2306000.0,30520000.0,1.0,49448405.0,53328000.0,53328000.0,4.38,894278000.0,12927000.0,-3784000.0,255873000.0,16.769,509121000.0
43,TDG,MRQ,2010-09-30,2010-09-30,2010-09-30,2021-08-10,-3800000.0,2677818000.0,,583508000.0,2094310000.0,,11.205,-3016000.0,234112000.0,234112000.0,90746000.0,50635000.0,5.163,3.516,1771646000.0,0.0,1771646000.0,1771646000.0,0.0,7631000.0,0.0,0.123,0.0,103280000.0,110911000.0,0.497,110911000.0,103280000.0,76195000.0,0.96,0.96,0.96,592979000.0,,592979000.0,4574264783.0,14.0,12.604,39025000.0,0.737,1.0,132371000.0,0.593,1972058000.0,27085000.0,2130282000.0,,188756000.0,0.0,0.0,0.0,2084839000.0,113012000.0,1971827000.0,3061533783.0,-24277000.0,-70643000.0,3068000.0,0.0,0.0,4456000.0,-70774000.0,0.0,42041000.0,0.0,50635000.0,50635000.0,50635000.0,0.0,0.0,0.227,29091000.0,103280000.0,44226000.0,0.0,5.163,22.996,24.623,99613000.0,0.0,62.05,3.699,3.968,134461000.0,192126000.0,223117000.0,223117000.0,0.0,,,,,279000.0,25514000.0,1.0,49339787.0,52923000.0,52923000.0,4.216,705760000.0,15200000.0,25560000.0,168588000.0,13.336,470496000.0
44,TDG,MRQ,2010-06-30,2010-07-03,2010-07-03,2021-08-10,-3402000.0,2615956000.0,,581360000.0,2034596000.0,,10.125,-2941000.0,258389000.0,258389000.0,91749000.0,44005000.0,5.102,3.882,1771120000.0,0.0,1771120000.0,1771120000.0,0.0,7585000.0,0.0,0.152,0.0,95277000.0,102862000.0,0.48,102862000.0,95277000.0,67055000.0,0.83,0.83,0.83,535846000.0,,535846000.0,4057716855.0,13.0,11.874,68491000.0,1.294,1.0,122433000.0,0.572,1912146000.0,28222000.0,2102586000.0,,174080000.0,0.0,0.0,0.0,2080110000.0,113955000.0,1966155000.0,2474471855.0,71040000.0,0.0,1361000.0,-212000.0,0.0,2549000.0,-2941000.0,0.0,71432000.0,0.0,44005000.0,44005000.0,44005000.0,0.0,0.0,0.205,27156000.0,95277000.0,29573000.0,0.0,4.618,19.938,21.383,98448000.0,0.0,50.25,3.086,3.316,120447000.0,140779000.0,214182000.0,214182000.0,0.0,,,,,353000.0,23344000.0,1.0,49243221.0,52923000.0,52923000.0,4.047,703810000.0,15600000.0,23050000.0,160462000.0,13.299,467405000.0
45,TDG,MRQ,2010-03-31,2010-04-03,2010-04-03,2021-08-10,-4513000.0,2545272000.0,,505887000.0,2039385000.0,,9.187,-3437000.0,187349000.0,187349000.0,90874000.0,38045000.0,5.502,4.235,1770594000.0,0.0,1770594000.0,1770594000.0,0.0,7333000.0,0.0,0.145,0.0,88059000.0,95392000.0,0.463,95392000.0,88059000.0,59645000.0,0.72,0.72,0.72,486216000.0,,486216000.0,4195870009.0,14.0,12.684,20797000.0,0.393,1.0,115203000.0,0.559,1915058000.0,28414000.0,2121512000.0,,174230000.0,0.0,0.0,0.0,2059056000.0,91947000.0,1967109000.0,2587758009.0,25393000.0,-164000.0,1363000.0,-43000.0,0.0,4760000.0,-3601000.0,0.0,24234000.0,0.0,38045000.0,38045000.0,38045000.0,0.0,0.0,0.185,27144000.0,88059000.0,28297000.0,0.0,5.322,21.3,22.848,99305000.0,0.0,52.78,3.328,3.592,112348000.0,96773000.0,206077000.0,206077000.0,0.0,,,,,-1784000.0,23594000.0,1.0,49029140.0,52922000.0,52922000.0,3.894,630214000.0,14200000.0,21600000.0,160785000.0,11.908,413940000.0
46,TDG,MRQ,2009-12-31,2010-01-02,2010-01-02,2021-08-10,-5167000.0,2504894000.0,,468293000.0,2036601000.0,,8.342,-3493000.0,161956000.0,161956000.0,81219000.0,30758000.0,4.62,4.68,1770068000.0,0.0,1770068000.0,1770068000.0,0.0,7616000.0,0.0,0.161,7.65,46140000.0,53756000.0,0.292,53756000.0,46140000.0,17625000.0,0.01,0.01,0.01,441012000.0,,441012000.0,3492539179.0,12.0,10.678,56104000.0,1.061,1.0,103059000.0,0.559,1907860000.0,28515000.0,2103776000.0,,175718000.0,0.0,0.0,0.0,2063882000.0,101370000.0,1962512000.0,2325945179.0,-28211000.0,-95750000.0,569000.0,404503000.0,-404868000.0,11435000.0,-99243000.0,0.0,59597000.0,0.0,445000.0,445000.0,445000.0,0.0,30313000.0,0.002,26606000.0,76453000.0,27524000.0,765.0,5.274,18.796,20.123,100850000.0,0.0,47.49,3.042,3.284,103406000.0,58727000.0,184278000.0,184278000.0,0.0,,,,,-9603000.0,22466000.0,1.0,48977578.0,52869000.0,52869000.0,3.486,597034000.0,17500000.0,17180000.0,163974000.0,11.293,366923000.0
47,TDG,MRQ,2009-09-30,2009-09-30,2009-09-30,2021-08-10,-5509000.0,2454440000.0,,494754000.0,1959686000.0,,15.573,-3996000.0,190167000.0,190167000.0,88958000.0,41611000.0,4.96,1.996,1356761000.0,0.0,1356761000.0,1356761000.0,0.0,7179000.0,0.0,0.0,0.0,82541000.0,89720000.0,0.455,89720000.0,82541000.0,62991000.0,0.79,0.79,0.79,819162000.0,,819162000.0,3567909866.0,11.0,9.831,64099000.0,1.219,1.0,108396000.0,0.549,1835231000.0,19550000.0,1686051000.0,,167766000.0,0.0,0.0,0.0,1635278000.0,99752000.0,1535526000.0,2414679866.0,-13481000.0,-88670000.0,5123000.0,0.0,0.0,11090000.0,-92666000.0,0.0,68095000.0,0.0,41611000.0,41611000.0,41611000.0,0.0,0.0,0.211,25855000.0,82541000.0,44680000.0,0.0,2.948,14.823,16.068,96751000.0,0.0,49.81,3.171,3.436,106446000.0,450647000.0,197354000.0,197354000.0,0.0,,,,,-4368000.0,22081000.0,1.0,48477813.0,52602000.0,52602000.0,3.752,619209000.0,18700000.0,21380000.0,162745000.0,11.772,395002000.0
48,TDG,MRQ,2009-06-30,2009-06-27,2009-06-27,2021-08-10,-4830000.0,2373092000.0,,491203000.0,1881889000.0,,14.613,-3342000.0,203648000.0,203648000.0,82024000.0,41388000.0,5.945,2.1,1356878000.0,0.0,1356878000.0,1356878000.0,0.0,6741000.0,0.0,0.0,0.0,85197000.0,91938000.0,0.484,91938000.0,85197000.0,63971000.0,0.79,0.79,0.79,765481000.0,,765481000.0,2911983754.0,9.0,8.067,46160000.0,0.881,1.0,107851000.0,0.568,1762329000.0,21226000.0,1681363000.0,,157833000.0,0.0,0.0,0.0,1607611000.0,82630000.0,1524981000.0,1709597754.0,49038000.0,-76000.0,1404000.0,0.0,0.0,2954000.0,-3418000.0,0.0,49502000.0,0.0,41388000.0,41388000.0,41388000.0,0.0,0.0,0.218,22654000.0,85197000.0,19537000.0,0.0,2.233,10.733,11.641,99491000.0,0.0,35.39,2.269,2.461,104529000.0,409036000.0,189875000.0,189875000.0,0.0,,,,,155000.0,19349000.0,1.0,48307368.0,52384000.0,52384000.0,3.625,610763000.0,14784000.0,22583000.0,155482000.0,11.659,408573000.0
49,TDG,MRQ,2009-03-31,2009-03-28,2009-03-28,2021-08-10,-6446000.0,2324953000.0,,439902000.0,1885051000.0,,13.702,-4084000.0,154610000.0,154610000.0,84236000.0,40304000.0,5.403,2.239,1356996000.0,0.0,1356996000.0,1356996000.0,0.0,6888000.0,0.0,0.0,0.0,84774000.0,91662000.0,0.475,91662000.0,84774000.0,63134000.0,0.77,0.77,0.77,717818000.0,,717818000.0,2797729965.0,9.0,7.912,9211000.0,0.176,1.0,108811000.0,0.564,1765793000.0,21640000.0,1680125000.0,,157517000.0,0.0,0.0,0.0,1607135000.0,81421000.0,1525714000.0,1589925965.0,5301000.0,-68000.0,-4889000.0,0.0,0.0,-3842000.0,-4152000.0,0.0,13295000.0,0.0,40304000.0,40304000.0,40304000.0,0.0,0.0,0.209,24037000.0,84774000.0,28228000.0,0.0,2.215,10.332,11.221,98227000.0,0.0,32.99,2.121,2.306,99931000.0,367648000.0,193047000.0,193047000.0,0.0,,,,,654000.0,20412000.0,1.0,48194179.0,52389000.0,52389000.0,3.685,559160000.0,19677000.0,22830000.0,155482000.0,10.673,358481000.0
50,TDG,MRQ,2008-12-31,2008-12-27,2008-12-27,2021-08-10,-7487000.0,2319811000.0,,429996000.0,1889815000.0,,13.905,-1733000.0,149309000.0,149309000.0,76988000.0,39599000.0,3.603,2.433,1357113000.0,0.0,1357113000.0,1357113000.0,0.0,6713000.0,0.0,0.0,0.0,82888000.0,89601000.0,0.494,89601000.0,82888000.0,60906000.0,0.75,0.75,0.75,675821000.0,,675821000.0,2682918478.0,9.0,7.874,64487000.0,1.327,1.0,104288000.0,0.575,1770453000.0,21982000.0,1637805000.0,,154536000.0,0.0,0.0,0.0,1643990000.0,119357000.0,1524633000.0,1484750478.0,-9753000.0,-66419000.0,-8535000.0,0.0,0.0,-7821000.0,-68152000.0,0.0,66220000.0,0.0,39599000.0,39599000.0,39599000.0,0.0,0.0,0.218,21400000.0,82888000.0,26067000.0,0.0,2.197,10.186,10.935,97406000.0,0.0,30.51,2.029,2.026,103128000.0,327344000.0,181276000.0,181276000.0,0.0,,,,,94000.0,18176000.0,1.0,48664388.0,48603000.0,50537000.0,3.73,549358000.0,19478000.0,21307000.0,154031000.0,11.303,310639000.0
51,TDG,MRQ,2008-09-30,2008-09-30,2008-09-30,2021-08-10,445000.0,2255821000.0,,423434000.0,1832387000.0,,12.551,-3633000.0,159062000.0,159062000.0,85800000.0,37989000.0,4.784,2.45,1357230000.0,0.0,1357230000.0,1357230000.0,0.0,6605000.0,0.0,0.0,0.0,81176000.0,87781000.0,0.464,87781000.0,81176000.0,58870000.0,0.73,0.73,0.73,653900000.0,,653900000.0,2824970419.0,9.0,8.705,36082000.0,0.693,1.0,103438000.0,0.547,1710968000.0,22306000.0,1654519000.0,,144114000.0,0.0,0.0,0.0,1601921000.0,88502000.0,1513419000.0,1656815419.0,-30131000.0,-69438000.0,1500000.0,0.0,0.0,3225000.0,-73071000.0,0.0,39715000.0,0.0,37989000.0,37989000.0,37989000.0,0.0,0.0,0.201,22262000.0,81176000.0,25140000.0,0.0,2.534,12.445,13.371,96241000.0,0.0,34.23,2.321,2.499,96196000.0,287745000.0,189238000.0,189238000.0,0.0,,,,,-778000.0,19101000.0,1.0,48402437.0,52098000.0,58218000.0,3.632,544853000.0,19902000.0,20881000.0,151672000.0,10.458,334932000.0
52,TDG,MRQ,2008-06-30,2008-06-28,2008-06-28,2021-08-10,2947000.0,2222096000.0,,454217000.0,1767879000.0,,12.773,-3068000.0,189193000.0,189193000.0,85570000.0,35999000.0,5.013,2.618,1357348000.0,0.0,1357348000.0,1357348000.0,0.0,6155000.0,0.0,0.0,0.0,78418000.0,84573000.0,0.455,84573000.0,78418000.0,56569000.0,0.69,0.69,0.69,614166000.0,,614166000.0,2832197170.0,10.0,9.16,68679000.0,1.428,1.0,100482000.0,0.54,1649703000.0,21849000.0,1649933000.0,,142993000.0,0.0,0.0,0.0,1607930000.0,90615000.0,1517315000.0,1668719170.0,-4794000.0,-84722000.0,4402000.0,0.0,0.0,11249000.0,-87790000.0,0.0,71747000.0,0.0,35999000.0,35999000.0,35999000.0,0.0,0.0,0.193,22064000.0,78418000.0,26136000.0,0.0,2.717,13.928,16.134,93568000.0,0.0,34.85,2.41,2.42,100947000.0,249756000.0,186052000.0,186052000.0,0.0,,,,,-5978000.0,19317000.0,1.0,47882903.0,48084000.0,50273000.0,3.869,572393000.0,17051000.0,20570000.0,156234000.0,11.904,363602000.0
53,TDG,MRQ,2008-03-31,2008-03-29,2008-03-29,2021-08-10,-7578000.0,2136168000.0,,449705000.0,1686463000.0,,11.669,-1782000.0,193987000.0,193987000.0,81366000.0,32170000.0,7.069,2.845,1357465000.0,0.0,1357465000.0,1357465000.0,0.0,6001000.0,0.0,0.0,0.0,72776000.0,78777000.0,0.449,78777000.0,72776000.0,48761000.0,0.62,0.62,0.62,555524000.0,,555524000.0,2960479552.0,11.0,10.119,16163000.0,0.34,1.0,93919000.0,0.536,1577788000.0,24015000.0,1658238000.0,,128524000.0,0.0,0.0,0.0,1580644000.0,63620000.0,1517024000.0,1772997552.0,23672000.0,0.0,2342000.0,0.0,0.0,7509000.0,-1782000.0,0.0,17945000.0,0.0,32170000.0,32170000.0,32170000.0,0.0,0.0,0.184,21143000.0,72776000.0,24860000.0,0.0,3.192,16.737,19.138,84857000.0,0.0,37.32,2.67,2.675,101415000.0,213757000.0,175285000.0,175285000.0,0.0,,,,,-4165000.0,18360000.0,1.0,47507973.0,47605000.0,50037000.0,3.682,558380000.0,21995000.0,16591000.0,140890000.0,11.729,386085000.0
54,TDG,MRQ,2007-12-31,2007-12-29,2007-12-29,2021-08-10,-2956000.0,2107952000.0,,417559000.0,1690393000.0,,10.998,-2401000.0,170315000.0,170315000.0,75044000.0,26968000.0,5.202,3.059,1357797000.0,0.0,1357797000.0,1357797000.0,0.0,6493000.0,0.0,0.0,0.0,66909000.0,73402000.0,0.45,73402000.0,66909000.0,42402000.0,0.52,0.52,0.52,519382000.0,,519382000.0,3386951013.0,14.0,12.222,57827000.0,1.225,1.0,88092000.0,0.54,1579346000.0,24507000.0,1635814000.0,,128129000.0,0.0,0.0,0.0,1588570000.0,80274000.0,1508296000.0,2135043013.0,64369000.0,0.0,1525000.0,0.0,0.0,6542000.0,-2401000.0,0.0,60228000.0,0.0,26968000.0,26968000.0,26968000.0,0.0,0.0,0.165,21183000.0,66909000.0,22681000.0,0.0,4.111,22.409,25.0,86293000.0,0.0,45.25,3.372,3.375,92279000.0,181587000.0,163136000.0,163136000.0,0.0,,,,,-3800000.0,17872000.0,1.0,47183271.0,47223000.0,49862000.0,3.455,528606000.0,23136000.0,15434000.0,147745000.0,11.194,337285000.0
55,TDG,MRQ,2007-09-30,2007-09-30,2007-09-30,2021-08-10,-1753000.0,2061053000.0,,365599000.0,1695454000.0,,10.379,-3113000.0,105946000.0,105946000.0,79964000.0,24675000.0,5.439,3.227,1357854000.0,0.0,1357854000.0,1357854000.0,0.0,6912000.0,0.0,0.0,0.0,65544000.0,72456000.0,0.431,72456000.0,65544000.0,40097000.0,0.33,0.42,0.33,487551000.0,,487551000.0,3382424035.0,14.0,13.121,19204000.0,0.409,1.0,88074000.0,0.524,1582768000.0,25447000.0,1662974000.0,,126763000.0,0.0,0.0,0.0,1573502000.0,67219000.0,1506283000.0,2144708035.0,-14249000.0,-35498000.0,717000.0,-337000.0,0.0,2045000.0,-38611000.0,0.0,22317000.0,0.0,24675000.0,24675000.0,24675000.0,0.0,0.0,0.147,22530000.0,65544000.0,24753000.0,0.0,4.399,24.194,26.12,87074000.0,0.0,45.71,3.618,3.518,100094000.0,156312000.0,168038000.0,168038000.0,0.0,,,,,-631000.0,18843000.0,1.0,46919887.0,46974000.0,49352000.0,3.577,478285000.0,28395000.0,15422000.0,140251000.0,10.182,298380000.0
56,TDG,MRQ,2007-06-30,2007-06-30,2007-06-30,2021-08-10,-113000.0,2031461000.0,,360870000.0,1670591000.0,,10.063,-2940000.0,120195000.0,120195000.0,75360000.0,22121000.0,4.871,3.408,1357911000.0,0.0,1357911000.0,1357911000.0,0.0,6612000.0,0.0,0.0,0.0,61306000.0,67918000.0,0.431,67918000.0,61306000.0,35382000.0,0.48,0.45,0.48,460875000.0,,460875000.0,3117858593.0,15.0,13.266,31779000.0,0.694,1.0,82253000.0,0.522,1556743000.0,25924000.0,1638348000.0,,121216000.0,0.0,0.0,0.0,1570586000.0,74086000.0,1496500000.0,1824685593.0,55400000.0,-204000.0,5015000.0,-293000.0,0.0,23825000.0,-3144000.0,0.0,34719000.0,0.0,22121000.0,22121000.0,22121000.0,0.0,0.0,0.14,20947000.0,61306000.0,24213000.0,0.0,3.959,23.041,22.989,87633000.0,0.0,40.46,3.375,3.427,88581000.0,131637000.0,157613000.0,157613000.0,0.0,,,,,-18109000.0,17340000.0,1.0,45098507.0,45800000.0,48832000.0,3.441,474718000.0,27092000.0,13261000.0,132349000.0,10.365,286784000.0
57,TDG,MRQ,2007-03-31,2007-03-31,2007-03-31,2021-08-10,-1567000.0,1968104000.0,,297822000.0,1670282000.0,,9.166,-1709000.0,64795000.0,64795000.0,69367000.0,21514000.0,4.931,3.775,1357968000.0,0.0,1357968000.0,1357968000.0,0.0,6235000.0,0.0,0.0,0.0,57117000.0,63352000.0,0.439,63352000.0,57117000.0,34514000.0,0.48,0.45,0.48,412193000.0,,412193000.0,2505187340.0,17.0,15.037,15238000.0,0.339,1.0,75071000.0,0.52,1558820000.0,22603000.0,1642057000.0,,119124000.0,0.0,0.0,0.0,1555911000.0,60400000.0,1495511000.0,1634743340.0,10239000.0,-430455000.0,1414000.0,422511000.0,0.0,425456000.0,-432164000.0,0.0,16947000.0,0.0,21514000.0,21514000.0,21514000.0,0.0,0.0,0.149,17954000.0,57117000.0,24556000.0,0.0,3.966,37.401,37.122,86609000.0,0.0,36.38,3.31,3.313,89686000.0,109516000.0,144438000.0,144438000.0,0.0,,,,,-878000.0,14586000.0,1.0,44935221.0,44972000.0,48000000.0,3.212,409284000.0,17728000.0,13000000.0,130185000.0,9.101,237422000.0
58,TDG,MRQ,2006-12-31,2006-12-30,2006-12-30,2021-08-10,-1305000.0,1448714000.0,,227216000.0,1221498000.0,,8.651,-2496000.0,54556000.0,54556000.0,59075000.0,20335000.0,4.605,2.74,925000000.0,0.0,925000000.0,925000000.0,0.0,4193000.0,0.0,0.0,0.0,49871000.0,54064000.0,0.441,54064000.0,49871000.0,32078000.0,0.45,0.43,0.45,387341000.0,,387341000.0,2049842441.0,15.0,13.687,35957000.0,0.803,1.0,63634000.0,0.519,1142973000.0,17793000.0,1126847000.0,,94075000.0,0.0,0.0,0.0,1061373000.0,49338000.0,1012035000.0,1186059441.0,-6661000.0,-45250000.0,1304000.0,0.0,0.0,2632000.0,-47746000.0,0.0,38453000.0,0.0,20335000.0,20335000.0,20335000.0,0.0,0.0,0.166,13763000.0,49871000.0,19329000.0,0.0,3.062,32.523,32.329,63377000.0,0.0,26.51,2.591,2.593,66818000.0,88002000.0,122709000.0,122709000.0,0.0,,,,,-522000.0,12121000.0,1.0,44740077.0,44773000.0,47802000.0,2.741,305741000.0,8694000.0,11743000.0,80492000.0,6.829,177878000.0
59,TDG,MRQ,2006-09-30,2006-09-30,2006-09-30,2021-08-10,-1829000.0,1416712000.0,,234181000.0,1182531000.0,,8.135,-2783000.0,61217000.0,61217000.0,57429000.0,15222000.0,5.391,2.902,925000000.0,0.0,925000000.0,925000000.0,0.0,4149000.0,0.0,0.0,0.0,45536000.0,49685000.0,0.429,49685000.0,45536000.0,27490000.0,0.35,0.32,0.35,363041000.0,,363041000.0,1992371647.0,17.0,14.838,40067000.0,0.898,1.0,58463000.0,0.504,1103788000.0,18046000.0,1133268000.0,,89243000.0,0.0,0.0,0.0,1053671000.0,43439000.0,1010232000.0,1089462647.0,39126000.0,184000.0,336000.0,-1461000.0,0.0,-1125000.0,-2599000.0,0.0,42850000.0,0.0,15222000.0,15222000.0,15222000.0,0.0,0.0,0.131,12766000.0,45697000.0,18764000.0,0.0,3.001,43.376,42.842,62851000.0,0.0,24.42,2.504,2.492,65568000.0,67667000.0,115892000.0,115892000.0,0.0,,,,,957000.0,11250000.0,1.0,44613540.0,44628000.0,46869000.0,2.597,312924000.0,16756000.0,12268000.0,78109000.0,7.012,190742000.0
60,TDG,MRQ,2006-06-30,2006-07-01,2006-07-01,2021-08-10,-947000.0,1395524000.0,,213086000.0,1182438000.0,,7.779,-1736000.0,22091000.0,22091000.0,53749000.0,-13363000.0,5.726,3.025,925000000.0,0.0,925000000.0,925000000.0,0.0,3810000.0,0.0,0.0,0.0,-4307000.0,-497000.0,-0.004,-497000.0,-4307000.0,-23812000.0,-0.3,-0.3,-0.3,346755000.0,,346755000.0,1920572446.0,17.0,15.019,19544000.0,0.438,1.0,57107000.0,0.515,1103442000.0,19505000.0,1157780000.0,,87920000.0,0.0,0.0,0.0,1048769000.0,37211000.0,1011558000.0,1067515446.0,-10286000.0,-27157000.0,317000.0,-2990000.0,0.0,-2673000.0,-28893000.0,0.0,21280000.0,0.0,-13363000.0,-13363000.0,-13363000.0,0.0,0.0,-0.121,12958000.0,44149000.0,18972000.0,0.0,3.079,53.585,54.432,63833000.0,0.0,23.95,2.516,2.517,64084000.0,52445000.0,110856000.0,110856000.0,0.0,,,,,312000.0,11543000.0,1.0,44572670.0,44578000.0,44578000.0,2.487,292082000.0,36394000.0,-10449000.0,81623000.0,6.552,175875000.0
61,TDG,MRQ,2006-03-31,2006-04-01,2006-04-01,2021-08-10,-339000.0,1370093000.0,,200586000.0,1169507000.0,,8.137,-2064000.0,32377000.0,32377000.0,51799000.0,14274000.0,4.302,2.805,885434000.0,0.0,885434000.0,885434000.0,0.0,3915000.0,0.0,0.0,0.0,42601000.0,46516000.0,0.43,46516000.0,42601000.0,23219000.0,0.32,0.3,0.32,360091000.0,,360091000.0,1920873921.0,13.0,11.402,2884000.0,0.065,1.0,56477000.0,0.522,1082423000.0,19382000.0,1094104000.0,,81772000.0,0.0,0.0,0.0,1010002000.0,46623000.0,963379000.0,1138191921.0,2821000.0,0.0,776000.0,-839000.0,0.0,-63000.0,-2064000.0,0.0,4948000.0,0.0,14274000.0,14274000.0,14274000.0,0.0,0.0,0.132,13876000.0,42601000.0,17182000.0,0.0,3.161,26.585,26.823,62569000.0,0.0,25.75,2.769,2.773,65329000.0,65808000.0,108276000.0,108276000.0,0.0,,,,,897000.0,12426000.0,1.0,44201628.0,44255000.0,47121000.0,2.447,287670000.0,18127000.0,8945000.0,74153000.0,6.5,153963000.0
62,TDG,MRQ,2005-12-31,2005-12-31,2005-12-31,2021-08-10,,,,,,,,-1767000.0,,,50897000.0,8984000.0,,,,,,,,4237000.0,,,0.0,34337000.0,38574000.0,0.385,38574000.0,34337000.0,14538000.0,0.2,0.19,0.2,,,,,,,-67787000.0,-1.534,1.0,49243000.0,0.492,,19799000.0,,,,,,,,,,,-74665000.0,0.0,0.0,-6878000.0,0.0,-6878000.0,-1767000.0,0.0,-66020000.0,0.0,8984000.0,8984000.0,8984000.0,0.0,0.0,0.09,14906000.0,34337000.0,,0.0,,,,,0.0,,,,,,100140000.0,100140000.0,0.0,,,,,237000.0,13090000.0,1.0,44201628.0,44202000.0,46657000.0,2.266,,,5554000.0,,,
63,TDG,MRQ,2005-09-30,2005-09-30,2005-09-30,2021-08-10,-336000.0,1427748000.0,,258346000.0,1169402000.0,,7.536,-2440000.0,104221000.0,104221000.0,53117000.0,10027000.0,1.848,3.286,889846000.0,2943000.0,886903000.0,889846000.0,0.0,4453000.0,0.0,,0.0,38834000.0,43287000.0,0.412,43287000.0,38834000.0,17796000.0,0.22,0.22,0.22,333107000.0,,333107000.0,,,,17284000.0,0.391,1.0,51847000.0,0.494,1085635000.0,21038000.0,987951000.0,,76077000.0,0.0,0.0,0.0,1094641000.0,139787000.0,954854000.0,,64025000.0,-89000.0,0.0,-736000.0,0.0,-736000.0,45037000.0,47566000.0,19724000.0,0.0,10027000.0,10027000.0,10027000.0,0.0,0.0,0.096,13013000.0,38834000.0,16419000.0,0.0,,,,63624000.0,0.0,,,,63554000.0,42550000.0,104964000.0,104964000.0,0.0,,,,,542000.0,11102000.0,1.0,44201628.0,44202000.0,46952000.0,2.375,342113000.0,12746000.0,7769000.0,64950000.0,7.74,118559000.0
64,TDG,MRQ,2005-06-30,2005-07-02,2005-07-02,2021-08-10,,,,,,,,-2113000.0,,,49735000.0,9529000.0,,,,,,,,4415000.0,,,0.0,35669000.0,40084000.0,0.411,40084000.0,35669000.0,15462000.0,0.22,0.21,0.22,,,,,,,25516000.0,0.577,1.0,47892000.0,0.491,,20207000.0,,,,,,,,,,,19482000.0,-8447000.0,0.0,-735000.0,0.0,-735000.0,-7412000.0,3148000.0,27629000.0,0.0,9529000.0,9529000.0,9529000.0,0.0,0.0,0.098,12223000.0,35669000.0,,0.0,,,,,0.0,,,,,,97627000.0,97627000.0,0.0,,,,,-1261000.0,10098000.0,1.0,,44202000.0,46440000.0,2.209,,,5933000.0,,,
65,TDG,MRQ,2005-03-31,2005-04-02,2005-04-02,2021-08-10,,,,,,,,,,,46334000.0,8764000.0,,,,,,,,,,,0.0,33699000.0,,,,33699000.0,13936000.0,0.2,0.19,0.2,,,,,,,,,1.0,45058000.0,0.493,,19763000.0,,,,,,,,,,,,,,,,,,,,,8764000.0,8764000.0,8764000.0,0.0,0.0,0.096,11359000.0,33699000.0,,0.0,,,,,0.0,,,,,,91392000.0,91392000.0,0.0,,,,,,9489000.0,1.0,,,,,,,5172000.0,,,
66,TDG,MRQ,2004-09-30,2004-09-30,2004-09-30,2021-08-10,-282000.0,1345912000.0,,220179000.0,1125733000.0,,6.73,,48498000.0,48498000.0,,,5.397,3.525,889845000.0,0.0,889845000.0,889845000.0,0.0,,0.0,,0.0,,,,,,,,,,297412000.0,,297412000.0,,,,,,1.0,,,1041058000.0,,1105407000.0,,64385000.0,50601000.0,50601000.0,0.0,1048500000.0,40794000.0,1007706000.0,,,,,,,,,,,,,,,,,,,,11468000.0,,,,,60817000.0,,,,,44489000.0,7863000.0,,,,,,,,,,1.0,,44193000.0,,,304854000.0,10355000.0,,60672000.0,6.898,179385000.0
67,TDG,MRQ,2003-09-30,2003-09-30,2003-09-30,2021-08-10,,,,,,,,-4241000.0,,,126516000.0,-69969000.0,,,,,,,,6355000.0,,,0.0,-82446000.0,-76091000.0,-0.315,-76091000.0,-82446000.0,-110670000.0,-606.38,-606.38,-606.38,,,,,,,-38425000.0,,1.0,114669000.0,0.475,,28224000.0,,,,,,,,,,,-9001000.0,-53026000.0,-128425000.0,243527000.0,0.0,82450000.0,-57267000.0,0.0,-34184000.0,0.0,-69969000.0,-69969000.0,-69969000.0,0.0,0.0,-0.29,197115000.0,-82446000.0,,0.0,,,,,0.0,,,,,,241185000.0,241185000.0,0.0,,,,,35698000.0,20167000.0,1.0,,,,,,,-40701000.0,,,
0,TDG,MRT,2021-06-30,2021-07-03,2021-07-03,2021-08-10,-222000000.0,19089000000.0,18695000000.0,6723000000.0,12366000000.0,0.251,-53.733,-123000000.0,4529000000.0,4529000000.0,2369000000.0,554000000.0,4.109,-7.081,20010000000.0,626000000.0,19384000000.0,20010000000.0,0.0,260000000.0,0.0,0.0,0.0,1548000000.0,1808000000.0,0.385,1808000000.0,1548000000.0,483000000.0,8.23,8.23,8.23,-3138000000.0,-3591500000.0,-3138000000.0,52263858404.0,34.0,28.907,723000000.0,12.38,1.0,2324000000.0,0.495,11429000000.0,1065000000.0,21505000000.0,21582250000.0,1225000000.0,0.0,0.0,0.0,22221000000.0,1636000000.0,20585000000.0,36307858404.0,-20000000.0,-692000000.0,133000000.0,-146000000.0,-73000000.0,-89000000.0,-791000000.0,0.0,846000000.0,14000000.0,553000000.0,480000000.0,480000000.0,19000000.0,1000000.0,0.102,788000000.0,1536000000.0,206000000.0,0.0,-11.57,75.641,80.369,777000000.0,73000000.0,661.44,7.737,8.231,694000000.0,-3906000000.0,4693000000.0,4693000000.0,0.0,0.026,-0.134,0.072,0.33,139000000.0,714000000.0,1.0,54892142.0,58400000.0,58400000.0,80.36,7660000000.0,0.0,-70000000.0,420000000.0,131.164,5087000000.0
1,TDG,MRT,2021-03-31,2021-04-03,2021-04-03,2021-08-10,-234000000.0,18739000000.0,18467500000.0,6358000000.0,12381000000.0,0.244,-60.411,-115000000.0,4072000000.0,4072000000.0,2337000000.0,231000000.0,4.024,-6.31,20028000000.0,626000000.0,19402000000.0,20028000000.0,0.0,266000000.0,0.0,0.0,0.0,1336000000.0,1602000000.0,0.356,1602000000.0,1336000000.0,272000000.0,2.7,2.7,2.7,-3528000000.0,-3852750000.0,-3528000000.0,48129246686.0,36.0,30.043,876000000.0,15.0,1.0,2160000000.0,0.48,11439000000.0,1064000000.0,21676000000.0,21587500000.0,1240000000.0,0.0,0.0,0.0,22260000000.0,1580000000.0,20680000000.0,33016246686.0,1404000000.0,-916000000.0,116000000.0,1365000000.0,-73000000.0,1405000000.0,-1007000000.0,0.0,991000000.0,15000000.0,230000000.0,157000000.0,157000000.0,20000000.0,1000000.0,0.035,853000000.0,1307000000.0,214000000.0,0.0,-9.358,210.295,223.596,790000000.0,73000000.0,603.71,7.342,7.84,682000000.0,-4215000000.0,4497000000.0,4497000000.0,0.0,0.009,-0.041,0.062,0.297,126000000.0,705000000.0,1.0,54688918.0,58400000.0,58400000.0,77.003,7300000000.0,0.0,42000000.0,484000000.0,125.0,4778000000.0
2,TDG,MRT,2020-12-31,2021-01-02,2021-01-02,2021-08-10,-277000000.0,18557000000.0,17941500000.0,7074000000.0,11483000000.0,0.265,-68.154,-109000000.0,4907000000.0,4907000000.0,2360000000.0,445000000.0,4.526,-5.976,20020000000.0,626000000.0,19394000000.0,20020000000.0,0.0,272000000.0,0.0,0.0,0.0,1524000000.0,1796000000.0,0.378,1796000000.0,1524000000.0,476000000.0,6.47,6.47,6.47,-3728000000.0,-4023000000.0,-3728000000.0,48979645576.0,32.0,27.272,945000000.0,17.276,1.0,2386000000.0,0.503,10531000000.0,1048000000.0,21576000000.0,21258000000.0,1284000000.0,0.0,0.0,0.0,22278000000.0,1563000000.0,20715000000.0,33687645576.0,713000000.0,2000000.0,109000000.0,1596000000.0,-1937000000.0,-244000000.0,-107000000.0,0.0,1054000000.0,10000000.0,445000000.0,372000000.0,372000000.0,24000000.0,0.0,0.078,881000000.0,1505000000.0,197000000.0,0.0,-9.036,90.558,95.649,777000000.0,73000000.0,618.85,7.098,7.133,627000000.0,-4314000000.0,4746000000.0,4746000000.0,0.0,0.021,-0.092,0.072,0.321,116000000.0,723000000.0,1.0,54435882.0,54700000.0,54700000.0,86.764,8026000000.0,18000000.0,31000000.0,437000000.0,146.728,5511000000.0
3,TDG,MRT,2020-09-30,2020-09-30,2020-09-30,2021-08-10,-401000000.0,18395000000.0,17841250000.0,6960000000.0,11435000000.0,0.286,-69.319,-105000000.0,4717000000.0,4717000000.0,2456000000.0,700000000.0,4.307,-5.63,20009000000.0,625000000.0,19384000000.0,20009000000.0,0.0,283000000.0,0.0,0.068,32.5,1815000000.0,2098000000.0,0.411,2098000000.0,1815000000.0,786000000.0,8.96,8.96,8.96,-3972000000.0,-4166750000.0,-3972000000.0,41244486803.0,23.0,19.659,1108000000.0,19.337,1.0,2647000000.0,0.519,10499000000.0,1029000000.0,21572000000.0,20466750000.0,1283000000.0,0.0,0.0,0.0,22363000000.0,1616000000.0,20747000000.0,25754486803.0,3250000000.0,904000000.0,97000000.0,3072000000.0,-1928000000.0,1230000000.0,799000000.0,0.0,1213000000.0,8000000.0,699000000.0,514000000.0,514000000.0,-47000000.0,1000000.0,0.101,896000000.0,1751000000.0,218000000.0,3.627,-6.484,50.106,53.027,752000000.0,185000000.0,475.12,5.047,5.335,720000000.0,-4359000000.0,5103000000.0,5103000000.0,0.0,0.029,-0.123,0.089,0.356,93000000.0,727000000.0,1.0,54206278.0,57300000.0,57300000.0,89.058,7896000000.0,17000000.0,87000000.0,430000000.0,137.801,5344000000.0
4,TDG,MRT,2020-06-30,2020-06-27,2020-06-27,2021-08-10,-490000000.0,18179000000.0,17306250000.0,6771000000.0,11408000000.0,0.316,-73.002,-84000000.0,4549000000.0,4549000000.0,2479000000.0,967000000.0,4.101,-5.345,20039000000.0,629000000.0,19410000000.0,20039000000.0,0.0,300000000.0,0.0,0.148,62.5,2133000000.0,2433000000.0,0.445,2433000000.0,2133000000.0,1126000000.0,12.15,12.15,12.15,-4183000000.0,-3897250000.0,-4183000000.0,38663312808.0,18.0,15.891,1154000000.0,20.14,1.0,2992000000.0,0.547,10492000000.0,1007000000.0,21526000000.0,19970000000.0,1344000000.0,0.0,0.0,0.0,22358000000.0,1651000000.0,20707000000.0,22769312808.0,1832000000.0,1074000000.0,88000000.0,3141000000.0,-3616000000.0,-396000000.0,990000000.0,0.0,1238000000.0,0.0,964000000.0,692000000.0,692000000.0,-98000000.0,3000000.0,0.126,940000000.0,2052000000.0,231000000.0,5.144,-5.443,32.904,34.658,744000000.0,272000000.0,421.09,4.162,4.41,726000000.0,-4427000000.0,5471000000.0,5471000000.0,0.0,0.04,-0.178,0.107,0.39,82000000.0,757000000.0,1.0,54072319.0,57300000.0,57300000.0,95.48,7687000000.0,12000000.0,162000000.0,372000000.0,134.154,5120000000.0
5,TDG,MRT,2020-03-31,2020-03-28,2020-03-28,2021-08-10,-503000000.0,16635000000.0,17187149500.0,5200000000.0,11435000000.0,0.347,-73.328,-108000000.0,2668000000.0,2668000000.0,2756000000.0,1118000000.0,3.14,-4.951,18562000000.0,629000000.0,17933000000.0,18562000000.0,0.0,293000000.0,0.0,0.172,62.5,2279000000.0,2572000000.0,0.431,2572000000.0,2279000000.0,1293000000.0,14.82,14.82,14.82,-4209000000.0,-3181811000.0,-4209000000.0,33669998899.0,15.0,13.091,1048000000.0,18.258,1.0,3214000000.0,0.538,10515000000.0,986000000.0,20358000000.0,19354292000.0,1313000000.0,0.0,0.0,0.0,20840000000.0,1656000000.0,19184000000.0,19481998899.0,-161000000.0,686000000.0,85000000.0,1646000000.0,-3616000000.0,-1892000000.0,578000000.0,0.0,1156000000.0,-3000000.0,1115000000.0,843000000.0,843000000.0,-116000000.0,3000000.0,0.141,1025000000.0,2189000000.0,266000000.0,4.217,-4.629,23.11,24.495,748000000.0,272000000.0,363.01,3.263,3.49,999000000.0,-4401000000.0,5970000000.0,5970000000.0,0.0,0.049,-0.265,0.118,0.382,92000000.0,846000000.0,1.0,53667940.0,57400000.0,57400000.0,104.007,6120000000.0,13000000.0,178000000.0,385000000.0,106.62,3544000000.0
6,TDG,MRT,2019-12-31,2019-12-28,2019-12-28,2021-08-10,-252000000.0,18156000000.0,17477688500.0,6652000000.0,11504000000.0,0.326,-74.965,-105000000.0,4194000000.0,4194000000.0,2649000000.0,1001000000.0,1.986,-5.218,18382000000.0,430000000.0,17952000000.0,18382000000.0,0.0,260000000.0,0.0,0.111,62.5,2161000000.0,2421000000.0,0.425,2421000000.0,2161000000.0,1225000000.0,12.86,12.86,12.86,-4303000000.0,-2502505500.0,-4303000000.0,45631664869.0,21.0,18.848,1013000000.0,17.648,1.0,3046000000.0,0.535,10583000000.0,936000000.0,18411000000.0,19054902750.0,1294000000.0,0.0,0.0,0.0,22455000000.0,3350000000.0,19105000000.0,30200197869.0,1857000000.0,-2854000000.0,88000000.0,5359000000.0,-1752000000.0,3695000000.0,-2959000000.0,0.0,1118000000.0,3000000.0,998000000.0,726000000.0,726000000.0,-122000000.0,3000000.0,0.127,981000000.0,2065000000.0,265000000.0,4.86,-7.018,41.598,43.855,753000000.0,272000000.0,563.98,5.303,5.684,1025000000.0,-4699000000.0,5695000000.0,5695000000.0,0.0,0.042,-0.29,0.113,0.379,101000000.0,826000000.0,1.0,53548349.0,57400000.0,57400000.0,99.216,7573000000.0,13000000.0,227000000.0,448000000.0,131.934,3302000000.0
7,TDG,MRT,2019-09-30,2019-09-30,2019-09-30,2021-08-10,-379000000.0,16255000000.0,16036008000.0,4865000000.0,11390000000.0,0.326,-51.403,-102000000.0,1467000000.0,1467000000.0,2414000000.0,892000000.0,3.163,-6.613,16899000000.0,430000000.0,16469000000.0,16899000000.0,0.0,226000000.0,0.0,0.058,30.0,1971000000.0,2197000000.0,0.421,2197000000.0,1971000000.0,1112000000.0,13.84,13.84,13.84,-2894000000.0,-1843478750.0,-2894000000.0,41926910905.0,21.0,19.084,913000000.0,16.217,1.0,2809000000.0,0.538,10564000000.0,859000000.0,19585000000.0,17947741250.0,1233000000.0,0.0,0.0,0.0,19139000000.0,1538000000.0,17601000000.0,27767023905.0,-606000000.0,-3787000000.0,82000000.0,3902000000.0,-1712000000.0,2271000000.0,-3889000000.0,0.0,1015000000.0,-3000000.0,890000000.0,779000000.0,779000000.0,-51000000.0,2000000.0,0.149,883000000.0,1926000000.0,276000000.0,2.168,-9.595,35.644,37.621,757000000.0,111000000.0,520.67,5.316,5.612,1068000000.0,-3120000000.0,5223000000.0,5223000000.0,0.0,0.049,-0.423,0.11,0.377,93000000.0,748000000.0,1.0,53329410.0,56300000.0,56300000.0,92.771,5691000000.0,0.0,222000000.0,441000000.0,101.083,3327000000.0
8,TDG,MRT,2019-06-30,2019-06-29,2019-06-29,2021-08-10,-175775000.0,17702598000.0,15021624750.0,5411195000.0,12291403000.0,0.315,-23.468,-102903000.0,2716812000.0,2716812000.0,2207552000.0,771701000.0,3.919,-14.39,16876699000.0,380814000.0,16495885000.0,16876699000.0,0.0,170466000.0,0.0,0.0,0.0,1783475000.0,1953941000.0,0.413,1953941000.0,1783475000.0,995251000.0,13.33,13.33,13.33,-1321244000.0,-1572096500.0,-1321244000.0,40156690393.0,23.0,20.552,996187000.0,17.694,1.0,2523756000.0,0.533,11418677000.0,788224000.0,19063168000.0,16573905250.0,1413934000.0,0.0,0.0,0.0,19013212000.0,1380640000.0,17632572000.0,25728442393.0,863188000.0,-4043424000.0,81379000.0,3853015000.0,-23852000.0,3908446000.0,-4146327000.0,0.0,1099090000.0,1979000.0,771701000.0,747849000.0,747849000.0,-16943000.0,0.0,0.158,755999000.0,1767757000.0,310448000.0,0.0,-19.473,34.403,36.294,745538000.0,23852000.0,483.8,5.438,5.757,1162345000.0,-1709790000.0,4731308000.0,4731308000.0,0.0,0.05,-0.476,0.108,0.377,91589000.0,657792000.0,1.0,53179914.0,56300000.0,56300000.0,84.037,6283921000.0,62775000.0,223550000.0,641002000.0,111.615,4030555000.0
9,TDG,MRT,2019-03-31,2019-03-30,2019-03-30,2021-08-10,-157037000.0,17797156000.0,13547094500.0,5595529000.0,12201627000.0,0.309,-26.497,-86116000.0,2828902000.0,2828902000.0,1810694000.0,843947000.0,3.242,-12.924,17257150000.0,747969000.0,16509181000.0,17257150000.0,0.0,141391000.0,0.0,0.0,0.0,1775448000.0,1916839000.0,0.457,1916839000.0,1775448000.0,1060647000.0,14.67,14.67,14.67,-1491778000.0,-1766405500.0,-1491778000.0,34560588398.0,19.0,18.03,935200000.0,16.611,1.0,2380276000.0,0.568,11338768000.0,714801000.0,19160443000.0,15333456250.0,1453044000.0,0.0,0.0,0.0,19279403000.0,1726193000.0,17553210000.0,24014779398.0,1817554000.0,-4187366000.0,78695000.0,5029010000.0,-23852000.0,5073008000.0,-4273482000.0,0.0,1021316000.0,-3288000.0,843947000.0,820095000.0,820095000.0,202000.0,0.0,0.196,598039000.0,1782237000.0,318586000.0,0.0,-16.098,29.283,30.947,737599000.0,23852000.0,453.99,5.73,6.099,1141249000.0,-1851113000.0,4190970000.0,4190970000.0,0.0,0.061,-0.464,0.116,0.424,73297000.0,518608000.0,1.0,52897155.0,56300000.0,56300000.0,74.44,6458388000.0,38972000.0,216700000.0,658175000.0,114.714,3869336000.0
10,TDG,MRT,2018-12-31,2018-12-29,2018-12-29,2021-08-10,-80993000.0,12389278000.0,11696474750.0,3926618000.0,8462660000.0,0.338,-29.607,-81710000.0,2337316000.0,2337316000.0,1691690000.0,838225000.0,4.128,-8.433,12883125000.0,375509000.0,12507616000.0,12883125000.0,0.0,133361000.0,0.0,0.0,0.0,1711339000.0,1844700000.0,0.466,1844700000.0,1711339000.0,1037272000.0,14.6,14.6,14.6,-1666893000.0,-1970795250.0,-1666893000.0,28489760287.0,17.0,15.444,977479000.0,17.362,1.0,2264350000.0,0.572,8001467000.0,674067000.0,13982354000.0,13754968250.0,838705000.0,26044000.0,0.0,26044000.0,14056171000.0,951266000.0,13104905000.0,17685495287.0,1478699000.0,-640000000.0,64710000.0,1116767000.0,-23852000.0,1146987000.0,-721710000.0,0.0,1059189000.0,-5767000.0,838225000.0,814373000.0,814373000.0,7764000.0,0.0,0.206,541022000.0,1723328000.0,176010000.0,0.0,-10.61,21.717,22.964,395970000.0,23852000.0,335.28,4.471,4.772,657684000.0,-2050727000.0,3956040000.0,3956040000.0,0.0,0.07,-0.413,0.124,0.433,64887000.0,466134000.0,1.0,52748435.0,56300000.0,56300000.0,70.267,4387811000.0,0.0,199047000.0,375048000.0,77.936,2975352000.0
11,TDG,MRT,2018-09-30,2018-09-30,2018-09-30,2021-08-10,4100000.0,12197467000.0,11127187000.0,3657287000.0,8540180000.0,0.342,-32.526,-73000000.0,2073017000.0,2073017000.0,1634000000.0,957000000.0,4.062,-7.745,12877282000.0,375336000.0,12501946000.0,12877282000.0,0.0,129000000.0,0.0,0.0,0.0,1644000000.0,1773000000.0,0.465,1773000000.0,1644000000.0,981000000.0,16.2,16.2,16.2,-1808471000.0,-2204000250.0,-1808471000.0,30632048776.0,19.0,17.277,949000000.0,17.068,1.0,2177000000.0,0.571,8011694000.0,663000000.0,14089656000.0,13441770500.0,805292000.0,0.0,0.0,0.0,14005938000.0,900382000.0,13105556000.0,19593662776.0,1422000000.0,-611000000.0,58000000.0,1095000000.0,-56000000.0,1086000000.0,-684000000.0,0.0,1022000000.0,-2000000.0,957000000.0,901000000.0,901000000.0,5000000.0,0.0,0.236,522000000.0,1655000000.0,173603000.0,0.0,-10.834,21.747,22.981,388333000.0,56000000.0,372.3,5.141,5.432,704310000.0,-2246578000.0,3811000000.0,3811000000.0,0.0,0.081,-0.409,0.122,0.431,58000000.0,450000000.0,1.0,52628694.0,55600000.0,55600000.0,68.543,4185773000.0,0.0,24000000.0,399496000.0,75.284,2756905000.0
12,TDG,MRT,2018-06-30,2018-06-30,2018-06-30,2021-08-10,-23717000.0,11804477000.0,10571735500.0,3385402000.0,8419075000.0,0.349,-37.744,-65439000.0,1853373000.0,1853373000.0,1574094000.0,881757000.0,4.143,-6.625,12891759000.0,375749000.0,12516010000.0,12891759000.0,0.0,127483000.0,0.0,0.064,22.0,1603725000.0,1731208000.0,0.47,1731208000.0,1603725000.0,957346000.0,13.74,13.74,13.74,-2098480000.0,-2489683500.0,-2098480000.0,28819596778.0,18.0,16.647,858988000.0,15.45,1.0,2111483000.0,0.573,7924321000.0,646379000.0,14101372000.0,13107748250.0,815251000.0,0.0,0.0,0.0,13902957000.0,817170000.0,13085787000.0,18095833778.0,882817000.0,-525364000.0,43752000.0,1783098000.0,-1261666000.0,548486000.0,-590803000.0,0.0,924427000.0,707000.0,921580000.0,762323000.0,762323000.0,33632000.0,-39823000.0,0.207,500945000.0,1610538000.0,155937000.0,1.601,-8.623,23.738,25.119,380475000.0,159257000.0,345.14,4.91,5.206,658168000.0,-2471575000.0,3685577000.0,3685577000.0,0.0,0.072,-0.306,0.122,0.435,49228000.0,428748000.0,1.0,52430416.0,55597000.0,55597000.0,66.291,3880156000.0,0.0,35766000.0,357680000.0,69.791,2568232000.0
13,TDG,MRT,2018-03-31,2018-03-31,2018-03-31,2021-08-10,6519000.0,10394677000.0,10199725250.0,2470104000.0,7924573000.0,0.353,-41.531,-63461000.0,1011007000.0,1011007000.0,1540911000.0,833564000.0,3.039,-5.501,11734770000.0,368980000.0,11365790000.0,11734770000.0,0.0,129926000.0,0.0,0.072,22.0,1557961000.0,1687887000.0,0.469,1687887000.0,1557961000.0,927018000.0,12.91,12.91,12.91,-2309337000.0,-2438924750.0,-2309337000.0,26910517084.0,17.0,15.943,788456000.0,14.18,1.0,2061659000.0,0.572,7459114000.0,630943000.0,12846491000.0,12620955000.0,767232000.0,0.0,0.0,0.0,12704014000.0,812835000.0,11891179000.0,16021135084.0,25618000.0,-99743000.0,-14851000.0,611444000.0,-1261702000.0,-674090000.0,-163204000.0,0.0,851917000.0,10995000.0,873387000.0,714130000.0,714130000.0,34266000.0,-39823000.0,0.198,500268000.0,1561391000.0,151709000.0,1.704,-6.938,22.434,23.775,352456000.0,159257000.0,306.94,4.447,4.738,644985000.0,-2684832000.0,3602570000.0,3602570000.0,0.0,0.07,-0.293,0.123,0.432,47101000.0,424036000.0,1.0,52196309.0,55605000.0,55605000.0,64.789,2935563000.0,0.0,53631000.0,359342000.0,52.793,1657269000.0
14,TDG,MRT,2017-12-31,2017-12-30,2017-12-30,2021-08-10,-61743000.0,10112127000.0,10147887750.0,2271333000.0,7840794000.0,0.349,-46.757,-64496000.0,857862000.0,857862000.0,1521206000.0,792791000.0,2.758,-4.89,11747244000.0,368924000.0,11378320000.0,11747244000.0,0.0,133616000.0,0.0,0.08,22.0,1517925000.0,1651541000.0,0.467,1651541000.0,1517925000.0,900406000.0,12.16,12.16,12.16,-2599713000.0,-2371281500.0,-2599713000.0,25381273363.0,17.0,15.368,791257000.0,14.231,1.0,2017022000.0,0.57,7448525000.0,617519000.0,12729563000.0,12430410000.0,743868000.0,0.0,0.0,0.0,12711840000.0,823421000.0,11888419000.0,14269173363.0,-114498000.0,-185988000.0,-365002000.0,914542000.0,-1261702000.0,-729952000.0,-250484000.0,0.0,855753000.0,10185000.0,832614000.0,673357000.0,673357000.0,28890000.0,-39823000.0,0.19,498174000.0,1518848000.0,145045000.0,1.809,-5.489,21.191,22.584,327253000.0,159257000.0,274.62,4.033,4.315,556743000.0,-2876954000.0,3538228000.0,3538228000.0,0.0,0.066,-0.284,0.122,0.429,46617000.0,417367000.0,1.0,51959702.0,55600000.0,55600000.0,63.637,2663602000.0,0.0,67792000.0,339439000.0,47.907,1447912000.0
15,TDG,MRT,2017-09-30,2017-09-30,2017-09-30,2021-08-10,-85143000.0,9975661000.0,10129136500.0,2133552000.0,7842109000.0,0.346,-53.146,-71013000.0,650561000.0,650561000.0,1519659000.0,596887000.0,2.45,-4.38,11762661000.0,369041000.0,11393620000.0,11762661000.0,0.0,141025000.0,0.0,0.18,46.0,1408365000.0,1549390000.0,0.442,1549390000.0,1408365000.0,805776000.0,7.88,7.88,7.88,-2951204000.0,-2190009500.0,-2951204000.0,23392640017.0,17.0,15.098,717720000.0,12.925,1.0,1984627000.0,0.566,7463200000.0,602589000.0,12753567000.0,12188821500.0,730681000.0,15809000.0,0.0,15809000.0,12926865000.0,870994000.0,12055871000.0,13270928017.0,-936433000.0,-215990000.0,-368644000.0,1524085000.0,-2581552000.0,-1443682000.0,-287003000.0,0.0,788733000.0,5519000.0,596887000.0,437630000.0,437630000.0,31654000.0,0.0,0.125,501781000.0,1482846000.0,148761000.0,5.838,-4.497,30.325,32.443,324924000.0,159257000.0,255.65,3.787,4.051,636127000.0,-3187220000.0,3504286000.0,3504286000.0,0.0,0.043,-0.2,0.116,0.402,45524000.0,412555000.0,1.0,51910534.0,55530000.0,55530000.0,63.106,2512461000.0,0.0,208889000.0,500949000.0,45.245,1262558000.0
16,TDG,MRT,2017-06-30,2017-07-01,2017-07-01,2021-08-10,-112696000.0,10316436000.0,10316790500.0,2387030000.0,7929406000.0,0.335,-34.532,-69646000.0,970556000.0,970556000.0,1517917000.0,598097000.0,3.267,-6.443,11092268000.0,264068000.0,10828200000.0,11092268000.0,0.0,145645000.0,0.0,0.089,24.0,1287879000.0,1433524000.0,0.415,1433524000.0,1287879000.0,702125000.0,9.03,9.03,9.03,-1895445000.0,-1615081000.0,-1895445000.0,24105508870.0,19.0,16.816,686692000.0,12.51,1.0,1937707000.0,0.561,7553232000.0,585754000.0,12154199000.0,11785052750.0,743579000.0,0.0,0.0,0.0,12211881000.0,730717000.0,11481164000.0,13987642870.0,-696139000.0,-471260000.0,-366983000.0,841623000.0,-1376034000.0,-913442000.0,-540906000.0,0.0,756338000.0,1871000.0,502126000.0,502126000.0,502126000.0,965000.0,95971000.0,0.145,516816000.0,1420891000.0,147080000.0,2.658,-7.38,27.857,29.775,326325000.0,0.0,268.87,4.048,4.271,606005000.0,-2088761000.0,3455624000.0,3455624000.0,0.0,0.049,-0.311,0.109,0.373,47194000.0,422023000.0,1.0,52023814.0,54890000.0,54890000.0,62.955,2763204000.0,0.0,199999000.0,499465000.0,50.341,1656313000.0
17,TDG,MRT,2017-03-31,2017-04-01,2017-04-01,2021-08-10,-128835000.0,10187327000.0,10380298750.0,2320429000.0,7866898000.0,0.323,-36.476,-60104000.0,985389000.0,985389000.0,1494135000.0,589666000.0,3.167,-5.997,11103255000.0,263973000.0,10839282000.0,11103255000.0,0.0,138841000.0,0.0,0.109,24.0,1215658000.0,1354499000.0,0.404,1354499000.0,1215658000.0,661233000.0,8.83,8.83,8.83,-2038764000.0,-1343281750.0,-2038764000.0,21481832422.0,18.0,15.86,726814000.0,13.003,1.0,1861526000.0,0.555,7488243000.0,554425000.0,12084311000.0,11513335000.0,725025000.0,0.0,0.0,0.0,12226091000.0,732639000.0,11493452000.0,11634248422.0,373374000.0,-1363565000.0,-309760000.0,2711241000.0,-1375998000.0,1011211000.0,-1423669000.0,0.0,786918000.0,-1086000.0,493695000.0,493695000.0,493695000.0,186000.0,95971000.0,0.147,498326000.0,1363200000.0,139003000.0,2.718,-5.707,23.566,24.933,319403000.0,0.0,220.16,3.467,3.667,573952000.0,-2248578000.0,3355661000.0,3355661000.0,0.0,0.048,-0.368,0.106,0.362,46984000.0,408163000.0,1.0,52844515.0,55894000.0,55894000.0,60.036,2699084000.0,0.0,167538000.0,518913000.0,48.289,1587790000.0
18,TDG,MRT,2016-12-31,2016-12-31,2016-12-31,2021-08-10,-139064000.0,10037122000.0,9923335500.0,2235418000.0,7801704000.0,0.331,-33.165,-55617000.0,972360000.0,972360000.0,1485984000.0,575844000.0,3.198,-6.354,10819944000.0,263997000.0,10555947000.0,10819944000.0,0.0,133517000.0,0.0,0.096,24.0,1164878000.0,1298395000.0,0.395,1298395000.0,1164878000.0,647007000.0,8.57,8.57,8.57,-1874625000.0,-1074045250.0,-1874625000.0,21890064359.0,19.0,16.859,674803000.0,11.938,1.0,1797750000.0,0.547,7422579000.0,517871000.0,11763209000.0,10771204750.0,715381000.0,0.0,0.0,0.0,11911747000.0,698918000.0,11212829000.0,13281451359.0,167069000.0,-1429066000.0,-112112000.0,2415426000.0,-1375998000.0,923680000.0,-1484683000.0,0.0,730420000.0,-2348000.0,479873000.0,479873000.0,479873000.0,0.0,95971000.0,0.146,489023000.0,1308727000.0,129510000.0,2.8,-7.085,27.677,29.05,314557000.0,0.0,248.96,4.045,4.285,512784000.0,-2394489000.0,3283734000.0,3283734000.0,0.0,0.048,-0.447,0.108,0.355,47645000.0,402370000.0,1.0,53347732.0,56524000.0,56524000.0,58.095,2614543000.0,0.0,167134000.0,515666000.0,46.255,1536500000.0
19,TDG,MRT,2016-09-30,2016-09-30,2016-09-30,2021-08-10,-149787000.0,10726277000.0,9496549500.0,2930697000.0,7795580000.0,0.334,-11.601,-43982000.0,1586994000.0,1586994000.0,1443348000.0,586414000.0,3.894,-17.464,10195607000.0,252416000.0,9943191000.0,10195607000.0,0.0,121670000.0,0.0,0.0,0.0,1248966000.0,1370636000.0,0.432,1370636000.0,1248966000.0,765116000.0,10.39,10.39,10.39,-651490000.0,-846456500.0,-651490000.0,23939105145.0,19.0,17.466,639316000.0,11.384,1.0,1728063000.0,0.545,7443795000.0,483850000.0,11138492000.0,10090332500.0,724011000.0,0.0,0.0,0.0,11377767000.0,752603000.0,10625164000.0,15400103145.0,872961000.0,-1399064000.0,-177643000.0,1816690000.0,-3000000.0,1632467000.0,-1443046000.0,0.0,683298000.0,242000.0,583414000.0,583414000.0,583414000.0,0.0,3000000.0,0.184,460303000.0,1267760000.0,156075000.0,0.0,-23.638,26.397,27.827,310580000.0,0.0,289.12,4.856,5.12,576339000.0,-1146963000.0,3171411000.0,3171411000.0,0.0,0.061,-0.689,0.124,0.394,48306000.0,382858000.0,1.0,53265437.0,56157000.0,56157000.0,56.474,3282482000.0,0.0,181702000.0,492255000.0,58.452,2178094000.0
20,TDG,MRT,2016-06-30,2016-07-02,2016-07-02,2021-08-10,-137540000.0,10570469000.0,8890964000.0,2932134000.0,7638335000.0,0.349,-14.476,-44579000.0,1666695000.0,1666695000.0,1434637000.0,573419000.0,4.031,-14.078,10205697000.0,252603000.0,9953094000.0,10205697000.0,0.0,110997000.0,0.0,0.0,0.0,1212947000.0,1323944000.0,0.426,1323944000.0,1212947000.0,755702000.0,10.13,10.13,10.13,-808248000.0,-943160500.0,-808248000.0,21642036477.0,18.0,16.347,585108000.0,10.48,1.0,1671343000.0,0.538,7314822000.0,457245000.0,11067328000.0,9569669250.0,706069000.0,0.0,0.0,0.0,11378717000.0,727321000.0,10651396000.0,13918758477.0,751345000.0,-1473786000.0,-173743000.0,1807977000.0,-3000000.0,1639993000.0,-1518365000.0,0.0,629687000.0,30000.0,570419000.0,570419000.0,570419000.0,0.0,3000000.0,0.184,439508000.0,1231835000.0,135078000.0,0.0,-17.221,24.401,25.935,283906000.0,0.0,262.72,4.481,4.723,525815000.0,-1334773000.0,3105980000.0,3105980000.0,0.0,0.064,-0.605,0.127,0.391,30499000.0,369781000.0,1.0,52979440.0,55832000.0,55832000.0,55.631,3255647000.0,0.0,185283000.0,513742000.0,58.311,2204813000.0
21,TDG,MRT,2016-03-31,2016-04-02,2016-04-02,2021-08-10,-109848000.0,8359474000.0,8335942250.0,1758000000.0,6601474000.0,0.36,-17.134,-54186000.0,612015000.0,612015000.0,1412400000.0,511909000.0,2.601,-9.691,8335293000.0,243359000.0,8091934000.0,8335293000.0,0.0,108354000.0,0.0,0.0,0.0,1143496000.0,1251850000.0,0.417,1251850000.0,1143496000.0,700267000.0,9.0,9.0,9.0,-961818000.0,-1033354750.0,-961818000.0,19375687966.0,17.0,15.478,570716000.0,10.167,1.0,1587283000.0,0.529,6290966000.0,443229000.0,9115790000.0,9112147500.0,634129000.0,0.0,0.0,0.0,9321292000.0,675996000.0,8645296000.0,11838557966.0,219496000.0,-1045458000.0,-172819000.0,848593000.0,-3000000.0,695432000.0,-1099644000.0,0.0,624902000.0,-1194000.0,508909000.0,508909000.0,508909000.0,0.0,3000000.0,0.17,422394000.0,1164889000.0,125929000.0,0.0,-12.309,23.263,24.602,275849000.0,0.0,221.42,3.947,4.144,480579000.0,-1471705000.0,2999683000.0,2999683000.0,0.0,0.061,-0.492,0.125,0.381,16418000.0,357386000.0,1.0,53466525.0,56134000.0,56134000.0,53.438,2068508000.0,0.0,191358000.0,396495000.0,36.849,1082004000.0
22,TDG,MRT,2015-12-31,2016-01-02,2016-01-02,2021-08-10,-96101000.0,8329978000.0,8052626750.0,1860775000.0,6469203000.0,0.35,-16.975,-56905000.0,805291000.0,805291000.0,1318673000.0,481120000.0,2.835,-9.639,8342421000.0,243262000.0,8099159000.0,8342421000.0,0.0,98082000.0,0.0,0.0,0.0,1087982000.0,1186064000.0,0.42,1186064000.0,1087982000.0,656149000.0,8.44,8.44,8.44,-964270000.0,-1124452250.0,-964270000.0,19978206496.0,18.0,16.844,453743000.0,7.988,1.0,1503239000.0,0.533,6170946000.0,431833000.0,9039720000.0,8917894000.0,599311000.0,0.0,0.0,0.0,9294248000.0,656442000.0,8637806000.0,12264897496.0,-206338000.0,-1624278000.0,-7600000.0,924979000.0,-3000000.0,966768000.0,-1681183000.0,0.0,510648000.0,-2571000.0,478120000.0,478120000.0,478120000.0,0.0,3000000.0,0.169,393864000.0,1109375000.0,113607000.0,0.0,-12.719,25.652,27.068,268028000.0,0.0,228.45,4.346,4.599,427265000.0,-1606443000.0,2821912000.0,2821912000.0,0.0,0.059,-0.425,0.122,0.386,-17284000.0,336348000.0,1.0,53687448.0,56805000.0,56805000.0,49.677,2159032000.0,0.0,178029000.0,410110000.0,38.008,1204333000.0
23,TDG,MRT,2015-09-30,2015-09-30,2015-09-30,2021-08-10,-96009000.0,8303935000.0,7698525250.0,1786587000.0,6517348000.0,0.352,-18.343,-54871000.0,714033000.0,714033000.0,1257270000.0,447212000.0,2.717,-8.998,8349602000.0,243219000.0,8106383000.0,8349602000.0,0.0,93663000.0,0.0,0.0,0.0,1052244000.0,1145907000.0,0.423,1145907000.0,1052244000.0,633459000.0,7.84,7.84,7.84,-1038306000.0,-1249568000.0,-1038306000.0,18904921503.0,18.0,16.498,466067000.0,8.234,1.0,1449845000.0,0.536,6226071000.0,418785000.0,9055839000.0,8661385750.0,591401000.0,0.0,0.0,0.0,9342241000.0,657594000.0,8684647000.0,11371214503.0,-105515000.0,-1624278000.0,61674000.0,935939000.0,-3365000.0,1054947000.0,-1679149000.0,0.0,520938000.0,-2251000.0,443847000.0,443847000.0,443847000.0,0.0,3365000.0,0.164,375843000.0,1074002000.0,142822000.0,0.0,-10.952,25.62,27.093,260684000.0,0.0,212.41,4.2,4.442,444072000.0,-1717232000.0,2707115000.0,2707115000.0,0.0,0.058,-0.355,0.121,0.389,-30465000.0,321624000.0,1.0,53534271.0,56606000.0,56606000.0,47.824,2077864000.0,0.0,189612000.0,404997000.0,36.707,1128993000.0
24,TDG,MRT,2015-06-30,2015-06-27,2015-06-27,2021-08-10,-58592000.0,8350382000.0,7311753500.0,2029486000.0,6320896000.0,0.347,-20.651,-48995000.0,915350000.0,915350000.0,1168691000.0,419794000.0,2.986,-8.143,8449057000.0,244195000.0,8204862000.0,8449057000.0,0.0,89611000.0,0.0,0.0,0.0,991891000.0,1081502000.0,0.426,1081502000.0,991891000.0,589335000.0,7.24,7.24,7.24,-1169025000.0,-1379016250.0,-1169025000.0,19356657898.0,20.0,17.898,516125000.0,9.118,1.0,1370873000.0,0.54,5967159000.0,402556000.0,9237241000.0,8417999500.0,574186000.0,0.0,0.0,0.0,9519407000.0,679689000.0,8839718000.0,12210619898.0,186216000.0,-1293498000.0,-22379000.0,937423000.0,-9463000.0,966491000.0,-1342493000.0,0.0,565120000.0,-2902000.0,410331000.0,410331000.0,410331000.0,0.0,9463000.0,0.162,351228000.0,1019645000.0,129050000.0,0.0,-10.445,29.758,31.653,250923000.0,0.0,229.17,4.808,5.108,419955000.0,-1857075000.0,2539564000.0,2539564000.0,0.0,0.056,-0.298,0.118,0.391,-30890000.0,300039000.0,1.0,53281930.0,56608000.0,56608000.0,44.862,2383223000.0,37623000.0,179004000.0,493601000.0,42.1,1349797000.0
25,TDG,MRT,2015-03-31,2015-03-28,2015-03-28,2021-08-10,-84408000.0,7226212000.0,6901905750.0,1467322000.0,5758890000.0,0.356,-23.43,-39436000.0,392519000.0,392519000.0,1119805000.0,336859000.0,2.392,-6.449,7538557000.0,239295000.0,7299262000.0,7538557000.0,0.0,87511000.0,0.0,0.115,25.0,743941000.0,831452000.0,0.338,831452000.0,743941000.0,360568000.0,3.83,3.83,3.83,-1326208000.0,-1484636750.0,-1326208000.0,17945271526.0,24.0,21.583,464214000.0,8.201,1.0,1338946000.0,0.545,5419958000.0,383373000.0,8338776000.0,8146954500.0,553057000.0,0.0,0.0,0.0,8552420000.0,613516000.0,7938904000.0,11483769526.0,-83172000.0,-724056000.0,-103414000.0,1649983000.0,-1445131000.0,180488000.0,-763492000.0,0.0,503650000.0,-3818000.0,216493000.0,216493000.0,216493000.0,0.0,120366000.0,0.088,343017000.0,995929000.0,120656000.0,6.527,-8.659,53.045,56.885,232335000.0,0.0,217.87,4.671,5.016,419636000.0,-1952185000.0,2458751000.0,2458751000.0,0.0,0.031,-0.146,0.091,0.303,-51447000.0,289336000.0,1.0,52709274.0,56604000.0,56604000.0,43.438,1806254000.0,36645000.0,144075000.0,483403000.0,31.91,853806000.0
26,TDG,MRT,2014-12-31,2014-12-27,2014-12-27,2021-08-10,-46457000.0,6913572000.0,6695187250.0,1876351000.0,5037221000.0,0.363,-25.883,-34187000.0,1011629000.0,1011629000.0,1125571000.0,316320000.0,2.909,-5.72,7473131000.0,239295000.0,7233836000.0,7473131000.0,0.0,94328000.0,0.0,0.125,25.0,700388000.0,794716000.0,0.327,794716000.0,700388000.0,334618000.0,3.36,3.36,3.36,-1464733000.0,-1184492000.0,-1464733000.0,17150638705.0,24.0,21.581,580287000.0,10.254,1.0,1304911000.0,0.537,4716335000.0,365770000.0,8013687000.0,7691106000.0,470847000.0,0.0,0.0,0.0,8378305000.0,645052000.0,7733253000.0,10497055705.0,600705000.0,-47980000.0,-128616000.0,1576796000.0,-1450617000.0,53910000.0,-65787000.0,0.0,614474000.0,-1892000.0,190468000.0,190468000.0,190468000.0,0.0,125852000.0,0.078,347049000.0,957862000.0,92710000.0,7.44,-7.167,55.112,59.554,211822000.0,0.0,200.1,4.319,4.659,333510000.0,-2059181000.0,2430482000.0,2430482000.0,0.0,0.028,-0.161,0.091,0.288,-28416000.0,286798000.0,1.0,52459049.0,56591000.0,56591000.0,42.948,2197237000.0,36808000.0,144150000.0,396731000.0,38.827,1231299000.0
27,TDG,MRT,2014-09-30,2014-09-30,2014-09-30,2021-08-10,-25171000.0,6756848000.0,6539916000.0,1689576000.0,5067272000.0,0.363,-27.303,-34146000.0,819548000.0,819548000.0,1105032000.0,306910000.0,2.884,-5.342,7473131000.0,239295000.0,7233836000.0,7473131000.0,0.0,96385000.0,0.0,0.136,25.0,669572000.0,765957000.0,0.323,765957000.0,669572000.0,321884000.0,3.16,3.16,3.16,-1556099000.0,-876854250.0,-1556099000.0,16477701276.0,25.0,21.513,507076000.0,8.897,1.0,1267874000.0,0.534,4742230000.0,347688000.0,8082294000.0,7314255000.0,459074000.0,0.0,0.0,0.0,8312947000.0,585907000.0,7727040000.0,9716119276.0,254808000.0,-311872000.0,-133114000.0,1576796000.0,-1451391000.0,43973000.0,-329638000.0,0.0,541222000.0,-749000.0,180284000.0,180284000.0,180284000.0,0.0,126626000.0,0.076,340054000.0,927820000.0,115741000.0,7.911,-6.244,53.893,58.332,212108000.0,0.0,184.33,4.095,4.427,351307000.0,-2150293000.0,2372906000.0,2372906000.0,0.0,0.028,-0.206,0.092,0.282,-25377000.0,276446000.0,1.0,52710461.0,56993000.0,56993000.0,41.635,2014618000.0,37669000.0,141600000.0,402247000.0,35.349,1103669000.0
28,TDG,MRT,2014-06-30,2014-06-28,2014-06-28,2021-08-10,-6845000.0,6710991000.0,6387923750.0,1624771000.0,5086220000.0,0.355,-27.838,-37352000.0,729134000.0,729134000.0,1068437000.0,276682000.0,2.945,-5.217,7490716000.0,239295000.0,7251421000.0,7490716000.0,0.0,98221000.0,0.0,0.281,47.0,527718000.0,625939000.0,0.276,625939000.0,527718000.0,195717000.0,1.04,1.04,1.04,-1591507000.0,-571924750.0,-1591507000.0,14105819986.0,27.0,22.535,515347000.0,9.014,1.0,1201965000.0,0.529,4767791000.0,332001000.0,8153061000.0,6908551500.0,461629000.0,0.0,0.0,0.0,8302498000.0,551721000.0,7750777000.0,8858033986.0,459962000.0,-313421000.0,-51065000.0,2958009000.0,-2734237000.0,235526000.0,-328543000.0,5850000.0,552699000.0,280000.0,61017000.0,61017000.0,61017000.0,0.0,215665000.0,0.027,327092000.0,874873000.0,94783000.0,45.192,-5.566,145.173,160.933,209353000.0,0.0,167.37,3.902,4.214,353318000.0,-2260677000.0,2270402000.0,2270402000.0,0.0,0.01,-0.107,0.076,0.232,-41144000.0,260832000.0,1.0,52924861.0,57170000.0,57170000.0,39.713,1943200000.0,25495000.0,134700000.0,405525000.0,33.99,1073050000.0
29,TDG,MRT,2014-03-31,2014-03-29,2014-03-29,2021-08-10,-631000.0,6399338000.0,6163341000.0,1328017000.0,5071321000.0,0.349,-2.201,-36928000.0,475691000.0,475691000.0,1005033000.0,337160000.0,3.768,-51.938,5723477000.0,31045000.0,5692432000.0,5723477000.0,0.0,89462000.0,0.0,0.12,22.0,668879000.0,758341000.0,0.353,758341000.0,668879000.0,362022000.0,3.41,3.41,3.41,-125629000.0,26383500.0,-125629000.0,15022185896.0,22.0,19.809,456476000.0,7.999,1.0,1143423000.0,0.532,4779264000.0,306857000.0,6515382000.0,6147287750.0,458463000.0,0.0,0.0,0.0,6524967000.0,352478000.0,6172489000.0,9701871896.0,-204333000.0,-785906000.0,18037000.0,1346187000.0,-1298569000.0,102432000.0,-800604000.0,5850000.0,493404000.0,435000.0,194422000.0,194422000.0,194422000.0,0.0,142738000.0,0.09,331806000.0,811617000.0,95150000.0,6.452,-77.226,49.901,53.918,208713000.0,0.0,183.86,4.516,4.884,342379000.0,-831889000.0,2148456000.0,2148456000.0,0.0,0.032,7.369,0.109,0.311,10100000.0,272459000.0,1.0,52767714.0,57068000.0,57068000.0,37.647,1620074000.0,28607000.0,167600000.0,403988000.0,28.388,975539000.0
30,TDG,MRT,2013-12-31,2013-12-28,2013-12-28,2021-08-10,195000.0,6292487000.0,5987029500.0,1221093000.0,5071394000.0,0.338,-4.109,-34955000.0,410924000.0,410924000.0,928153000.0,314742000.0,3.606,-27.87,5731238000.0,31045000.0,5700193000.0,5731238000.0,0.0,79902000.0,0.0,0.137,22.0,619702000.0,699604000.0,0.346,699604000.0,619702000.0,331040000.0,3.17,3.17,3.17,-234182000.0,229133000.0,-234182000.0,13599875093.0,22.0,19.439,452842000.0,7.946,1.0,1095151000.0,0.541,4767869000.0,288662000.0,6506283000.0,5759346750.0,443051000.0,0.0,0.0,0.0,6526669000.0,338649000.0,6188020000.0,8433377093.0,-143507000.0,-747283000.0,18886000.0,1370437000.0,-1293083000.0,139311000.0,-770888000.0,11350000.0,487797000.0,273000.0,177490000.0,177490000.0,177490000.0,0.0,137252000.0,0.088,307916000.0,787235000.0,90505000.0,6.94,-36.012,47.515,50.511,219222000.0,0.0,160.12,4.168,4.51,322439000.0,-919460000.0,2023304000.0,2023304000.0,0.0,0.03,0.775,0.108,0.306,2779000.0,256434000.0,1.0,52669105.0,56991000.0,56991000.0,35.502,1524618000.0,28431000.0,153550000.0,417344000.0,26.752,882444000.0
31,TDG,MRT,2013-09-30,2013-09-30,2013-09-30,2021-08-10,-6516000.0,6148879000.0,5801311750.0,1320495000.0,4828384000.0,0.332,-6.107,-35535000.0,564740000.0,564740000.0,874838000.0,302789000.0,4.095,-19.28,5731238000.0,31045000.0,5700193000.0,5731238000.0,0.0,73515000.0,0.0,0.251,34.85,547931000.0,621446000.0,0.323,621446000.0,547931000.0,277246000.0,2.39,2.39,2.39,-336381000.0,437390250.0,-336381000.0,11357184531.0,21.0,18.275,434670000.0,7.892,1.0,1049562000.0,0.545,4533397000.0,270685000.0,6459480000.0,5367793500.0,413581000.0,0.0,0.0,0.0,6485260000.0,322500000.0,6162760000.0,7287356531.0,124216000.0,-483257000.0,21534000.0,2059810000.0,-1991350000.0,156195000.0,-502442000.0,16350000.0,470205000.0,258000.0,131546000.0,131546000.0,131546000.0,0.0,171243000.0,0.068,300107000.0,749455000.0,106768000.0,14.582,-21.664,55.398,58.033,208964000.0,0.0,138.7,3.787,3.97,290449000.0,-1004244000.0,1924400000.0,1924400000.0,0.0,0.023,0.301,0.102,0.285,-17317000.0,254468000.0,1.0,52540422.0,55080000.0,55080000.0,34.938,1615482000.0,30182000.0,145700000.0,384301000.0,29.33,997995000.0
32,TDG,MRT,2013-06-30,2013-06-29,2013-06-29,2021-08-10,-13222000.0,5812660000.0,5628996250.0,1040878000.0,4771782000.0,0.328,14.709,-32670000.0,269172000.0,269172000.0,823606000.0,306628000.0,4.043,6.25,4339000000.0,22000000.0,4317000000.0,4339000000.0,0.0,67416000.0,0.0,0.082,12.85,628713000.0,696129000.0,0.377,696129000.0,628713000.0,384122000.0,4.25,4.25,4.25,801726000.0,826194000.0,801726000.0,11879087924.0,19.0,17.064,390427000.0,7.163,1.0,1023663000.0,0.554,4517032000.0,244591000.0,5108006000.0,4814221250.0,413950000.0,0.0,0.0,0.0,5010934000.0,257450000.0,4753484000.0,8214611924.0,-33546000.0,-498783000.0,17618000.0,695050000.0,-702406000.0,64071000.0,-520953000.0,10500000.0,423097000.0,239000.0,230522000.0,230522000.0,230522000.0,0.0,76106000.0,0.125,288563000.0,735100000.0,75729000.0,3.024,10.246,35.635,36.887,198558000.0,0.0,156.77,4.447,4.626,287895000.0,172636000.0,1847269000.0,1847269000.0,0.0,0.041,0.279,0.131,0.34,-71000.0,247685000.0,1.0,52399132.0,54506000.0,54506000.0,33.891,1295628000.0,26849000.0,153600000.0,388695000.0,23.77,783428000.0
33,TDG,MRT,2013-03-31,2013-03-30,2013-03-30,2021-08-10,-15538000.0,5694092000.0,5502316750.0,1327658000.0,4366434000.0,0.331,12.586,-32453000.0,680024000.0,680024000.0,812314000.0,320419000.0,5.121,7.308,4344500000.0,22000000.0,4322500000.0,4344500000.0,0.0,68971000.0,0.0,0.084,12.85,675829000.0,744800000.0,0.409,744800000.0,675829000.0,438314000.0,5.22,5.22,5.22,685369000.0,902424750.0,685369000.0,11722720379.0,17.0,15.739,413759000.0,7.598,1.0,1007979000.0,0.554,4135689000.0,237515000.0,4963618000.0,4612784250.0,340175000.0,0.0,0.0,0.0,5008723000.0,259261000.0,4749462000.0,7958026379.0,478543000.0,-25901000.0,21313000.0,695215000.0,-702406000.0,80490000.0,-47854000.0,10500000.0,446212000.0,-305000.0,282289000.0,282289000.0,282289000.0,0.0,38130000.0,0.155,263739000.0,744240000.0,73696000.0,2.462,11.611,28.191,29.295,175442000.0,0.0,152.92,4.372,4.575,243072000.0,95981000.0,1820293000.0,1820293000.0,0.0,0.051,0.313,0.147,0.371,-38490000.0,221009000.0,1.0,52040455.0,54453000.0,54453000.0,33.429,1558403000.0,23632000.0,156025000.0,361288000.0,28.619,1068397000.0
34,TDG,MRT,2012-12-31,2012-12-29,2012-12-29,2021-08-10,-6213000.0,5549616000.0,5378759500.0,1155396000.0,4394220000.0,0.331,10.998,-29220000.0,554431000.0,554431000.0,793444000.0,334034000.0,4.944,8.267,4319125000.0,22000000.0,4297125000.0,4319125000.0,0.0,67897000.0,0.0,0.097,12.85,689225000.0,757122000.0,0.426,757122000.0,689225000.0,463504000.0,5.48,5.48,5.48,598847000.0,979813250.0,598847000.0,10056574848.0,15.0,13.283,414686000.0,7.615,1.0,984709000.0,0.554,4140537000.0,225721000.0,4940070000.0,4444215500.0,332468000.0,0.0,0.0,0.0,4950769000.0,233703000.0,4717066000.0,6877973848.0,194531000.0,-767100000.0,17748000.0,1158314000.0,-702406000.0,541849000.0,-791320000.0,5000000.0,443906000.0,96000.0,295904000.0,295904000.0,295904000.0,0.0,38130000.0,0.166,257354000.0,727355000.0,69550000.0,2.345,11.485,23.244,24.279,174546000.0,0.0,133.05,3.868,4.074,218660000.0,28044000.0,1778153000.0,1778153000.0,0.0,0.055,0.302,0.155,0.388,-42559000.0,215020000.0,1.0,51694655.0,54453000.0,54453000.0,32.655,1409079000.0,24790000.0,167600000.0,354764000.0,25.877,921693000.0
35,TDG,MRT,2012-09-30,2012-09-30,2012-09-30,2021-08-10,-8051000.0,5459617000.0,5127689500.0,1050531000.0,4409086000.0,0.332,22.62,-25246000.0,440524000.0,440524000.0,754491000.0,324969000.0,4.491,3.479,3619125000.0,20500000.0,3598625000.0,3619125000.0,0.0,68227000.0,0.0,0.0,0.0,696476000.0,764703000.0,0.45,764703000.0,696476000.0,484570000.0,5.97,5.97,5.97,1218834000.0,1051868500.0,1218834000.0,10621948544.0,15.0,13.89,388639000.0,7.213,1.0,945717000.0,0.556,4159112000.0,211906000.0,4245191000.0,4125575750.0,320503000.0,0.0,0.0,0.0,4240783000.0,233915000.0,4006868000.0,7300416544.0,64341000.0,-851046000.0,14864000.0,465066000.0,-3299000.0,527186000.0,-876292000.0,0.0,413885000.0,-438000.0,321670000.0,321670000.0,321670000.0,0.0,3299000.0,0.189,245942000.0,699775000.0,74178000.0,0.0,5.99,22.695,23.764,172737000.0,0.0,141.87,4.294,4.496,235783000.0,689229000.0,1700208000.0,1700208000.0,0.0,0.063,0.306,0.169,0.41,-28404000.0,201709000.0,1.0,51458494.0,53882000.0,53882000.0,31.554,1300505000.0,29134000.0,162900000.0,356896000.0,24.136,816616000.0
36,TDG,MRT,2012-06-30,2012-06-30,2012-06-30,2021-08-10,-11771000.0,5305942000.0,4891194250.0,914251000.0,4391691000.0,0.323,20.538,-22014000.0,302718000.0,302718000.0,698642000.0,304498000.0,4.992,3.795,3624250000.0,20500000.0,3603750000.0,3624250000.0,0.0,68247000.0,0.0,0.0,0.0,650493000.0,718740000.0,0.455,718740000.0,650493000.0,445036000.0,5.6,5.6,5.6,1106649000.0,949897250.0,1106649000.0,10288093116.0,16.0,14.314,353152000.0,6.554,1.0,881913000.0,0.558,4142058000.0,205457000.0,4302258000.0,3975492000.0,328077000.0,0.0,0.0,0.0,4199293000.0,183158000.0,4016135000.0,6860199117.0,-246533000.0,-1122335000.0,13555000.0,466183000.0,-3299000.0,523749000.0,-1144349000.0,0.0,375166000.0,-1099000.0,301199000.0,301199000.0,301199000.0,-3082000.0,3299000.0,0.191,231166000.0,650747000.0,76114000.0,0.0,6.199,22.776,23.982,170055000.0,0.0,134.3,4.34,4.578,237718000.0,601363000.0,1580555000.0,1580555000.0,0.0,0.062,0.317,0.164,0.412,-27196000.0,185892000.0,1.0,51081155.0,53882000.0,53882000.0,29.334,1163884000.0,36634000.0,143837000.0,347727000.0,21.601,731093000.0
37,TDG,MRT,2012-03-31,2012-03-31,2012-03-31,2021-08-10,-5274000.0,5199863000.0,4660963500.0,815082000.0,4384781000.0,0.31,18.465,-18749000.0,201481000.0,201481000.0,632344000.0,270332000.0,3.876,4.226,3629375000.0,20500000.0,3608875000.0,3629375000.0,0.0,68192000.0,0.0,0.0,0.0,601658000.0,669850000.0,0.464,669850000.0,601658000.0,401734000.0,4.98,4.98,4.98,994923000.0,857065750.0,994923000.0,8638611605.0,14.0,12.896,277448000.0,5.149,1.0,811760000.0,0.562,4128113000.0,199924000.0,4289343000.0,3809652500.0,326605000.0,0.0,0.0,0.0,4204940000.0,210301000.0,3994639000.0,5864011605.0,-303856000.0,-1090312000.0,9459000.0,467613000.0,-3300000.0,508974000.0,-1109061000.0,0.0,296197000.0,34000.0,267033000.0,267033000.0,267033000.0,-994000.0,3299000.0,0.185,207722000.0,604038000.0,73303000.0,0.0,5.894,21.96,23.245,174378000.0,0.0,115.76,4.061,4.319,240458000.0,510917000.0,1444104000.0,1444104000.0,0.0,0.057,0.312,0.158,0.417,-18147000.0,161344000.0,1.0,50656631.0,53882000.0,53882000.0,26.801,1071750000.0,35970000.0,134701000.0,322800000.0,19.891,604781000.0
38,TDG,MRT,2011-12-31,2011-12-31,2011-12-31,2021-08-10,-7618000.0,4545336000.0,4457614750.0,840041000.0,3705295000.0,0.297,16.463,-19742000.0,359900000.0,359900000.0,591348000.0,244597000.0,5.099,4.124,3134500000.0,15500000.0,3119000000.0,3134500000.0,0.0,69626000.0,0.0,0.0,0.0,555143000.0,624769000.0,0.472,624769000.0,555143000.0,353382000.0,4.51,4.51,4.51,887068000.0,775091500.0,887068000.0,7579147924.0,14.0,12.131,246590000.0,4.576,1.0,733594000.0,0.554,3489691000.0,201761000.0,3665511000.0,3635249500.0,274173000.0,0.0,0.0,0.0,3658268000.0,164734000.0,3493534000.0,4816955924.0,125592000.0,-100613000.0,8885000.0,-54065000.0,-3300000.0,-20182000.0,-120355000.0,0.0,266332000.0,-203000.0,241298000.0,241298000.0,241298000.0,-20114000.0,3299000.0,0.182,193542000.0,540052000.0,48213000.0,0.0,5.43,19.963,21.215,149822000.0,0.0,95.68,3.636,3.891,174698000.0,429365000.0,1324942000.0,1324942000.0,0.0,0.054,0.311,0.153,0.419,-13933000.0,145041000.0,1.0,50344439.0,53882000.0,53882000.0,24.59,1055645000.0,25100000.0,112084000.0,337846000.0,19.592,675307000.0
39,TDG,MRT,2011-09-30,2011-09-30,2011-09-30,2021-08-10,-3277000.0,4513636000.0,4374508750.0,870292000.0,3643344000.0,0.276,15.205,-18026000.0,376183000.0,376183000.0,544836000.0,172134000.0,4.207,4.566,3138375000.0,15500000.0,3122875000.0,3138375000.0,0.0,60460000.0,0.0,0.0,0.0,431779000.0,492239000.0,0.408,492239000.0,431779000.0,246523000.0,3.17,3.17,3.17,810949000.0,702390000.0,810949000.0,6688672649.0,15.0,13.588,242360000.0,4.544,1.0,661185000.0,0.548,3424113000.0,185256000.0,3644856000.0,3637069500.0,265317000.0,0.0,0.0,0.0,3702687000.0,206859000.0,3495828000.0,4095673649.0,142071000.0,-1379002000.0,9208000.0,1248713000.0,-2811000.0,1278521000.0,-1397028000.0,0.0,260386000.0,192000.0,169323000.0,169323000.0,169323000.0,-19909000.0,2811000.0,0.14,174050000.0,487135000.0,62110000.0,0.0,5.05,24.189,25.763,150800000.0,0.0,81.67,3.396,3.612,189293000.0,364260000.0,1206021000.0,1206021000.0,0.0,0.039,0.241,0.119,0.358,-10837000.0,133711000.0,1.0,50149059.0,53333000.0,53333000.0,22.613,1089523000.0,30844000.0,77200000.0,310451000.0,20.429,663433000.0
40,TDG,MRT,2011-06-30,2011-07-02,2011-07-02,2021-08-10,2522000.0,4385019000.0,3915554250.0,996868000.0,3388151000.0,0.277,13.787,-15237000.0,549251000.0,549251000.0,485645000.0,155374000.0,6.441,4.963,3142250000.0,15500000.0,3126750000.0,3142250000.0,0.0,50490000.0,0.0,0.0,0.0,389624000.0,440114000.0,0.405,440114000.0,389624000.0,225986000.0,2.87,2.87,2.87,735323000.0,647897500.0,735323000.0,7303994961.0,19.0,16.596,169847000.0,3.185,1.0,600540000.0,0.553,3184356000.0,163638000.0,3638900000.0,3258426000.0,250714000.0,0.0,0.0,0.0,3649696000.0,154762000.0,3494934000.0,4663206961.0,290862000.0,-1161281000.0,10813000.0,1252721000.0,-2811000.0,1278743000.0,-1173633000.0,0.0,185084000.0,668000.0,152563000.0,152563000.0,152563000.0,-16827000.0,2811000.0,0.14,152515000.0,448025000.0,53041000.0,0.0,6.342,30.566,32.509,134604000.0,0.0,93.3,4.293,4.581,164582000.0,296865000.0,1086185000.0,1086185000.0,0.0,0.039,0.235,0.12,0.359,-9500000.0,120754000.0,1.0,49980782.0,53333000.0,53333000.0,20.366,1200663000.0,26342000.0,73423000.0,332566000.0,22.513,842106000.0
41,TDG,MRT,2011-03-31,2011-04-02,2011-04-02,2021-08-10,-994000.0,4386468000.0,3473288500.0,964044000.0,3422424000.0,0.281,12.507,-14343000.0,505337000.0,505337000.0,435334000.0,143099000.0,4.427,5.576,3146125000.0,15500000.0,3130625000.0,3146125000.0,0.0,40513000.0,0.0,0.0,0.0,347872000.0,388385000.0,0.398,388385000.0,347872000.0,205872000.0,2.64,2.64,2.64,667026000.0,598028250.0,667026000.0,7126573390.0,20.0,18.349,228281000.0,4.28,1.0,539824000.0,0.554,3217774000.0,142000000.0,3591731000.0,2874347500.0,245763000.0,0.0,0.0,0.0,3719442000.0,217751000.0,3501691000.0,4179476390.0,317988000.0,-1192845000.0,10648000.0,1256601000.0,-2810000.0,1279667000.0,-1204303000.0,0.0,242624000.0,0.0,140288000.0,140288000.0,140288000.0,-18915000.0,2811000.0,0.144,135677000.0,404147000.0,55732000.0,0.0,6.266,29.792,31.886,135885000.0,0.0,84.18,4.286,4.604,162389000.0,240585000.0,975158000.0,975158000.0,0.0,0.04,0.235,0.121,0.357,-7754000.0,112549000.0,1.0,49649280.0,53333000.0,53333000.0,18.284,1168694000.0,44754000.0,65584000.0,363005000.0,21.913,746293000.0
42,TDG,MRT,2010-12-31,2011-01-01,2011-01-01,2021-08-10,-2171000.0,4212912000.0,3012989500.0,677705000.0,3535207000.0,0.291,11.181,-12381000.0,234308000.0,234308000.0,379775000.0,125327000.0,4.02,6.066,3181405000.0,46905000.0,3134500000.0,3181405000.0,0.0,31165000.0,0.0,0.0,0.0,305219000.0,336384000.0,0.384,336384000.0,305219000.0,188942000.0,2.32,2.32,2.32,596262000.0,552825750.0,596262000.0,5098313644.0,17.0,15.156,187474000.0,3.515,1.0,497153000.0,0.567,3318634000.0,116277000.0,3672791000.0,2506792750.0,252521000.0,0.0,0.0,0.0,3616650000.0,168584000.0,3448066000.0,3560779644.0,72352000.0,-1433008000.0,8772000.0,1298648000.0,-2810000.0,1315001000.0,-1442504000.0,0.0,199855000.0,0.0,122516000.0,122516000.0,122516000.0,205000.0,2811000.0,0.14,118188000.0,378965000.0,51303000.0,0.0,5.972,29.064,31.039,150008000.0,0.0,72.01,4.061,4.379,158427000.0,184779000.0,876928000.0,876928000.0,0.0,0.041,0.222,0.122,0.348,-3458000.0,102972000.0,1.0,49448405.0,53328000.0,53328000.0,16.444,894278000.0,12927000.0,66426000.0,255873000.0,16.769,509121000.0
43,TDG,MRT,2010-09-30,2010-09-30,2010-09-30,2021-08-10,-3800000.0,2677818000.0,2585985000.0,583508000.0,2094310000.0,0.32,11.205,-12887000.0,234112000.0,234112000.0,354588000.0,163445000.0,5.163,3.516,1771646000.0,0.0,1771646000.0,1771646000.0,0.0,30165000.0,0.0,0.123,7.65,332756000.0,362921000.0,0.438,362921000.0,332756000.0,220522000.0,2.52,2.52,2.52,592979000.0,514013250.0,592979000.0,4574264783.0,14.0,12.604,184417000.0,3.485,1.0,473066000.0,0.572,1972058000.0,112234000.0,2130282000.0,2114539000.0,188756000.0,0.0,0.0,0.0,2084839000.0,113012000.0,1971827000.0,3061533783.0,43945000.0,-166557000.0,6361000.0,404248000.0,-404868000.0,23200000.0,-176559000.0,0.0,197304000.0,0.0,133132000.0,133132000.0,133132000.0,0.0,30313000.0,0.161,109997000.0,363069000.0,44226000.0,3.036,5.163,22.996,24.623,99613000.0,0.0,62.05,3.699,3.968,134461000.0,192126000.0,827654000.0,827654000.0,0.0,0.051,0.259,0.157,0.402,-10755000.0,94918000.0,1.0,49339787.0,52923000.0,52923000.0,15.639,705760000.0,15200000.0,87390000.0,168588000.0,13.336,470496000.0
44,TDG,MRT,2010-06-30,2010-07-03,2010-07-03,2021-08-10,-3402000.0,2615956000.0,2530140500.0,581360000.0,2034596000.0,0.317,10.125,-13867000.0,258389000.0,258389000.0,352800000.0,154419000.0,5.102,3.882,1771120000.0,0.0,1771120000.0,1771120000.0,0.0,29713000.0,0.0,0.152,7.65,312017000.0,341730000.0,0.426,341730000.0,312017000.0,207316000.0,2.35,2.35,2.35,535846000.0,570559000.0,535846000.0,4057716855.0,13.0,11.874,209491000.0,3.958,1.0,449091000.0,0.56,1912146000.0,104701000.0,2102586000.0,2003481250.0,174080000.0,0.0,0.0,0.0,2080110000.0,113955000.0,1966155000.0,2474471855.0,54741000.0,-184584000.0,8416000.0,404248000.0,-404868000.0,29834000.0,-198451000.0,0.0,223358000.0,0.0,124106000.0,124106000.0,124106000.0,0.0,30313000.0,0.155,106761000.0,342330000.0,29573000.0,3.255,4.618,19.938,21.383,98448000.0,0.0,50.25,3.086,3.316,120447000.0,140779000.0,801891000.0,801891000.0,0.0,0.049,0.218,0.156,0.389,-15402000.0,91485000.0,1.0,49243221.0,52923000.0,52923000.0,15.152,703810000.0,15600000.0,83210000.0,160462000.0,13.299,467405000.0
45,TDG,MRT,2010-03-31,2010-04-03,2010-04-03,2021-08-10,-4513000.0,2545272000.0,2469424500.0,505887000.0,2039385000.0,0.315,9.187,-14268000.0,187349000.0,187349000.0,343075000.0,151802000.0,5.502,4.235,1770594000.0,0.0,1770594000.0,1770594000.0,0.0,28869000.0,0.0,0.145,7.65,301937000.0,330806000.0,0.425,330806000.0,301937000.0,204232000.0,2.31,2.31,2.31,486216000.0,627967750.0,486216000.0,4195870009.0,14.0,12.684,187160000.0,3.537,1.0,434509000.0,0.559,1915058000.0,97705000.0,2121512000.0,1898175500.0,174230000.0,0.0,0.0,0.0,2059056000.0,91947000.0,1967109000.0,2587758009.0,32739000.0,-184660000.0,8459000.0,404460000.0,-404868000.0,30239000.0,-198928000.0,0.0,201428000.0,0.0,121489000.0,121489000.0,121489000.0,0.0,30313000.0,0.156,102259000.0,332250000.0,28297000.0,3.312,5.322,21.3,22.848,99305000.0,0.0,52.78,3.328,3.592,112348000.0,96773000.0,777584000.0,777584000.0,0.0,0.049,0.193,0.159,0.388,-15600000.0,87490000.0,1.0,49029140.0,52922000.0,52922000.0,14.693,630214000.0,14200000.0,82743000.0,160785000.0,11.908,413940000.0
46,TDG,MRT,2009-12-31,2010-01-02,2010-01-02,2021-08-10,-5167000.0,2504894000.0,2414344750.0,468293000.0,2036601000.0,0.317,8.342,-14915000.0,161956000.0,161956000.0,336437000.0,154061000.0,4.62,4.68,1770068000.0,0.0,1770068000.0,1770068000.0,0.0,28424000.0,0.0,0.161,7.65,298652000.0,327076000.0,0.428,327076000.0,298652000.0,207721000.0,2.36,2.36,2.36,441012000.0,685868250.0,441012000.0,3492539179.0,12.0,10.678,175574000.0,3.321,1.0,428117000.0,0.56,1907860000.0,90931000.0,2103776000.0,1787828750.0,175718000.0,0.0,0.0,0.0,2063882000.0,101370000.0,1962512000.0,2325945179.0,12647000.0,-184564000.0,2207000.0,404503000.0,-404868000.0,21637000.0,-199479000.0,0.0,190489000.0,0.0,123748000.0,123748000.0,123748000.0,0.0,30313000.0,0.162,99152000.0,328965000.0,27524000.0,3.242,5.274,18.796,20.123,100850000.0,0.0,47.49,3.042,3.284,103406000.0,58727000.0,764554000.0,764554000.0,0.0,0.051,0.18,0.167,0.391,-13162000.0,84308000.0,1.0,48977578.0,52869000.0,52869000.0,14.461,597034000.0,17500000.0,83973000.0,163974000.0,11.293,366923000.0
47,TDG,MRT,2009-09-30,2009-09-30,2009-09-30,2021-08-10,-5509000.0,2454440000.0,2368074000.0,494754000.0,1959686000.0,0.322,15.592,-13155000.0,190167000.0,190167000.0,332206000.0,162902000.0,4.96,1.996,1356761000.0,0.0,1356761000.0,1356761000.0,0.0,27521000.0,0.0,0.0,0.0,335400000.0,362921000.0,0.477,362921000.0,335400000.0,251002000.0,3.1,3.1,3.1,819162000.0,744570500.0,819162000.0,3567909866.0,11.0,9.831,183957000.0,3.501,1.0,429346000.0,0.564,1835231000.0,84398000.0,1686051000.0,1671336000.0,167766000.0,0.0,0.0,0.0,1635278000.0,99752000.0,1535526000.0,2414679866.0,31105000.0,-155233000.0,-6897000.0,0.0,0.0,2381000.0,-168388000.0,0.0,197112000.0,0.0,162902000.0,162902000.0,162902000.0,0.0,0.0,0.214,93946000.0,335400000.0,44680000.0,0.0,2.948,14.823,16.068,96751000.0,0.0,49.81,3.171,3.436,106446000.0,450647000.0,761552000.0,761552000.0,0.0,0.069,0.219,0.201,0.44,-3465000.0,80018000.0,1.0,48477813.0,52539000.0,52539000.0,14.495,619209000.0,18700000.0,88100000.0,162745000.0,11.786,395002000.0
48,TDG,MRT,2009-06-30,2009-06-27,2009-06-27,2021-08-10,-4830000.0,2373092000.0,2318419250.0,491203000.0,1881889000.0,0.325,14.613,-12792000.0,203648000.0,203648000.0,329048000.0,159280000.0,5.945,2.1,1356878000.0,0.0,1356878000.0,1356878000.0,0.0,26947000.0,0.0,0.0,0.0,334035000.0,360982000.0,0.479,360982000.0,334035000.0,246881000.0,3.04,3.04,3.04,765481000.0,703255000.0,765481000.0,2911983754.0,9.0,8.067,155940000.0,2.977,1.0,424388000.0,0.563,1762329000.0,87154000.0,1681363000.0,1663453000.0,157833000.0,0.0,0.0,0.0,1607611000.0,82630000.0,1524981000.0,1709597754.0,14455000.0,-136001000.0,-10520000.0,0.0,0.0,-5484000.0,-148793000.0,0.0,168732000.0,0.0,159280000.0,159280000.0,159280000.0,0.0,0.0,0.211,90353000.0,334035000.0,19537000.0,0.0,2.233,10.733,11.641,99491000.0,0.0,35.39,2.269,2.461,104529000.0,409036000.0,753436000.0,753436000.0,0.0,0.069,0.226,0.201,0.443,125000.0,77038000.0,1.0,48307368.0,52384000.0,52384000.0,14.383,610763000.0,14784000.0,87601000.0,155482000.0,11.659,408573000.0
49,TDG,MRT,2009-03-31,2009-03-28,2009-03-28,2021-08-10,-6446000.0,2324953000.0,2280670250.0,439902000.0,1885051000.0,0.329,13.702,-12518000.0,154610000.0,154610000.0,332594000.0,153891000.0,5.403,2.239,1356996000.0,0.0,1356996000.0,1356996000.0,0.0,26361000.0,0.0,0.0,0.0,327256000.0,353617000.0,0.472,353617000.0,327256000.0,239479000.0,2.94,2.94,2.94,717818000.0,665426250.0,717818000.0,2797729965.0,9.0,7.912,178459000.0,3.406,1.0,417019000.0,0.556,1765793000.0,87777000.0,1680125000.0,1655595500.0,157517000.0,0.0,0.0,0.0,1607135000.0,81421000.0,1525714000.0,1589925965.0,-39377000.0,-220647000.0,-7522000.0,0.0,0.0,2811000.0,-233165000.0,0.0,190977000.0,0.0,153891000.0,153891000.0,153891000.0,0.0,0.0,0.205,89763000.0,327256000.0,28228000.0,0.0,2.215,10.332,11.221,98227000.0,0.0,32.99,2.121,2.306,99931000.0,367648000.0,749613000.0,749613000.0,0.0,0.067,0.231,0.198,0.437,-6008000.0,77006000.0,1.0,48194179.0,52389000.0,52389000.0,14.309,559160000.0,19677000.0,85588000.0,155482000.0,10.673,358481000.0
50,TDG,MRT,2008-12-31,2008-12-27,2008-12-27,2021-08-10,-7487000.0,2319811000.0,2233474000.0,429996000.0,1889815000.0,0.328,13.905,-10216000.0,149309000.0,149309000.0,329724000.0,145757000.0,3.603,2.433,1357113000.0,0.0,1357113000.0,1357113000.0,0.0,25474000.0,0.0,0.0,0.0,315258000.0,340732000.0,0.466,340732000.0,315258000.0,225106000.0,2.79,2.79,2.79,675821000.0,624852750.0,675821000.0,2682918478.0,9.0,7.874,185411000.0,3.815,1.0,402127000.0,0.549,1770453000.0,90152000.0,1637805000.0,1650123750.0,154536000.0,0.0,0.0,0.0,1643990000.0,119357000.0,1524633000.0,1484750478.0,-21006000.0,-220579000.0,-291000.0,0.0,0.0,14162000.0,-230795000.0,0.0,195627000.0,0.0,145757000.0,145757000.0,145757000.0,0.0,0.0,0.199,86869000.0,315258000.0,26067000.0,0.0,2.197,10.186,10.935,97406000.0,0.0,30.51,2.029,2.026,103128000.0,327344000.0,731851000.0,731851000.0,0.0,0.065,0.233,0.191,0.431,-10827000.0,74954000.0,1.0,48664388.0,48603000.0,50537000.0,15.058,549358000.0,19478000.0,79349000.0,154031000.0,11.303,310639000.0
51,TDG,MRT,2008-09-30,2008-09-30,2008-09-30,2021-08-10,445000.0,2255821000.0,2180509250.0,423434000.0,1832387000.0,0.327,12.551,-10884000.0,159062000.0,159062000.0,327780000.0,133126000.0,4.784,2.45,1357230000.0,0.0,1357230000.0,1357230000.0,0.0,25254000.0,0.0,0.0,0.0,299279000.0,324533000.0,0.455,324533000.0,299279000.0,206602000.0,2.56,2.56,2.56,653900000.0,585743000.0,653900000.0,2824970419.0,9.0,8.705,178751000.0,3.431,1.0,385931000.0,0.541,1710968000.0,92677000.0,1654519000.0,1649626000.0,144114000.0,0.0,0.0,0.0,1601921000.0,88502000.0,1513419000.0,1656815419.0,53116000.0,-154160000.0,9769000.0,0.0,0.0,28525000.0,-165044000.0,0.0,189635000.0,0.0,133126000.0,133126000.0,133126000.0,0.0,0.0,0.187,86652000.0,299279000.0,25140000.0,0.0,2.534,12.445,13.371,96241000.0,0.0,34.23,2.321,2.499,96196000.0,287745000.0,713711000.0,713711000.0,0.0,0.061,0.227,0.181,0.419,-14721000.0,74650000.0,1.0,48402437.0,52098000.0,52098000.0,13.699,544853000.0,19902000.0,73476000.0,151672000.0,10.458,334932000.0
52,TDG,MRT,2008-06-30,2008-06-28,2008-06-28,2021-08-10,2947000.0,2222096000.0,2131817250.0,454217000.0,1767879000.0,0.325,12.773,-10364000.0,189193000.0,189193000.0,321944000.0,119812000.0,5.013,2.618,1357348000.0,0.0,1357348000.0,1357348000.0,0.0,25561000.0,0.0,0.0,0.0,283647000.0,309208000.0,0.447,309208000.0,283647000.0,187829000.0,2.16,2.25,2.16,614166000.0,544155750.0,614166000.0,2832197170.0,10.0,9.16,161873000.0,3.366,1.0,370567000.0,0.535,1649703000.0,95818000.0,1649933000.0,1651739750.0,142993000.0,0.0,0.0,0.0,1607930000.0,90615000.0,1517315000.0,1668719170.0,68998000.0,-120220000.0,8986000.0,-337000.0,0.0,27345000.0,-130584000.0,0.0,172237000.0,0.0,119812000.0,119812000.0,119812000.0,0.0,0.0,0.173,86920000.0,283647000.0,26136000.0,0.0,2.717,13.928,16.134,93568000.0,0.0,34.85,2.41,2.42,100947000.0,249756000.0,692511000.0,692511000.0,0.0,0.056,0.22,0.172,0.41,-14574000.0,74392000.0,1.0,47882903.0,48084000.0,50273000.0,14.402,572393000.0,17051000.0,68017000.0,156234000.0,11.904,363602000.0
53,TDG,MRT,2008-03-31,2008-03-29,2008-03-29,2021-08-10,-7578000.0,2136168000.0,2084158500.0,449705000.0,1686463000.0,0.319,11.669,-10236000.0,193987000.0,193987000.0,311734000.0,105934000.0,7.069,2.845,1357465000.0,0.0,1357465000.0,1357465000.0,0.0,26018000.0,0.0,0.0,0.0,266535000.0,292553000.0,0.441,292553000.0,266535000.0,166642000.0,1.95,2.01,1.95,555524000.0,505833000.0,555524000.0,2960479552.0,11.0,10.119,124973000.0,2.625,1.0,352338000.0,0.531,1577788000.0,99893000.0,1658238000.0,1648843500.0,128524000.0,0.0,0.0,0.0,1580644000.0,63620000.0,1517024000.0,1772997552.0,129192000.0,-35702000.0,9599000.0,-630000.0,0.0,39921000.0,-45938000.0,0.0,135209000.0,0.0,105934000.0,105934000.0,105934000.0,0.0,0.0,0.16,85803000.0,266535000.0,24860000.0,0.0,3.192,16.737,19.138,84857000.0,0.0,37.32,2.67,2.675,101415000.0,213757000.0,664072000.0,664072000.0,0.0,0.051,0.209,0.162,0.401,-26705000.0,72415000.0,1.0,47507973.0,47605000.0,50037000.0,13.95,558380000.0,21995000.0,60708000.0,140890000.0,11.729,386085000.0
54,TDG,MRT,2007-12-31,2007-12-29,2007-12-29,2021-08-10,-2956000.0,2107952000.0,2042142500.0,417559000.0,1690393000.0,0.31,10.998,-10163000.0,170315000.0,170315000.0,299735000.0,95278000.0,5.202,3.059,1357797000.0,0.0,1357797000.0,1357797000.0,0.0,26252000.0,0.0,0.0,0.0,250876000.0,277128000.0,0.438,277128000.0,250876000.0,152395000.0,1.81,1.84,1.81,519382000.0,470000250.0,519382000.0,3386951013.0,14.0,12.222,124048000.0,2.627,1.0,333490000.0,0.527,1579346000.0,98481000.0,1635814000.0,1644798250.0,128129000.0,0.0,0.0,0.0,1588570000.0,80274000.0,1508296000.0,2135043013.0,115759000.0,-466157000.0,8671000.0,421881000.0,0.0,457868000.0,-476320000.0,0.0,134211000.0,0.0,95278000.0,95278000.0,95278000.0,0.0,0.0,0.15,82614000.0,250876000.0,22681000.0,0.0,4.111,22.409,25.0,86293000.0,0.0,45.25,3.372,3.375,92279000.0,181587000.0,633225000.0,633225000.0,0.0,0.047,0.203,0.153,0.396,-23418000.0,68641000.0,1.0,47183271.0,47223000.0,49862000.0,13.409,528606000.0,23136000.0,57117000.0,147745000.0,11.194,337285000.0
55,TDG,MRT,2007-09-30,2007-09-30,2007-09-30,2021-08-10,-1753000.0,2061053000.0,1877333000.0,365599000.0,1695454000.0,0.316,10.685,-10258000.0,105946000.0,105946000.0,283766000.0,88645000.0,5.439,3.227,1357854000.0,0.0,1357854000.0,1357854000.0,0.0,23952000.0,0.0,0.0,0.0,233838000.0,257790000.0,0.435,257790000.0,233838000.0,142071000.0,1.75,1.75,1.75,487551000.0,436990000.0,487551000.0,3382424035.0,14.0,13.121,102178000.0,2.239,1.0,309032000.0,0.521,1582768000.0,91767000.0,1662974000.0,1517556500.0,126763000.0,0.0,0.0,0.0,1573502000.0,67219000.0,1506283000.0,2144708035.0,44729000.0,-511407000.0,8450000.0,421881000.0,0.0,453958000.0,-521665000.0,0.0,112436000.0,0.0,88645000.0,88645000.0,88645000.0,0.0,0.0,0.15,75194000.0,233838000.0,24753000.0,0.0,4.399,24.194,26.12,87074000.0,0.0,45.71,3.618,3.518,100094000.0,156312000.0,592798000.0,592798000.0,0.0,0.047,0.203,0.154,0.394,-20140000.0,62890000.0,1.0,46919887.0,45630000.0,48542000.0,12.991,478285000.0,28395000.0,53426000.0,140251000.0,10.482,298380000.0
56,TDG,MRT,2007-06-30,2007-06-30,2007-06-30,2021-08-10,-113000.0,2031461000.0,1716247750.0,360870000.0,1670591000.0,0.315,10.063,-9928000.0,120195000.0,120195000.0,261231000.0,79192000.0,4.871,3.408,1357911000.0,0.0,1357911000.0,1357911000.0,0.0,21189000.0,0.0,0.0,0.0,213830000.0,235019000.0,0.435,235019000.0,213830000.0,129464000.0,1.76,1.65,1.76,460875000.0,405862500.0,460875000.0,3117858593.0,15.0,13.266,123041000.0,2.686,1.0,279421000.0,0.517,1556743000.0,84366000.0,1638348000.0,1385130000.0,121216000.0,0.0,0.0,0.0,1570586000.0,74086000.0,1496500000.0,1824685593.0,98104000.0,-475725000.0,8069000.0,420757000.0,0.0,450788000.0,-485653000.0,0.0,132969000.0,0.0,79192000.0,79192000.0,79192000.0,0.0,0.0,0.146,65430000.0,213991000.0,24213000.0,0.0,3.959,23.041,22.989,87633000.0,0.0,40.46,3.375,3.427,88581000.0,131637000.0,540652000.0,540652000.0,0.0,0.046,0.195,0.154,0.396,-18552000.0,55297000.0,1.0,45098507.0,45800000.0,48832000.0,11.805,474718000.0,27092000.0,50272000.0,132349000.0,10.365,286784000.0
57,TDG,MRT,2007-03-31,2007-03-31,2007-03-31,2021-08-10,-1567000.0,1968104000.0,1557263500.0,297822000.0,1670282000.0,0.317,9.166,-8724000.0,64795000.0,64795000.0,239620000.0,43708000.0,4.931,3.775,1357968000.0,0.0,1357968000.0,1357968000.0,0.0,18387000.0,0.0,0.0,0.0,148217000.0,166604000.0,0.337,166604000.0,148217000.0,70270000.0,0.98,0.9,0.98,412193000.0,377332500.0,412193000.0,2505187340.0,17.0,15.037,110806000.0,2.464,1.0,254275000.0,0.515,1558820000.0,77947000.0,1642057000.0,1264988000.0,119124000.0,0.0,0.0,0.0,1555911000.0,60400000.0,1495511000.0,1634743340.0,32418000.0,-502678000.0,3371000.0,418060000.0,0.0,424290000.0,-511402000.0,0.0,119530000.0,0.0,43708000.0,43708000.0,43708000.0,0.0,0.0,0.088,57441000.0,196834000.0,24556000.0,0.0,3.966,37.401,37.122,86609000.0,0.0,36.38,3.31,3.313,89686000.0,109516000.0,493895000.0,493895000.0,0.0,0.028,0.116,0.117,0.3,-131000.0,49500000.0,1.0,44935221.0,44972000.0,48000000.0,10.982,409284000.0,17728000.0,26562000.0,130185000.0,9.101,237422000.0
58,TDG,MRT,2006-12-31,2006-12-30,2006-12-30,2021-08-10,-1305000.0,1448714000.0,1407760750.0,227216000.0,1221498000.0,0.325,8.651,-9079000.0,54556000.0,54556000.0,222052000.0,36468000.0,4.605,2.74,925000000.0,0.0,925000000.0,925000000.0,0.0,16067000.0,0.0,0.0,0.0,133701000.0,149768000.0,0.327,149768000.0,133701000.0,58975000.0,0.82,0.75,0.82,387341000.0,364307000.0,387341000.0,2049842441.0,15.0,13.687,98452000.0,2.199,1.0,235681000.0,0.515,1142973000.0,74726000.0,1126847000.0,1127999750.0,94075000.0,0.0,0.0,0.0,1061373000.0,49338000.0,1012035000.0,1186059441.0,25000000.0,-72223000.0,2733000.0,-5290000.0,0.0,-1229000.0,-81302000.0,0.0,107531000.0,0.0,36468000.0,36468000.0,36468000.0,0.0,0.0,0.08,53363000.0,182318000.0,19329000.0,0.0,3.062,32.523,32.329,63377000.0,0.0,26.51,2.591,2.593,66818000.0,88002000.0,457733000.0,457733000.0,0.0,0.026,0.1,0.119,0.292,1644000.0,47340000.0,1.0,44740077.0,44773000.0,47802000.0,10.223,305741000.0,8694000.0,22507000.0,80492000.0,6.829,177878000.0
59,TDG,MRT,2006-09-30,2006-09-30,2006-09-30,2021-08-10,-1829000.0,1416712000.0,1422230000.0,234181000.0,1182531000.0,0.306,8.174,-8350000.0,61217000.0,61217000.0,213874000.0,25117000.0,5.391,2.902,925000000.0,0.0,925000000.0,925000000.0,0.0,16111000.0,0.0,0.0,0.0,118167000.0,134278000.0,0.309,134278000.0,118167000.0,41435000.0,0.57,0.53,0.57,363041000.0,348074000.0,363041000.0,1992371647.0,17.0,14.838,-5292000.0,-0.119,1.0,221290000.0,0.509,1103788000.0,76732000.0,1133268000.0,1060609500.0,89243000.0,0.0,0.0,0.0,1053671000.0,43439000.0,1010232000.0,1089462647.0,-43004000.0,-26973000.0,1429000.0,-12168000.0,0.0,-10739000.0,-35323000.0,0.0,3058000.0,0.0,25117000.0,25117000.0,25117000.0,0.0,0.0,0.058,54506000.0,166784000.0,18764000.0,0.0,3.001,43.376,42.842,62851000.0,0.0,24.42,2.504,2.492,65568000.0,67667000.0,435164000.0,435164000.0,0.0,0.018,0.072,0.111,0.272,2403000.0,48309000.0,1.0,44613540.0,44415000.0,47181000.0,9.798,312924000.0,16756000.0,16318000.0,78109000.0,7.045,190742000.0
60,TDG,MRT,2006-06-30,2006-07-01,2006-07-01,2021-08-10,-947000.0,1395524000.0,,213086000.0,1182438000.0,,7.779,-8007000.0,22091000.0,22091000.0,209562000.0,19922000.0,5.726,3.025,925000000.0,0.0,925000000.0,925000000.0,0.0,16415000.0,0.0,0.0,0.0,111465000.0,127880000.0,0.301,127880000.0,111465000.0,31741000.0,0.44,0.41,0.44,346755000.0,,346755000.0,1920572446.0,17.0,15.019,-28075000.0,-0.63,1.0,214674000.0,0.506,1103442000.0,79724000.0,1157780000.0,,87920000.0,0.0,0.0,0.0,1048769000.0,37211000.0,1011558000.0,1067515446.0,-18105000.0,-27246000.0,1093000.0,-11443000.0,0.0,-10350000.0,12313000.0,47566000.0,-20068000.0,0.0,19922000.0,19922000.0,19922000.0,0.0,0.0,0.047,54753000.0,159921000.0,18972000.0,0.0,3.079,53.585,54.432,63833000.0,0.0,23.95,2.516,2.517,64084000.0,52445000.0,424236000.0,424236000.0,0.0,,,,0.263,1988000.0,48161000.0,1.0,44572670.0,44578000.0,44578000.0,9.517,292082000.0,36394000.0,11819000.0,81623000.0,6.552,175875000.0
61,TDG,MRT,2006-03-31,2006-04-01,2006-04-01,2021-08-10,-339000.0,1370093000.0,,200586000.0,1169507000.0,,8.137,-8384000.0,32377000.0,32377000.0,205548000.0,42814000.0,4.302,2.805,885434000.0,0.0,885434000.0,885434000.0,0.0,17020000.0,0.0,0.0,0.0,151441000.0,168461000.0,0.41,168461000.0,151441000.0,71015000.0,0.96,0.92,0.96,360091000.0,,360091000.0,1920873921.0,13.0,11.402,-22103000.0,-0.499,1.0,205459000.0,0.5,1082423000.0,80426000.0,1094104000.0,,81772000.0,0.0,0.0,0.0,1010002000.0,46623000.0,963379000.0,1138191921.0,11663000.0,-8536000.0,776000.0,-9188000.0,0.0,-8412000.0,33794000.0,50714000.0,-13719000.0,0.0,42814000.0,42814000.0,42814000.0,0.0,0.0,0.104,54018000.0,151441000.0,17182000.0,0.0,3.161,26.585,26.823,62569000.0,0.0,25.75,2.769,2.773,65329000.0,65808000.0,411007000.0,411007000.0,0.0,,,,0.368,415000.0,46716000.0,1.0,44201628.0,44255000.0,47121000.0,9.287,287670000.0,18127000.0,28201000.0,74153000.0,6.5,153963000.0
62,TDG,MRT,2005-12-31,2005-12-31,2005-12-31,2021-08-10,,,,,,,,,,,200083000.0,37304000.0,,,,,,,,,,,0.0,142539000.0,,,,142539000.0,61732000.0,0.84,0.81,0.84,,,,,,,,,1.0,194040000.0,0.492,,80807000.0,,,,,,,,,,,,,,,,,,,,,37304000.0,37304000.0,37304000.0,0.0,0.0,0.095,51501000.0,142539000.0,,0.0,,,,,0.0,,,,,,394123000.0,394123000.0,0.0,,,,0.362,,43779000.0,1.0,44201628.0,44202000.0,,8.916,,,24428000.0,,,
63,TDG,MRT,2005-09-30,2005-09-30,2005-09-30,2021-08-10,-336000.0,1427748000.0,1386830000.0,258346000.0,1169402000.0,0.27,7.536,-7960000.0,104221000.0,104221000.0,189983000.0,34687000.0,1.848,3.286,889846000.0,2943000.0,886903000.0,889846000.0,0.0,16956000.0,0.0,,0.0,137580000.0,154536000.0,0.413,154536000.0,137580000.0,57314000.0,0.78,0.75,0.78,333107000.0,315259500.0,333107000.0,,,,72735000.0,1.646,1.0,184270000.0,0.492,1085635000.0,80266000.0,987951000.0,1046679000.0,76077000.0,0.0,0.0,0.0,1094641000.0,139787000.0,954854000.0,,55723000.0,-63171000.0,0.0,-2942000.0,0.0,-4442000.0,-20530000.0,50601000.0,80695000.0,0.0,34687000.0,34687000.0,34687000.0,0.0,0.0,0.093,46690000.0,137580000.0,16419000.0,0.0,,,,63624000.0,0.0,,,,63554000.0,42550000.0,374253000.0,374253000.0,0.0,0.025,0.11,0.131,0.368,1062000.0,38943000.0,1.0,44201628.0,44202000.0,46544000.0,8.467,342113000.0,12746000.0,22627000.0,64950000.0,7.74,118559000.0
64,TDG,MRT,2005-06-30,2005-07-02,2005-07-02,2021-08-10,,,,,,,,,,,,,,,,,,,,,,,0.0,,,,,,,,,,,,,,,,,,1.0,,,,,,,,,,,,,,,,,,,,,,,,,,,,,,,,,,,,,,,,,,,,,,,,,,,,,,1.0,,44202000.0,,,,,,,,
65,TDG,MRT,2005-03-31,2005-04-02,2005-04-02,2021-08-10,,,,,,,,,,,,,,,,,,,,,,,0.0,,,,,,,,,,,,,,,,,,1.0,,,,,,,,,,,,,,,,,,,,,,,,,,,,,,,,,,,,,,,,,,,,,,,,,,,,,,1.0,,,,,,,,,,
66,TDG,MRT,2004-09-30,2004-09-30,2004-09-30,2021-08-10,-282000.0,1345912000.0,,220179000.0,1125733000.0,,6.73,-5416000.0,48498000.0,48498000.0,164198000.0,13622000.0,5.397,3.525,889845000.0,0.0,889845000.0,889845000.0,0.0,18303000.0,0.0,,0.0,94979000.0,113282000.0,0.377,113282000.0,94979000.0,20304000.0,0.31,0.29,0.31,297412000.0,,297412000.0,,,,105723000.0,2.392,1.0,136505000.0,0.454,1041058000.0,74675000.0,1105407000.0,,64385000.0,50601000.0,50601000.0,0.0,1048500000.0,40794000.0,1007706000.0,,29596000.0,-21531000.0,-215000.0,-2209000.0,0.0,-3924000.0,-77619000.0,-50672000.0,111139000.0,0.0,13622000.0,13622000.0,13622000.0,0.0,0.0,0.045,41526000.0,94979000.0,11468000.0,0.0,,,,60817000.0,0.0,,,,44489000.0,7863000.0,300703000.0,300703000.0,0.0,,,,0.316,630000.0,31201000.0,1.0,,44193000.0,46300000.0,6.804,304854000.0,10355000.0,6682000.0,60672000.0,6.898,179385000.0
67,TDG,MRT,2003-09-30,2003-09-30,2003-09-30,2021-08-10,,,,,,,,,,,,,,,,,,,,,,,0.0,,,,,,,,,,,,,,,,,,1.0,,,,,,,,,,,,,,,,,,,,,,,,,,,,,,,,,,,,,,,,,,,,,,,,,,,,,,1.0,,,,,,,,,,
