None,ticker,dimension,calendardate,datekey,reportperiod,lastupdated,accoci,assets,assetsavg,assetsc,assetsnc,assetturnover,bvps,capex,cashneq,cashnequsd,cor,consolinc,currentratio,de,debt,debtc,debtnc,debtusd,deferredrev,depamor,deposits,divyield,dps,ebit,ebitda,ebitdamargin,ebitdausd,ebitusd,ebt,eps,epsdil,epsusd,equity,equityavg,equityusd,ev,evebit,evebitda,fcf,fcfps,fxusd,gp,grossmargin,intangibles,intexp,invcap,invcapavg,inventory,investments,investmentsc,investmentsnc,liabilities,liabilitiesc,liabilitiesnc,marketcap,ncf,ncfbus,ncfcommon,ncfdebt,ncfdiv,ncff,ncfi,ncfinv,ncfo,ncfx,netinc,netinccmn,netinccmnusd,netincdis,netincnci,netmargin,opex,opinc,payables,payoutratio,pb,pe,pe1,ppnenet,prefdivis,price,ps,ps1,receivables,retearn,revenue,revenueusd,rnd,roa,roe,roic,ros,sbcomp,sgna,sharefactor,sharesbas,shareswa,shareswadil,sps,tangibles,taxassets,taxexp,taxliabilities,tbvps,workingcapital
0,RJF,MRY,2020-12-31,2020-09-30,2020-09-30,2021-09-22,11000000.0,47482000000.0,45531750000.0,,,0.175,34.467,-124000000.0,5390000000.0,5390000000.0,101000000.0,818000000.0,,5.666,3183000000.0,,,3183000000.0,0.0,119000000.0,26801000000.0,0.02,0.987,1052000000.0,1171000000.0,0.147,1171000000.0,1052000000.0,1052000000.0,3.96,3.887,3.96,7114000000.0,6929750000.0,7114000000.0,4458745666.0,4.0,3.808,3930000000.0,19.041,1.0,7889000000.0,0.987,600000000.0,0.0,44675000000.0,39158750000.0,0.0,35386000000.0,,,40306000000.0,,,9979745666.0,3663000000.0,-5000000.0,-272000000.0,489000000.0,-205000000.0,4593000000.0,-4985000000.0,-4802000000.0,4054000000.0,1000000.0,818000000.0,818000000.0,818000000.0,0.0,0.0,0.102,6837000000.0,1052000000.0,8305000000.0,0.249,1.403,12.2,12.249,535000000.0,0.0,48.507,1.249,1.253,3362000000.0,6484000000.0,7990000000.0,7990000000.0,0.0,0.018,0.118,0.027,0.132,120000000.0,6217000000.0,1.0,205739672.0,206400000,210300000.0,38.711,46882000000.0,262000000.0,234000000.0,0.0,227.141,
1,RJF,MRY,2019-12-31,2019-09-30,2019-09-30,2021-09-22,-23000000.0,38830000000.0,38556750000.0,,,0.201,31.116,-138000000.0,5971000000.0,5971000000.0,94000000.0,1034000000.0,,4.891,3213000000.0,,,3213000000.0,0.0,112000000.0,22281000000.0,0.016,0.907,1375000000.0,1487000000.0,0.192,1487000000.0,1375000000.0,1375000000.0,4.88,4.78,4.88,6581000000.0,6398000000.0,6581000000.0,8444009942.0,6.0,5.679,439000000.0,2.076,1.0,7646000000.0,0.988,611000000.0,0.0,35461000000.0,34723000000.0,0.0,26378000000.0,,,32187000000.0,,,11449009942.0,30000000.0,-5000000.0,-778000000.0,-5000000.0,-191000000.0,1373000000.0,-1897000000.0,-1753000000.0,577000000.0,-23000000.0,1034000000.0,1034000000.0,1034000000.0,0.0,0.0,0.134,6271000000.0,1375000000.0,5108000000.0,0.186,1.74,11.073,11.265,527000000.0,0.0,54.973,1.479,1.502,3501000000.0,5874000000.0,7740000000.0,7740000000.0,0.0,0.027,0.162,0.04,0.178,112000000.0,5872000000.0,1.0,208264794.0,211500000,216000000.0,36.596,38219000000.0,231000000.0,341000000.0,0.0,180.704,
2,RJF,MRY,2018-12-31,2018-09-30,2018-09-30,2021-09-22,-27000000.0,37413000000.0,36473219750.0,,,0.199,29.218,-134000000.0,5941000000.0,5941000000.0,92000000.0,857000000.0,,4.862,2870000000.0,,,2870000000.0,0.0,99000000.0,19942000000.0,0.012,0.733,1311000000.0,1410000000.0,0.194,1410000000.0,1311000000.0,1311000000.0,3.927,3.833,3.927,6368000000.0,6040774500.0,6368000000.0,13073445651.0,10.0,9.272,750000000.0,3.441,1.0,7182000000.0,0.987,639000000.0,0.0,33703000000.0,34823367250.0,0.0,24998000000.0,,,30961000000.0,,,13429032651.0,-1205000000.0,-159000000.0,-62000000.0,-615000000.0,-151000000.0,1420000000.0,-3476000000.0,-3209000000.0,884000000.0,-33000000.0,857000000.0,857000000.0,857000000.0,0.0,0.0,0.118,5871000000.0,1311000000.0,6290000000.0,0.187,2.109,15.67,15.627,486000000.0,0.0,61.367,1.846,1.839,4192000000.0,5032000000.0,7274000000.0,7274000000.0,0.0,0.023,0.142,0.038,0.18,99000000.0,5530000000.0,1.0,218832688.0,217950000,223200000.0,33.375,36774000000.0,203000000.0,454000000.0,0.0,168.727,
3,RJF,MRY,2017-12-31,2017-09-30,2017-09-30,2021-09-22,-15199000.0,34883456000.0,33228750750.0,,,0.192,25.967,-190000000.0,7145757000.0,7145757000.0,79000000.0,636000000.0,,5.23,3505242000.0,,,3505242000.0,0.0,84000000.0,17732362000.0,0.01,0.587,925000000.0,1009000000.0,0.158,1009000000.0,925000000.0,925000000.0,2.953,2.887,2.953,5581713000.0,5314902500.0,5581713000.0,12424053151.0,13.0,12.313,-315000000.0,-1.465,1.0,6292000000.0,0.988,493183000.0,0.0,30749758000.0,31877391000.0,0.0,22025670000.0,,,29190105000.0,,,12159341151.0,611000000.0,0.0,-34000000.0,1376000000.0,-127000000.0,4065000000.0,-3376000000.0,-3261000000.0,-125000000.0,47000000.0,636000000.0,636000000.0,636000000.0,0.0,0.0,0.1,5321000000.0,971000000.0,6151588000.0,0.199,2.178,19.118,19.038,437374000.0,0.0,56.22,1.909,1.897,3687561000.0,4340054000.0,6371000000.0,6371000000.0,0.0,0.019,0.12,0.029,0.145,109000000.0,4871000000.0,1.0,216281415.0,214950000,219900000.0,29.639,34390273000.0,313486000.0,289000000.0,0.0,159.992,
4,RJF,MRY,2016-12-31,2016-09-30,2016-09-30,2021-09-22,-55733000.0,31486976000.0,28747736250.0,,,0.188,23.119,-121733000.0,1650452000.0,1650452000.0,59930000.0,540651000.0,,5.375,2802577000.0,,,2802577000.0,0.0,72383000.0,14262547000.0,0.014,0.533,800643000.0,873026000.0,0.162,873026000.0,800643000.0,800643000.0,2.48,2.433,2.48,4916545000.0,4736527000.0,4916545000.0,8294865419.0,10.0,9.501,-695051000.0,-3.268,1.0,5345134000.0,0.989,503046000.0,0.0,32136055000.0,28617784250.0,0.0,24265199000.0,,,26424000000.0,,,8247435419.0,-950554000.0,-175283000.0,-162502000.0,697814000.0,-113435000.0,2540479000.0,-2917903000.0,-2558869000.0,-573318000.0,188000.0,529350000.0,529350000.0,529350000.0,0.0,11301000.0,0.098,4533190000.0,811944000.0,7307322000.0,0.215,1.677,15.58,15.648,321457000.0,0.0,38.807,1.526,1.527,3705963000.0,3834781000.0,5405064000.0,5405064000.0,0.0,0.018,0.112,0.028,0.148,76426000.0,4220221000.0,1.0,212526252.0,212659500,216769500.0,25.417,30983930000.0,322024000.0,271293000.0,0.0,145.697,
5,RJF,MRY,2015-12-31,2015-09-30,2015-09-30,2021-09-22,-40503000.0,26468032000.0,25124407250.0,,,0.207,21.149,-74111000.0,2601006000.0,2601006000.0,102317000.0,518578000.0,,4.795,2199131000.0,,,2199131000.0,0.0,68315000.0,11919881000.0,0.015,0.48,798174000.0,866489000.0,0.167,866489000.0,798174000.0,798174000.0,2.34,2.287,2.34,4522031000.0,4410196500.0,4522031000.0,6708606474.0,8.0,7.742,824583000.0,3.856,1.0,5101289000.0,0.98,376962000.0,0.0,25689195000.0,24355870000.0,0.0,18718047000.0,,,21681934000.0,,,7146220474.0,401943000.0,-15823000.0,-88542000.0,6347000.0,-103143000.0,1730043000.0,-2176610000.0,-2069772000.0,898694000.0,-50184000.0,502140000.0,502140000.0,502140000.0,0.0,16438000.0,0.096,4286677000.0,814612000.0,6042945000.0,0.205,1.58,14.232,14.14,255875000.0,0.0,33.087,1.373,1.36,2444559000.0,3419719000.0,5203606000.0,5203606000.0,0.0,0.02,0.114,0.033,0.153,71488000.0,4113841000.0,1.0,215984902.0,213822000,218908500.0,24.336,26091070000.0,266899000.0,296034000.0,0.0,122.022,
6,RJF,MRY,2014-12-31,2014-09-30,2014-09-30,2021-09-22,-1888000.0,23325652000.0,22797334500.0,,,0.213,19.729,-60149000.0,2199063000.0,2199063000.0,92287000.0,448151000.0,,4.562,2134124000.0,,,2134124000.0,0.0,64163000.0,10028924000.0,0.012,0.427,748045000.0,812208000.0,0.167,812208000.0,748045000.0,748045000.0,2.273,2.213,2.273,4141236000.0,3956698000.0,4141236000.0,6804755268.0,9.0,8.378,447438000.0,2.132,1.0,4769082000.0,0.981,354261000.0,0.0,22906452000.0,21715341250.0,0.0,16229464000.0,,,18892396000.0,,,7569403268.0,-397553000.0,-2007000.0,-8427000.0,545141000.0,-88102000.0,1223961000.0,-2096764000.0,-2034322000.0,507587000.0,-32337000.0,480248000.0,480248000.0,480248000.0,0.0,-32097000.0,0.099,4053134000.0,715948000.0,5353252000.0,0.188,1.828,15.761,15.715,245401000.0,0.0,35.72,1.557,1.542,2392908000.0,3023845000.0,4861369000.0,4861369000.0,0.0,0.021,0.121,0.034,0.154,62172000.0,3866684000.0,1.0,211909386.0,209902500,215383500.0,23.16,22971391000.0,231325000.0,267797000.0,0.0,109.438,
7,RJF,MRY,2013-12-31,2013-09-30,2013-09-30,2021-09-22,10726000.0,23186122000.0,22602857250.0,,,0.198,17.73,-72879000.0,2596616000.0,2596616000.0,77365000.0,396877000.0,,5.238,1642455000.0,,,1642455000.0,0.0,66359000.0,9295371000.0,0.013,0.373,564187000.0,630546000.0,0.141,630546000.0,564187000.0,564187000.0,1.76,1.72,1.76,3662924000.0,3514419000.0,3662924000.0,4841381698.0,9.0,7.678,586926000.0,2.841,1.0,4408062000.0,0.983,361464000.0,0.0,21870497000.0,21568003000.0,0.0,16019776000.0,,,19187785000.0,,,5827414698.0,616596000.0,0.0,-11718000.0,-73434000.0,-76593000.0,615432000.0,-651974000.0,-575363000.0,659805000.0,-6667000.0,367154000.0,367154000.0,367154000.0,0.0,29723000.0,0.082,3814152000.0,593910000.0,7037175000.0,0.212,1.591,15.872,15.784,244416000.0,0.0,27.78,1.299,1.28,2373190000.0,2635026000.0,4485427000.0,4485427000.0,0.0,0.016,0.104,0.026,0.126,59272000.0,3593229000.0,1.0,209770148.0,206598000,210811500.0,21.711,22824658000.0,195160000.0,197033000.0,0.0,110.479,
8,RJF,MRY,2012-12-31,2012-09-30,2012-09-30,2021-09-22,9447000.0,21160265000.0,19874440500.0,,,0.192,16.66,-77515000.0,1980020000.0,1980020000.0,68632000.0,292265000.0,,5.347,1758842000.0,,,1758842000.0,0.0,51445000.0,8599713000.0,0.014,0.347,471525000.0,522970000.0,0.137,522970000.0,471525000.0,471525000.0,1.48,1.467,1.48,3268940000.0,3037789500.0,3268940000.0,5250454747.0,11.0,10.04,313774000.0,1.599,1.0,3737899000.0,0.982,361246000.0,0.0,20577841000.0,19137202750.0,0.0,14271714000.0,,,17479983000.0,,,5058351747.0,-459675000.0,-1074421000.0,341963000.0,682750000.0,-68782000.0,1879275000.0,-2731215000.0,-1579279000.0,391289000.0,976000.0,295869000.0,295869000.0,295869000.0,0.0,-3604000.0,0.078,3269978000.0,467921000.0,5740073000.0,0.234,1.547,17.097,16.509,231195000.0,0.0,24.433,1.329,1.259,2492583000.0,2346563000.0,3806531000.0,3806531000.0,0.0,0.015,0.097,0.025,0.124,53116000.0,3068864000.0,1.0,207026674.0,196209000,197686500.0,19.4,20799019000.0,168187000.0,175656000.0,0.0,106.004,
9,RJF,MRY,2011-12-31,2011-09-30,2011-09-30,2021-09-22,-9605000.0,18006995000.0,16064530250.0,,,0.208,14.088,-37200000.0,2439695000.0,2439695000.0,68561000.0,267851000.0,,5.834,900695000.0,,,900695000.0,0.0,40337000.0,7739322000.0,0.02,0.347,461247000.0,501584000.0,0.15,501584000.0,461247000.0,461247000.0,1.467,1.46,1.467,2587619000.0,2515203750.0,2587619000.0,2464385972.0,5.0,4.913,1521241000.0,8.282,1.0,3265495000.0,0.979,72967000.0,0.0,16395028000.0,15087899250.0,0.0,12354486000.0,,,15095150000.0,,,3286875972.0,-521910000.0,-19403000.0,-23111000.0,-2335505000.0,-63090000.0,-1679384000.0,-400143000.0,-343540000.0,1558441000.0,-824000.0,278353000.0,278353000.0,278353000.0,0.0,-10502000.0,0.083,2773359000.0,492136000.0,5926134000.0,0.237,1.27,11.808,11.797,169850000.0,0.0,17.307,0.986,0.953,2038485000.0,2125818000.0,3334056000.0,3334056000.0,0.0,0.017,0.111,0.031,0.138,38872000.0,2611815000.0,1.0,189919644.0,183672000,184254000.0,18.152,17934028000.0,171911000.0,182894000.0,0.0,97.642,
10,RJF,MRY,2010-12-31,2010-09-30,2010-09-30,2021-09-22,-6197000.0,17883081000.0,15683101250.0,,,0.186,12.865,-22287000.0,2943239000.0,2943239000.0,61823000.0,222519000.0,,6.638,3222774000.0,,,3222774000.0,0.0,39527000.0,7079718000.0,0.017,0.293,361908000.0,401435000.0,0.138,401435000.0,361908000.0,361908000.0,1.22,1.22,1.22,2302816000.0,2193813500.0,2302816000.0,2921311092.0,8.0,7.277,-1043680000.0,-5.831,1.0,2854842000.0,0.979,62575000.0,0.0,18100041000.0,15416516750.0,0.0,11488173000.0,,,15286213000.0,,,3147342092.0,633766000.0,-10134000.0,-3537000.0,1556930000.0,-56009000.0,-712178000.0,2366221000.0,2398642000.0,-1021393000.0,1116000.0,228283000.0,228283000.0,228283000.0,0.0,-5764000.0,0.078,2498698000.0,356144000.0,4434092000.0,0.24,1.367,13.787,13.842,170768000.0,0.0,16.887,1.079,1.036,2082417000.0,1909865000.0,2916665000.0,2916665000.0,0.0,0.015,0.104,0.023,0.124,39565000.0,2300676000.0,1.0,186380306.0,179002500,179388000.0,16.294,17820506000.0,165208000.0,133625000.0,0.0,99.555,
11,RJF,MRY,2009-12-31,2009-09-30,2009-09-30,2021-09-22,-41803000.0,18226728000.0,18114354750.0,,,0.141,11.562,-35539000.0,2306085000.0,2306085000.0,56897000.0,140377000.0,,7.869,1531036000.0,,,1531036000.0,0.0,34563000.0,9423387000.0,0.019,0.293,248774000.0,283337000.0,0.111,283337000.0,248774000.0,248774000.0,0.833,0.833,0.833,2032463000.0,1939079750.0,2032463000.0,2611941256.0,10.0,9.218,338620000.0,1.926,1.0,2488669000.0,0.978,62575000.0,0.0,17389104000.0,17755812250.0,0.0,12712466000.0,,,15993589000.0,,,2868857256.0,-895191000.0,-34813000.0,-4339000.0,-894317000.0,-54140000.0,-241816000.0,-1026084000.0,-961949000.0,374159000.0,-1450000.0,152750000.0,152750000.0,152750000.0,0.0,-12373000.0,0.06,2252268000.0,236401000.0,4614911000.0,0.352,1.412,18.781,18.631,186232000.0,0.0,15.52,1.127,1.072,1918710000.0,1737591000.0,2545566000.0,2545566000.0,0.0,0.008,0.079,0.014,0.098,28536000.0,1977572000.0,1.0,184849050.0,175782000,175932000.0,14.481,18164153000.0,156399000.0,96024000.0,0.0,103.333,
12,RJF,MRY,2008-12-31,2008-09-30,2008-09-30,2021-09-22,-33976000.0,20709616000.0,18542097750.0,,,0.152,10.817,-51043000.0,3207493000.0,3207493000.0,67262000.0,230772000.0,,9.993,2437516000.0,,,2437516000.0,0.0,27982000.0,8774457000.0,0.013,0.293,386854000.0,414836000.0,0.147,414836000.0,386854000.0,386854000.0,1.3,1.287,1.3,1883905000.0,1827308750.0,1883905000.0,3781605853.0,10.0,9.116,176126000.0,1.011,1.0,2745441000.0,0.976,62575000.0,0.0,19877064000.0,18222141000.0,0.0,13699276000.0,,,18825711000.0,,,3948338853.0,2562550000.0,-11247000.0,-67243000.0,2075669000.0,-53151000.0,5212712000.0,-2876130000.0,-2813840000.0,227169000.0,-1201000.0,235078000.0,235078000.0,235078000.0,0.0,-4306000.0,0.084,2362893000.0,382548000.0,6906878000.0,0.225,2.096,16.796,16.913,192450000.0,0.0,21.987,1.404,1.361,2712385000.0,1639662000.0,2812703000.0,2812703000.0,0.0,0.013,0.129,0.021,0.138,37667000.0,2223307000.0,1.0,179578784.0,174165000,175710000.0,16.15,20647041000.0,108765000.0,151776000.0,0.0,118.549,
13,RJF,MRY,2007-12-31,2007-09-30,2007-09-30,2021-09-22,30191000.0,16254168000.0,14591728750.0,,,0.179,10.137,-46081000.0,644943000.0,644943000.0,78198000.0,250430000.0,,8.247,632401000.0,,,632401000.0,0.0,22631000.0,5585259000.0,0.012,0.267,392224000.0,414855000.0,0.159,414855000.0,392224000.0,392224000.0,1.447,1.407,1.447,1757814000.0,1642145250.0,1757814000.0,640860600.0,2.0,1.545,402792000.0,2.323,1.0,2531717000.0,0.97,62575000.0,0.0,16179051000.0,12007787000.0,0.0,11436377000.0,,,14496354000.0,,,3928148600.0,248871000.0,-14564000.0,-578000.0,-48467000.0,-48488000.0,2785123000.0,-2988204000.0,-2926359000.0,448873000.0,3079000.0,250430000.0,250430000.0,250430000.0,0.0,0.0,0.096,2149220000.0,382497000.0,7534913000.0,0.185,2.235,15.686,15.135,166963000.0,0.0,21.9,1.505,1.455,3225430000.0,1461898000.0,2609915000.0,2609915000.0,0.0,0.017,0.153,0.033,0.15,36563000.0,2048799000.0,1.0,179367516.0,173412000,178039500.0,15.05,16191593000.0,107922000.0,141794000.0,7755000.0,93.371,
14,RJF,MRY,2006-12-31,2006-09-30,2006-09-30,2021-09-22,12095000.0,11516650000.0,10377608250.0,,,0.226,8.666,-27280000.0,392418000.0,392418000.0,68853000.0,214342000.0,,6.867,636395000.0,,,636395000.0,0.0,19173000.0,2806880000.0,0.011,0.213,342066000.0,361239000.0,0.154,361239000.0,342066000.0,342066000.0,1.267,1.233,1.267,1463869000.0,1400834250.0,1463869000.0,788624886.0,2.0,2.183,-29017000.0,-0.172,1.0,2280055000.0,0.971,62575000.0,0.0,11698052000.0,8220686500.0,0.0,7539908000.0,,,10052781000.0,,,3394457886.0,-205055000.0,-132450000.0,-5100000.0,44043000.0,-37570000.0,1837392000.0,-2042912000.0,-1883182000.0,-1737000.0,2202000.0,214342000.0,214342000.0,214342000.0,0.0,0.0,0.091,1946148000.0,333907000.0,6005068000.0,0.168,2.319,15.837,15.385,142780000.0,0.0,19.493,1.445,1.402,2783152000.0,1258446000.0,2348908000.0,2348908000.0,0.0,0.021,0.153,0.042,0.146,29820000.0,1855785000.0,1.0,174134296.0,168921000,173607000.0,13.905,11454075000.0,94957000.0,127724000.0,34294000.0,67.807,
15,RJF,MRY,2005-12-31,2005-09-30,2005-09-30,2021-09-22,9632000.0,8369256000.0,8018270750.0,,,0.256,7.511,-30154000.0,3232938000.0,3232938000.0,58254000.0,151046000.0,,5.739,459518000.0,,,459518000.0,0.0,17781000.0,1076020000.0,0.01,0.142,247971000.0,265752000.0,0.13,265752000.0,247971000.0,247971000.0,0.913,0.887,0.913,1241823000.0,1178799500.0,1241823000.0,-433588019.0,-2.0,-1.632,289362000.0,1.75,1.0,1992153000.0,0.972,62575000.0,0.0,5533261000.0,5100230500.0,0.0,1815161000.0,,,7127433000.0,,,2373101981.0,289087000.0,-122253000.0,-115000.0,81325000.0,-26300000.0,408801000.0,-444026000.0,-291619000.0,319516000.0,4796000.0,151046000.0,151046000.0,151046000.0,0.0,0.0,0.074,1746700000.0,245453000.0,5169759000.0,0.156,1.911,15.711,15.636,137555000.0,0.0,14.276,1.157,1.151,2616705000.0,1082063000.0,2050407000.0,2050407000.0,0.0,0.019,0.128,0.049,0.121,17031000.0,1655735000.0,1.0,166235350.0,165325500,169572000.0,12.402,8306681000.0,88860000.0,96925000.0,31448000.0,50.244,
16,RJF,MRY,2004-12-31,2004-09-24,2004-09-24,2021-09-22,3875000.0,7621846000.0,7304169250.0,,,0.244,6.45,-22028000.0,2851225000.0,2851225000.0,20773000.0,127575000.0,,6.155,302924000.0,,,302924000.0,0.0,16827000.0,773036000.0,0.011,0.12,204121000.0,220948000.0,0.124,220948000.0,204121000.0,204121000.0,0.773,0.76,0.773,1065213000.0,1014256500.0,1065213000.0,-794430486.0,-4.0,-3.596,-121904000.0,-0.738,1.0,1760486000.0,0.988,62575000.0,0.0,5010970000.0,4993009000.0,0.0,1267284000.0,,,6556633000.0,,,1759226514.0,-225425000.0,-22569000.0,-1955000.0,13434000.0,-20664000.0,7671000.0,-138612000.0,-94015000.0,-99876000.0,5392000.0,127575000.0,127575000.0,127575000.0,0.0,0.0,0.072,1554255000.0,206231000.0,5171093000.0,0.155,1.652,13.79,13.713,122750000.0,0.0,10.6,0.988,0.983,2937304000.0,957317000.0,1781259000.0,1781259000.0,0.0,0.017,0.126,0.041,0.115,17631000.0,1476908000.0,1.0,165964766.0,165139500,167404500.0,10.786,7559271000.0,73559000.0,76546000.0,32145000.0,45.775,
17,RJF,MRY,2003-12-31,2003-09-26,2003-09-26,2021-09-22,604000.0,6911638000.0,6613810750.0,,,0.22,5.644,-28775000.0,1734732000.0,1734732000.0,17729000.0,86317000.0,,6.474,167210000.0,,,167210000.0,0.0,18344000.0,0.0,0.012,0.133,138275000.0,156619000.0,0.108,156619000.0,138275000.0,138275000.0,0.529,0.52,0.529,924735000.0,884069000.0,924735000.0,1134025500.0,8.0,7.241,247005000.0,1.507,1.0,1434231000.0,0.988,62575000.0,0.0,5281541000.0,5903421000.0,0.0,1684482000.0,,,5986903000.0,,,1747656500.0,265132000.0,0.0,-35964000.0,17647000.0,-17639000.0,-30720000.0,9754000.0,38529000.0,275780000.0,10318000.0,86317000.0,86317000.0,86317000.0,0.0,0.0,0.059,1295251000.0,138980000.0,5976355000.0,0.251,1.89,20.247,20.13,118285000.0,0.0,10.649,1.204,1.202,2987495000.0,850656000.0,1451960000.0,1451960000.0,0.0,0.013,0.098,0.023,0.095,14401000.0,1224544000.0,1.0,164116324.0,163854000,165327750.0,8.861,6849063000.0,68465000.0,51958000.0,26017000.0,41.8,
18,RJF,MRY,2002-12-31,2002-09-27,2002-09-27,2021-09-22,-10157000.0,6040303000.0,6457716750.0,,,0.223,5.111,-26390000.0,469631000.0,469631000.0,15630000.0,79303000.0,,6.194,149563000.0,,,149563000.0,0.0,22813000.0,0.0,0.014,0.107,131516000.0,154329000.0,0.107,154329000.0,131516000.0,131516000.0,0.484,0.476,0.484,839636000.0,819027500.0,839636000.0,1156689456.0,9.0,7.495,27834000.0,0.169,1.0,1425458000.0,0.989,62575000.0,0.0,5657660000.0,6220109000.0,0.0,2743451000.0,,,5200667000.0,,,1286050456.0,11031000.0,0.0,-9147000.0,-12863000.0,-18508000.0,-28479000.0,-11971000.0,14419000.0,54224000.0,-2743000.0,79303000.0,79303000.0,79303000.0,0.0,0.0,0.055,1293942000.0,131516000.0,5200667000.0,0.221,1.532,16.217,16.204,105777000.0,0.0,7.843,0.892,0.894,2380088000.0,781978000.0,1441088000.0,1441088000.0,0.0,0.012,0.097,0.021,0.091,8349000.0,1212115000.0,1.0,163975077.0,164274750,167499000.0,8.772,5977728000.0,53734000.0,52213000.0,23248000.0,36.389,
19,RJF,MRY,2001-12-31,2001-09-28,2001-09-28,2021-09-22,-6881000.0,6372054000.0,6808353000.0,,,0.212,4.792,-27080000.0,532894000.0,532894000.0,16091000.0,96410000.0,,7.266,162426000.0,,,162426000.0,0.0,31259000.0,0.0,0.017,0.133,157468000.0,188727000.0,0.131,188727000.0,157468000.0,157468000.0,0.599,0.587,0.599,770876000.0,742620750.0,770876000.0,1107192220.0,7.0,5.867,153412000.0,0.954,1.0,1426548000.0,0.989,62575000.0,0.0,5939011000.0,6482106750.0,0.0,2358847000.0,,,5601178000.0,,,1306566220.0,153184000.0,-48469000.0,-1754000.0,25408000.0,-17429000.0,17636000.0,-42576000.0,32973000.0,180492000.0,-2368000.0,96410000.0,96410000.0,96410000.0,0.0,0.0,0.067,1269080000.0,157468000.0,5601178000.0,0.222,1.695,13.552,13.43,104694000.0,0.0,8.044,0.906,0.897,3029806000.0,721183000.0,1442639000.0,1442639000.0,0.0,0.014,0.13,0.024,0.109,16420000.0,1219381000.0,1.0,162418453.0,160862625,164696625.0,8.968,6309479000.0,37817000.0,61058000.0,0.0,39.223,
20,RJF,MRY,2000-12-31,2000-09-29,2000-09-29,2021-09-22,-1618000.0,6308816000.0,5902498500.0,,,0.289,4.164,-20262000.0,305467000.0,305467000.0,14814000.0,125195000.0,,8.698,132470000.0,,,132470000.0,0.0,23854000.0,0.0,0.009,0.089,433332000.0,457186000.0,0.268,457186000.0,433332000.0,204680000.0,0.8,0.791,0.8,650518000.0,604710250.0,650518000.0,1360847783.0,3.0,2.977,157430000.0,1.008,1.0,1692627000.0,0.991,32448000.0,228652000.0,6103371000.0,5732690500.0,0.0,1358578000.0,,,5658298000.0,,,1520578783.0,54429000.0,0.0,-26768000.0,-69034000.0,-13878000.0,-102015000.0,-20437000.0,-175000.0,177692000.0,-811000.0,125195000.0,125195000.0,125195000.0,0.0,0.0,0.073,1259295000.0,433332000.0,5658298000.0,0.111,2.337,12.146,12.2,91064000.0,0.0,9.76,0.891,0.893,4304375000.0,642202000.0,1707441000.0,1707441000.0,0.0,0.021,0.207,0.076,0.254,1098000.0,1170792000.0,1.0,155797006.0,156232125,158176125.0,10.929,6276368000.0,44228000.0,79485000.0,1991000.0,40.173,
21,RJF,MRY,1999-12-31,1999-09-24,1999-09-24,2021-09-22,-1076000.0,5030715000.0,4837798500.0,,,0.255,3.476,-20543000.0,250864000.0,250864000.0,13456000.0,85090000.0,,8.008,201504000.0,,,201504000.0,0.0,20059000.0,0.0,0.015,0.083,289013000.0,309072000.0,0.251,309072000.0,289013000.0,137519000.0,0.53,0.521,0.53,558486000.0,535659500.0,558486000.0,855088371.0,3.0,2.767,73583000.0,0.458,1.0,1218750000.0,0.989,34866000.0,151494000.0,4946489000.0,4717824500.0,0.0,1708039000.0,,,4472229000.0,,,902211371.0,-45962000.0,-67597000.0,-31564000.0,2294000.0,-13304000.0,-33425000.0,-106663000.0,-18523000.0,94126000.0,0.0,85090000.0,85090000.0,85090000.0,0.0,0.0,0.069,929737000.0,289013000.0,4472229000.0,0.157,1.615,10.603,10.655,91335000.0,0.0,5.647,0.732,0.736,2759980000.0,530885000.0,1232206000.0,1232206000.0,0.0,0.018,0.159,0.061,0.235,407000.0,886272000.0,1.0,159756735.0,160670250,163515375.0,7.669,4995849000.0,39631000.0,52429000.0,4592000.0,31.094,
22,RJF,MRY,1998-12-31,1998-09-25,1998-09-25,2021-09-22,114000.0,3852737000.0,3868988750.0,,,0.28,3.137,-45815000.0,296818000.0,296818000.0,11607000.0,92704000.0,,6.556,44767000.0,,,44767000.0,0.0,16808000.0,0.0,0.011,0.065,281245000.0,298053000.0,0.275,298053000.0,281245000.0,150236000.0,0.569,0.551,0.569,509898000.0,479900000.0,509898000.0,826674269.0,3.0,2.774,403054000.0,2.48,1.0,1071300000.0,0.989,817000.0,131009000.0,3599869000.0,3686355000.0,0.0,1461588000.0,,,3342839000.0,,,974801269.0,354761000.0,0.0,-5346000.0,30552000.0,-11586000.0,24158000.0,-118266000.0,-72451000.0,448869000.0,0.0,92704000.0,92704000.0,92704000.0,0.0,0.0,0.086,790055000.0,281245000.0,3342839000.0,0.114,1.912,10.515,10.482,81372000.0,0.0,5.964,0.9,0.895,1859421000.0,459099000.0,1082907000.0,1082907000.0,0.0,0.024,0.193,0.076,0.26,539000.0,756242000.0,1.0,163435384.0,162540000,168584625.0,6.662,3851920000.0,32841000.0,57532000.0,10974000.0,23.698,
23,RJF,MRY,1997-12-31,1997-09-26,1997-09-26,2021-09-22,341000.0,3278645000.0,,,,,2.647,-25456000.0,196726000.0,196726000.0,11708000.0,98915000.0,,6.746,14215000.0,,,14215000.0,0.0,15111000.0,0.0,0.008,0.057,261856000.0,276967000.0,0.299,276967000.0,261856000.0,160515000.0,0.619,0.604,0.619,423276000.0,,423276000.0,,,,274555000.0,1.717,1.0,915899000.0,0.987,0.0,101341000.0,3096134000.0,,0.0,1125505000.0,,,2855369000.0,,,,153510000.0,0.0,0.0,-10683000.0,-9921000.0,-14086000.0,-132415000.0,-106959000.0,300011000.0,0.0,98915000.0,98915000.0,98915000.0,0.0,0.0,0.107,654043000.0,261856000.0,2855369000.0,0.092,,,11.37,51674000.0,0.0,7.038,,1.213,1796927000.0,377981000.0,927607000.0,927607000.0,0.0,,,,0.282,0.0,622831000.0,1.0,,159917625,163306125.0,5.801,3278645000.0,24356000.0,61600000.0,18413000.0,20.502,
24,RJF,MRY,1996-12-31,1996-09-27,1996-09-27,2021-09-22,,,,,,,,-10093000.0,,,10098000.0,65978000.0,,,,,,,,11299000.0,,0.016,0.05,191996000.0,203295000.0,0.282,203295000.0,191996000.0,108525000.0,0.418,0.412,0.418,,,,,,,384438000.0,2.435,1.0,711654000.0,0.986,,83471000.0,,,,,,,,,,,314891000.0,0.0,-367000.0,9304000.0,-7911000.0,4702000.0,-84342000.0,-74249000.0,394531000.0,0.0,65978000.0,65978000.0,65978000.0,0.0,0.0,0.091,519658000.0,191996000.0,,0.12,,,7.64,,0.0,3.193,,0.699,,,721752000.0,721752000.0,0.0,,,,0.266,0.0,494469000.0,1.0,,157885875,159661125.0,4.571,,,42547000.0,,,
0,RJF,MRQ,2021-06-30,2021-06-30,2021-06-30,2021-09-22,-10000000.0,57161000000.0,,,,,38.207,-37000000.0,5982000000.0,5982000000.0,34000000.0,307000000.0,,6.263,3181000000.0,,,3181000000.0,0.0,33000000.0,30340000000.0,0.012,0.26,385000000.0,418000000.0,0.169,418000000.0,385000000.0,385000000.0,1.493,1.453,1.493,7863000000.0,,7863000000.0,15183611969.0,10.0,9.402,1371000000.0,6.662,1.0,2437000000.0,0.986,862000000.0,0.0,53498000000.0,,0.0,43373000000.0,,,49243000000.0,,,17850611969.0,1589000000.0,0.0,-48000000.0,736000000.0,-54000000.0,880000000.0,-720000000.0,-707000000.0,1408000000.0,21000000.0,307000000.0,307000000.0,307000000.0,0.0,0.0,0.124,1954000000.0,483000000.0,13644000000.0,0.174,2.27,15.089,15.069,552000000.0,0.0,86.6,1.952,1.949,3827000000.0,7257000000.0,2471000000.0,2471000000.0,0.0,,,,,29000000.0,1859000000.0,1.0,206127159.0,205800000,211650000.0,12.007,56299000000.0,289000000.0,78000000.0,0.0,273.562,
1,RJF,MRQ,2021-03-31,2021-03-31,2021-03-31,2021-09-22,-38000000.0,56066000000.0,,,,,36.73,-37000000.0,5851000000.0,5851000000.0,31000000.0,355000000.0,,6.379,3184000000.0,,,3184000000.0,0.0,32000000.0,29254000000.0,0.012,0.52,447000000.0,479000000.0,0.202,479000000.0,447000000.0,447000000.0,1.72,1.673,1.72,7592000000.0,,7592000000.0,14704878789.0,11.0,10.319,-1225000000.0,-5.926,1.0,2341000000.0,0.987,868000000.0,0.0,52531000000.0,,0.0,42940000000.0,,,48429000000.0,,,16877878789.0,-1121000000.0,-27000000.0,-61000000.0,-2000000.0,-54000000.0,1361000000.0,-1314000000.0,-1251000000.0,-1188000000.0,20000000.0,355000000.0,355000000.0,355000000.0,0.0,0.0,0.15,1894000000.0,447000000.0,14083000000.0,0.302,2.223,16.105,16.062,543000000.0,0.0,81.707,1.984,1.985,3520000000.0,7004000000.0,2372000000.0,2372000000.0,0.0,,,,,31000000.0,1833000000.0,1.0,206566728.0,206700000,211800000.0,11.476,55198000000.0,277000000.0,92000000.0,0.0,267.044,
2,RJF,MRQ,2020-12-31,2020-12-31,2020-12-31,2021-09-22,17000000.0,53657000000.0,,,,,35.882,-25000000.0,5377000000.0,5377000000.0,28000000.0,312000000.0,,6.277,3204000000.0,,,3204000000.0,0.0,32000000.0,27790000000.0,0.012,0.0,399000000.0,431000000.0,0.194,431000000.0,399000000.0,399000000.0,1.513,1.487,1.513,7363000000.0,,7363000000.0,6889305200.0,6.0,5.68,1879000000.0,9.157,1.0,2194000000.0,0.987,834000000.0,0.0,50650000000.0,,0.0,41318000000.0,,,46219000000.0,,,13100305200.0,1762000000.0,-218000000.0,-18000000.0,-26000000.0,-55000000.0,908000000.0,-1123000000.0,-868000000.0,1904000000.0,73000000.0,312000000.0,312000000.0,312000000.0,0.0,0.0,0.14,1795000000.0,399000000.0,13628000000.0,0.0,1.779,15.198,15.258,534000000.0,0.0,63.78,1.597,1.595,3136000000.0,6702000000.0,2222000000.0,2222000000.0,0.0,,,,,43000000.0,1679000000.0,1.0,205398326.0,205200000,209550000.0,10.828,52823000000.0,262000000.0,87000000.0,0.0,257.422,
3,RJF,MRQ,2020-09-30,2020-09-30,2020-09-30,2021-09-22,11000000.0,47482000000.0,,,,,34.694,-27000000.0,5390000000.0,5390000000.0,26000000.0,209000000.0,,5.666,3183000000.0,,,3183000000.0,0.0,31000000.0,26801000000.0,0.02,0.247,256000000.0,287000000.0,0.138,287000000.0,256000000.0,256000000.0,1.02,1.0,1.02,7114000000.0,,7114000000.0,4458745666.0,4.0,3.808,1372000000.0,6.691,1.0,2053000000.0,0.987,600000000.0,0.0,44675000000.0,,0.0,35386000000.0,,,40306000000.0,,,9979745666.0,797000000.0,0.0,-50000000.0,-1000000.0,-51000000.0,1335000000.0,-1965000000.0,-1915000000.0,1399000000.0,28000000.0,209000000.0,209000000.0,209000000.0,0.0,0.0,0.101,1797000000.0,256000000.0,8305000000.0,0.242,1.403,12.2,12.249,535000000.0,0.0,48.507,1.249,1.253,3362000000.0,6484000000.0,2079000000.0,2079000000.0,0.0,,,,,23000000.0,1600000000.0,1.0,205739672.0,205050000,208950000.0,10.139,46882000000.0,262000000.0,47000000.0,0.0,228.637,
4,RJF,MRQ,2020-06-30,2020-06-30,2020-06-30,2021-09-22,1000000.0,44682000000.0,,,,,33.868,-26000000.0,8837000000.0,8837000000.0,23000000.0,172000000.0,,5.408,3316000000.0,,,3316000000.0,0.0,30000000.0,25372000000.0,0.021,0.247,198000000.0,228000000.0,0.124,228000000.0,198000000.0,198000000.0,0.833,0.82,0.833,6965000000.0,,6965000000.0,-2087189584.0,-2.0,-1.645,-314000000.0,-1.527,1.0,1811000000.0,0.987,602000000.0,0.0,38559000000.0,,0.0,29478000000.0,,,37667000000.0,,,9431810416.0,-5856000000.0,-5000000.0,0.0,-2000000.0,-51000000.0,-4693000000.0,-930000000.0,-878000000.0,-288000000.0,55000000.0,172000000.0,172000000.0,172000000.0,0.0,0.0,0.094,1613000000.0,198000000.0,7388000000.0,0.297,1.354,10.792,10.925,537000000.0,0.0,45.887,1.189,1.189,3434000000.0,6326000000.0,1834000000.0,1834000000.0,0.0,,,,,23000000.0,1453000000.0,1.0,205545774.0,205650000,209100000.0,8.918,44080000000.0,222000000.0,26000000.0,0.0,214.345,
5,RJF,MRQ,2020-03-31,2020-03-31,2020-03-31,2021-09-22,-11000000.0,49809000000.0,,,,,32.746,-35000000.0,14693000000.0,14693000000.0,26000000.0,169000000.0,,6.322,3174000000.0,,,3174000000.0,0.0,28000000.0,30023000000.0,0.022,0.247,239000000.0,267000000.0,0.129,267000000.0,239000000.0,239000000.0,0.813,0.8,0.813,6798000000.0,,6798000000.0,4971741595.0,4.0,3.524,2362000000.0,11.378,1.0,2042000000.0,0.987,603000000.0,0.0,37687000000.0,,0.0,28623000000.0,,,42975000000.0,,,8802741595.0,8003000000.0,0.0,-203000000.0,487000000.0,-52000000.0,7297000000.0,-1588000000.0,-1561000000.0,2397000000.0,-103000000.0,169000000.0,169000000.0,169000000.0,0.0,0.0,0.082,1803000000.0,239000000.0,8394000000.0,0.304,1.295,9.16,9.173,543000000.0,0.0,42.133,1.097,1.09,3782000000.0,6205000000.0,2068000000.0,2068000000.0,0.0,,,,,31000000.0,1618000000.0,1.0,208925829.0,207600000,211650000.0,9.961,49206000000.0,224000000.0,70000000.0,0.0,237.023,
6,RJF,MRQ,2019-12-31,2019-12-31,2019-12-31,2021-09-22,-5000000.0,40154000000.0,,,,,32.981,-36000000.0,6690000000.0,6690000000.0,26000000.0,268000000.0,,4.86,2859000000.0,,,2859000000.0,0.0,30000000.0,22975000000.0,0.019,0.247,359000000.0,389000000.0,0.194,389000000.0,359000000.0,359000000.0,1.287,1.26,1.287,6842000000.0,,6842000000.0,9329180156.0,7.0,6.146,510000000.0,2.458,1.0,1983000000.0,0.987,609000000.0,0.0,35714000000.0,,0.0,27329000000.0,,,33251000000.0,,,12410180156.0,719000000.0,0.0,-19000000.0,5000000.0,-51000000.0,654000000.0,-502000000.0,-448000000.0,546000000.0,21000000.0,268000000.0,268000000.0,268000000.0,0.0,0.0,0.133,1624000000.0,359000000.0,5939000000.0,0.192,1.814,11.786,11.897,536000000.0,0.0,59.64,1.587,1.583,3288000000.0,6086000000.0,2009000000.0,2009000000.0,0.0,,,,,43000000.0,1546000000.0,1.0,208084845.0,207450000,212250000.0,9.684,39545000000.0,217000000.0,91000000.0,0.0,190.624,
7,RJF,MRQ,2019-09-30,2019-09-30,2019-09-30,2021-09-22,-23000000.0,38830000000.0,,,,,31.655,-36000000.0,5971000000.0,5971000000.0,24000000.0,265000000.0,,4.891,3213000000.0,,,3213000000.0,0.0,31000000.0,22281000000.0,0.016,0.227,354000000.0,385000000.0,0.19,385000000.0,354000000.0,354000000.0,1.267,1.247,1.267,6581000000.0,,6581000000.0,8444009942.0,6.0,5.679,642000000.0,3.088,1.0,1999000000.0,0.988,611000000.0,0.0,35461000000.0,,0.0,26378000000.0,,,32187000000.0,,,11449009942.0,19000000.0,0.0,-162000000.0,-51000000.0,-48000000.0,-137000000.0,-511000000.0,-504000000.0,678000000.0,-11000000.0,265000000.0,265000000.0,265000000.0,0.0,0.0,0.131,1645000000.0,354000000.0,5108000000.0,0.179,1.74,11.073,11.265,527000000.0,0.0,54.973,1.479,1.502,3501000000.0,5874000000.0,2023000000.0,2023000000.0,0.0,,,,,24000000.0,1527000000.0,1.0,208264794.0,207900000,212400000.0,9.731,38219000000.0,231000000.0,89000000.0,0.0,183.834,
8,RJF,MRQ,2019-06-30,2019-06-30,2019-06-30,2021-09-22,-14000000.0,38677000000.0,,,,,30.874,-43000000.0,5952000000.0,5952000000.0,24000000.0,259000000.0,,4.939,2947000000.0,,,2947000000.0,0.0,28000000.0,22166000000.0,0.016,0.227,342000000.0,370000000.0,0.192,370000000.0,342000000.0,342000000.0,1.227,1.2,1.227,6502000000.0,,6502000000.0,8763089721.0,6.0,5.925,-164000000.0,-0.779,1.0,1903000000.0,0.988,635000000.0,0.0,35037000000.0,,0.0,26879000000.0,,,32113000000.0,,,11905089721.0,-167000000.0,-5000000.0,-95000000.0,49000000.0,-48000000.0,411000000.0,-476000000.0,-440000000.0,-121000000.0,19000000.0,259000000.0,259000000.0,259000000.0,0.0,0.0,0.134,1561000000.0,342000000.0,5203000000.0,0.185,1.831,11.536,11.694,518000000.0,0.0,56.367,1.563,1.559,3518000000.0,5659000000.0,1927000000.0,1927000000.0,0.0,,,,,23000000.0,1481000000.0,1.0,211207978.0,210600000,215400000.0,9.15,38042000000.0,210000000.0,83000000.0,0.0,180.636,
9,RJF,MRQ,2019-03-31,2019-03-31,2019-03-31,2021-09-22,-25000000.0,38176000000.0,,,,,30.142,-32000000.0,6119000000.0,6119000000.0,22000000.0,261000000.0,,4.986,2977000000.0,,,2977000000.0,0.0,27000000.0,21618000000.0,0.016,0.453,347000000.0,374000000.0,0.201,374000000.0,347000000.0,347000000.0,1.233,1.207,1.233,6366000000.0,,6366000000.0,7419864374.0,6.0,5.11,-237000000.0,-1.122,1.0,1837000000.0,0.988,630000000.0,0.0,34404000000.0,,0.0,26172000000.0,,,31741000000.0,,,11340864374.0,-985000000.0,0.0,-41000000.0,-302000000.0,-48000000.0,-427000000.0,-377000000.0,-337000000.0,-205000000.0,24000000.0,261000000.0,261000000.0,261000000.0,0.0,0.0,0.14,1490000000.0,347000000.0,5230000000.0,0.367,1.781,11.284,11.521,498000000.0,0.0,53.607,1.507,1.504,3603000000.0,5448000000.0,1859000000.0,1859000000.0,0.0,,,,,28000000.0,1413000000.0,1.0,211556978.0,211200000,215850000.0,8.802,37546000000.0,188000000.0,86000000.0,0.0,177.775,
10,RJF,MRQ,2018-12-31,2018-12-31,2018-12-31,2021-09-22,-39000000.0,38544000000.0,,,,,28.4,-27000000.0,7104000000.0,7104000000.0,24000000.0,249000000.0,,5.261,3183000000.0,,,3183000000.0,0.0,26000000.0,21673000000.0,0.015,0.0,332000000.0,358000000.0,0.185,358000000.0,332000000.0,332000000.0,1.153,1.127,1.153,6143000000.0,,6143000000.0,7590521507.0,6.0,5.293,198000000.0,0.915,1.0,1907000000.0,0.988,633000000.0,0.0,33990000000.0,,0.0,25568000000.0,,,32319000000.0,,,10661826507.0,1163000000.0,0.0,-480000000.0,299000000.0,-47000000.0,1526000000.0,-533000000.0,-472000000.0,225000000.0,-55000000.0,249000000.0,249000000.0,249000000.0,0.0,0.0,0.129,1575000000.0,332000000.0,6102000000.0,0.0,1.736,10.802,10.943,490000000.0,0.0,49.607,1.426,1.435,3723000000.0,5236000000.0,1931000000.0,1931000000.0,0.0,,,,,37000000.0,1451000000.0,1.0,214927292.0,216300000,220950000.0,8.927,37911000000.0,186000000.0,83000000.0,0.0,175.27,
11,RJF,MRQ,2018-09-30,2018-09-30,2018-09-30,2021-09-22,-27000000.0,37413000000.0,,,,,29.158,-38000000.0,5941000000.0,5941000000.0,24000000.0,263000000.0,,4.862,2870000000.0,,,2870000000.0,0.0,27000000.0,19942000000.0,0.012,0.2,350000000.0,377000000.0,0.199,377000000.0,350000000.0,350000000.0,1.207,1.173,1.207,6368000000.0,,6368000000.0,13073445651.0,10.0,9.272,622000000.0,2.848,1.0,1875000000.0,0.987,639000000.0,0.0,33703000000.0,,0.0,24998000000.0,,,30961000000.0,,,13429032651.0,74000000.0,0.0,-38000000.0,-1000000.0,-44000000.0,378000000.0,-978000000.0,-935000000.0,660000000.0,14000000.0,263000000.0,263000000.0,263000000.0,0.0,0.0,0.138,1525000000.0,350000000.0,6290000000.0,0.166,2.109,15.67,15.627,486000000.0,0.0,61.367,1.846,1.839,4192000000.0,5032000000.0,1899000000.0,1899000000.0,0.0,,,,,24000000.0,1428000000.0,1.0,218832688.0,218400000,223200000.0,8.695,36774000000.0,203000000.0,87000000.0,0.0,168.379,
12,RJF,MRQ,2018-06-30,2018-06-30,2018-06-30,2021-09-22,-26593000.0,36364109000.0,,,,,28.193,-26000000.0,3179751000.0,3179751000.0,23000000.0,232000000.0,,4.891,2824164000.0,,,2824164000.0,0.0,25000000.0,19478561000.0,0.011,0.2,318000000.0,343000000.0,0.187,343000000.0,318000000.0,318000000.0,1.06,1.033,1.06,6157363000.0,,6157363000.0,12812535136.0,10.0,9.612,-408000000.0,-1.868,1.0,1814000000.0,0.987,641787000.0,0.0,35366735000.0,,0.0,27145480000.0,,,30114058000.0,,,13032755136.0,-352000000.0,0.0,-1000000.0,-2000000.0,-36000000.0,730000000.0,-683000000.0,-706000000.0,-382000000.0,-17000000.0,232000000.0,232000000.0,232000000.0,0.0,0.0,0.126,1496000000.0,318000000.0,6126859000.0,0.189,2.117,16.555,16.487,471603000.0,0.0,59.567,1.845,1.841,3808307000.0,4814603000.0,1837000000.0,1837000000.0,0.0,,,,,19000000.0,1403000000.0,1.0,218792756.0,218400000,224100000.0,8.411,35722322000.0,231816000.0,86000000.0,0.0,163.564,
13,RJF,MRQ,2018-03-31,2018-03-31,2018-03-31,2021-09-22,-22523000.0,36030871000.0,,,,,27.24,-34000000.0,3139938000.0,3139938000.0,23000000.0,243000000.0,,5.048,2919718000.0,,,2919718000.0,0.0,24000000.0,18711903000.0,0.011,0.333,332000000.0,356000000.0,0.196,356000000.0,332000000.0,332000000.0,1.113,1.087,1.113,5940987000.0,,5940987000.0,12645765752.0,11.0,9.832,150000000.0,0.688,1.0,1789000000.0,0.987,646809000.0,0.0,35163842000.0,,0.0,26909374000.0,,,29988649000.0,,,13019433752.0,-1248000000.0,0.0,-3000000.0,-631000000.0,-39000000.0,-668000000.0,-741000000.0,-719000000.0,184000000.0,-23000000.0,243000000.0,243000000.0,243000000.0,0.0,0.0,0.134,1457000000.0,332000000.0,6850154000.0,0.299,2.191,17.625,17.531,468347000.0,0.0,59.607,1.9,1.897,3786640000.0,4626064000.0,1812000000.0,1812000000.0,0.0,,,,,18000000.0,1382000000.0,1.0,218422443.0,218100000,223500000.0,8.308,35384062000.0,219094000.0,89000000.0,0.0,162.238,
14,RJF,MRQ,2017-12-31,2017-12-31,2017-12-31,2021-09-22,-20454000.0,36084899000.0,,,,,26.283,-36000000.0,3897529000.0,3897529000.0,22000000.0,119000000.0,,5.316,3523861000.0,,,3523861000.0,0.0,23000000.0,18725545000.0,0.007,0.0,311000000.0,334000000.0,0.194,334000000.0,311000000.0,311000000.0,0.547,0.533,0.547,5696748000.0,,5696748000.0,12730537240.0,12.0,11.4,386000000.0,1.781,1.0,1704000000.0,0.987,651339000.0,0.0,35059892000.0,,0.0,26497402000.0,,,30281944000.0,,,12894967240.0,321000000.0,-159000000.0,-20000000.0,19000000.0,-32000000.0,980000000.0,-1074000000.0,-849000000.0,422000000.0,-7000000.0,119000000.0,119000000.0,119000000.0,0.0,0.0,0.069,1393000000.0,311000000.0,6592039000.0,0.0,2.264,21.194,21.209,454115000.0,0.0,59.533,1.953,1.954,3527846000.0,4420368000.0,1726000000.0,1726000000.0,0.0,,,,,38000000.0,1317000000.0,1.0,216600794.0,216750000,222450000.0,7.963,35433560000.0,199507000.0,192000000.0,0.0,163.477,
15,RJF,MRQ,2017-09-30,2017-09-30,2017-09-30,2021-09-22,-15199000.0,34883456000.0,,,,,25.837,-37285000.0,7145757000.0,7145757000.0,21794000.0,194401000.0,,5.23,3505242000.0,,,3505242000.0,0.0,21851000.0,17732362000.0,0.01,0.147,278094000.0,299945000.0,0.177,299945000.0,278094000.0,278094000.0,0.893,0.873,0.893,5581713000.0,,5581713000.0,12424053151.0,13.0,12.313,-1490372000.0,-6.899,1.0,1668220000.0,0.987,493183000.0,0.0,30749758000.0,,0.0,22025670000.0,,,29190105000.0,,,12159341151.0,-354027000.0,0.0,-1821000.0,670972000.0,-31678000.0,1762746000.0,-704145000.0,-657159000.0,-1453087000.0,40459000.0,193254000.0,193254000.0,193254000.0,0.0,1147000.0,0.114,1351261000.0,316959000.0,6151588000.0,0.165,2.178,19.118,19.038,437374000.0,0.0,56.22,1.909,1.897,3687561000.0,4340054000.0,1690014000.0,1690014000.0,0.0,,,,,19771000.0,1264147000.0,1.0,216281415.0,216034500,221038500.0,7.823,34390273000.0,313486000.0,84840000.0,0.0,159.189,
16,RJF,MRQ,2017-06-30,2017-06-30,2017-06-30,2021-09-22,-22010000.0,33433426000.0,,,,,25.0,-29663000.0,2615479000.0,2615479000.0,20133000.0,185351000.0,,5.183,2880191000.0,,,2880191000.0,0.0,21190000.0,16310881000.0,0.011,0.147,275014000.0,296204000.0,0.182,296204000.0,275014000.0,275014000.0,0.847,0.827,0.847,5389272000.0,,5389272000.0,11235471722.0,13.0,11.656,263173000.0,1.221,1.0,1604414000.0,0.988,495116000.0,0.0,33203022000.0,,0.0,24693883000.0,,,27932676000.0,,,11553372722.0,-20847000.0,0.0,-3116000.0,557319000.0,-32295000.0,461306000.0,-787163000.0,-791320000.0,292836000.0,12174000.0,183424000.0,183424000.0,183424000.0,0.0,1927000.0,0.113,1327473000.0,276941000.0,6822440000.0,0.174,2.144,18.804,18.699,421174000.0,0.0,53.48,1.881,1.877,2911440000.0,4178883000.0,1624547000.0,1624547000.0,0.0,,,,,23214000.0,1246013000.0,1.0,216031652.0,215568000,220654500.0,7.536,32938310000.0,382753000.0,91590000.0,0.0,152.798,
17,RJF,MRQ,2017-03-31,2017-03-31,2017-03-31,2021-09-22,-27434000.0,32928731000.0,,,,,24.216,-44681000.0,2636326000.0,2636326000.0,17778000.0,108545000.0,,5.3,2318425000.0,,,2318425000.0,0.0,21018000.0,16377544000.0,0.011,0.147,165513000.0,186531000.0,0.119,186531000.0,165513000.0,165513000.0,0.52,0.513,0.52,5207748000.0,,5207748000.0,11229476504.0,14.0,12.706,183271000.0,0.852,1.0,1545859000.0,0.989,496222000.0,0.0,32114608000.0,,0.0,24155747000.0,,,27600514000.0,,,10957495504.0,108051000.0,0.0,-3005000.0,-159553000.0,-31772000.0,666170000.0,-789952000.0,-779028000.0,227952000.0,3881000.0,112755000.0,112755000.0,112755000.0,0.0,-4210000.0,0.072,1376274000.0,169585000.0,7335392000.0,0.283,2.104,19.69,19.501,409543000.0,0.0,50.84,1.865,1.861,2946597000.0,4027927000.0,1563637000.0,1563637000.0,0.0,,,,,33443000.0,1200798000.0,1.0,215529022.0,215050500,220168500.0,7.271,32432509000.0,365869000.0,52758000.0,0.0,150.813,
18,RJF,MRQ,2016-12-31,2016-12-31,2016-12-31,2021-09-22,-33140000.0,31669390000.0,,,,,23.835,-78371000.0,2528275000.0,2528275000.0,19295000.0,147703000.0,,5.209,2800256000.0,,,2800256000.0,0.0,19941000.0,15189790000.0,0.012,0.147,206379000.0,226320000.0,0.152,226320000.0,206379000.0,206379000.0,0.687,0.667,0.687,5080877000.0,,5080877000.0,10678949200.0,13.0,11.695,728928000.0,3.42,1.0,1473507000.0,0.987,499195000.0,0.0,31442176000.0,,0.0,23099818000.0,,,26464789000.0,,,9834330200.0,877823000.0,0.0,-26058000.0,307262000.0,-31255000.0,1174778000.0,-1094740000.0,-1033493000.0,807299000.0,-9514000.0,146567000.0,146567000.0,146567000.0,0.0,1136000.0,0.098,1265992000.0,207515000.0,7213506000.0,0.214,1.936,17.266,17.231,382298000.0,0.0,46.18,1.749,1.75,2927355000.0,3947074000.0,1492802000.0,1492802000.0,0.0,,,,,32572000.0,1160042000.0,1.0,212956479.0,213165000,218512500.0,7.003,31170195000.0,318160000.0,59812000.0,0.0,146.226,
19,RJF,MRQ,2016-09-30,2016-09-30,2016-09-30,2021-09-22,-55733000.0,31486976000.0,,,,,23.183,-35215000.0,1650452000.0,1650452000.0,-14663000.0,178157000.0,,5.375,2802577000.0,,,2802577000.0,0.0,18419000.0,14262547000.0,0.014,0.133,236422000.0,254841000.0,0.175,254841000.0,236422000.0,236422000.0,0.807,0.787,0.807,4916545000.0,,4916545000.0,8294865419.0,10.0,9.501,-568100000.0,-2.679,1.0,1474604000.0,1.01,503046000.0,0.0,32136055000.0,,0.0,24265199000.0,,,26424000000.0,,,8247435419.0,-327605000.0,-175283000.0,-1001000.0,803301000.0,-28438000.0,1052972000.0,-862167000.0,-613076000.0,-532885000.0,14475000.0,171670000.0,171670000.0,171670000.0,0.0,6487000.0,0.118,1231695000.0,242909000.0,7307322000.0,0.165,1.677,15.58,15.648,321457000.0,0.0,38.807,1.526,1.527,3705963000.0,3834781000.0,1459941000.0,1459941000.0,0.0,,,,,15649000.0,1108631000.0,1.0,212526252.0,212079000,216297000.0,6.884,30983930000.0,322024000.0,64752000.0,0.0,146.096,
20,RJF,MRQ,2016-06-30,2016-06-30,2016-06-30,2021-09-22,-55875000.0,28843431000.0,,,,,22.42,-28338000.0,1978057000.0,1978057000.0,25244000.0,132593000.0,,5.024,2025487000.0,,,2025487000.0,0.0,18312000.0,13732194000.0,0.016,0.133,197765000.0,216077000.0,0.159,216077000.0,197765000.0,197765000.0,0.593,0.58,0.593,4747459000.0,,4747459000.0,7467965929.0,10.0,8.867,-11272000.0,-0.053,1.0,1333720000.0,0.981,384893000.0,0.0,28505968000.0,,0.0,21498702000.0,,,23849301000.0,,,6977507929.0,498271000.0,0.0,-2326000.0,-13306000.0,-28845000.0,954199000.0,-469257000.0,-413062000.0,17066000.0,-3737000.0,125504000.0,125504000.0,125504000.0,0.0,7089000.0,0.092,1128866000.0,204854000.0,6637707000.0,0.224,1.47,14.331,14.415,294994000.0,0.0,32.867,1.319,1.316,2402036000.0,3689244000.0,1358964000.0,1358964000.0,0.0,,,,,18042000.0,1057914000.0,1.0,212297402.0,211747500,215928000.0,6.418,28458538000.0,296619000.0,72261000.0,0.0,134.398,
21,RJF,MRQ,2016-03-31,2016-03-31,2016-03-31,2021-09-22,-50300000.0,27753211000.0,,,,,21.843,-25599000.0,1479786000.0,1479786000.0,24799000.0,121837000.0,,4.935,1970244000.0,,,1970244000.0,0.0,17743000.0,12729457000.0,0.016,0.133,198118000.0,215861000.0,0.165,215861000.0,198118000.0,198118000.0,0.593,0.58,0.593,4635290000.0,,4635290000.0,6155276429.0,8.0,7.229,-331071000.0,-1.56,1.0,1287202000.0,0.981,376964000.0,0.0,27866705000.0,,0.0,20981049000.0,,,22875972000.0,,,6725787429.0,-1116602000.0,0.0,-147036000.0,-1090000.0,-29046000.0,-88470000.0,-736834000.0,-715948000.0,-305472000.0,14174000.0,125847000.0,125847000.0,125847000.0,0.0,-4010000.0,0.096,1093094000.0,194108000.0,6781498000.0,0.224,1.451,13.6,13.758,282285000.0,0.0,31.74,1.281,1.283,2496024000.0,3592753000.0,1312001000.0,1312001000.0,0.0,,,,,20335000.0,1032727000.0,1.0,211902566.0,212208000,216018000.0,6.183,27376247000.0,272644000.0,72271000.0,0.0,129.007,
22,RJF,MRQ,2015-12-31,2015-12-31,2015-12-31,2021-09-22,-50644000.0,26907327000.0,,,,,21.655,-32581000.0,2596388000.0,2596388000.0,24550000.0,108064000.0,,4.732,2025877000.0,,,2025877000.0,0.0,17909000.0,12657609000.0,0.013,0.133,168338000.0,186247000.0,0.146,186247000.0,168338000.0,168338000.0,0.493,0.487,0.493,4646814000.0,,4646814000.0,7908107429.0,10.0,9.488,215392000.0,1.004,1.0,1249608000.0,0.981,374407000.0,0.0,25962409000.0,,0.0,19419697000.0,,,21986684000.0,,,8298330429.0,-4618000.0,0.0,-12139000.0,-91091000.0,-27106000.0,621778000.0,-849645000.0,-816783000.0,247973000.0,-24724000.0,106329000.0,106329000.0,106329000.0,0.0,1735000.0,0.083,1079535000.0,170073000.0,6121180000.0,0.27,1.786,17.21,17.253,272103000.0,0.0,38.647,1.588,1.587,2183475000.0,3495513000.0,1274158000.0,1274158000.0,0.0,,,,,22400000.0,1020949000.0,1.0,214723058.0,214587000,219211500.0,5.938,26532920000.0,258770000.0,62009000.0,0.0,123.646,
23,RJF,MRQ,2015-09-30,2015-09-30,2015-09-30,2021-09-22,-40503000.0,26468032000.0,,,,,21.04,-22446000.0,2601006000.0,2601006000.0,25048000.0,161405000.0,,4.795,2199131000.0,,,2199131000.0,0.0,17264000.0,11919881000.0,0.015,0.12,206816000.0,224080000.0,0.167,224080000.0,206816000.0,206816000.0,0.6,0.587,0.6,4522031000.0,,4522031000.0,6708606474.0,8.0,7.742,411462000.0,1.914,1.0,1319331000.0,0.981,376962000.0,0.0,25689195000.0,,0.0,18718047000.0,,,21681934000.0,,,7146220474.0,18925000.0,-15823000.0,-57652000.0,4794000.0,-26028000.0,820748000.0,-1242205000.0,-1183466000.0,433908000.0,6474000.0,129186000.0,129186000.0,129186000.0,0.0,32219000.0,0.096,1080296000.0,239035000.0,6042945000.0,0.2,1.58,14.232,14.14,255875000.0,0.0,33.087,1.373,1.36,2444559000.0,3419719000.0,1344379000.0,1344379000.0,0.0,,,,,7188000.0,1055290000.0,1.0,215984902.0,214924500,219219000.0,6.255,26091070000.0,266899000.0,77630000.0,0.0,121.396,
24,RJF,MRQ,2015-06-30,2015-06-30,2015-06-30,2021-09-22,-23292000.0,24808416000.0,,,,,20.815,-22022000.0,2582081000.0,2582081000.0,24941000.0,126360000.0,,4.485,2144467000.0,,,2144467000.0,0.0,17122000.0,11010616000.0,0.012,0.12,208130000.0,225252000.0,0.171,225252000.0,208130000.0,208130000.0,0.62,0.607,0.62,4472665000.0,,4472665000.0,8253020821.0,10.0,9.477,62078000.0,0.289,1.0,1296048000.0,0.981,354647000.0,0.0,24016155000.0,,0.0,17185710000.0,,,20062127000.0,,,8570165821.0,41944000.0,8705000.0,-16013000.0,-53330000.0,-27710000.0,-366608000.0,331241000.0,340992000.0,84100000.0,-6789000.0,133195000.0,133195000.0,133195000.0,0.0,-6835000.0,0.101,1094753000.0,201295000.0,5566573000.0,0.194,1.916,16.827,16.64,249018000.0,0.0,39.72,1.666,1.659,2417114000.0,3316400000.0,1320989000.0,1320989000.0,0.0,,,,,31368000.0,1051005000.0,1.0,215764497.0,214878000,219739500.0,6.148,24453769000.0,259486000.0,74935000.0,0.0,113.803,
25,RJF,MRQ,2015-03-31,2015-03-31,2015-03-31,2021-09-22,-22795000.0,24967935000.0,,,,,20.496,-16585000.0,2540137000.0,2540137000.0,28575000.0,108776000.0,,4.643,2222992000.0,,,2222992000.0,0.0,17602000.0,11272013000.0,0.012,0.12,180320000.0,197922000.0,0.154,197922000.0,180320000.0,180320000.0,0.527,0.513,0.527,4375425000.0,,4375425000.0,7624380191.0,10.0,8.943,124452000.0,0.583,1.0,1257203000.0,0.978,350673000.0,0.0,24300117000.0,,0.0,17538756000.0,,,20316025000.0,,,8107139191.0,-109248000.0,-8751000.0,-2169000.0,115557000.0,-25779000.0,286376000.0,-500208000.0,-474872000.0,141037000.0,-36453000.0,113463000.0,113463000.0,113463000.0,0.0,-4687000.0,0.088,1081570000.0,175633000.0,5337600000.0,0.228,1.853,16.253,16.128,242071000.0,0.0,37.853,1.609,1.604,2205916000.0,3211083000.0,1285778000.0,1285778000.0,0.0,,,,,19634000.0,1033963000.0,1.0,214172398.0,213480000,219075000.0,6.023,24617262000.0,259456000.0,66857000.0,0.0,115.314,
26,RJF,MRQ,2014-12-31,2014-12-31,2014-12-31,2021-09-22,-8352000.0,24253246000.0,,,,,20.157,-13058000.0,2649385000.0,2649385000.0,23753000.0,122037000.0,,4.612,2166626000.0,,,2166626000.0,0.0,16327000.0,11089019000.0,0.012,0.12,202908000.0,219235000.0,0.175,219235000.0,202908000.0,202908000.0,0.593,0.58,0.593,4270665000.0,,4270665000.0,8044587627.0,10.0,9.624,226591000.0,1.069,1.0,1228707000.0,0.981,352474000.0,0.0,23418013000.0,,0.0,16809414000.0,,,19695112000.0,,,8109526627.0,450322000.0,46000.0,-12708000.0,-60674000.0,-23626000.0,989527000.0,-765438000.0,-752426000.0,239649000.0,-13416000.0,126296000.0,126296000.0,126296000.0,0.0,-4259000.0,0.101,1030058000.0,198649000.0,5266400000.0,0.202,1.899,16.553,16.512,242540000.0,0.0,38.193,1.645,1.641,2287593000.0,3123498000.0,1252460000.0,1252460000.0,0.0,,,,,13298000.0,973583000.0,1.0,212328328.0,211869000,217923000.0,5.911,23900772000.0,236925000.0,76612000.0,0.0,112.809,
27,RJF,MRQ,2014-09-30,2014-09-30,2014-09-30,2021-09-22,-1888000.0,23325652000.0,,,,,19.65,-16045000.0,2199063000.0,2199063000.0,24638000.0,129156000.0,,4.562,2134124000.0,,,2134124000.0,0.0,16005000.0,10028924000.0,0.012,0.107,212414000.0,228419000.0,0.178,228419000.0,212414000.0,212414000.0,0.647,0.627,0.647,4141236000.0,,4141236000.0,6804755268.0,9.0,8.378,40622000.0,0.193,1.0,1260453000.0,0.981,354261000.0,0.0,22906452000.0,,0.0,16229464000.0,,,18892396000.0,,,7569403268.0,-646694000.0,-1720000.0,-633000.0,94765000.0,-22660000.0,-163276000.0,-529336000.0,-511285000.0,56667000.0,-10749000.0,136366000.0,136366000.0,136366000.0,0.0,-7210000.0,0.106,1055249000.0,205204000.0,5353252000.0,0.165,1.828,15.761,15.715,245401000.0,0.0,35.72,1.557,1.542,2392908000.0,3023845000.0,1285091000.0,1285091000.0,0.0,,,,,18357000.0,1004915000.0,1.0,211909386.0,210748500,216630000.0,6.098,22971391000.0,231325000.0,76048000.0,0.0,108.999,
28,RJF,MRQ,2014-06-30,2014-06-30,2014-06-30,2021-09-22,6918000.0,23070289000.0,,,,,19.083,-12784000.0,2845757000.0,2845757000.0,22222000.0,110379000.0,,4.672,2081109000.0,,,2081109000.0,0.0,15714000.0,10267838000.0,0.012,0.107,191243000.0,206957000.0,0.17,206957000.0,191243000.0,191243000.0,0.58,0.567,0.58,4015176000.0,,4015176000.0,6217261214.0,9.0,8.146,305043000.0,1.45,1.0,1192009000.0,0.982,356035000.0,0.0,21949606000.0,,0.0,15490838000.0,,,18757111000.0,,,7156739214.0,203881000.0,6177000.0,-1582000.0,468793000.0,-22682000.0,300297000.0,-404959000.0,-398352000.0,317827000.0,-9284000.0,122689000.0,122689000.0,122689000.0,0.0,-12310000.0,0.101,1013076000.0,178933000.0,5144714000.0,0.184,1.782,15.513,15.422,244433000.0,0.0,33.82,1.523,1.514,2279022000.0,2910165000.0,1214231000.0,1214231000.0,0.0,,,,,16276000.0,964683000.0,1.0,211612632.0,210405000,215977500.0,5.771,22714254000.0,219008000.0,68554000.0,0.0,107.955,
29,RJF,MRQ,2014-03-31,2014-03-31,2014-03-31,2021-09-22,-1234000.0,22868902000.0,,,,,18.531,-18629000.0,2641876000.0,2641876000.0,23674000.0,92095000.0,,4.799,1702398000.0,,,1702398000.0,0.0,15835000.0,10414804000.0,0.011,0.107,165464000.0,181299000.0,0.154,181299000.0,165464000.0,165464000.0,0.493,0.48,0.493,3888304000.0,,3888304000.0,6740892649.0,11.0,9.572,97948000.0,0.467,1.0,1154971000.0,0.98,357846000.0,0.0,21571578000.0,,0.0,15600663000.0,,,18660541000.0,,,7872028649.0,-160076000.0,-6464000.0,-1184000.0,-1207000.0,-22480000.0,391204000.0,-657175000.0,-632082000.0,116577000.0,-10682000.0,104560000.0,104560000.0,104560000.0,0.0,-12465000.0,0.089,1001972000.0,152999000.0,5403715000.0,0.217,2.025,18.631,18.523,244984000.0,0.0,37.287,1.713,1.703,2260215000.0,2810190000.0,1178645000.0,1178645000.0,0.0,,,,,12586000.0,958358000.0,1.0,211121812.0,209832000,215454000.0,5.617,22511056000.0,216882000.0,60904000.0,0.0,107.281,
30,RJF,MRQ,2013-12-31,2013-12-31,2013-12-31,2021-09-22,5545000.0,21924495000.0,,,,,18.128,-12691000.0,2801952000.0,2801952000.0,21753000.0,116521000.0,,4.706,1670816000.0,,,1670816000.0,0.0,16609000.0,10005438000.0,0.011,0.107,178924000.0,195533000.0,0.165,195533000.0,178924000.0,178924000.0,0.553,0.54,0.553,3782076000.0,,3782076000.0,6355568886.0,11.0,9.479,3825000.0,0.018,1.0,1161649000.0,0.982,359630000.0,0.0,20433729000.0,,0.0,14806793000.0,,,17798907000.0,,,7309729886.0,205336000.0,0.0,-5028000.0,-17210000.0,-20280000.0,695736000.0,-505294000.0,-492603000.0,16516000.0,-1622000.0,116633000.0,116633000.0,116633000.0,0.0,-112000.0,0.099,982837000.0,178812000.0,5121885000.0,0.193,1.933,18.37,18.312,241109000.0,0.0,34.793,1.603,1.592,2122460000.0,2728175000.0,1183402000.0,1183402000.0,0.0,,,,,14953000.0,938728000.0,1.0,210089956.0,208633500,213895500.0,5.672,21564865000.0,198997000.0,62291000.0,0.0,103.362,
31,RJF,MRQ,2013-09-30,2013-09-30,2013-09-30,2021-09-22,10726000.0,23186122000.0,,,,,17.638,-7122000.0,2596616000.0,2596616000.0,19697000.0,114032000.0,,5.238,1642455000.0,,,1642455000.0,0.0,17469000.0,9295371000.0,0.013,0.093,161969000.0,179438000.0,0.16,179438000.0,161969000.0,161969000.0,0.567,0.547,0.567,3662924000.0,,3662924000.0,4841381698.0,9.0,7.678,239506000.0,1.153,1.0,1103611000.0,0.982,361464000.0,0.0,21870497000.0,,0.0,16019776000.0,,,19187785000.0,,,5827414698.0,11071000.0,4865000.0,-1137000.0,-10553000.0,-19591000.0,138262000.0,-375650000.0,-369661000.0,246628000.0,1831000.0,117458000.0,117458000.0,117458000.0,0.0,-3426000.0,0.105,945068000.0,158543000.0,7037175000.0,0.164,1.591,15.872,15.784,244416000.0,0.0,27.78,1.299,1.28,2373190000.0,2635026000.0,1123308000.0,1123308000.0,0.0,,,,,14246000.0,891439000.0,1.0,209770148.0,207673500,212503500.0,5.409,22824658000.0,195160000.0,44511000.0,0.0,109.906,
32,RJF,MRQ,2013-06-30,2013-06-30,2013-06-30,2021-09-22,7039000.0,22214191000.0,,,,,17.099,-18824000.0,2585545000.0,2585545000.0,19635000.0,80705000.0,,5.174,1599512000.0,,,1599512000.0,0.0,15879000.0,9130384000.0,0.013,0.093,132054000.0,147933000.0,0.133,147933000.0,132054000.0,132054000.0,0.4,0.393,0.4,3544195000.0,,3544195000.0,5677213197.0,11.0,9.642,218345000.0,1.053,1.0,1089901000.0,0.982,362677000.0,0.0,20865481000.0,,0.0,14974053000.0,,,18339049000.0,,,6001971197.0,411396000.0,10000.0,-1270000.0,-101483000.0,-19545000.0,-36941000.0,214955000.0,233769000.0,237169000.0,-3787000.0,83862000.0,83862000.0,83862000.0,0.0,-3157000.0,0.076,961004000.0,128897000.0,6599401000.0,0.233,1.693,18.023,17.908,251835000.0,0.0,28.653,1.356,1.341,2432372000.0,2537252000.0,1109536000.0,1109536000.0,0.0,,,,,13850000.0,910522000.0,1.0,209468516.0,207277500,211846500.0,5.353,21851514000.0,168778000.0,48192000.0,0.0,105.422,
33,RJF,MRQ,2013-03-31,2013-03-31,2013-03-31,2021-09-22,14514000.0,22735145000.0,,,,,16.789,-27998000.0,2174149000.0,2174149000.0,19815000.0,108246000.0,,5.423,1849391000.0,,,1849391000.0,0.0,16593000.0,9074351000.0,0.012,0.093,131017000.0,147610000.0,0.129,147610000.0,131017000.0,131017000.0,0.38,0.373,0.38,3470756000.0,,3470756000.0,6018002898.0,12.0,10.309,-89979000.0,-0.435,1.0,1123280000.0,0.983,364874000.0,0.0,22045513000.0,,0.0,15645966000.0,,,18823261000.0,,,6428942898.0,-13558000.0,2439000.0,-1040000.0,47096000.0,-19489000.0,159748000.0,-108655000.0,-83096000.0,-61981000.0,-2670000.0,79960000.0,79960000.0,79960000.0,0.0,28286000.0,0.07,963977000.0,159303000.0,6604000000.0,0.245,1.852,19.75,19.613,248849000.0,0.0,30.733,1.46,1.443,2525397000.0,2472960000.0,1143095000.0,1143095000.0,0.0,,,,,15464000.0,898247000.0,1.0,209184693.0,206725500,211083000.0,5.53,22370271000.0,165550000.0,51057000.0,0.0,108.212,
34,RJF,MRQ,2012-12-31,2012-12-31,2012-12-31,2021-09-22,15899000.0,22275971000.0,,,,,16.504,-18935000.0,2187707000.0,2187707000.0,18218000.0,93894000.0,,5.464,1776767000.0,,,1776767000.0,0.0,16418000.0,8946665000.0,0.014,0.093,139147000.0,155565000.0,0.14,155565000.0,139147000.0,139147000.0,0.413,0.407,0.413,3379801000.0,,3379801000.0,5112707716.0,10.0,9.167,219054000.0,1.07,1.0,1091270000.0,0.984,374510000.0,0.0,21490521000.0,,0.0,15384556000.0,,,18466389000.0,,,5333885716.0,207687000.0,-7314000.0,-8271000.0,-8494000.0,-17968000.0,354363000.0,-382624000.0,-356375000.0,237989000.0,-2041000.0,85874000.0,85874000.0,85874000.0,0.0,8020000.0,0.077,944103000.0,147167000.0,6572063000.0,0.225,1.578,16.964,16.756,235733000.0,0.0,25.687,1.29,1.273,2301071000.0,2412561000.0,1109488000.0,1109488000.0,0.0,,,,,15712000.0,893021000.0,1.0,207651922.0,204786000,208041000.0,5.418,21901461000.0,164541000.0,53273000.0,0.0,106.948,
35,RJF,MRQ,2012-09-30,2012-09-30,2012-09-30,2021-09-22,9447000.0,21160265000.0,,,,,16.071,-23943000.0,1980020000.0,1980020000.0,19613000.0,76398000.0,,5.347,1758842000.0,,,1758842000.0,0.0,13366000.0,8599713000.0,0.014,0.087,124307000.0,137673000.0,0.129,137673000.0,124307000.0,124307000.0,0.407,0.4,0.407,3268940000.0,,3268940000.0,5250454747.0,11.0,10.04,151559000.0,0.745,1.0,1045996000.0,0.982,361246000.0,0.0,20577841000.0,,0.0,14271714000.0,,,17479983000.0,,,5058351747.0,250985000.0,22351000.0,-371000.0,-17780000.0,-18127000.0,296138000.0,-222614000.0,-221022000.0,175502000.0,1959000.0,83325000.0,83325000.0,83325000.0,0.0,-6927000.0,0.078,928616000.0,117380000.0,5740073000.0,0.214,1.547,17.097,16.509,231195000.0,0.0,24.433,1.329,1.259,2492583000.0,2346563000.0,1065609000.0,1065609000.0,0.0,,,,,14343000.0,875137000.0,1.0,207026674.0,203409000,204904500.0,5.239,20799019000.0,168187000.0,40982000.0,0.0,102.252,
36,RJF,MRQ,2012-06-30,2012-06-30,2012-06-30,2021-09-22,-4996000.0,21170555000.0,,,,,15.564,-22390000.0,1729035000.0,1729035000.0,18790000.0,89471000.0,,5.57,1921138000.0,,,1921138000.0,0.0,18026000.0,8277304000.0,0.015,0.087,124870000.0,142896000.0,0.132,142896000.0,124870000.0,124870000.0,0.367,0.367,0.367,3157696000.0,,3157696000.0,3626539720.0,8.0,6.959,124327000.0,0.613,1.0,1067418000.0,0.983,286372000.0,0.0,21076286000.0,,0.0,13792013000.0,,,17588846000.0,,,4719157720.0,-1146823000.0,-1097102000.0,-676000.0,-219949000.0,-17777000.0,163564000.0,-1456008000.0,-336516000.0,146717000.0,-1096000.0,76350000.0,76350000.0,76350000.0,0.0,13121000.0,0.07,929427000.0,137991000.0,6612390000.0,0.237,1.494,16.766,15.996,223560000.0,0.0,22.827,1.326,1.301,2785870000.0,2281407000.0,1086208000.0,1086208000.0,0.0,,,,,10643000.0,865517000.0,1.0,206738802.0,202884000,204985500.0,5.354,20884183000.0,188330000.0,48520000.0,0.0,102.937,
37,RJF,MRQ,2012-03-31,2012-03-31,2012-03-31,2021-09-22,3315000.0,19275376000.0,,,,,15.914,-17535000.0,2875858000.0,2875858000.0,16213000.0,65274000.0,,5.136,1783240000.0,,,1783240000.0,0.0,10082000.0,7913846000.0,0.014,0.087,111497000.0,121579000.0,0.139,121579000.0,111497000.0,111497000.0,0.347,0.347,0.347,3087853000.0,,3087853000.0,3566874063.0,8.0,7.631,71526000.0,0.369,1.0,855724000.0,0.981,71924000.0,0.0,18110834000.0,,0.0,12878242000.0,,,15859505000.0,,,4602666063.0,958904000.0,156000.0,360064000.0,935926000.0,-16479000.0,1477504000.0,-608285000.0,-590906000.0,89061000.0,624000.0,68869000.0,68869000.0,68869000.0,0.0,-3595000.0,0.079,747822000.0,107902000.0,5717587000.0,0.251,1.491,18.271,18.633,181752000.0,0.0,24.353,1.385,1.422,1961634000.0,2222857000.0,871937000.0,871937000.0,0.0,,,,,12395000.0,695245000.0,1.0,188995322.0,194029500,195966000.0,4.494,19203452000.0,179893000.0,42628000.0,0.0,98.972,
38,RJF,MRQ,2011-12-31,2011-12-31,2011-12-31,2021-09-22,-10446000.0,17891566000.0,,,,,14.265,-13647000.0,1916954000.0,1916954000.0,14016000.0,61122000.0,,5.662,881162000.0,,,881162000.0,0.0,9971000.0,7704896000.0,0.017,0.087,110851000.0,120822000.0,0.154,120822000.0,110851000.0,110851000.0,0.353,0.353,0.353,2636669000.0,,2636669000.0,2362366907.0,5.0,4.898,-33638000.0,-0.182,1.0,768761000.0,0.982,71924000.0,0.0,16783850000.0,,0.0,12549653000.0,,,14928612000.0,,,3901366907.0,-522741000.0,174000.0,-17054000.0,-15447000.0,-16399000.0,-57931000.0,-444308000.0,-430835000.0,-19991000.0,-511000.0,67325000.0,67325000.0,67325000.0,0.0,-6203000.0,0.086,664113000.0,104648000.0,5921040000.0,0.246,1.48,14.78,14.881,173901000.0,0.0,20.64,1.181,1.155,1985471000.0,2171907000.0,782777000.0,782777000.0,0.0,,,,,15735000.0,632965000.0,1.0,189019714.0,184837500,185568000.0,4.235,17819642000.0,185919000.0,43526000.0,0.0,96.407,
39,RJF,MRQ,2011-09-30,2011-09-30,2011-09-30,2021-09-22,-9605000.0,18006995000.0,,,,,14.003,-9030000.0,2439695000.0,2439695000.0,16446000.0,61780000.0,,5.834,900695000.0,,,900695000.0,0.0,10007000.0,7739322000.0,0.02,0.087,125829000.0,135836000.0,0.166,135836000.0,125829000.0,125829000.0,0.36,0.36,0.36,2587619000.0,,2587619000.0,2464385972.0,5.0,4.913,459256000.0,2.485,1.0,801337000.0,0.98,72967000.0,0.0,16395028000.0,,0.0,12354486000.0,,,15095150000.0,,,3286875972.0,841007000.0,-1001000.0,-16113000.0,-831000.0,-13744000.0,771567000.0,-396221000.0,-386190000.0,468286000.0,-2625000.0,68927000.0,68927000.0,68927000.0,0.0,-7147000.0,0.084,686264000.0,115073000.0,5926134000.0,0.242,1.27,11.808,11.797,169850000.0,0.0,17.307,0.986,0.953,2038485000.0,2125818000.0,817783000.0,817783000.0,0.0,,,,,7675000.0,649230000.0,1.0,189919644.0,184788000,184915500.0,4.426,17934028000.0,171911000.0,56902000.0,0.0,97.052,
40,RJF,MRQ,2011-06-30,2011-06-30,2011-06-30,2021-09-22,10903000.0,16117109000.0,,,,,13.841,-12196000.0,1598688000.0,1598688000.0,17980000.0,49198000.0,,5.179,776198000.0,,,776198000.0,0.0,10528000.0,6944458000.0,0.016,0.087,78667000.0,89195000.0,0.105,89195000.0,78667000.0,78667000.0,0.247,0.247,0.247,2558664000.0,,2558664000.0,3337522446.0,8.0,6.935,-55018000.0,-0.298,1.0,832407000.0,0.979,71924000.0,0.0,15222695000.0,,0.0,10762199000.0,,,13251870000.0,,,4067053446.0,325154000.0,-16076000.0,-82000.0,235787000.0,-16478000.0,472630000.0,-105477000.0,-77205000.0,-42822000.0,823000.0,46786000.0,46786000.0,46786000.0,0.0,2412000.0,0.055,706328000.0,126079000.0,4898473000.0,0.352,1.59,14.604,14.551,172346000.0,0.0,21.433,1.246,1.214,2295478000.0,2074315000.0,850387000.0,850387000.0,0.0,,,,,5225000.0,663822000.0,1.0,189753660.0,184857000,185937000.0,4.6,16045185000.0,206710000.0,31881000.0,0.0,86.798,
41,RJF,MRQ,2011-03-31,2011-03-31,2011-03-31,2021-09-22,9931000.0,15284179000.0,,,,,13.659,-6474000.0,1255168000.0,1255168000.0,17314000.0,78918000.0,,4.97,525637000.0,,,525637000.0,0.0,10228000.0,6710583000.0,0.013,0.087,126237000.0,136465000.0,0.16,136465000.0,126237000.0,126237000.0,0.427,0.427,0.427,2507790000.0,,2507790000.0,4272655708.0,9.0,8.631,-85946000.0,-0.468,1.0,834743000.0,0.98,62575000.0,0.0,14492073000.0,,0.0,10343172000.0,,,12464771000.0,,,4818117708.0,50285000.0,2043000.0,-1655000.0,-30807000.0,-16481000.0,3529000.0,123557000.0,127988000.0,-79472000.0,2671000.0,80917000.0,80917000.0,80917000.0,0.0,-1999000.0,0.095,710505000.0,124238000.0,4754431000.0,0.204,1.921,16.478,16.416,168828000.0,0.0,25.493,1.524,1.481,2239315000.0,2044007000.0,852057000.0,852057000.0,0.0,,,,,10433000.0,665560000.0,1.0,188995203.0,183594000,184897500.0,4.641,15221604000.0,187019000.0,45320000.0,0.0,82.909,
42,RJF,MRQ,2010-12-31,2010-12-31,2010-12-31,2021-09-22,4204000.0,14849838000.0,,,,,13.243,-9500000.0,1204883000.0,1204883000.0,16821000.0,77955000.0,,5.041,659421000.0,,,659421000.0,0.0,9574000.0,6682396000.0,0.014,0.087,130514000.0,140088000.0,0.172,140088000.0,130514000.0,130514000.0,0.433,0.433,0.433,2406742000.0,,2406742000.0,4365029280.0,10.0,9.481,1202949000.0,6.619,1.0,797008000.0,0.979,62575000.0,0.0,14241801000.0,,0.0,10281350000.0,,,12131905000.0,,,4085494280.0,-1738356000.0,-4369000.0,-5261000.0,-2539654000.0,-16387000.0,-2927110000.0,-22002000.0,-8133000.0,1212449000.0,-1693000.0,81723000.0,81723000.0,81723000.0,0.0,-3768000.0,0.1,670262000.0,126746000.0,4287278000.0,0.201,1.698,15.296,15.277,171569000.0,0.0,21.8,1.342,1.302,1929197000.0,1979572000.0,813829000.0,813829000.0,0.0,,,,,15539000.0,633203000.0,1.0,187407994.0,181732500,182301000.0,4.478,14787263000.0,181104000.0,48791000.0,0.0,81.368,
43,RJF,MRQ,2010-09-30,2010-09-30,2010-09-30,2021-09-22,-6197000.0,17883081000.0,,,,,12.815,-4308000.0,2943239000.0,2943239000.0,14640000.0,63188000.0,,6.638,3222774000.0,,,3222774000.0,0.0,10173000.0,7079718000.0,0.017,0.073,105353000.0,115526000.0,0.154,115526000.0,105353000.0,105353000.0,0.367,0.367,0.367,2302816000.0,,2302816000.0,2921311092.0,8.0,7.277,-1044105000.0,-5.81,1.0,733246000.0,0.98,62575000.0,0.0,18100041000.0,,0.0,11488173000.0,,,15286213000.0,,,3147342092.0,2073655000.0,2184000.0,-175000.0,2491407000.0,-13809000.0,3165331000.0,-51329000.0,-49205000.0,-1039797000.0,-550000.0,69065000.0,69065000.0,69065000.0,0.0,-5877000.0,0.092,633770000.0,99476000.0,4434092000.0,0.199,1.367,13.787,13.842,170768000.0,0.0,16.887,1.079,1.036,2082417000.0,1909865000.0,747886000.0,747886000.0,0.0,,,,,8206000.0,589329000.0,1.0,186380306.0,179700000,180000000.0,4.162,17820506000.0,165208000.0,36288000.0,0.0,99.168,
44,RJF,MRQ,2010-06-30,2010-06-30,2010-06-30,2021-09-22,-17565000.0,14880179000.0,,,,,12.369,-4735000.0,866196000.0,866196000.0,16468000.0,58523000.0,,5.594,640165000.0,,,640165000.0,0.0,5456000.0,6469727000.0,0.018,0.073,97511000.0,102967000.0,0.138,102967000.0,97511000.0,97511000.0,0.327,0.32,0.327,2219392000.0,,2219392000.0,2697981166.0,8.0,7.557,65911000.0,0.367,1.0,730905000.0,0.978,62575000.0,0.0,14591573000.0,,0.0,10297642000.0,,,12414259000.0,,,3062801166.0,-62790000.0,-8002000.0,1000.0,5481000.0,-13804000.0,-258715000.0,125314000.0,138051000.0,70646000.0,-35000.0,60687000.0,60687000.0,60687000.0,0.0,-2164000.0,0.081,635558000.0,95347000.0,4880341000.0,0.223,1.38,15.148,15.059,175603000.0,0.0,16.46,1.08,1.041,2445617000.0,1854610000.0,747373000.0,747373000.0,0.0,,,,,7384000.0,589228000.0,1.0,186075405.0,179433000,180028500.0,4.165,14817604000.0,177960000.0,36824000.0,0.0,82.58,
45,RJF,MRQ,2010-03-31,2010-03-31,2010-03-31,2021-09-22,-16014000.0,15277150000.0,,,,,12.071,-7417000.0,928986000.0,928986000.0,15655000.0,60180000.0,,5.964,564166000.0,,,564166000.0,0.0,12140000.0,6731459000.0,0.016,0.073,89656000.0,101796000.0,0.139,101796000.0,89656000.0,89656000.0,0.3,0.3,0.3,2159867000.0,,2159867000.0,2804053352.0,10.0,8.367,78856000.0,0.441,1.0,718784000.0,0.979,62575000.0,0.0,14849755000.0,,0.0,10614522000.0,,,12881334000.0,,,3308775352.0,-89599000.0,1629000.0,-41000.0,-1720000.0,-14710000.0,-278613000.0,102162000.0,107950000.0,86273000.0,579000.0,55628000.0,55628000.0,55628000.0,0.0,4552000.0,0.076,624576000.0,94208000.0,5175082000.0,0.243,1.532,17.973,17.827,181301000.0,0.0,17.827,1.217,1.174,2432550000.0,1807726000.0,734439000.0,734439000.0,0.0,,,,,11231000.0,576370000.0,1.0,185608191.0,178932000,179370000.0,4.105,15214575000.0,184161000.0,34028000.0,0.0,85.03,
46,RJF,MRQ,2009-12-31,2009-12-31,2009-12-31,2021-09-22,-25607000.0,14691995000.0,,,,,11.75,-5827000.0,1018585000.0,1018585000.0,15060000.0,40628000.0,,5.912,513863000.0,,,513863000.0,0.0,11758000.0,7007069000.0,0.018,0.073,69388000.0,81146000.0,0.118,81146000.0,69388000.0,69388000.0,0.233,0.233,0.233,2093179000.0,,2093179000.0,2153098693.0,10.0,8.461,-144342000.0,-0.81,1.0,671907000.0,0.978,62575000.0,0.0,14124698000.0,,0.0,10207123000.0,,,12375906000.0,,,2928147693.0,-1287500000.0,-5945000.0,-3322000.0,-938238000.0,-13686000.0,-3340181000.0,2190074000.0,2201846000.0,-138515000.0,1122000.0,42903000.0,42903000.0,42903000.0,0.0,-2275000.0,0.062,604794000.0,67113000.0,4540592000.0,0.313,1.399,21.761,21.619,182999000.0,0.0,15.847,1.14,1.099,2209928000.0,1766808000.0,686967000.0,686967000.0,0.0,,,,,12744000.0,545749000.0,1.0,184780040.0,178144500,178474500.0,3.856,14629420000.0,171836000.0,26485000.0,0.0,82.121,
47,RJF,MRQ,2009-09-30,2009-09-30,2009-09-30,2021-09-22,-41803000.0,18226728000.0,,,,,11.506,-6543000.0,2306085000.0,2306085000.0,14580000.0,37914000.0,,7.869,1531036000.0,,,1531036000.0,0.0,9224000.0,9423387000.0,0.019,0.073,61883000.0,71107000.0,0.107,71107000.0,61883000.0,61883000.0,0.233,0.233,0.233,2032463000.0,,2032463000.0,2611941256.0,10.0,9.218,-36685000.0,-0.208,1.0,652578000.0,0.978,62575000.0,0.0,17389104000.0,,0.0,12712466000.0,,,15993589000.0,,,2868857256.0,1766739000.0,4665000.0,2224000.0,1184002000.0,-13676000.0,2967085000.0,-1179779000.0,-1189901000.0,-30142000.0,9575000.0,42969000.0,42969000.0,42969000.0,0.0,-5055000.0,0.064,595750000.0,56828000.0,4614911000.0,0.313,1.412,18.781,18.631,186232000.0,0.0,15.52,1.127,1.072,1918710000.0,1737591000.0,667158000.0,667158000.0,0.0,,,,,11731000.0,527866000.0,1.0,184849050.0,176650500,176940000.0,3.777,18164153000.0,156399000.0,18914000.0,0.0,102.825,
48,RJF,MRQ,2009-06-30,2009-06-30,2009-06-30,2021-09-22,-67174000.0,17830830000.0,,,,,11.092,-5886000.0,539346000.0,539346000.0,13426000.0,46976000.0,,8.088,282430000.0,,,282430000.0,0.0,8773000.0,7637558000.0,0.026,0.073,72309000.0,81082000.0,0.129,81082000.0,72309000.0,72309000.0,0.233,0.233,0.233,1962108000.0,,1962108000.0,2125957504.0,8.0,7.013,224848000.0,1.271,1.0,616044000.0,0.979,62575000.0,0.0,17511339000.0,,0.0,14144886000.0,,,15868722000.0,,,2113669504.0,222154000.0,-4903000.0,8000.0,-128180000.0,-13586000.0,-857158000.0,854845000.0,867279000.0,230734000.0,-6267000.0,42595000.0,42595000.0,42595000.0,0.0,4381000.0,0.068,539354000.0,76690000.0,7433357000.0,0.313,1.077,13.303,13.659,187569000.0,0.0,11.473,0.822,0.789,2072048000.0,1708475000.0,629470000.0,629470000.0,0.0,,,,,7321000.0,478450000.0,1.0,184224536.0,176895000,176926500.0,3.558,17768255000.0,148949000.0,29714000.0,0.0,100.445,
49,RJF,MRQ,2009-03-31,2009-03-31,2009-03-31,2021-09-22,-95039000.0,18117545000.0,,,,,10.793,-7972000.0,317192000.0,317192000.0,14686000.0,-599000.0,,8.554,329480000.0,,,329480000.0,0.0,8221000.0,8369092000.0,0.022,0.073,12918000.0,21139000.0,0.036,21139000.0,12918000.0,12918000.0,0.033,0.033,0.033,1896329000.0,,1896329000.0,2246156904.0,7.0,6.525,-108240000.0,-0.616,1.0,570310000.0,0.975,62575000.0,0.0,18067258000.0,,0.0,14936878000.0,,,16221216000.0,,,2410349904.0,-157573000.0,-9814000.0,-2109000.0,70557000.0,-13513000.0,-350319000.0,293558000.0,306646000.0,-100268000.0,-544000.0,6093000.0,6093000.0,6093000.0,0.0,-6692000.0,0.01,564084000.0,6226000.0,7005983000.0,2.212,1.271,12.943,13.042,189185000.0,0.0,13.133,0.898,0.86,1796550000.0,1679633000.0,584996000.0,584996000.0,0.0,,,,,10469000.0,465620000.0,1.0,183529180.0,175701000,175780500.0,3.329,18054970000.0,143538000.0,6825000.0,0.0,102.76,
50,RJF,MRQ,2008-12-31,2008-12-31,2008-12-31,2021-09-22,-107173000.0,18282316000.0,,,,,10.693,-15138000.0,480982000.0,480982000.0,18310000.0,56086000.0,,8.801,316789000.0,,,316789000.0,0.0,8345000.0,8792982000.0,0.032,0.073,101664000.0,110009000.0,0.166,110009000.0,101664000.0,101664000.0,0.333,0.333,0.333,1865419000.0,,1865419000.0,1290708948.0,3.0,3.022,258697000.0,1.483,1.0,645632000.0,0.972,62575000.0,0.0,18055548000.0,,0.0,14838452000.0,,,16416897000.0,,,2060685948.0,-2726511000.0,-24761000.0,-4462000.0,-2020696000.0,-13365000.0,-2001424000.0,-994708000.0,-945973000.0,273835000.0,-4214000.0,61093000.0,61093000.0,61093000.0,0.0,-5007000.0,0.092,548975000.0,96657000.0,6701320000.0,0.219,1.105,8.589,8.698,190743000.0,0.0,11.42,0.738,0.714,1939781000.0,1687390000.0,663942000.0,663942000.0,0.0,,,,,-985000.0,505636000.0,1.0,180445354.0,174460500,174838500.0,3.806,18219741000.0,156400000.0,40571000.0,48416000.0,104.435,
51,RJF,MRQ,2008-09-30,2008-09-30,2008-09-30,2021-09-22,-33976000.0,20709616000.0,,,,,10.948,-15695000.0,3207493000.0,3207493000.0,5124000.0,44802000.0,,9.993,2437516000.0,,,2437516000.0,0.0,7742000.0,8774457000.0,0.013,0.073,83161000.0,90903000.0,0.131,90903000.0,83161000.0,83161000.0,0.24,0.247,0.24,1883905000.0,,1883905000.0,3781605853.0,10.0,9.116,84579000.0,0.492,1.0,688041000.0,0.993,62575000.0,0.0,19877064000.0,,0.0,13699276000.0,,,18825711000.0,,,3948338853.0,2537952000.0,-9702000.0,0.0,1900687000.0,-12924000.0,2944860000.0,-509484000.0,-531905000.0,100274000.0,2302000.0,49108000.0,49108000.0,49108000.0,0.0,-4306000.0,0.071,606082000.0,81959000.0,6906878000.0,0.304,2.096,16.796,16.913,192450000.0,0.0,21.987,1.404,1.361,2712385000.0,1639662000.0,693165000.0,693165000.0,0.0,,,,,10957000.0,554048000.0,1.0,179578784.0,172081500,166386000.0,4.028,20647041000.0,108765000.0,34053000.0,0.0,119.984,
52,RJF,MRQ,2008-06-30,2008-06-30,2008-06-30,2021-09-22,-8695000.0,18279188000.0,,,,,10.651,-15689000.0,669541000.0,669541000.0,20966000.0,69938000.0,,8.895,502808000.0,,,502808000.0,0.0,7075000.0,7746139000.0,0.016,0.073,115118000.0,122193000.0,0.165,122193000.0,115118000.0,115118000.0,0.4,0.393,0.4,1847378000.0,,1847378000.0,3000218005.0,8.0,7.045,42782000.0,0.247,1.0,721058000.0,0.972,62575000.0,0.0,18049880000.0,,0.0,13196769000.0,,,16431810000.0,,,3148226005.0,-156961000.0,8853000.0,0.0,-24315000.0,-13235000.0,6257000.0,-222563000.0,-215727000.0,58471000.0,874000.0,69938000.0,69938000.0,69938000.0,0.0,0.0,0.094,606365000.0,114693000.0,7386376000.0,0.182,1.704,12.647,12.39,184665000.0,0.0,17.593,1.12,1.086,3274309000.0,1603478000.0,742024000.0,742024000.0,0.0,,,,,11248000.0,572007000.0,1.0,178944260.0,173449500,177408000.0,4.278,18216613000.0,112733000.0,45180000.0,3504000.0,105.025,
53,RJF,MRQ,2008-03-31,2008-03-31,2008-03-31,2021-09-22,-11403000.0,18081869000.0,,,,,10.072,-11330000.0,826502000.0,826502000.0,19656000.0,59790000.0,,9.203,678494000.0,,,678494000.0,0.0,6172000.0,7712295000.0,0.018,0.147,97818000.0,103990000.0,0.15,103990000.0,97818000.0,97818000.0,0.34,0.333,0.34,1772269000.0,,1772269000.0,2842401442.0,7.0,6.781,-19516000.0,-0.111,1.0,672031000.0,0.972,62575000.0,0.0,17871286000.0,,0.0,13529799000.0,,,16309600000.0,,,2787210442.0,146682000.0,-5199000.0,-60389000.0,206399000.0,-13635000.0,1639943000.0,-1478632000.0,-1462103000.0,-8186000.0,-6443000.0,59790000.0,59790000.0,59790000.0,0.0,0.0,0.086,577437000.0,94594000.0,7277751000.0,0.432,1.573,11.268,10.842,176230000.0,0.0,15.32,1.011,0.978,2625562000.0,1546775000.0,691687000.0,691687000.0,0.0,,,,,3318000.0,550381000.0,1.0,181932796.0,175968000,179280000.0,3.931,18019294000.0,114474000.0,38028000.0,0.0,102.401,
54,RJF,MRQ,2007-12-31,2007-12-31,2007-12-31,2021-09-22,29364000.0,17097718000.0,,,,,10.299,-8329000.0,679820000.0,679820000.0,21516000.0,56242000.0,,8.469,735011000.0,,,735011000.0,0.0,6993000.0,6208862000.0,0.009,0.0,90757000.0,97750000.0,0.143,97750000.0,90757000.0,90757000.0,0.32,0.313,0.32,1805683000.0,,1805683000.0,3908339827.0,10.0,9.451,68281000.0,0.389,1.0,664311000.0,0.969,62575000.0,0.0,17090334000.0,,0.0,12418018000.0,,,15292035000.0,,,3920881827.0,34877000.0,-5199000.0,-6854000.0,-7102000.0,-13357000.0,621652000.0,-665451000.0,-604105000.0,76610000.0,2066000.0,56242000.0,56242000.0,56242000.0,0.0,0.0,0.082,573009000.0,91302000.0,7566732000.0,0.0,2.171,15.856,15.333,171426000.0,0.0,21.773,1.457,1.418,2975411000.0,1500620000.0,685827000.0,685827000.0,0.0,,,,,12144000.0,546871000.0,1.0,180077242.0,175321500,180361500.0,3.912,17035143000.0,112901000.0,34515000.0,36286000.0,97.165,
55,RJF,MRQ,2007-09-30,2007-09-30,2007-09-30,2021-09-22,30191000.0,16254168000.0,,,,,10.07,-16019000.0,644943000.0,644943000.0,20921000.0,62967000.0,,8.247,632401000.0,,,632401000.0,0.0,6321000.0,5585259000.0,0.012,0.067,95605000.0,101926000.0,0.147,101926000.0,95605000.0,95605000.0,0.36,0.353,0.36,1757814000.0,,1757814000.0,640860600.0,2.0,1.545,650024000.0,3.724,1.0,670715000.0,0.97,62575000.0,0.0,16179051000.0,,0.0,11436377000.0,,,14496354000.0,,,3928148600.0,201360000.0,-1260000.0,772000.0,-428997000.0,-12077000.0,160759000.0,-620679000.0,-602200000.0,666043000.0,-4763000.0,62967000.0,62967000.0,62967000.0,0.0,0.0,0.091,579491000.0,91224000.0,7534913000.0,0.186,2.235,15.686,15.135,166963000.0,0.0,21.9,1.505,1.455,3225430000.0,1461898000.0,691636000.0,691636000.0,0.0,,,,,11255000.0,539756000.0,1.0,179367516.0,174559500,179245500.0,3.962,16191593000.0,107922000.0,32638000.0,7755000.0,92.757,
56,RJF,MRQ,2007-06-30,2007-06-30,2007-06-30,2021-09-22,19103000.0,15671201000.0,,,,,9.645,-10133000.0,4494875000.0,4494875000.0,20291000.0,68353000.0,,8.327,1207587000.0,,,1207587000.0,0.0,5584000.0,5024546000.0,0.012,0.067,109898000.0,115482000.0,0.168,115482000.0,109898000.0,109898000.0,0.393,0.38,0.393,1680164000.0,,1680164000.0,237302883.0,1.0,0.598,-99806000.0,-0.573,1.0,668369000.0,0.971,62575000.0,0.0,12321338000.0,,0.0,6730774000.0,,,13991037000.0,,,3679587883.0,16187000.0,585000.0,0.0,36682000.0,-12613000.0,400561000.0,-303891000.0,-294343000.0,-89673000.0,9190000.0,68353000.0,68353000.0,68353000.0,0.0,0.0,0.099,562842000.0,105527000.0,7203146000.0,0.17,2.19,15.435,14.852,155055000.0,0.0,20.6,1.467,1.43,3539957000.0,1409498000.0,688660000.0,688660000.0,0.0,,,,,9238000.0,533686000.0,1.0,178620771.0,174202500,178710000.0,3.953,15608626000.0,96132000.0,41545000.0,9864000.0,89.6,
57,RJF,MRQ,2007-03-31,2007-03-31,2007-03-31,2021-09-22,10867000.0,14165369000.0,,,,,9.229,-8191000.0,4390721000.0,4390721000.0,18384000.0,59715000.0,,7.844,948436000.0,,,948436000.0,0.0,5432000.0,4691779000.0,0.012,0.067,92955000.0,98387000.0,0.157,98387000.0,92955000.0,92955000.0,0.347,0.333,0.347,1601706000.0,,1601706000.0,187565697.0,1.0,0.49,116458000.0,0.671,1.0,607335000.0,0.971,62575000.0,0.0,10660509000.0,,0.0,6189611000.0,,,12563663000.0,,,3530917697.0,73102000.0,-5989000.0,0.0,82993000.0,-11973000.0,1703624000.0,-1756581000.0,-1742401000.0,124649000.0,1410000.0,59715000.0,59715000.0,59715000.0,0.0,0.0,0.095,512380000.0,94955000.0,6458692000.0,0.193,2.204,15.568,14.951,149079000.0,0.0,19.84,1.439,1.404,2725247000.0,1353758000.0,625719000.0,625719000.0,0.0,,,,,6471000.0,498962000.0,1.0,177969642.0,173553000,178030500.0,3.605,14102794000.0,93635000.0,33240000.0,9806000.0,81.259,
58,RJF,MRQ,2006-12-31,2006-12-31,2006-12-31,2021-09-22,9422000.0,12276177000.0,,,,,8.914,-11738000.0,4240606000.0,4240606000.0,18602000.0,59395000.0,,7.029,897254000.0,,,897254000.0,0.0,5294000.0,3066724000.0,0.011,0.067,93766000.0,99060000.0,0.164,99060000.0,93766000.0,93766000.0,0.347,0.333,0.347,1528897000.0,,1528897000.0,446135272.0,1.0,1.16,-263884000.0,-1.539,1.0,585298000.0,0.969,62575000.0,0.0,8870250000.0,,0.0,4567002000.0,,,10747280000.0,,,3547322272.0,-41778000.0,-7900000.0,-1350000.0,260855000.0,-11825000.0,520179000.0,-307053000.0,-287415000.0,-252146000.0,-2758000.0,59395000.0,59395000.0,59395000.0,0.0,0.0,0.098,494507000.0,90791000.0,6292643000.0,0.193,2.32,15.516,15.08,148942000.0,0.0,20.207,1.464,1.43,2621959000.0,1306016000.0,603900000.0,603900000.0,0.0,,,,,9599000.0,476395000.0,1.0,175552076.0,171508500,176839500.0,3.521,12213602000.0,92765000.0,34371000.0,45195000.0,71.213,
59,RJF,MRQ,2006-09-30,2006-09-30,2006-09-30,2021-09-22,12095000.0,11516650000.0,,,,,8.611,-4871000.0,392418000.0,392418000.0,19222000.0,50928000.0,,6.867,636395000.0,,,636395000.0,0.0,4699000.0,2806880000.0,0.011,0.053,78919000.0,83618000.0,0.142,83618000.0,78919000.0,78919000.0,0.3,0.293,0.3,1463869000.0,,1463869000.0,788624886.0,2.0,2.183,52062000.0,0.306,1.0,571117000.0,0.967,62575000.0,0.0,11698052000.0,,0.0,7539908000.0,,,10052781000.0,,,3394457886.0,44166000.0,-79800000.0,0.0,-365606000.0,-9729000.0,1022387000.0,-1036008000.0,-951337000.0,56933000.0,854000.0,50928000.0,50928000.0,50928000.0,0.0,0.0,0.086,493623000.0,77494000.0,6005068000.0,0.177,2.319,15.837,15.385,142780000.0,0.0,19.493,1.445,1.402,2783152000.0,1258446000.0,590339000.0,590339000.0,0.0,,,,,13879000.0,470324000.0,1.0,174134296.0,169992000,174426000.0,3.473,11454075000.0,94957000.0,27991000.0,34294000.0,67.38,
60,RJF,MRQ,2006-06-30,2006-06-30,2006-06-30,2021-09-22,10936000.0,10790768000.0,,,,,8.482,-7588000.0,3858156000.0,3858156000.0,19397000.0,56774000.0,,6.475,1252323000.0,,,1252323000.0,0.0,5179000.0,1448404000.0,0.01,0.053,96502000.0,101681000.0,0.161,101681000.0,96502000.0,96502000.0,0.333,0.32,0.333,1443536000.0,,1443536000.0,606296902.0,2.0,1.699,86467000.0,0.508,1.0,613579000.0,0.969,62575000.0,0.0,8122360000.0,,0.0,3335981000.0,,,9347232000.0,,,3502772902.0,37351000.0,-9793000.0,-73000.0,2862000.0,-9470000.0,213827000.0,-273220000.0,-255839000.0,94055000.0,2689000.0,56774000.0,56774000.0,56774000.0,0.0,0.0,0.09,519250000.0,94329000.0,6214111000.0,0.159,2.427,16.829,16.367,142011000.0,0.0,20.18,1.503,1.474,2801143000.0,1217247000.0,632976000.0,632976000.0,0.0,,,,,6076000.0,495565000.0,1.0,173576457.0,170196000,175440000.0,3.719,10728193000.0,84814000.0,39728000.0,36805000.0,63.034,
61,RJF,MRQ,2006-03-31,2006-03-31,2006-03-31,2021-09-22,8210000.0,10072204000.0,,,,,8.126,-3946000.0,4010565000.0,4010565000.0,14934000.0,61531000.0,,6.3,1114089000.0,,,1114089000.0,0.0,4917000.0,1244736000.0,0.009,0.053,95310000.0,100227000.0,0.168,100227000.0,95310000.0,95310000.0,0.36,0.353,0.36,1379722000.0,,1379722000.0,214575315.0,1.0,0.691,-26396000.0,-0.155,1.0,581073000.0,0.975,62575000.0,0.0,7113153000.0,,0.0,2627208000.0,,,8692482000.0,,,3333630315.0,9188000.0,-19701000.0,-4899000.0,261985000.0,-9057000.0,417030000.0,-384122000.0,-360475000.0,-22450000.0,-1270000.0,61531000.0,61531000.0,61531000.0,0.0,0.0,0.103,489809000.0,91264000.0,5990844000.0,0.147,2.416,18.143,18.03,139357000.0,0.0,19.707,1.522,1.527,2677659000.0,1169943000.0,596007000.0,596007000.0,0.0,,,,,5443000.0,464148000.0,1.0,169162567.0,169791000,174618000.0,3.51,10009629000.0,74975000.0,33779000.0,13696000.0,58.953,
62,RJF,MRQ,2005-12-31,2005-12-31,2005-12-31,2021-09-22,9509000.0,9130811000.0,,,,,7.87,-10875000.0,3744350000.0,3744350000.0,12250000.0,45109000.0,,5.937,625295000.0,,,625295000.0,0.0,4378000.0,1098532000.0,0.01,0.053,71335000.0,75713000.0,0.144,75713000.0,71335000.0,71335000.0,0.273,0.267,0.273,1316210000.0,,1316210000.0,-65377507.0,0.0,-0.24,-141150000.0,-0.844,1.0,514286000.0,0.977,62575000.0,0.0,5949181000.0,,0.0,2154735000.0,,,7814601000.0,,,2825658493.0,-295760000.0,-23156000.0,-128000.0,144802000.0,-9314000.0,184148000.0,-349562000.0,-315531000.0,-130275000.0,-71000.0,45109000.0,45109000.0,45109000.0,0.0,0.0,0.086,443466000.0,70820000.0,5753675000.0,0.194,2.147,18.008,17.811,140324000.0,0.0,16.742,1.36,1.348,2504566000.0,1117858000.0,526536000.0,526536000.0,0.0,,,,,4422000.0,425748000.0,1.0,168774399.0,167251500,170454000.0,3.148,9068236000.0,73318000.0,26226000.0,28767000.0,54.219,
63,RJF,MRQ,2005-09-30,2005-09-30,2005-09-30,2021-09-22,9632000.0,8369256000.0,,,,,7.463,-11166000.0,3232938000.0,3232938000.0,40240000.0,44724000.0,,5.739,459518000.0,,,459518000.0,0.0,5758000.0,1076020000.0,0.01,0.036,73561000.0,79319000.0,0.138,79319000.0,73561000.0,73561000.0,0.267,0.26,0.267,1241823000.0,,1241823000.0,-433588019.0,-2.0,-1.632,50026000.0,0.301,1.0,534520000.0,0.93,62575000.0,0.0,5533261000.0,,0.0,1815161000.0,,,7127433000.0,,,2373101981.0,48572000.0,-122253000.0,-19000.0,75874000.0,-6616000.0,227559000.0,-243118000.0,-109699000.0,61192000.0,2939000.0,44724000.0,44724000.0,44724000.0,0.0,0.0,0.078,465655000.0,68865000.0,5169759000.0,0.135,1.911,15.711,15.636,137555000.0,0.0,14.276,1.157,1.151,2616705000.0,1082063000.0,574760000.0,574760000.0,0.0,,,,,5205000.0,452895000.0,1.0,166235350.0,166392000,168708000.0,3.454,8306681000.0,88860000.0,28837000.0,31448000.0,49.922,
64,RJF,MRQ,2005-06-30,2005-06-24,2005-06-24,2021-09-22,5231000.0,7854177000.0,,,,,7.195,-6381000.0,3141419000.0,3141419000.0,6769000.0,32382000.0,,5.586,334729000.0,,,334729000.0,0.0,3599000.0,0.0,0.011,0.036,51476000.0,55075000.0,0.112,55075000.0,51476000.0,51476000.0,0.193,0.193,0.193,1192509000.0,,1192509000.0,-686728481.0,-3.0,-2.845,148347000.0,0.895,1.0,486775000.0,0.986,62575000.0,0.0,4984912000.0,,0.0,650209000.0,,,6661668000.0,,,2084407519.0,101724000.0,0.0,0.0,-11976000.0,-7619000.0,46073000.0,-99821000.0,-93440000.0,154728000.0,744000.0,32382000.0,32382000.0,32382000.0,0.0,0.0,0.066,435811000.0,50964000.0,6042603000.0,0.187,1.748,15.216,15.042,131609000.0,0.0,12.364,1.084,1.066,3430709000.0,1043956000.0,493544000.0,493544000.0,0.0,,,,,3948000.0,406061000.0,1.0,168580766.0,165742500,170073000.0,2.978,7791602000.0,81421000.0,19094000.0,10861000.0,47.01,
65,RJF,MRQ,2005-03-31,2005-03-24,2005-03-24,2021-09-22,6095000.0,7891154000.0,,,,,6.888,-9219000.0,3130999000.0,3130999000.0,5779000.0,34697000.0,,5.8,359863000.0,,,359863000.0,0.0,4440000.0,0.0,0.012,0.036,58129000.0,62569000.0,0.13,62569000.0,58129000.0,58129000.0,0.207,0.2,0.207,1160382000.0,,1160382000.0,-746078272.0,-3.0,-3.133,10185000.0,0.06,1.0,477339000.0,0.988,62575000.0,0.0,5057443000.0,,0.0,709621000.0,,,6730772000.0,,,2324536728.0,229585000.0,0.0,-13000.0,-14547000.0,-5879000.0,114454000.0,-85223000.0,-76004000.0,19404000.0,-638000.0,34697000.0,34697000.0,34697000.0,0.0,0.0,0.072,422830000.0,54509000.0,6121812000.0,0.174,2.003,17.319,17.155,128722000.0,0.0,13.844,1.244,1.248,3400049000.0,1019192000.0,483118000.0,483118000.0,0.0,,,,,3981000.0,395874000.0,1.0,167903937.0,168466500,171687000.0,2.868,7828579000.0,81421000.0,23432000.0,13666000.0,46.47,
66,RJF,MRQ,2004-12-31,2004-12-31,2004-12-31,2021-09-22,6567000.0,7958496000.0,,,,,6.729,-3388000.0,3429808000.0,3429808000.0,5466000.0,39243000.0,,6.103,359193000.0,,,359193000.0,0.0,3984000.0,0.0,0.009,0.036,64805000.0,68789000.0,0.138,68789000.0,64805000.0,64805000.0,0.236,0.231,0.236,1120484000.0,,1120484000.0,-428105260.0,-2.0,-1.73,80804000.0,0.485,1.0,493519000.0,0.989,62575000.0,0.0,4825306000.0,,0.0,657198000.0,,,6838012000.0,,,2286726740.0,-90794000.0,0.0,-83000.0,31974000.0,-6186000.0,20715000.0,-15864000.0,-12476000.0,84192000.0,1751000.0,39243000.0,39243000.0,39243000.0,0.0,0.0,0.079,427125000.0,66394000.0,6216612000.0,0.153,2.041,16.037,15.973,123420000.0,0.0,13.769,1.225,1.228,3231535000.0,990374000.0,498985000.0,498985000.0,0.0,,,,,3897000.0,400905000.0,1.0,166079250.0,166504500,169501500.0,2.997,7895921000.0,74916000.0,25562000.0,33903000.0,47.422,
67,RJF,MRQ,2004-09-30,2004-09-24,2004-09-24,2021-09-22,3875000.0,7621846000.0,,,,,6.419,-5003000.0,2851225000.0,2851225000.0,5307000.0,30663000.0,,6.155,302924000.0,,,302924000.0,0.0,4386000.0,773036000.0,0.011,0.031,50544000.0,54930000.0,0.123,54930000.0,50544000.0,50544000.0,0.187,0.182,0.187,1065213000.0,,1065213000.0,-794430486.0,-4.0,-3.596,28032000.0,0.169,1.0,441405000.0,0.988,62575000.0,0.0,5010970000.0,,0.0,1267284000.0,,,6556633000.0,,,1759226514.0,-160208000.0,-22569000.0,-1680000.0,-14403000.0,-5944000.0,-16820000.0,-179343000.0,-151771000.0,33035000.0,2920000.0,30663000.0,30663000.0,30663000.0,0.0,0.0,0.069,389978000.0,51427000.0,5171093000.0,0.166,1.652,13.79,13.713,122750000.0,0.0,10.6,0.988,0.983,2937304000.0,957317000.0,446712000.0,446712000.0,0.0,,,,,3495000.0,366311000.0,1.0,165964766.0,165951750,167735250.0,2.692,7559271000.0,73559000.0,19881000.0,32145000.0,45.551,
68,RJF,MRQ,2004-06-30,2004-06-25,2004-06-25,2021-09-22,1001000.0,7303242000.0,,,,,6.238,-3156000.0,2918557000.0,2918557000.0,5094000.0,29613000.0,,6.071,364900000.0,,,364900000.0,0.0,4147000.0,0.0,0.01,0.062,47714000.0,51861000.0,0.118,51861000.0,47714000.0,47714000.0,0.178,0.178,0.178,1032836000.0,,1032836000.0,-87194563.0,0.0,-0.392,114263000.0,0.69,1.0,435017000.0,0.988,62575000.0,0.0,4687010000.0,,0.0,564784000.0,,,6270406000.0,,,1946739437.0,121182000.0,0.0,-141000.0,5902000.0,-5149000.0,3344000.0,-287000.0,2869000.0,117419000.0,706000.0,29613000.0,29613000.0,29613000.0,0.0,0.0,0.067,387259000.0,47758000.0,5675025000.0,0.348,1.885,14.97,14.867,123206000.0,0.0,11.76,1.121,1.121,3258161000.0,932599000.0,440111000.0,440111000.0,0.0,,,,,3074000.0,370698000.0,1.0,165539068.0,165582000,167760000.0,2.658,7240667000.0,71510000.0,18101000.0,4509000.0,43.729,
69,RJF,MRQ,2004-03-31,2004-03-26,2004-03-26,2021-09-22,1207000.0,7381136000.0,,,,,6.077,-7148000.0,2311343000.0,2311343000.0,5320000.0,43068000.0,,6.36,277409000.0,,,277409000.0,0.0,4997000.0,0.0,0.007,0.027,66907000.0,71904000.0,0.15,71904000.0,66907000.0,66907000.0,0.262,0.258,0.262,1002910000.0,,1002910000.0,-43455083.0,0.0,-0.204,-55387000.0,-0.336,1.0,475128000.0,0.989,62575000.0,0.0,5284627000.0,,0.0,1140203000.0,,,6378226000.0,,,1814993917.0,-46081000.0,0.0,-51000.0,-13664000.0,-5156000.0,-13425000.0,15229000.0,22377000.0,-48239000.0,354000.0,43068000.0,43068000.0,43068000.0,0.0,0.0,0.09,407175000.0,67953000.0,5890044000.0,0.103,1.81,14.638,14.48,123834000.0,0.0,11.004,1.083,1.084,3372319000.0,908133000.0,480448000.0,480448000.0,0.0,,,,,8429000.0,391807000.0,1.0,164932808.0,165042000,167388750.0,2.911,7318561000.0,72450000.0,23839000.0,15645000.0,44.344,
70,RJF,MRQ,2003-12-31,2003-12-26,2003-12-26,2021-09-22,1071000.0,6910453000.0,,,,,5.83,-6721000.0,2061258000.0,2061258000.0,5052000.0,24230000.0,,6.228,202809000.0,,,202809000.0,0.0,3297000.0,0.0,0.007,0.0,38955000.0,42252000.0,0.102,42252000.0,38955000.0,38955000.0,0.147,0.147,0.147,956067000.0,,956067000.0,210262695.0,1.0,1.234,-208812000.0,-1.273,1.0,408935000.0,0.988,62575000.0,0.0,4989429000.0,,0.0,1342279000.0,,,5954386000.0,,,1777784695.0,-140318000.0,0.0,-83000.0,35599000.0,-4415000.0,34572000.0,25789000.0,32510000.0,-202091000.0,1412000.0,24230000.0,24230000.0,24230000.0,0.0,0.0,0.059,369842000.0,39093000.0,5954386000.0,0.0,1.859,18.495,18.359,121657000.0,0.0,10.85,1.159,1.159,2982463000.0,870472000.0,413987000.0,413987000.0,0.0,,,,,2633000.0,348092000.0,1.0,163845531.0,163982250,166749750.0,2.525,6847878000.0,74208000.0,14725000.0,29738000.0,41.76,
71,RJF,MRQ,2003-09-30,2003-09-26,2003-09-26,2021-09-22,604000.0,6911638000.0,,,,,5.656,-4690000.0,1734732000.0,1734732000.0,4865000.0,33134000.0,,6.474,167210000.0,,,167210000.0,0.0,4182000.0,0.0,0.012,0.027,52496000.0,56678000.0,0.141,56678000.0,52496000.0,52496000.0,0.204,0.2,0.204,924735000.0,,924735000.0,1134025500.0,8.0,7.241,560585000.0,3.429,1.0,397891000.0,0.988,62575000.0,0.0,5281541000.0,,0.0,1684482000.0,,,5986903000.0,,,1747656500.0,166905000.0,0.0,-37000.0,-286894000.0,-4265000.0,-301632000.0,-96959000.0,-92269000.0,565275000.0,221000.0,33134000.0,33134000.0,33134000.0,0.0,0.0,0.082,344690000.0,53201000.0,5976355000.0,0.132,1.89,20.247,20.13,118285000.0,0.0,10.649,1.204,1.202,2987495000.0,850656000.0,402756000.0,402756000.0,0.0,,,,,4312000.0,330128000.0,1.0,164116324.0,163489500,165962250.0,2.463,6849063000.0,68465000.0,19362000.0,26017000.0,41.893,
72,RJF,MRQ,2003-06-30,2003-06-27,2003-06-27,2021-09-22,792000.0,7013676000.0,,,,,5.428,-10565000.0,1067733000.0,1067733000.0,5187000.0,23562000.0,,6.889,454102000.0,,,454102000.0,0.0,4283000.0,0.0,0.014,0.027,38144000.0,42427000.0,0.112,42427000.0,38144000.0,38144000.0,0.147,0.142,0.147,889042000.0,,889042000.0,1406725998.0,11.0,9.808,-111807000.0,-0.683,1.0,372804000.0,0.986,62575000.0,0.0,6337470000.0,,0.0,2550685000.0,,,6124634000.0,,,1587820998.0,92733000.0,0.0,0.0,160126000.0,-4448000.0,158117000.0,32273000.0,42838000.0,-101242000.0,3585000.0,23562000.0,23562000.0,23562000.0,0.0,0.0,0.062,334660000.0,38144000.0,6124634000.0,0.184,1.786,21.121,20.9,116022000.0,0.0,9.698,1.119,1.12,2910036000.0,821787000.0,377991000.0,377991000.0,0.0,,,,,1754000.0,317739000.0,1.0,163730396.0,163775250,165071250.0,2.308,6951101000.0,67720000.0,14582000.0,23446000.0,42.443,
73,RJF,MRQ,2003-03-31,2003-03-28,2003-03-28,2021-09-22,-3065000.0,6370527000.0,,,,,5.269,-7407000.0,475073000.0,475073000.0,4147000.0,15194000.0,,6.391,293978000.0,,,293978000.0,0.0,4746000.0,0.0,0.017,0.027,24271000.0,29017000.0,0.085,29017000.0,24271000.0,24271000.0,0.093,0.093,0.093,861879000.0,,861879000.0,1080563573.0,9.0,7.633,-71466000.0,-0.437,1.0,335672000.0,0.988,62575000.0,0.0,6126857000.0,,0.0,2859954000.0,,,5508648000.0,,,1309574573.0,77740000.0,0.0,-35863000.0,125530000.0,-4491000.0,94772000.0,41786000.0,49193000.0,-64059000.0,5241000.0,15194000.0,15194000.0,15194000.0,0.0,0.0,0.045,311401000.0,24271000.0,5508648000.0,0.29,1.519,18.186,17.771,109632000.0,0.0,7.837,0.928,0.908,2574452000.0,802674000.0,339819000.0,339819000.0,0.0,,,,,2454000.0,294919000.0,1.0,167100725.0,163579500,164535750.0,2.077,6307952000.0,62310000.0,9077000.0,12297000.0,38.562,
74,RJF,MRQ,2002-12-31,2002-12-27,2002-12-27,2021-09-22,-8620000.0,6159402000.0,,,,,5.229,-6113000.0,397459000.0,397459000.0,3531000.0,14428000.0,,6.157,168448000.0,,,168448000.0,0.0,5133000.0,0.0,0.015,0.053,23365000.0,28498000.0,0.086,28498000.0,23365000.0,23365000.0,0.089,0.086,0.089,860620000.0,,860620000.0,1158715735.0,8.0,6.924,-130307000.0,-0.792,1.0,327864000.0,0.989,62575000.0,0.0,5867816000.0,,0.0,2896488000.0,,,5298782000.0,,,1478783735.0,-72246000.0,0.0,-64000.0,18885000.0,-4435000.0,18023000.0,32654000.0,38767000.0,-124194000.0,1271000.0,14428000.0,14428000.0,14428000.0,0.0,0.0,0.044,304499000.0,23365000.0,5298782000.0,0.596,1.718,19.552,19.368,106757000.0,0.0,8.987,1.018,1.019,2407381000.0,791971000.0,331395000.0,331395000.0,0.0,,,,,5881000.0,281757000.0,1.0,164553086.0,164571750,167285250.0,2.014,6096827000.0,65883000.0,8937000.0,30678000.0,37.047,
75,RJF,MRQ,2002-09-30,2002-09-27,2002-09-27,2021-09-22,-10157000.0,6040303000.0,,,,,5.109,-7591000.0,469631000.0,469631000.0,4714000.0,21995000.0,,6.194,149563000.0,,,149563000.0,0.0,5981000.0,0.0,0.014,0.027,37507000.0,43488000.0,0.118,43488000.0,37507000.0,37507000.0,0.135,0.135,0.135,839636000.0,,839636000.0,1156689456.0,9.0,7.495,216425000.0,1.317,1.0,364641000.0,0.987,62575000.0,0.0,5657660000.0,,0.0,2743451000.0,,,5200667000.0,,,1286050456.0,48052000.0,0.0,-8013000.0,-142830000.0,-4318000.0,-153375000.0,-19871000.0,-12280000.0,224016000.0,-2718000.0,21995000.0,21995000.0,21995000.0,0.0,0.0,0.06,327134000.0,37507000.0,5200667000.0,0.2,1.532,16.217,16.204,105777000.0,0.0,7.843,0.892,0.894,2380088000.0,781978000.0,369355000.0,369355000.0,0.0,,,,,633000.0,306382000.0,1.0,163975077.0,164345625,167249250.0,2.247,5977728000.0,53734000.0,15512000.0,23248000.0,36.373,
76,RJF,MRQ,2002-06-30,2002-06-28,2002-06-28,2021-09-22,-6593000.0,6554970000.0,,,,,5.04,-12386000.0,421754000.0,421754000.0,3924000.0,20393000.0,,6.887,292393000.0,,,292393000.0,0.0,6615000.0,0.0,0.013,0.027,33939000.0,40554000.0,0.109,40554000.0,33939000.0,33939000.0,0.124,0.121,0.124,831117000.0,,831117000.0,1329861606.0,-48.0,-1590.744,-4314000.0,-0.026,1.0,367021000.0,0.989,62575000.0,0.0,6363034000.0,,0.0,2769312000.0,,,5723853000.0,,,1390729606.0,31562000.0,0.0,-129000.0,-39699000.0,-5061000.0,-43182000.0,63362000.0,75748000.0,8072000.0,3310000.0,20393000.0,20393000.0,20393000.0,0.0,0.0,0.055,333082000.0,33939000.0,5723853000.0,0.218,1.673,19.884,19.755,106661000.0,0.0,8.436,1.095,1.095,2914973000.0,764300000.0,370945000.0,370945000.0,0.0,,,,,538000.0,309332000.0,1.0,164865206.0,164916000,168297750.0,2.249,6492395000.0,44310000.0,13546000.0,7172000.0,39.368,
77,RJF,MRQ,2002-03-31,2002-03-28,2002-03-28,2021-09-22,-9047000.0,6629586000.0,,,,,4.93,-3479000.0,392960000.0,392960000.0,3623000.0,18817000.0,,7.172,332092000.0,,,332092000.0,0.0,4881000.0,0.0,0.011,0.027,49929000.0,54810000.0,0.144,54810000.0,49929000.0,30688000.0,0.116,0.113,0.116,811215000.0,,811215000.0,1480584294.0,39.0,22.695,-101184000.0,-0.615,1.0,376655000.0,0.99,62575000.0,19241000.0,6506143000.0,,0.0,2877975000.0,,,5818371000.0,,,1668628294.0,36777000.0,0.0,-315000.0,165607000.0,-4331000.0,164273000.0,-28182000.0,-24703000.0,-97705000.0,-1609000.0,18817000.0,18817000.0,18817000.0,0.0,0.0,0.049,326726000.0,49929000.0,5818371000.0,0.233,2.057,21.262,21.13,100890000.0,0.0,10.142,1.26,1.26,2916542000.0,748969000.0,380278000.0,380278000.0,0.0,,,,,555000.0,306081000.0,1.0,164522948.0,164561625,168311250.0,2.311,6567011000.0,41926000.0,11871000.0,3765000.0,39.906,
78,RJF,MRQ,2001-12-31,2001-12-28,2001-12-28,2021-09-22,-8083000.0,6606008000.0,,,,,4.864,-2934000.0,354529000.0,354529000.0,3369000.0,18098000.0,,7.318,166485000.0,,,166485000.0,0.0,5336000.0,0.0,0.013,0.027,54503000.0,59839000.0,0.164,59839000.0,54503000.0,29382000.0,0.11,0.11,0.11,794142000.0,,794142000.0,1335393928.0,15.0,10.888,-83093000.0,-0.509,1.0,360767000.0,0.991,64365000.0,25121000.0,6353599000.0,,0.0,2730160000.0,,,5811866000.0,,,1705861928.0,-105360000.0,0.0,-690000.0,4059000.0,-4798000.0,3805000.0,-27280000.0,-24346000.0,-80159000.0,-1726000.0,18098000.0,18098000.0,18098000.0,0.0,0.0,0.05,306264000.0,54503000.0,5811866000.0,0.245,2.148,20.721,20.705,102292000.0,0.0,10.436,1.235,1.233,3075123000.0,734483000.0,364136000.0,364136000.0,0.0,,,,,6623000.0,289584000.0,1.0,163466326.0,163272375,166610250.0,2.23,6541643000.0,40603000.0,11284000.0,11347000.0,40.066,
79,RJF,MRQ,2001-09-30,2001-09-28,2001-09-28,2021-09-22,-6881000.0,6372054000.0,,,,,4.744,-4819000.0,532894000.0,532894000.0,4589000.0,12634000.0,,7.266,162426000.0,,,162426000.0,0.0,9946000.0,0.0,0.017,0.027,-165985000.0,-156039000.0,-1.009,-156039000.0,-165985000.0,22978000.0,0.077,0.08,0.077,770876000.0,,770876000.0,1107192220.0,7.0,5.867,88450000.0,0.544,1.0,150096000.0,0.97,62575000.0,-188963000.0,5939011000.0,,0.0,2358847000.0,,,5601178000.0,,,1306566220.0,65505000.0,0.0,-1232000.0,-31903000.0,-4301000.0,-35532000.0,9964000.0,14783000.0,93269000.0,-2196000.0,12634000.0,12634000.0,12634000.0,0.0,0.0,0.082,316081000.0,-165985000.0,5601178000.0,0.351,1.695,13.552,13.43,104694000.0,0.0,8.044,0.906,0.897,3029806000.0,721183000.0,154685000.0,154685000.0,0.0,,,,,1716000.0,298970000.0,1.0,162418453.0,162482625,164089125.0,0.952,6309479000.0,37817000.0,10344000.0,0.0,38.832,
80,RJF,MRQ,2001-06-30,2001-06-29,2001-06-29,2021-09-22,-1362000.0,6634986000.0,,,,,4.723,-10565000.0,393703000.0,393703000.0,4485000.0,28930000.0,,7.666,194329000.0,,,194329000.0,0.0,7324000.0,0.0,0.014,0.027,99305000.0,106629000.0,0.251,106629000.0,99305000.0,48435000.0,0.178,0.175,0.178,765672000.0,,765672000.0,1256898357.0,3.0,2.635,-6374000.0,-0.039,1.0,421048000.0,0.989,66400000.0,50870000.0,6369212000.0,,0.0,2331887000.0,,,5869314000.0,,,1469258357.0,-13345000.0,300000.0,-15000.0,84000.0,-4614000.0,-2211000.0,-16174000.0,-5909000.0,4191000.0,849000.0,28930000.0,28930000.0,28930000.0,0.0,0.0,0.068,321743000.0,99305000.0,5869314000.0,0.152,1.919,12.167,11.946,108619000.0,0.0,9.067,0.852,0.852,3468582000.0,712850000.0,425533000.0,425533000.0,0.0,,,,,57000.0,319965000.0,1.0,162050554.0,162114750,166019625.0,2.625,6568586000.0,36288000.0,19505000.0,0.0,40.518,
81,RJF,MRQ,2001-03-31,2001-03-30,2001-03-30,2021-09-22,-2403000.0,7096772000.0,,,,,4.572,-7271000.0,406605000.0,406605000.0,3863000.0,22665000.0,,8.617,194245000.0,,,194245000.0,0.0,8009000.0,0.0,0.015,0.053,104207000.0,112216000.0,0.257,112216000.0,104207000.0,36926000.0,0.139,0.136,0.139,737939000.0,,737939000.0,1043981465.0,2.0,2.203,38213000.0,0.237,1.0,433161000.0,0.991,68040000.0,67281000.0,6816372000.0,,0.0,2373257000.0,,,6358833000.0,,,1337935465.0,-15376000.0,-48769000.0,-250000.0,43331000.0,-4294000.0,41412000.0,-100608000.0,-44568000.0,45484000.0,-1664000.0,22665000.0,22665000.0,22665000.0,0.0,0.0,0.052,328954000.0,104207000.0,6358833000.0,0.381,1.813,11.635,11.299,103308000.0,0.0,8.237,0.775,0.771,3864661000.0,688534000.0,437024000.0,437024000.0,0.0,,,,,2296000.0,311968000.0,1.0,162429216.0,161416125,166208625.0,2.707,7028732000.0,54433000.0,14261000.0,17432000.0,43.544,
82,RJF,MRQ,2000-12-31,2000-12-29,2000-12-29,2021-09-22,-743000.0,7129600000.0,,,,,4.421,-4425000.0,440320000.0,440320000.0,3153000.0,32181000.0,,9.244,146366000.0,,,146366000.0,0.0,5980000.0,0.0,0.009,0.027,119942000.0,125922000.0,0.299,125922000.0,119942000.0,49129000.0,0.204,0.199,0.204,695996000.0,,695996000.0,1462402481.0,3.0,3.012,33123000.0,0.21,1.0,417870000.0,0.993,31814000.0,70813000.0,6803832000.0,,0.0,2122286000.0,,,6433604000.0,,,1635399481.0,116400000.0,0.0,-257000.0,13896000.0,-4220000.0,13967000.0,64242000.0,68667000.0,37548000.0,643000.0,32181000.0,32181000.0,32181000.0,0.0,0.0,0.076,297928000.0,119942000.0,6433604000.0,0.132,2.35,12.526,12.362,90143000.0,0.0,10.335,0.937,0.933,4190616000.0,670163000.0,421023000.0,421023000.0,0.0,,,,,12351000.0,284105000.0,1.0,158241779.0,157437000,161399250.0,2.674,7097786000.0,49555000.0,16948000.0,25568000.0,45.083,
83,RJF,MRQ,2000-09-30,2000-09-29,2000-09-29,2021-09-22,-1618000.0,6308816000.0,,,,,4.173,-4898000.0,305467000.0,305467000.0,3329000.0,36980000.0,,8.698,132470000.0,,,132470000.0,0.0,6350000.0,0.0,0.009,0.022,125820000.0,132170000.0,0.3,132170000.0,125820000.0,60850000.0,0.237,0.234,0.237,650518000.0,,650518000.0,1360847783.0,3.0,2.977,258810000.0,1.66,1.0,437575000.0,0.992,32448000.0,64970000.0,6103371000.0,,0.0,1358578000.0,,,5658298000.0,,,1520578783.0,235862000.0,0.0,-144000.0,-2238000.0,-3469000.0,-3687000.0,-23793000.0,-18895000.0,263708000.0,-366000.0,36980000.0,36980000.0,36980000.0,0.0,0.0,0.084,311755000.0,125820000.0,5658298000.0,0.093,2.337,12.146,12.2,91064000.0,0.0,9.76,0.891,0.893,4304375000.0,642202000.0,440904000.0,440904000.0,0.0,,,,,1098000.0,294548000.0,1.0,155797006.0,155877750,157811625.0,2.829,6276368000.0,44228000.0,23870000.0,1991000.0,40.265,
84,RJF,MRQ,2000-06-30,2000-06-30,2000-06-30,2021-09-22,-1782000.0,5457317000.0,,,,,3.95,-4358000.0,294439000.0,294439000.0,4379000.0,23163000.0,,7.881,134708000.0,,,134708000.0,0.0,6483000.0,0.0,0.013,0.022,97141000.0,103624000.0,0.243,103624000.0,97141000.0,38428000.0,0.148,0.148,0.148,614463000.0,,614463000.0,977561145.0,3.0,2.379,-192892000.0,-1.24,1.0,422045000.0,0.99,33083000.0,58713000.0,5264503000.0,,0.0,1475847000.0,,,4842854000.0,,,1035701145.0,-262127000.0,0.0,0.0,-96675000.0,-3460000.0,-98974000.0,25375000.0,29733000.0,-188534000.0,6000.0,23163000.0,23163000.0,23163000.0,0.0,0.0,0.054,324904000.0,97141000.0,4842854000.0,0.149,1.686,9.376,9.488,90913000.0,0.0,6.661,0.643,0.643,3339837000.0,608692000.0,426424000.0,426424000.0,0.0,,,,,0.0,288194000.0,1.0,155493388.0,155557125,157501125.0,2.741,5424234000.0,62582000.0,15265000.0,25033000.0,34.87,
85,RJF,MRQ,2000-03-31,2000-03-31,2000-03-31,2021-09-22,-2020000.0,6084743000.0,,,,,3.821,-2849000.0,289523000.0,289523000.0,3823000.0,38236000.0,,9.255,231383000.0,,,231383000.0,0.0,5620000.0,0.0,0.014,0.022,118261000.0,123881000.0,0.272,123881000.0,118261000.0,62175000.0,0.246,0.243,0.246,593362000.0,,593362000.0,798891919.0,2.0,2.06,-333584000.0,-2.148,1.0,452364000.0,0.992,33719000.0,56086000.0,5992884000.0,,0.0,1747857000.0,,,5491381000.0,,,953653919.0,-229711000.0,0.0,-4595000.0,85682000.0,-3455000.0,80412000.0,20809000.0,23658000.0,-330735000.0,-197000.0,38236000.0,38236000.0,38236000.0,0.0,0.0,0.084,334103000.0,118261000.0,5491381000.0,0.089,1.607,8.607,8.758,91953000.0,0.0,6.148,0.632,0.633,3729128000.0,588989000.0,456187000.0,456187000.0,0.0,,,,,0.0,313727000.0,1.0,155112384.0,155287125,157096125.0,2.938,6051024000.0,38163000.0,23939000.0,14910000.0,38.967,
86,RJF,MRQ,1999-12-31,1999-12-31,1999-12-31,2021-09-22,-1917000.0,5759118000.0,,,,,3.543,-8157000.0,300463000.0,300463000.0,3282000.0,26816000.0,,9.275,145701000.0,,,145701000.0,0.0,5401000.0,0.0,0.015,0.022,92110000.0,97511000.0,0.254,97511000.0,92110000.0,43227000.0,0.169,0.166,0.169,560498000.0,,560498000.0,818585655.0,3.0,2.397,425096000.0,2.687,1.0,380644000.0,0.991,34352000.0,48883000.0,5570004000.0,,0.0,1975086000.0,,,5198620000.0,,,867945655.0,310405000.0,0.0,-22029000.0,-55803000.0,-3494000.0,-79766000.0,-42828000.0,-34671000.0,433253000.0,-254000.0,26816000.0,26816000.0,26816000.0,0.0,0.0,0.07,288534000.0,92110000.0,5198620000.0,0.13,1.549,9.192,9.309,94091000.0,0.0,5.52,0.642,0.646,3171571000.0,554207000.0,383926000.0,383926000.0,0.0,,,,,0.0,274324000.0,1.0,157236532.0,158206500,160305750.0,2.427,5724766000.0,40582000.0,16411000.0,18488000.0,36.185,
87,RJF,MRQ,1999-09-30,1999-09-24,1999-09-24,2021-09-22,-1076000.0,5030715000.0,,,,,3.496,1273000.0,250864000.0,250864000.0,2821000.0,22252000.0,,8.008,201504000.0,,,201504000.0,0.0,6061000.0,0.0,0.015,0.021,79863000.0,85924000.0,0.25,85924000.0,79863000.0,35874000.0,0.139,0.136,0.139,558486000.0,,558486000.0,855088371.0,3.0,2.767,249395000.0,1.561,1.0,341297000.0,0.992,34866000.0,43989000.0,4946489000.0,,0.0,1708039000.0,,,4472229000.0,,,902211371.0,-60518000.0,-67597000.0,-4415000.0,-182556000.0,-3314000.0,-187902000.0,-120738000.0,-54414000.0,248122000.0,0.0,22252000.0,22252000.0,22252000.0,0.0,0.0,0.065,261434000.0,79863000.0,4472229000.0,0.151,1.615,10.603,10.655,91335000.0,0.0,5.647,0.732,0.736,2759980000.0,530885000.0,344118000.0,344118000.0,0.0,,,,,407000.0,246788000.0,1.0,159756735.0,159738750,162330750.0,2.154,4995849000.0,39631000.0,13622000.0,4592000.0,31.275,
88,RJF,MRQ,1999-06-30,1999-06-25,1999-06-25,2021-09-22,-690000.0,4996521000.0,,,,,3.394,-11631000.0,276740000.0,276740000.0,4275000.0,23490000.0,,8.226,229617000.0,,,229617000.0,0.0,4460000.0,0.0,0.013,0.021,75977000.0,80437000.0,0.248,80437000.0,75977000.0,37989000.0,0.148,0.145,0.148,541559000.0,,541559000.0,975339542.0,3.0,3.233,-252372000.0,-1.582,1.0,320115000.0,0.987,35487000.0,37988000.0,4913911000.0,,0.0,1552157000.0,,,4454962000.0,,,1014932542.0,-234184000.0,0.0,0.0,-15939000.0,-3313000.0,-17703000.0,24260000.0,35891000.0,-240741000.0,0.0,23490000.0,23490000.0,23490000.0,0.0,0.0,0.072,244138000.0,75977000.0,4454962000.0,0.142,1.874,11.898,11.981,89190000.0,0.0,6.314,0.864,0.857,2858844000.0,511947000.0,324390000.0,324390000.0,0.0,,,,,0.0,233357000.0,1.0,160741311.0,159563250,162283500.0,2.033,4961034000.0,37729000.0,14499000.0,8806000.0,31.091,
89,RJF,MRQ,1999-03-31,1999-03-26,1999-03-26,2021-09-22,-252000.0,4916817000.0,,,,,3.234,-3829000.0,285149000.0,285149000.0,3601000.0,21869000.0,,8.444,245556000.0,,,245556000.0,0.0,4678000.0,0.0,0.013,0.021,72994000.0,77672000.0,0.26,77672000.0,72994000.0,35319000.0,0.136,0.133,0.136,520637000.0,,520637000.0,683514400.0,2.0,2.315,-174391000.0,-1.083,1.0,295590000.0,0.988,0.0,37675000.0,4877224000.0,,0.0,1786176000.0,,,4396180000.0,,,956981400.0,-16646000.0,0.0,-22719000.0,180933000.0,-3307000.0,157745000.0,-3829000.0,0.0,-170562000.0,0.0,21869000.0,21869000.0,21869000.0,0.0,0.0,0.073,222596000.0,72994000.0,4396180000.0,0.154,1.838,11.311,11.418,82019000.0,0.0,5.926,0.849,0.847,2593951000.0,491770000.0,299191000.0,299191000.0,0.0,,,,,0.0,213823000.0,1.0,161490611.0,160977375,163660500.0,1.859,4916817000.0,34307000.0,13450000.0,6234000.0,30.544,
90,RJF,MRQ,1998-12-31,1998-12-24,1998-12-24,2021-09-22,-221000.0,4407141000.0,,,,,3.214,-6356000.0,338090000.0,338090000.0,2760000.0,17479000.0,,7.444,64623000.0,,,64623000.0,0.0,4860000.0,0.0,0.011,0.021,60178000.0,65038000.0,0.246,65038000.0,60178000.0,28337000.0,0.107,0.107,0.107,521956000.0,,521956000.0,737900870.0,3.0,2.517,250951000.0,1.545,1.0,261747000.0,0.99,0.0,31841000.0,4133674000.0,,0.0,1745651000.0,,,3885185000.0,,,989951870.0,265386000.0,0.0,-4430000.0,19856000.0,-3370000.0,14435000.0,-6356000.0,0.0,257307000.0,0.0,17479000.0,17479000.0,17479000.0,0.0,0.0,0.066,201569000.0,60178000.0,3885185000.0,0.196,1.897,11.322,11.429,82868000.0,0.0,6.092,0.904,0.903,2084924000.0,473208000.0,264507000.0,264507000.0,0.0,,,,,0.0,192303000.0,1.0,162504259.0,162401625,165763125.0,1.629,4407141000.0,32864000.0,10858000.0,17838000.0,27.137,
91,RJF,MRQ,1998-09-30,1998-09-25,1998-09-25,2021-09-22,114000.0,3852737000.0,,,,,3.123,1620000.0,296818000.0,296818000.0,2946000.0,22468000.0,,6.556,44767000.0,,,44767000.0,0.0,5167000.0,0.0,0.011,0.018,73331000.0,78498000.0,0.273,78498000.0,73331000.0,36474000.0,0.136,0.133,0.136,509898000.0,,509898000.0,826674269.0,3.0,2.774,329820000.0,2.02,1.0,284328000.0,0.99,817000.0,36857000.0,3599869000.0,,0.0,1461588000.0,,,3342839000.0,,,974801269.0,222960000.0,0.0,-5331000.0,-28093000.0,-2911000.0,-34409000.0,-70831000.0,0.0,328200000.0,0.0,22468000.0,22468000.0,22468000.0,0.0,0.0,0.078,210997000.0,73331000.0,3342839000.0,0.132,1.912,10.515,10.482,81372000.0,0.0,5.964,0.9,0.895,1859421000.0,459099000.0,287274000.0,287274000.0,0.0,,,,,539000.0,199441000.0,1.0,163435384.0,163289250,169212375.0,1.759,3851920000.0,32841000.0,14006000.0,10974000.0,23.59,
92,RJF,MRQ,1998-06-30,1998-06-26,1998-06-26,2021-09-22,216000.0,4005858000.0,,,,,3.024,-21195000.0,220987000.0,220987000.0,2865000.0,22791000.0,,7.118,72860000.0,,,72860000.0,0.0,4212000.0,0.0,0.007,0.018,69806000.0,74018000.0,0.268,74018000.0,69806000.0,36341000.0,0.139,0.136,0.139,493434000.0,,493434000.0,1285608331.0,5.0,4.348,-66225000.0,-0.406,1.0,272926000.0,0.99,0.0,33465000.0,3857731000.0,,0.0,1377960000.0,,,3512424000.0,,,1476660331.0,-14026000.0,0.0,1000.0,52930000.0,-2907000.0,52199000.0,-21195000.0,0.0,-45030000.0,0.0,22791000.0,22791000.0,22791000.0,0.0,0.0,0.083,203120000.0,69806000.0,3512424000.0,0.129,2.993,15.268,15.117,87467000.0,0.0,9.055,1.382,1.383,2203379000.0,439528000.0,275791000.0,275791000.0,0.0,,,,,0.0,194491000.0,1.0,163080125.0,163184625,168594750.0,1.69,4005858000.0,30586000.0,13550000.0,8332000.0,24.548,
93,RJF,MRQ,1998-03-31,1998-03-27,1998-03-27,2021-09-22,326000.0,4172041000.0,,,,,2.9,-10204000.0,210982000.0,210982000.0,2767000.0,24700000.0,,7.851,19930000.0,,,19930000.0,0.0,3833000.0,0.0,0.007,0.012,71802000.0,75635000.0,0.283,75635000.0,71802000.0,40534000.0,0.151,0.148,0.151,471374000.0,,471374000.0,1234300727.0,5.0,4.446,218738000.0,1.346,1.0,264771000.0,0.99,0.0,31268000.0,3980989000.0,,0.0,1426313000.0,,,3700667000.0,,,1372788727.0,220449000.0,0.0,-16000.0,-70000.0,-2899000.0,1711000.0,-10204000.0,0.0,228942000.0,0.0,24700000.0,24700000.0,24700000.0,0.0,0.0,0.092,192969000.0,71802000.0,3700667000.0,0.079,2.912,15.075,14.92,70485000.0,0.0,8.444,1.369,1.369,2341624000.0,419642000.0,267538000.0,267538000.0,0.0,,,,,0.0,185942000.0,1.0,162567086.0,162533250,167113125.0,1.646,4172041000.0,30722000.0,15834000.0,13998000.0,25.669,
94,RJF,MRQ,1997-12-31,1997-12-26,1997-12-26,2021-09-22,372000.0,3445319000.0,,,,,2.761,-16036000.0,158488000.0,158488000.0,3030000.0,22745000.0,,6.744,20000000.0,,,20000000.0,0.0,3596000.0,0.0,0.008,0.018,66305000.0,69901000.0,0.277,69901000.0,66305000.0,36886000.0,0.142,0.136,0.142,444894000.0,,444894000.0,,,,-79279000.0,-0.492,1.0,249274000.0,0.988,0.0,29419000.0,3306831000.0,,0.0,1147967000.0,,,3000425000.0,,,1236312654.0,-74622000.0,0.0,0.0,5785000.0,-2869000.0,4657000.0,-16036000.0,0.0,-63243000.0,0.0,22745000.0,22745000.0,22745000.0,0.0,0.0,0.09,182969000.0,66305000.0,3000425000.0,0.127,2.779,11.832,11.611,64114000.0,0.0,7.605,1.255,1.244,1950468000.0,397857000.0,252304000.0,252304000.0,0.0,,,,,0.0,176368000.0,1.0,162567086.0,161149500,165385125.0,1.566,3445319000.0,27742000.0,14141000.0,20475000.0,21.38,
95,RJF,MRQ,1997-09-30,1997-09-26,1997-09-26,2021-09-22,341000.0,3278645000.0,,,,,2.636,-8147000.0,196726000.0,196726000.0,3392000.0,26477000.0,,6.746,14215000.0,,,14215000.0,0.0,5755000.0,0.0,0.008,0.016,70389000.0,76144000.0,0.279,76144000.0,70389000.0,42445000.0,0.166,0.16,0.166,423276000.0,,423276000.0,,,,235692000.0,1.468,1.0,269283000.0,0.988,0.0,27944000.0,3096134000.0,,0.0,1125505000.0,,,2855369000.0,,,,109000000.0,0.0,5000.0,-18050000.0,-2547000.0,-19733000.0,-115106000.0,0.0,243839000.0,0.0,26477000.0,26477000.0,26477000.0,0.0,0.0,0.097,198894000.0,70389000.0,2855369000.0,0.096,,,11.37,51674000.0,0.0,7.038,,1.213,1796927000.0,377981000.0,272675000.0,272675000.0,0.0,,,,,0.0,187860000.0,1.0,,160585875,164106000.0,1.698,3278645000.0,24356000.0,15968000.0,18413000.0,20.417,
96,RJF,MRQ,1997-06-30,1997-06-27,1997-06-27,2021-09-22,,,,,,,,-4943000.0,,,2811000.0,17140000.0,,,,,,,,3132000.0,,0.01,0.016,52795000.0,55927000.0,0.266,55927000.0,52795000.0,27945000.0,0.107,0.104,0.107,,,,,,,-155640000.0,-0.971,1.0,207307000.0,0.987,,24850000.0,,,,,,,,,,,-143882000.0,0.0,0.0,12169000.0,-2536000.0,11758000.0,-4943000.0,0.0,-150697000.0,0.0,17140000.0,17140000.0,17140000.0,0.0,0.0,0.082,154512000.0,52795000.0,,0.15,,,,,0.0,5.42,,,,,210118000.0,210118000.0,0.0,,,,,0.0,147878000.0,1.0,,160292250,164457000.0,1.311,,,10805000.0,,,
97,RJF,MRQ,1997-03-31,1997-03-27,1997-03-27,2021-09-22,,,,,,,,-5472000.0,,,3102000.0,38130000.0,,,,,,,,3321000.0,,0.011,0.011,87196000.0,90517000.0,0.362,90517000.0,87196000.0,62128000.0,0.24,0.234,0.24,,,,,,,157953000.0,0.988,1.0,246893000.0,0.988,,25068000.0,,,,,,,,,,,154604000.0,0.0,-1559000.0,-2309000.0,-2533000.0,-3349000.0,-5472000.0,0.0,163425000.0,0.0,38130000.0,38130000.0,38130000.0,0.0,0.0,0.153,159697000.0,87196000.0,,0.046,,,,,0.0,4.363,,,,,249995000.0,249995000.0,0.0,,,,,0.0,153017000.0,1.0,,159846750,163383750.0,1.564,,,23998000.0,,,
98,RJF,MRQ,1996-12-31,1996-12-27,1996-12-27,2021-09-22,,,,,,,,-6894000.0,,,2403000.0,17168000.0,,,,,,,,2903000.0,,0.013,0.014,51477000.0,54380000.0,0.279,54380000.0,51477000.0,27998000.0,0.109,0.107,0.109,,,,,,,36550000.0,0.23,1.0,192416000.0,0.988,,23479000.0,,,,,,,,,,,33788000.0,0.0,1554000.0,-2493000.0,-2305000.0,-2762000.0,-6894000.0,0.0,43444000.0,0.0,17168000.0,17168000.0,17168000.0,0.0,0.0,0.088,140939000.0,51477000.0,,0.128,,,,,0.0,3.951,,,,,194819000.0,194819000.0,0.0,,,,,0.0,134076000.0,1.0,,158942250,161483625.0,1.226,,,10830000.0,,,
0,RJF,MRT,2021-06-30,2021-06-30,2021-06-30,2021-09-22,-10000000.0,57161000000.0,53591500000.0,,,0.171,38.207,-126000000.0,5982000000.0,5982000000.0,119000000.0,1183000000.0,,6.263,3181000000.0,,,3181000000.0,0.0,128000000.0,30340000000.0,0.012,1.027,1487000000.0,1615000000.0,0.177,1615000000.0,1487000000.0,1487000000.0,5.747,5.613,5.747,7863000000.0,7483000000.0,7863000000.0,15183611969.0,10.0,9.402,3397000000.0,16.506,1.0,9025000000.0,0.987,862000000.0,0.0,53498000000.0,50338500000.0,0.0,43373000000.0,,,49243000000.0,,,17850611969.0,3027000000.0,-245000000.0,-177000000.0,707000000.0,-214000000.0,4484000000.0,-5122000000.0,-4741000000.0,3523000000.0,142000000.0,1183000000.0,1183000000.0,1183000000.0,0.0,0.0,0.129,7440000000.0,1585000000.0,13644000000.0,0.179,2.27,15.089,15.069,552000000.0,0.0,86.6,1.952,1.949,3827000000.0,7257000000.0,9144000000.0,9144000000.0,0.0,0.022,0.158,0.03,0.163,126000000.0,6971000000.0,1.0,206127159.0,205800000,211650000.0,44.431,56299000000.0,289000000.0,304000000.0,0.0,273.562,
1,RJF,MRT,2021-03-31,2021-03-31,2021-03-31,2021-09-22,-38000000.0,56066000000.0,50471750000.0,,,0.169,36.73,-115000000.0,5851000000.0,5851000000.0,108000000.0,1048000000.0,,6.379,3184000000.0,,,3184000000.0,0.0,125000000.0,29254000000.0,0.012,1.013,1300000000.0,1425000000.0,0.168,1425000000.0,1300000000.0,1300000000.0,5.087,4.98,5.087,7592000000.0,7258500000.0,7592000000.0,14704878789.0,11.0,10.319,1712000000.0,8.283,1.0,8399000000.0,0.987,868000000.0,0.0,52531000000.0,46603750000.0,0.0,42940000000.0,,,48429000000.0,,,16877878789.0,-4418000000.0,-250000000.0,-129000000.0,-31000000.0,-211000000.0,-1089000000.0,-5332000000.0,-4912000000.0,1827000000.0,176000000.0,1048000000.0,1048000000.0,1048000000.0,0.0,0.0,0.123,7099000000.0,1300000000.0,14083000000.0,0.199,2.223,16.105,16.062,543000000.0,0.0,81.707,1.984,1.985,3520000000.0,7004000000.0,8507000000.0,8507000000.0,0.0,0.021,0.144,0.028,0.153,120000000.0,6565000000.0,1.0,206566728.0,206700000,211800000.0,41.156,55198000000.0,277000000.0,252000000.0,0.0,267.044,
2,RJF,MRT,2020-12-31,2020-12-31,2020-12-31,2021-09-22,17000000.0,53657000000.0,48907500000.0,,,0.168,35.882,-113000000.0,5377000000.0,5377000000.0,103000000.0,862000000.0,,6.277,3204000000.0,,,3204000000.0,0.0,121000000.0,27790000000.0,0.012,0.74,1092000000.0,1213000000.0,0.148,1213000000.0,1092000000.0,1092000000.0,4.18,4.107,4.18,7363000000.0,7060000000.0,7363000000.0,6889305200.0,6.0,5.68,5299000000.0,25.824,1.0,8100000000.0,0.987,834000000.0,0.0,50650000000.0,42892750000.0,0.0,41318000000.0,,,46219000000.0,,,13100305200.0,4706000000.0,-223000000.0,-271000000.0,458000000.0,-209000000.0,4847000000.0,-5606000000.0,-5222000000.0,5412000000.0,53000000.0,862000000.0,862000000.0,862000000.0,0.0,0.0,0.105,7008000000.0,1092000000.0,13628000000.0,0.177,1.779,15.198,15.258,534000000.0,0.0,63.78,1.597,1.595,3136000000.0,6702000000.0,8203000000.0,8203000000.0,0.0,0.018,0.122,0.025,0.133,120000000.0,6350000000.0,1.0,205398326.0,205200000,209550000.0,39.976,52823000000.0,262000000.0,230000000.0,0.0,257.422,
3,RJF,MRT,2020-09-30,2020-09-30,2020-09-30,2021-09-22,11000000.0,47482000000.0,45531750000.0,,,0.175,34.467,-124000000.0,5390000000.0,5390000000.0,101000000.0,818000000.0,,5.666,3183000000.0,,,3183000000.0,0.0,119000000.0,26801000000.0,0.02,0.987,1052000000.0,1171000000.0,0.147,1171000000.0,1052000000.0,1052000000.0,3.96,3.887,3.96,7114000000.0,6929750000.0,7114000000.0,4458745666.0,4.0,3.808,3930000000.0,19.041,1.0,7889000000.0,0.987,600000000.0,0.0,44675000000.0,39158750000.0,0.0,35386000000.0,,,40306000000.0,,,9979745666.0,3663000000.0,-5000000.0,-272000000.0,489000000.0,-205000000.0,4593000000.0,-4985000000.0,-4802000000.0,4054000000.0,1000000.0,818000000.0,818000000.0,818000000.0,0.0,0.0,0.102,6837000000.0,1052000000.0,8305000000.0,0.249,1.403,12.2,12.249,535000000.0,0.0,48.507,1.249,1.253,3362000000.0,6484000000.0,7990000000.0,7990000000.0,0.0,0.018,0.118,0.027,0.132,120000000.0,6217000000.0,1.0,205739672.0,206400000,210300000.0,38.711,46882000000.0,262000000.0,234000000.0,0.0,227.141,
4,RJF,MRT,2020-06-30,2020-06-30,2020-06-30,2021-09-22,1000000.0,44682000000.0,43368750000.0,,,0.183,33.868,-133000000.0,8837000000.0,8837000000.0,99000000.0,874000000.0,,5.408,3316000000.0,,,3316000000.0,0.0,119000000.0,25372000000.0,0.021,0.967,1150000000.0,1269000000.0,0.16,1269000000.0,1150000000.0,1150000000.0,4.2,4.127,4.2,6965000000.0,6796500000.0,6965000000.0,-2087189584.0,-2.0,-1.645,3200000000.0,15.56,1.0,7835000000.0,0.988,602000000.0,0.0,38559000000.0,36855250000.0,0.0,29478000000.0,,,37667000000.0,,,9431810416.0,2885000000.0,-5000000.0,-384000000.0,439000000.0,-202000000.0,3121000000.0,-3531000000.0,-3391000000.0,3333000000.0,-38000000.0,874000000.0,874000000.0,874000000.0,0.0,0.0,0.11,6685000000.0,1150000000.0,7388000000.0,0.23,1.354,10.792,10.925,537000000.0,0.0,45.887,1.189,1.189,3434000000.0,6326000000.0,7934000000.0,7934000000.0,0.0,0.02,0.129,0.031,0.145,121000000.0,6144000000.0,1.0,205545774.0,205650000,209100000.0,38.58,44080000000.0,222000000.0,276000000.0,0.0,214.345,
5,RJF,MRT,2020-03-31,2020-03-31,2020-03-31,2021-09-22,-11000000.0,49809000000.0,41867500000.0,,,0.192,32.746,-150000000.0,14693000000.0,14693000000.0,100000000.0,961000000.0,,6.322,3174000000.0,,,3174000000.0,0.0,117000000.0,30023000000.0,0.022,0.947,1294000000.0,1411000000.0,0.176,1411000000.0,1294000000.0,1294000000.0,4.593,4.507,4.593,6798000000.0,6680750000.0,6798000000.0,4971741595.0,4.0,3.524,3350000000.0,16.137,1.0,7927000000.0,0.988,603000000.0,0.0,37687000000.0,35974750000.0,0.0,28623000000.0,,,42975000000.0,,,8802741595.0,8574000000.0,-5000000.0,-479000000.0,490000000.0,-199000000.0,8225000000.0,-3077000000.0,-2953000000.0,3500000000.0,-74000000.0,961000000.0,961000000.0,961000000.0,0.0,0.0,0.12,6633000000.0,1294000000.0,8394000000.0,0.206,1.295,9.16,9.173,543000000.0,0.0,42.133,1.097,1.09,3782000000.0,6205000000.0,8027000000.0,8027000000.0,0.0,0.023,0.144,0.036,0.161,121000000.0,6172000000.0,1.0,208925829.0,207600000,211650000.0,38.666,49206000000.0,224000000.0,333000000.0,0.0,237.023,
6,RJF,MRT,2019-12-31,2019-12-31,2019-12-31,2021-09-22,-5000000.0,40154000000.0,38959250000.0,,,0.201,32.981,-147000000.0,6690000000.0,6690000000.0,96000000.0,1053000000.0,,4.86,2859000000.0,,,2859000000.0,0.0,116000000.0,22975000000.0,0.019,1.153,1402000000.0,1518000000.0,0.194,1518000000.0,1402000000.0,1402000000.0,5.013,4.913,5.013,6842000000.0,6572750000.0,6842000000.0,9329180156.0,7.0,6.146,751000000.0,3.62,1.0,7722000000.0,0.988,609000000.0,0.0,35714000000.0,35154000000.0,0.0,27329000000.0,,,33251000000.0,,,12410180156.0,-414000000.0,-5000000.0,-317000000.0,-299000000.0,-195000000.0,501000000.0,-1866000000.0,-1729000000.0,898000000.0,53000000.0,1053000000.0,1053000000.0,1053000000.0,0.0,0.0,0.135,6320000000.0,1402000000.0,5939000000.0,0.23,1.814,11.786,11.897,536000000.0,0.0,59.64,1.587,1.583,3288000000.0,6086000000.0,7818000000.0,7818000000.0,0.0,0.027,0.16,0.04,0.179,118000000.0,5967000000.0,1.0,208084845.0,207450000,212250000.0,37.686,39545000000.0,217000000.0,349000000.0,0.0,190.624,
7,RJF,MRT,2019-09-30,2019-09-30,2019-09-30,2021-09-22,-23000000.0,38830000000.0,38556750000.0,,,0.201,31.116,-138000000.0,5971000000.0,5971000000.0,94000000.0,1034000000.0,,4.891,3213000000.0,,,3213000000.0,0.0,112000000.0,22281000000.0,0.016,0.907,1375000000.0,1487000000.0,0.192,1487000000.0,1375000000.0,1375000000.0,4.88,4.78,4.88,6581000000.0,6398000000.0,6581000000.0,8444009942.0,6.0,5.679,439000000.0,2.076,1.0,7646000000.0,0.988,611000000.0,0.0,35461000000.0,34723000000.0,0.0,26378000000.0,,,32187000000.0,,,11449009942.0,30000000.0,-5000000.0,-778000000.0,-5000000.0,-191000000.0,1373000000.0,-1897000000.0,-1753000000.0,577000000.0,-23000000.0,1034000000.0,1034000000.0,1034000000.0,0.0,0.0,0.134,6271000000.0,1375000000.0,5108000000.0,0.186,1.74,11.073,11.265,527000000.0,0.0,54.973,1.479,1.502,3501000000.0,5874000000.0,7740000000.0,7740000000.0,0.0,0.027,0.162,0.04,0.178,112000000.0,5872000000.0,1.0,208264794.0,211500000,216000000.0,36.596,38219000000.0,231000000.0,341000000.0,0.0,180.704,
8,RJF,MRT,2019-06-30,2019-06-30,2019-06-30,2021-09-22,-14000000.0,38677000000.0,38202500000.0,,,0.199,30.874,-140000000.0,5952000000.0,5952000000.0,94000000.0,1032000000.0,,4.939,2947000000.0,,,2947000000.0,0.0,108000000.0,22166000000.0,0.016,0.88,1371000000.0,1479000000.0,0.194,1479000000.0,1371000000.0,1371000000.0,4.82,4.707,4.82,6502000000.0,6344750000.0,6502000000.0,8763089721.0,6.0,5.925,419000000.0,1.99,1.0,7522000000.0,0.988,635000000.0,0.0,35037000000.0,34283500000.0,0.0,26879000000.0,,,32113000000.0,,,11905089721.0,85000000.0,-5000000.0,-654000000.0,45000000.0,-187000000.0,1888000000.0,-2364000000.0,-2184000000.0,559000000.0,2000000.0,1032000000.0,1032000000.0,1032000000.0,0.0,0.0,0.136,6151000000.0,1371000000.0,5203000000.0,0.183,1.831,11.536,11.694,518000000.0,0.0,56.367,1.563,1.559,3518000000.0,5659000000.0,7616000000.0,7616000000.0,0.0,0.027,0.163,0.04,0.18,112000000.0,5773000000.0,1.0,211207978.0,210600000,215400000.0,36.163,38042000000.0,210000000.0,339000000.0,0.0,180.636,
9,RJF,MRT,2019-03-31,2019-03-31,2019-03-31,2021-09-22,-25000000.0,38176000000.0,37624277250.0,,,0.2,30.142,-123000000.0,6119000000.0,6119000000.0,93000000.0,1005000000.0,,4.986,2977000000.0,,,2977000000.0,0.0,105000000.0,21618000000.0,0.016,0.853,1347000000.0,1452000000.0,0.193,1452000000.0,1347000000.0,1347000000.0,4.653,4.54,4.653,6366000000.0,6258590750.0,6366000000.0,7419864374.0,6.0,5.11,175000000.0,0.829,1.0,7433000000.0,0.988,630000000.0,0.0,34404000000.0,34365933750.0,0.0,26172000000.0,,,31741000000.0,,,11340864374.0,-100000000.0,0.0,-560000000.0,-6000000.0,-175000000.0,2207000000.0,-2571000000.0,-2450000000.0,298000000.0,-34000000.0,1005000000.0,1005000000.0,1005000000.0,0.0,0.0,0.134,6086000000.0,1347000000.0,5230000000.0,0.183,1.781,11.284,11.521,498000000.0,0.0,53.607,1.507,1.504,3603000000.0,5448000000.0,7526000000.0,7526000000.0,0.0,0.027,0.161,0.039,0.179,108000000.0,5695000000.0,1.0,211556978.0,211200000,215850000.0,35.634,37546000000.0,188000000.0,342000000.0,0.0,177.775,
10,RJF,MRT,2018-12-31,2018-12-31,2018-12-31,2021-09-22,-39000000.0,38544000000.0,37087995000.0,,,0.202,28.4,-125000000.0,7104000000.0,7104000000.0,94000000.0,987000000.0,,5.261,3183000000.0,,,3183000000.0,0.0,102000000.0,21673000000.0,0.015,0.733,1332000000.0,1434000000.0,0.192,1434000000.0,1332000000.0,1332000000.0,4.533,4.42,4.533,6143000000.0,6152337500.0,6143000000.0,7590521507.0,6.0,5.293,562000000.0,2.598,1.0,7385000000.0,0.987,633000000.0,0.0,33990000000.0,34555894250.0,0.0,25568000000.0,,,32319000000.0,,,10661826507.0,-363000000.0,0.0,-522000000.0,-335000000.0,-166000000.0,1966000000.0,-2935000000.0,-2832000000.0,687000000.0,-81000000.0,987000000.0,987000000.0,987000000.0,0.0,0.0,0.132,6053000000.0,1332000000.0,6102000000.0,0.162,1.736,10.802,10.943,490000000.0,0.0,49.607,1.426,1.435,3723000000.0,5236000000.0,7479000000.0,7479000000.0,0.0,0.027,0.16,0.039,0.178,98000000.0,5664000000.0,1.0,214927292.0,216300000,220950000.0,34.577,37911000000.0,186000000.0,345000000.0,0.0,175.27,
11,RJF,MRT,2018-09-30,2018-09-30,2018-09-30,2021-09-22,-27000000.0,37413000000.0,36473219750.0,,,0.199,29.218,-134000000.0,5941000000.0,5941000000.0,92000000.0,857000000.0,,4.862,2870000000.0,,,2870000000.0,0.0,99000000.0,19942000000.0,0.012,0.733,1311000000.0,1410000000.0,0.194,1410000000.0,1311000000.0,1311000000.0,3.927,3.833,3.927,6368000000.0,6040774500.0,6368000000.0,13073445651.0,10.0,9.272,750000000.0,3.441,1.0,7182000000.0,0.987,639000000.0,0.0,33703000000.0,34823367250.0,0.0,24998000000.0,,,30961000000.0,,,13429032651.0,-1205000000.0,-159000000.0,-62000000.0,-615000000.0,-151000000.0,1420000000.0,-3476000000.0,-3209000000.0,884000000.0,-33000000.0,857000000.0,857000000.0,857000000.0,0.0,0.0,0.118,5871000000.0,1311000000.0,6290000000.0,0.187,2.109,15.67,15.627,486000000.0,0.0,61.367,1.846,1.839,4192000000.0,5032000000.0,7274000000.0,7274000000.0,0.0,0.023,0.142,0.038,0.18,99000000.0,5530000000.0,1.0,218832688.0,217950000,223200000.0,33.375,36774000000.0,203000000.0,454000000.0,0.0,168.727,
12,RJF,MRT,2018-06-30,2018-06-30,2018-06-30,2021-09-22,-26593000.0,36364109000.0,35840833750.0,,,0.197,28.193,-133285000.0,3179751000.0,3179751000.0,89794000.0,788401000.0,,4.891,2824164000.0,,,2824164000.0,0.0,93851000.0,19478561000.0,0.011,0.68,1239094000.0,1332945000.0,0.189,1332945000.0,1239094000.0,1239094000.0,3.613,3.527,3.613,6157363000.0,5844202750.0,6157363000.0,12812535136.0,10.0,9.612,-1362372000.0,-6.238,1.0,6975220000.0,0.987,641787000.0,0.0,35366735000.0,34085056750.0,0.0,27145480000.0,,,30114058000.0,,,13032755136.0,-1633027000.0,-159000000.0,-25821000.0,56972000.0,-138678000.0,2804746000.0,-3202145000.0,-2931159000.0,-1229087000.0,-6541000.0,787254000.0,787254000.0,787254000.0,0.0,1147000.0,0.111,5697261000.0,1277959000.0,6126859000.0,0.188,2.117,16.555,16.487,471603000.0,0.0,59.567,1.845,1.841,3808307000.0,4814603000.0,7065014000.0,7065014000.0,0.0,0.022,0.135,0.036,0.175,94771000.0,5366147000.0,1.0,218792756.0,218400000,224100000.0,32.349,35722322000.0,231816000.0,451840000.0,0.0,163.564,
13,RJF,MRT,2018-03-31,2018-03-31,2018-03-31,2021-09-22,-22523000.0,36030871000.0,35108163000.0,,,0.195,27.24,-136948000.0,3139938000.0,3139938000.0,86927000.0,741752000.0,,5.048,2919718000.0,,,2919718000.0,0.0,90041000.0,18711903000.0,0.011,0.627,1196108000.0,1286149000.0,0.188,1286149000.0,1196108000.0,1196108000.0,3.4,3.32,3.4,5940987000.0,5652180000.0,5940987000.0,12645765752.0,11.0,9.832,-691199000.0,-3.169,1.0,6765634000.0,0.987,646809000.0,0.0,35163842000.0,33544128500.0,0.0,26909374000.0,,,29988649000.0,,,13019433752.0,-1301874000.0,-159000000.0,-27937000.0,616291000.0,-134973000.0,2536052000.0,-3306308000.0,-3016479000.0,-554251000.0,22633000.0,738678000.0,738678000.0,738678000.0,0.0,3074000.0,0.108,5528734000.0,1236900000.0,6850154000.0,0.184,2.191,17.625,17.531,468347000.0,0.0,59.607,1.9,1.897,3786640000.0,4626064000.0,6852561000.0,6852561000.0,0.0,0.021,0.131,0.036,0.175,98985000.0,5209160000.0,1.0,218422443.0,218100000,223500000.0,31.419,35384062000.0,219094000.0,457430000.0,0.0,162.238,
14,RJF,MRT,2017-12-31,2017-12-31,2017-12-31,2021-09-22,-20454000.0,36084899000.0,34332628000.0,,,0.192,26.283,-147629000.0,3897529000.0,3897529000.0,81705000.0,607297000.0,,5.316,3523861000.0,,,3523861000.0,0.0,87059000.0,18725545000.0,0.007,0.44,1029621000.0,1116680000.0,0.169,1116680000.0,1029621000.0,1029621000.0,2.807,2.747,2.807,5696748000.0,5468870250.0,5696748000.0,12730537240.0,12.0,11.4,-657928000.0,-3.035,1.0,6522493000.0,0.988,651339000.0,0.0,35059892000.0,32781820000.0,0.0,26497402000.0,,,30281944000.0,,,12894967240.0,54177000.0,-159000000.0,-27942000.0,1087738000.0,-127745000.0,3870222000.0,-3355260000.0,-3076507000.0,-510299000.0,49514000.0,608433000.0,608433000.0,608433000.0,0.0,-1136000.0,0.092,5448008000.0,1074485000.0,6592039000.0,0.157,2.264,21.194,21.209,454115000.0,0.0,59.533,1.953,1.954,3527846000.0,4420368000.0,6604198000.0,6604198000.0,0.0,0.018,0.111,0.031,0.156,114428000.0,5027958000.0,1.0,216600794.0,216750000,222450000.0,30.469,35433560000.0,199507000.0,421188000.0,0.0,163.477,
15,RJF,MRT,2017-09-30,2017-09-30,2017-09-30,2021-09-22,-15199000.0,34883456000.0,33228750750.0,,,0.192,25.967,-190000000.0,7145757000.0,7145757000.0,79000000.0,636000000.0,,5.23,3505242000.0,,,3505242000.0,0.0,84000000.0,17732362000.0,0.01,0.587,925000000.0,1009000000.0,0.158,1009000000.0,925000000.0,925000000.0,2.953,2.887,2.953,5581713000.0,5314902500.0,5581713000.0,12424053151.0,13.0,12.313,-315000000.0,-1.465,1.0,6292000000.0,0.988,493183000.0,0.0,30749758000.0,31877391000.0,0.0,22025670000.0,,,29190105000.0,,,12159341151.0,611000000.0,0.0,-34000000.0,1376000000.0,-127000000.0,4065000000.0,-3376000000.0,-3261000000.0,-125000000.0,47000000.0,636000000.0,636000000.0,636000000.0,0.0,0.0,0.1,5321000000.0,971000000.0,6151588000.0,0.199,2.178,19.118,19.038,437374000.0,0.0,56.22,1.909,1.897,3687561000.0,4340054000.0,6371000000.0,6371000000.0,0.0,0.019,0.12,0.029,0.145,109000000.0,4871000000.0,1.0,216281415.0,214950000,219900000.0,29.639,34390273000.0,313486000.0,289000000.0,0.0,159.992,
16,RJF,MRT,2017-06-30,2017-06-30,2017-06-30,2021-09-22,-22010000.0,33433426000.0,32379630750.0,,,0.19,25.0,-187930000.0,2615479000.0,2615479000.0,42543000.0,619756000.0,,5.183,2880191000.0,,,2880191000.0,0.0,80568000.0,16310881000.0,0.011,0.573,883328000.0,963896000.0,0.157,963896000.0,883328000.0,883328000.0,2.86,2.793,2.86,5389272000.0,5148610500.0,5389272000.0,11235471722.0,13.0,11.656,607272000.0,2.817,1.0,6098384000.0,0.993,495116000.0,0.0,33203022000.0,32223965250.0,0.0,24693883000.0,,,27932676000.0,,,11553372722.0,637422000.0,-175283000.0,-33180000.0,1508329000.0,-123760000.0,3355226000.0,-3534022000.0,-3216917000.0,795202000.0,21016000.0,614416000.0,614416000.0,614416000.0,0.0,5340000.0,0.1,5201434000.0,896950000.0,6822440000.0,0.2,2.144,18.804,18.699,421174000.0,0.0,53.48,1.881,1.877,2911440000.0,4178883000.0,6140927000.0,6140927000.0,0.0,0.019,0.119,0.027,0.144,104878000.0,4715484000.0,1.0,216031652.0,215568000,220654500.0,28.487,32938310000.0,382753000.0,268912000.0,0.0,152.798,
17,RJF,MRT,2017-03-31,2017-03-31,2017-03-31,2021-09-22,-27434000.0,32928731000.0,31232132000.0,,,0.188,24.216,-186605000.0,2636326000.0,2636326000.0,47654000.0,566998000.0,,5.3,2318425000.0,,,2318425000.0,0.0,77690000.0,16377544000.0,0.011,0.56,806079000.0,883769000.0,0.15,883769000.0,806079000.0,806079000.0,2.607,2.547,2.607,5207748000.0,4988157250.0,5207748000.0,11229476504.0,14.0,12.706,332827000.0,1.548,1.0,5827690000.0,0.992,496222000.0,0.0,32114608000.0,31049701750.0,0.0,24155747000.0,,,27600514000.0,,,10957495504.0,1156540000.0,-175283000.0,-32390000.0,937704000.0,-120310000.0,3848119000.0,-3216116000.0,-2838659000.0,519432000.0,5105000.0,556496000.0,556496000.0,556496000.0,0.0,10502000.0,0.095,5002827000.0,824863000.0,7335392000.0,0.215,2.104,19.69,19.501,409543000.0,0.0,50.84,1.865,1.861,2946597000.0,4027927000.0,5875344000.0,5875344000.0,0.0,0.018,0.112,0.026,0.137,99706000.0,4527385000.0,1.0,215529022.0,215050500,220168500.0,27.321,32432509000.0,365869000.0,249583000.0,0.0,150.813,
18,RJF,MRT,2016-12-31,2016-12-31,2016-12-31,2021-09-22,-33140000.0,31669390000.0,29938252000.0,,,0.188,23.835,-167523000.0,2528275000.0,2528275000.0,54675000.0,580290000.0,,5.209,2800256000.0,,,2800256000.0,0.0,74415000.0,15189790000.0,0.012,0.547,838684000.0,913099000.0,0.162,913099000.0,838684000.0,838684000.0,2.68,2.613,2.68,5080877000.0,4845042750.0,5080877000.0,10678949200.0,13.0,11.695,-181515000.0,-0.852,1.0,5569033000.0,0.99,499195000.0,0.0,31442176000.0,29987726000.0,0.0,23099818000.0,,,26464789000.0,,,9834330200.0,-68113000.0,-175283000.0,-176421000.0,1096167000.0,-117584000.0,3093479000.0,-3162998000.0,-2775579000.0,-13992000.0,15398000.0,569588000.0,569588000.0,569588000.0,0.0,10702000.0,0.101,4719647000.0,849386000.0,7213506000.0,0.204,1.936,17.266,17.231,382298000.0,0.0,46.18,1.749,1.75,2927355000.0,3947074000.0,5623708000.0,5623708000.0,0.0,0.019,0.118,0.028,0.149,86598000.0,4359314000.0,1.0,212956479.0,213165000,218512500.0,26.382,31170195000.0,318160000.0,269096000.0,0.0,146.226,
19,RJF,MRT,2016-09-30,2016-09-30,2016-09-30,2021-09-22,-55733000.0,31486976000.0,28747736250.0,,,0.188,23.119,-121733000.0,1650452000.0,1650452000.0,59930000.0,540651000.0,,5.375,2802577000.0,,,2802577000.0,0.0,72383000.0,14262547000.0,0.014,0.533,800643000.0,873026000.0,0.162,873026000.0,800643000.0,800643000.0,2.48,2.433,2.48,4916545000.0,4736527000.0,4916545000.0,8294865419.0,10.0,9.501,-695051000.0,-3.268,1.0,5345134000.0,0.989,503046000.0,0.0,32136055000.0,28617784250.0,0.0,24265199000.0,,,26424000000.0,,,8247435419.0,-950554000.0,-175283000.0,-162502000.0,697814000.0,-113435000.0,2540479000.0,-2917903000.0,-2558869000.0,-573318000.0,188000.0,529350000.0,529350000.0,529350000.0,0.0,11301000.0,0.098,4533190000.0,811944000.0,7307322000.0,0.215,1.677,15.58,15.648,321457000.0,0.0,38.807,1.526,1.527,3705963000.0,3834781000.0,5405064000.0,5405064000.0,0.0,0.018,0.112,0.028,0.148,76426000.0,4220221000.0,1.0,212526252.0,212659500,216769500.0,25.417,30983930000.0,322024000.0,271293000.0,0.0,145.697,
20,RJF,MRT,2016-06-30,2016-06-30,2016-06-30,2021-09-22,-55875000.0,28843431000.0,27493000250.0,,,0.192,22.42,-108964000.0,1978057000.0,1978057000.0,99641000.0,523899000.0,,5.024,2025487000.0,,,2025487000.0,0.0,71228000.0,13732194000.0,0.016,0.52,771037000.0,842265000.0,0.159,842265000.0,771037000.0,771037000.0,2.28,2.233,2.28,4747459000.0,4637898500.0,4747459000.0,7467965929.0,10.0,8.867,284511000.0,1.344,1.0,5189861000.0,0.981,384893000.0,0.0,28505968000.0,27006069250.0,0.0,21498702000.0,,,23849301000.0,,,6977507929.0,-604024000.0,-15823000.0,-219153000.0,-100693000.0,-111025000.0,2308255000.0,-3297941000.0,-3129259000.0,393475000.0,-7813000.0,486866000.0,486866000.0,486866000.0,0.0,37033000.0,0.092,4381791000.0,808070000.0,6637707000.0,0.228,1.47,14.331,14.415,294994000.0,0.0,32.867,1.319,1.316,2402036000.0,3689244000.0,5289502000.0,5289502000.0,0.0,0.018,0.105,0.029,0.146,67965000.0,4166880000.0,1.0,212297402.0,211747500,215928000.0,24.98,28458538000.0,296619000.0,284171000.0,0.0,134.398,
21,RJF,MRT,2016-03-31,2016-03-31,2016-03-31,2021-09-22,-50300000.0,27753211000.0,26484246500.0,,,0.198,21.843,-102648000.0,1479786000.0,1479786000.0,99338000.0,517666000.0,,4.935,1970244000.0,,,1970244000.0,0.0,70038000.0,12729457000.0,0.016,0.507,781402000.0,851440000.0,0.162,851440000.0,781402000.0,781402000.0,2.307,2.26,2.307,4635290000.0,4569200000.0,4635290000.0,6155276429.0,8.0,7.229,357861000.0,1.686,1.0,5152189000.0,0.981,376964000.0,0.0,27866705000.0,25883616000.0,0.0,20981049000.0,,,22875972000.0,,,6725787429.0,-1060351000.0,-7118000.0,-232840000.0,-140717000.0,-109890000.0,987448000.0,-2497443000.0,-2375205000.0,460509000.0,-10865000.0,494557000.0,494557000.0,494557000.0,0.0,23109000.0,0.094,4347678000.0,804511000.0,6781498000.0,0.22,1.451,13.6,13.758,282285000.0,0.0,31.74,1.281,1.283,2496024000.0,3592753000.0,5251527000.0,5251527000.0,0.0,0.019,0.108,0.03,0.149,81291000.0,4159971000.0,1.0,211902566.0,212208000,216018000.0,24.747,27376247000.0,272644000.0,286845000.0,0.0,129.007,
22,RJF,MRT,2015-12-31,2015-12-31,2015-12-31,2021-09-22,-50644000.0,26907327000.0,25787927500.0,,,0.203,21.655,-93634000.0,2596388000.0,2596388000.0,103114000.0,504605000.0,,4.732,2025877000.0,,,2025877000.0,0.0,69897000.0,12657609000.0,0.013,0.493,763604000.0,833501000.0,0.16,833501000.0,763604000.0,763604000.0,2.24,2.193,2.24,4646814000.0,4504233750.0,4646814000.0,7908107429.0,10.0,9.488,813384000.0,3.79,1.0,5122190000.0,0.98,374407000.0,0.0,25962409000.0,24991969000.0,0.0,19419697000.0,,,21986684000.0,,,8298330429.0,-52997000.0,-15869000.0,-87973000.0,-24070000.0,-106623000.0,1362294000.0,-2260817000.0,-2134129000.0,907018000.0,-61492000.0,482173000.0,482173000.0,482173000.0,0.0,22432000.0,0.092,4336154000.0,786036000.0,6121180000.0,0.22,1.786,17.21,17.253,272103000.0,0.0,38.647,1.588,1.587,2183475000.0,3495513000.0,5225304000.0,5225304000.0,0.0,0.019,0.107,0.031,0.146,80590000.0,4161207000.0,1.0,214723058.0,214587000,219211500.0,24.351,26532920000.0,258770000.0,281431000.0,0.0,123.646,
23,RJF,MRT,2015-09-30,2015-09-30,2015-09-30,2021-09-22,-40503000.0,26468032000.0,25124407250.0,,,0.207,21.149,-74111000.0,2601006000.0,2601006000.0,102317000.0,518578000.0,,4.795,2199131000.0,,,2199131000.0,0.0,68315000.0,11919881000.0,0.015,0.48,798174000.0,866489000.0,0.167,866489000.0,798174000.0,798174000.0,2.34,2.287,2.34,4522031000.0,4410196500.0,4522031000.0,6708606474.0,8.0,7.742,824583000.0,3.856,1.0,5101289000.0,0.98,376962000.0,0.0,25689195000.0,24355870000.0,0.0,18718047000.0,,,21681934000.0,,,7146220474.0,401943000.0,-15823000.0,-88542000.0,6347000.0,-103143000.0,1730043000.0,-2176610000.0,-2069772000.0,898694000.0,-50184000.0,502140000.0,502140000.0,502140000.0,0.0,16438000.0,0.096,4286677000.0,814612000.0,6042945000.0,0.205,1.58,14.232,14.14,255875000.0,0.0,33.087,1.373,1.36,2444559000.0,3419719000.0,5203606000.0,5203606000.0,0.0,0.02,0.114,0.033,0.153,71488000.0,4113841000.0,1.0,215984902.0,213822000,218908500.0,24.336,26091070000.0,266899000.0,296034000.0,0.0,122.022,
24,RJF,MRT,2015-06-30,2015-06-30,2015-06-30,2021-09-22,-23292000.0,24808416000.0,24338812250.0,,,0.211,20.815,-67710000.0,2582081000.0,2582081000.0,101907000.0,486329000.0,,4.485,2144467000.0,,,2144467000.0,0.0,67056000.0,11010616000.0,0.012,0.467,803772000.0,870828000.0,0.169,870828000.0,803772000.0,803772000.0,2.387,2.327,2.387,4472665000.0,4314997750.0,4472665000.0,8253020821.0,10.0,9.477,453743000.0,2.112,1.0,5042411000.0,0.98,354647000.0,0.0,24016155000.0,23660184250.0,0.0,17185710000.0,,,20062127000.0,,,8570165821.0,-263676000.0,-1720000.0,-31523000.0,96318000.0,-99775000.0,746019000.0,-1463741000.0,-1397591000.0,521453000.0,-67407000.0,509320000.0,509320000.0,509320000.0,0.0,-22991000.0,0.099,4261630000.0,780781000.0,5566573000.0,0.196,1.916,16.827,16.64,249018000.0,0.0,39.72,1.666,1.659,2417114000.0,3316400000.0,5144318000.0,5144318000.0,0.0,0.021,0.118,0.034,0.156,82657000.0,4063466000.0,1.0,215764497.0,214878000,219739500.0,23.941,24453769000.0,259486000.0,294452000.0,0.0,113.803,
25,RJF,MRT,2015-03-31,2015-03-31,2015-03-31,2021-09-22,-22795000.0,24967935000.0,23904280500.0,,,0.211,20.496,-58472000.0,2540137000.0,2540137000.0,99188000.0,470348000.0,,4.643,2222992000.0,,,2222992000.0,0.0,65648000.0,11272013000.0,0.012,0.453,786885000.0,852533000.0,0.169,852533000.0,786885000.0,786885000.0,2.347,2.287,2.347,4375425000.0,4200625500.0,4375425000.0,7624380191.0,10.0,8.943,696708000.0,3.264,1.0,4938372000.0,0.98,350673000.0,0.0,24300117000.0,23143547000.0,0.0,17538756000.0,,,20316025000.0,,,8107139191.0,-101739000.0,-4248000.0,-17092000.0,618441000.0,-94747000.0,1412924000.0,-2199941000.0,-2136935000.0,755180000.0,-69902000.0,498814000.0,498814000.0,498814000.0,0.0,-28466000.0,0.099,4179953000.0,758419000.0,5337600000.0,0.193,1.853,16.253,16.128,242071000.0,0.0,37.853,1.609,1.604,2205916000.0,3211083000.0,5037560000.0,5037560000.0,0.0,0.021,0.119,0.034,0.156,67565000.0,3977144000.0,1.0,214172398.0,213480000,219075000.0,23.597,24617262000.0,259456000.0,288071000.0,0.0,115.314,
26,RJF,MRT,2014-12-31,2014-12-31,2014-12-31,2021-09-22,-8352000.0,24253246000.0,23379522250.0,,,0.211,20.157,-60516000.0,2649385000.0,2649385000.0,94287000.0,453667000.0,,4.612,2166626000.0,,,2166626000.0,0.0,63881000.0,11089019000.0,0.012,0.44,772029000.0,835910000.0,0.17,835910000.0,772029000.0,772029000.0,2.313,2.253,2.313,4270665000.0,4078845250.0,4270665000.0,8044587627.0,10.0,9.624,670204000.0,3.163,1.0,4836140000.0,0.981,352474000.0,0.0,23418013000.0,22461412250.0,0.0,16809414000.0,,,19695112000.0,,,8109526627.0,-152567000.0,-1961000.0,-16107000.0,501677000.0,-91448000.0,1517752000.0,-2356908000.0,-2294145000.0,730720000.0,-44131000.0,489911000.0,489911000.0,489911000.0,0.0,-36244000.0,0.099,4100355000.0,735785000.0,5266400000.0,0.19,1.899,16.553,16.512,242540000.0,0.0,38.193,1.645,1.641,2287593000.0,3123498000.0,4930427000.0,4930427000.0,0.0,0.021,0.12,0.034,0.157,60517000.0,3901539000.0,1.0,212328328.0,211869000,217923000.0,23.271,23900772000.0,236925000.0,282118000.0,0.0,112.809,
27,RJF,MRT,2014-09-30,2014-09-30,2014-09-30,2021-09-22,-1888000.0,23325652000.0,22797334500.0,,,0.213,19.729,-60149000.0,2199063000.0,2199063000.0,92287000.0,448151000.0,,4.562,2134124000.0,,,2134124000.0,0.0,64163000.0,10028924000.0,0.012,0.427,748045000.0,812208000.0,0.167,812208000.0,748045000.0,748045000.0,2.273,2.213,2.273,4141236000.0,3956698000.0,4141236000.0,6804755268.0,9.0,8.378,447438000.0,2.132,1.0,4769082000.0,0.981,354261000.0,0.0,22906452000.0,21715341250.0,0.0,16229464000.0,,,18892396000.0,,,7569403268.0,-397553000.0,-2007000.0,-8427000.0,545141000.0,-88102000.0,1223961000.0,-2096764000.0,-2034322000.0,507587000.0,-32337000.0,480248000.0,480248000.0,480248000.0,0.0,-32097000.0,0.099,4053134000.0,715948000.0,5353252000.0,0.188,1.828,15.761,15.715,245401000.0,0.0,35.72,1.557,1.542,2392908000.0,3023845000.0,4861369000.0,4861369000.0,0.0,0.021,0.121,0.034,0.154,62172000.0,3866684000.0,1.0,211909386.0,209902500,215383500.0,23.16,22971391000.0,231325000.0,267797000.0,0.0,109.438,
28,RJF,MRT,2014-06-30,2014-06-30,2014-06-30,2021-09-22,6918000.0,23070289000.0,22762452000.0,,,0.206,19.083,-51226000.0,2845757000.0,2845757000.0,87346000.0,433027000.0,,4.672,2081109000.0,,,2081109000.0,0.0,65627000.0,10267838000.0,0.012,0.413,697600000.0,763227000.0,0.162,763227000.0,697600000.0,697600000.0,2.193,2.133,2.193,4015176000.0,3837120000.0,4015176000.0,6217261214.0,9.0,8.146,646322000.0,3.072,1.0,4612240000.0,0.981,356035000.0,0.0,21949606000.0,21456352500.0,0.0,15490838000.0,,,18757111000.0,,,7156739214.0,260212000.0,4578000.0,-8931000.0,439823000.0,-85033000.0,1525499000.0,-1943078000.0,-1892698000.0,697548000.0,-19757000.0,461340000.0,461340000.0,461340000.0,0.0,-28313000.0,0.098,3942953000.0,669287000.0,5144714000.0,0.188,1.782,15.513,15.422,244433000.0,0.0,33.82,1.523,1.514,2279022000.0,2910165000.0,4699586000.0,4699586000.0,0.0,0.02,0.12,0.033,0.148,58061000.0,3753208000.0,1.0,211612632.0,210405000,215977500.0,22.336,22714254000.0,219008000.0,236260000.0,0.0,107.955,
29,RJF,MRT,2014-03-31,2014-03-31,2014-03-31,2021-09-22,-1234000.0,22868902000.0,22548427500.0,,,0.204,18.531,-57266000.0,2641876000.0,2641876000.0,84759000.0,403353000.0,,4.799,1702398000.0,,,1702398000.0,0.0,65792000.0,10414804000.0,0.011,0.4,638411000.0,704203000.0,0.153,704203000.0,638411000.0,638411000.0,2.013,1.96,2.013,3888304000.0,3719374750.0,3888304000.0,6740892649.0,11.0,9.572,559624000.0,2.667,1.0,4510132000.0,0.982,357846000.0,0.0,21571578000.0,21185321250.0,0.0,15600663000.0,,,18660541000.0,,,7872028649.0,467727000.0,-1589000.0,-8619000.0,-130453000.0,-81896000.0,1188261000.0,-1323164000.0,-1260577000.0,616890000.0,-14260000.0,422513000.0,422513000.0,422513000.0,0.0,-19160000.0,0.092,3890881000.0,619251000.0,5403715000.0,0.199,2.025,18.631,18.523,244984000.0,0.0,37.287,1.713,1.703,2260215000.0,2810190000.0,4594891000.0,4594891000.0,0.0,0.019,0.114,0.03,0.139,55635000.0,3699047000.0,1.0,211121812.0,209832000,215454000.0,21.898,22511056000.0,216882000.0,215898000.0,0.0,107.281,
30,RJF,MRT,2013-12-31,2013-12-31,2013-12-31,2021-09-22,5545000.0,21924495000.0,22514988250.0,,,0.203,18.128,-66635000.0,2801952000.0,2801952000.0,80900000.0,419504000.0,,4.706,1670816000.0,,,1670816000.0,0.0,66550000.0,10005438000.0,0.011,0.387,603964000.0,670514000.0,0.147,670514000.0,603964000.0,603964000.0,1.9,1.853,1.9,3782076000.0,3614987750.0,3782076000.0,6355568886.0,11.0,9.479,371697000.0,1.782,1.0,4478441000.0,0.982,359630000.0,0.0,20433729000.0,21303805000.0,0.0,14806793000.0,,,17798907000.0,,,7309729886.0,614245000.0,7314000.0,-8475000.0,-82150000.0,-78905000.0,956805000.0,-774644000.0,-711591000.0,438332000.0,-6248000.0,397913000.0,397913000.0,397913000.0,0.0,21591000.0,0.087,3852886000.0,625555000.0,5121885000.0,0.204,1.933,18.37,18.312,241109000.0,0.0,34.793,1.603,1.592,2122460000.0,2728175000.0,4559341000.0,4559341000.0,0.0,0.018,0.11,0.028,0.132,58513000.0,3638936000.0,1.0,210089956.0,208633500,213895500.0,21.853,21564865000.0,198997000.0,206051000.0,0.0,103.362,
31,RJF,MRT,2013-09-30,2013-09-30,2013-09-30,2021-09-22,10726000.0,23186122000.0,22602857250.0,,,0.198,17.73,-72879000.0,2596616000.0,2596616000.0,77365000.0,396877000.0,,5.238,1642455000.0,,,1642455000.0,0.0,66359000.0,9295371000.0,0.013,0.373,564187000.0,630546000.0,0.141,630546000.0,564187000.0,564187000.0,1.76,1.72,1.76,3662924000.0,3514419000.0,3662924000.0,4841381698.0,9.0,7.678,586926000.0,2.841,1.0,4408062000.0,0.983,361464000.0,0.0,21870497000.0,21568003000.0,0.0,16019776000.0,,,19187785000.0,,,5827414698.0,616596000.0,0.0,-11718000.0,-73434000.0,-76593000.0,615432000.0,-651974000.0,-575363000.0,659805000.0,-6667000.0,367154000.0,367154000.0,367154000.0,0.0,29723000.0,0.082,3814152000.0,593910000.0,7037175000.0,0.212,1.591,15.872,15.784,244416000.0,0.0,27.78,1.299,1.28,2373190000.0,2635026000.0,4485427000.0,4485427000.0,0.0,0.016,0.104,0.026,0.126,59272000.0,3593229000.0,1.0,209770148.0,206598000,210811500.0,21.711,22824658000.0,195160000.0,197033000.0,0.0,110.479,
32,RJF,MRT,2013-06-30,2013-06-30,2013-06-30,2021-09-22,7039000.0,22214191000.0,22096393000.0,,,0.2,17.099,-89700000.0,2585545000.0,2585545000.0,77281000.0,359243000.0,,5.174,1599512000.0,,,1599512000.0,0.0,62256000.0,9130384000.0,0.013,0.367,526525000.0,588781000.0,0.133,588781000.0,526525000.0,526525000.0,1.6,1.573,1.6,3544195000.0,3415923000.0,3544195000.0,5677213197.0,11.0,9.642,498979000.0,2.407,1.0,4350447000.0,0.983,362677000.0,0.0,20865481000.0,21244839000.0,0.0,14974053000.0,,,18339049000.0,,,6001971197.0,856510000.0,17486000.0,-10952000.0,-80661000.0,-75129000.0,773308000.0,-498938000.0,-426724000.0,588679000.0,-6539000.0,333021000.0,333021000.0,333021000.0,0.0,26222000.0,0.075,3797700000.0,552747000.0,6599401000.0,0.229,1.693,18.023,17.908,251835000.0,0.0,28.653,1.356,1.341,2432372000.0,2537252000.0,4427728000.0,4427728000.0,0.0,0.015,0.097,0.025,0.119,59369000.0,3576927000.0,1.0,209468516.0,207277500,211846500.0,21.361,21851514000.0,168778000.0,193504000.0,0.0,105.422,
33,RJF,MRT,2013-03-31,2013-03-31,2013-03-31,2021-09-22,14514000.0,22735145000.0,21835484000.0,,,0.202,16.789,-93266000.0,2174149000.0,2174149000.0,76436000.0,368009000.0,,5.423,1849391000.0,,,1849391000.0,0.0,64403000.0,9074351000.0,0.012,0.36,519341000.0,583744000.0,0.133,583744000.0,519341000.0,519341000.0,1.567,1.547,1.567,3470756000.0,3319298250.0,3470756000.0,6018002898.0,12.0,10.309,404961000.0,1.959,1.0,4327964000.0,0.983,364874000.0,0.0,22045513000.0,21297540250.0,0.0,15645966000.0,,,18823261000.0,,,6428942898.0,-701709000.0,-1079626000.0,-10358000.0,-199127000.0,-73361000.0,973813000.0,-2169901000.0,-997009000.0,498227000.0,-3848000.0,325509000.0,325509000.0,325509000.0,0.0,42500000.0,0.074,3766123000.0,561841000.0,6604000000.0,0.23,1.852,19.75,19.613,248849000.0,0.0,30.733,1.46,1.443,2525397000.0,2472960000.0,4404400000.0,4404400000.0,0.0,0.015,0.098,0.024,0.118,56162000.0,3531922000.0,1.0,209184693.0,206725500,211083000.0,21.306,22370271000.0,165550000.0,193832000.0,0.0,108.212,
34,RJF,MRT,2012-12-31,2012-12-31,2012-12-31,2021-09-22,15899000.0,22275971000.0,20970541750.0,,,0.197,16.504,-82803000.0,2187707000.0,2187707000.0,72834000.0,325037000.0,,5.464,1776767000.0,,,1776767000.0,0.0,57892000.0,8946665000.0,0.014,0.353,499821000.0,557713000.0,0.135,557713000.0,499821000.0,499821000.0,1.533,1.52,1.533,3379801000.0,3223572500.0,3379801000.0,5112707716.0,10.0,9.167,566466000.0,2.766,1.0,4060408000.0,0.982,374510000.0,0.0,21490521000.0,20313870500.0,0.0,15384556000.0,,,18466389000.0,,,5333885716.0,270753000.0,-1081909000.0,350746000.0,689703000.0,-70351000.0,2291569000.0,-2669531000.0,-1504819000.0,649269000.0,-554000.0,314418000.0,314418000.0,314418000.0,0.0,10619000.0,0.076,3549968000.0,510440000.0,6572063000.0,0.23,1.578,16.964,16.756,235733000.0,0.0,25.687,1.29,1.273,2301071000.0,2412561000.0,4133242000.0,4133242000.0,0.0,0.015,0.098,0.025,0.121,53093000.0,3328920000.0,1.0,207651922.0,204786000,208041000.0,20.183,21901461000.0,164541000.0,185403000.0,0.0,106.948,
35,RJF,MRT,2012-09-30,2012-09-30,2012-09-30,2021-09-22,9447000.0,21160265000.0,19874440500.0,,,0.192,16.66,-77515000.0,1980020000.0,1980020000.0,68632000.0,292265000.0,,5.347,1758842000.0,,,1758842000.0,0.0,51445000.0,8599713000.0,0.014,0.347,471525000.0,522970000.0,0.137,522970000.0,471525000.0,471525000.0,1.48,1.467,1.48,3268940000.0,3037789500.0,3268940000.0,5250454747.0,11.0,10.04,313774000.0,1.599,1.0,3737899000.0,0.982,361246000.0,0.0,20577841000.0,19137202750.0,0.0,14271714000.0,,,17479983000.0,,,5058351747.0,-459675000.0,-1074421000.0,341963000.0,682750000.0,-68782000.0,1879275000.0,-2731215000.0,-1579279000.0,391289000.0,976000.0,295869000.0,295869000.0,295869000.0,0.0,-3604000.0,0.078,3269978000.0,467921000.0,5740073000.0,0.234,1.547,17.097,16.509,231195000.0,0.0,24.433,1.329,1.259,2492583000.0,2346563000.0,3806531000.0,3806531000.0,0.0,0.015,0.097,0.025,0.124,53116000.0,3068864000.0,1.0,207026674.0,196209000,197686500.0,19.4,20799019000.0,168187000.0,175656000.0,0.0,106.004,
36,RJF,MRT,2012-06-30,2012-06-30,2012-06-30,2021-09-22,-4996000.0,21170555000.0,19086123000.0,,,0.186,15.564,-62602000.0,1729035000.0,1729035000.0,65465000.0,277647000.0,,5.57,1921138000.0,,,1921138000.0,0.0,48086000.0,8277304000.0,0.015,0.347,473047000.0,521133000.0,0.146,521133000.0,473047000.0,473047000.0,1.427,1.427,1.427,3157696000.0,2867459250.0,3157696000.0,3626539720.0,8.0,6.959,621471000.0,3.063,1.0,3493240000.0,0.982,286372000.0,0.0,21076286000.0,18091499500.0,0.0,13792013000.0,,,17588846000.0,,,4719157720.0,130347000.0,-1097773000.0,326221000.0,699699000.0,-64399000.0,2354704000.0,-2904822000.0,-1744447000.0,684073000.0,-3608000.0,281471000.0,281471000.0,281471000.0,0.0,-3824000.0,0.079,3027626000.0,465614000.0,6612390000.0,0.243,1.494,16.766,15.996,223560000.0,0.0,22.827,1.326,1.301,2785870000.0,2281407000.0,3558705000.0,3558705000.0,0.0,0.015,0.098,0.026,0.133,46448000.0,2842957000.0,1.0,206738802.0,202884000,204985500.0,17.541,20884183000.0,188330000.0,191576000.0,0.0,102.937,
37,RJF,MRT,2012-03-31,2012-03-31,2012-03-31,2021-09-22,3315000.0,19275376000.0,17822761500.0,,,0.186,15.914,-52408000.0,2875858000.0,2875858000.0,64655000.0,237374000.0,,5.136,1783240000.0,,,1783240000.0,0.0,40588000.0,7913846000.0,0.014,0.347,426844000.0,467432000.0,0.141,467432000.0,426844000.0,426844000.0,1.307,1.307,1.307,3087853000.0,2717701250.0,3087853000.0,3566874063.0,8.0,7.631,442126000.0,2.279,1.0,3258229000.0,0.981,71924000.0,0.0,18110834000.0,16628101750.0,0.0,12878242000.0,,,15859505000.0,,,4602666063.0,1602324000.0,-16747000.0,326815000.0,1155435000.0,-63100000.0,2663770000.0,-1554291000.0,-1485136000.0,494534000.0,-1689000.0,251907000.0,251907000.0,251907000.0,0.0,-14533000.0,0.076,2804527000.0,453702000.0,5717587000.0,0.265,1.491,18.271,18.633,181752000.0,0.0,24.353,1.385,1.422,1961634000.0,2222857000.0,3322884000.0,3322884000.0,0.0,0.014,0.093,0.026,0.128,41030000.0,2641262000.0,1.0,188995322.0,194029500,195966000.0,17.126,19203452000.0,179893000.0,174937000.0,0.0,98.972,
38,RJF,MRT,2011-12-31,2011-12-31,2011-12-31,2021-09-22,-10446000.0,17891566000.0,16824962250.0,,,0.196,14.265,-41347000.0,1916954000.0,1916954000.0,65756000.0,251018000.0,,5.662,881162000.0,,,881162000.0,0.0,40734000.0,7704896000.0,0.017,0.347,441584000.0,482318000.0,0.146,482318000.0,441584000.0,441584000.0,1.387,1.387,1.387,2636669000.0,2572685500.0,2636669000.0,2362366907.0,5.0,4.898,284654000.0,1.54,1.0,3237248000.0,0.98,71924000.0,0.0,16783850000.0,15723411500.0,0.0,12549653000.0,,,14928612000.0,,,3901366907.0,693705000.0,-14860000.0,-34904000.0,188702000.0,-63102000.0,1189795000.0,-822449000.0,-766242000.0,326001000.0,358000.0,263955000.0,263955000.0,263955000.0,0.0,-12937000.0,0.08,2767210000.0,470038000.0,5921040000.0,0.25,1.48,14.78,14.881,173901000.0,0.0,20.64,1.181,1.155,1985471000.0,2171907000.0,3303004000.0,3303004000.0,0.0,0.016,0.103,0.028,0.134,39068000.0,2611577000.0,1.0,189019714.0,184837500,185568000.0,17.87,17819642000.0,185919000.0,177629000.0,0.0,96.407,
39,RJF,MRT,2011-09-30,2011-09-30,2011-09-30,2021-09-22,-9605000.0,18006995000.0,16064530250.0,,,0.208,14.088,-37200000.0,2439695000.0,2439695000.0,68561000.0,267851000.0,,5.834,900695000.0,,,900695000.0,0.0,40337000.0,7739322000.0,0.02,0.347,461247000.0,501584000.0,0.15,501584000.0,461247000.0,461247000.0,1.467,1.46,1.467,2587619000.0,2515203750.0,2587619000.0,2464385972.0,5.0,4.913,1521241000.0,8.282,1.0,3265495000.0,0.979,72967000.0,0.0,16395028000.0,15087899250.0,0.0,12354486000.0,,,15095150000.0,,,3286875972.0,-521910000.0,-19403000.0,-23111000.0,-2335505000.0,-63090000.0,-1679384000.0,-400143000.0,-343540000.0,1558441000.0,-824000.0,278353000.0,278353000.0,278353000.0,0.0,-10502000.0,0.083,2773359000.0,492136000.0,5926134000.0,0.237,1.27,11.808,11.797,169850000.0,0.0,17.307,0.986,0.953,2038485000.0,2125818000.0,3334056000.0,3334056000.0,0.0,0.017,0.111,0.031,0.138,38872000.0,2611815000.0,1.0,189919644.0,183672000,184254000.0,18.152,17934028000.0,171911000.0,182894000.0,0.0,97.642,
40,RJF,MRT,2011-06-30,2011-06-30,2011-06-30,2021-09-22,10903000.0,16117109000.0,16033551750.0,,,0.204,13.841,-32478000.0,1598688000.0,1598688000.0,66755000.0,269259000.0,,5.179,776198000.0,,,776198000.0,0.0,40503000.0,6944458000.0,0.016,0.333,440771000.0,481274000.0,0.147,481274000.0,440771000.0,440771000.0,1.473,1.473,1.473,2558664000.0,2444003000.0,2558664000.0,3337522446.0,8.0,6.935,17880000.0,0.097,1.0,3197404000.0,0.98,71924000.0,0.0,15222695000.0,15514152500.0,0.0,10762199000.0,,,13251870000.0,,,4067053446.0,710738000.0,-16218000.0,-7173000.0,156733000.0,-63155000.0,714380000.0,-55251000.0,-6555000.0,50358000.0,1251000.0,278491000.0,278491000.0,278491000.0,0.0,-9232000.0,0.085,2720865000.0,476539000.0,4898473000.0,0.226,1.59,14.604,14.551,172346000.0,0.0,21.433,1.246,1.214,2295478000.0,2074315000.0,3264159000.0,3264159000.0,0.0,0.017,0.114,0.028,0.135,39403000.0,2551914000.0,1.0,189753660.0,184857000,185937000.0,17.658,16045185000.0,206710000.0,162280000.0,0.0,86.798,
41,RJF,MRT,2011-03-31,2011-03-31,2011-03-31,2021-09-22,9931000.0,15284179000.0,15724319250.0,,,0.201,13.659,-25017000.0,1255168000.0,1255168000.0,65243000.0,278584000.0,,4.97,525637000.0,,,525637000.0,0.0,35431000.0,6710583000.0,0.013,0.32,459615000.0,495046000.0,0.157,495046000.0,459615000.0,459615000.0,1.553,1.547,1.553,2507790000.0,2359185000.0,2507790000.0,4272655708.0,9.0,8.631,138809000.0,0.756,1.0,3095902000.0,0.979,62575000.0,0.0,14492073000.0,15356372000.0,0.0,10343172000.0,,,12464771000.0,,,4818117708.0,322794000.0,-8144000.0,-7090000.0,-73573000.0,-60481000.0,-16965000.0,175540000.0,208701000.0,163826000.0,393000.0,292392000.0,292392000.0,292392000.0,0.0,-13808000.0,0.092,2650095000.0,445807000.0,4754431000.0,0.206,1.921,16.478,16.416,168828000.0,0.0,25.493,1.524,1.481,2239315000.0,2044007000.0,3161145000.0,3161145000.0,0.0,0.019,0.124,0.03,0.145,41562000.0,2477320000.0,1.0,188995203.0,183594000,184897500.0,17.218,15221604000.0,187019000.0,167223000.0,0.0,82.909,
42,RJF,MRT,2010-12-31,2010-12-31,2010-12-31,2021-09-22,4204000.0,14849838000.0,15722562000.0,,,0.194,13.243,-25960000.0,1204883000.0,1204883000.0,63584000.0,259846000.0,,5.041,659421000.0,,,659421000.0,0.0,37343000.0,6682396000.0,0.014,0.307,423034000.0,460377000.0,0.151,460377000.0,423034000.0,423034000.0,1.427,1.42,1.427,2406742000.0,2272204250.0,2406742000.0,4365029280.0,10.0,9.481,303611000.0,1.671,1.0,2979943000.0,0.979,62575000.0,0.0,14241801000.0,15445792500.0,0.0,10281350000.0,,,12131905000.0,,,4085494280.0,182910000.0,-8558000.0,-5476000.0,-44486000.0,-58710000.0,-299107000.0,154145000.0,188663000.0,329571000.0,-1699000.0,267103000.0,267103000.0,267103000.0,0.0,-7257000.0,0.088,2564166000.0,415777000.0,4287278000.0,0.215,1.698,15.296,15.277,171569000.0,0.0,21.8,1.342,1.302,1929197000.0,1979572000.0,3043527000.0,3043527000.0,0.0,0.017,0.118,0.027,0.139,42360000.0,2388130000.0,1.0,187407994.0,181732500,182301000.0,16.747,14787263000.0,181104000.0,155931000.0,0.0,81.368,
43,RJF,MRT,2010-09-30,2010-09-30,2010-09-30,2021-09-22,-6197000.0,17883081000.0,15683101250.0,,,0.186,12.865,-22287000.0,2943239000.0,2943239000.0,61823000.0,222519000.0,,6.638,3222774000.0,,,3222774000.0,0.0,39527000.0,7079718000.0,0.017,0.293,361908000.0,401435000.0,0.138,401435000.0,361908000.0,361908000.0,1.22,1.22,1.22,2302816000.0,2193813500.0,2302816000.0,2921311092.0,8.0,7.277,-1043680000.0,-5.831,1.0,2854842000.0,0.979,62575000.0,0.0,18100041000.0,15416516750.0,0.0,11488173000.0,,,15286213000.0,,,3147342092.0,633766000.0,-10134000.0,-3537000.0,1556930000.0,-56009000.0,-712178000.0,2366221000.0,2398642000.0,-1021393000.0,1116000.0,228283000.0,228283000.0,228283000.0,0.0,-5764000.0,0.078,2498698000.0,356144000.0,4434092000.0,0.24,1.367,13.787,13.842,170768000.0,0.0,16.887,1.079,1.036,2082417000.0,1909865000.0,2916665000.0,2916665000.0,0.0,0.015,0.104,0.023,0.124,39565000.0,2300676000.0,1.0,186380306.0,179002500,179388000.0,16.294,17820506000.0,165208000.0,133625000.0,0.0,99.555,
44,RJF,MRT,2010-06-30,2010-06-30,2010-06-30,2021-09-22,-17565000.0,14880179000.0,15769013000.0,,,0.18,12.369,-24522000.0,866196000.0,866196000.0,61763000.0,197245000.0,,5.594,640165000.0,,,640165000.0,0.0,38578000.0,6469727000.0,0.018,0.293,318438000.0,357016000.0,0.126,357016000.0,318438000.0,318438000.0,1.093,1.087,1.093,2219392000.0,2126225250.0,2219392000.0,2697981166.0,8.0,7.557,-36260000.0,-0.202,1.0,2774174000.0,0.978,62575000.0,0.0,14591573000.0,15238782500.0,0.0,10297642000.0,,,12414259000.0,,,3062801166.0,326850000.0,-7653000.0,-1138000.0,249525000.0,-55876000.0,-910424000.0,1237771000.0,1257946000.0,-11738000.0,11241000.0,202187000.0,202187000.0,202187000.0,0.0,-4942000.0,0.071,2460678000.0,313496000.0,4880341000.0,0.268,1.38,15.148,15.059,175603000.0,0.0,16.46,1.08,1.041,2445617000.0,1854610000.0,2835937000.0,2835937000.0,0.0,0.013,0.095,0.021,0.112,43090000.0,2239213000.0,1.0,186075405.0,179433000,180028500.0,15.805,14817604000.0,177960000.0,116251000.0,0.0,82.58,
45,RJF,MRT,2010-03-31,2010-03-31,2010-03-31,2021-09-22,-16014000.0,15277150000.0,16506675750.0,,,0.165,12.071,-25673000.0,928986000.0,928986000.0,58721000.0,185698000.0,,5.964,564166000.0,,,564166000.0,0.0,41895000.0,6731459000.0,0.016,0.293,293236000.0,335131000.0,0.123,335131000.0,293236000.0,293236000.0,1.0,1.0,1.0,2159867000.0,2061904250.0,2159867000.0,2804053352.0,10.0,8.367,122677000.0,0.686,1.0,2659313000.0,0.978,62575000.0,0.0,14849755000.0,15968724000.0,0.0,10614522000.0,,,12881334000.0,,,3308775352.0,611794000.0,-4554000.0,-1131000.0,115864000.0,-55658000.0,-1508867000.0,1967302000.0,1987174000.0,148350000.0,5009000.0,184095000.0,184095000.0,184095000.0,0.0,1603000.0,0.068,2364474000.0,294839000.0,5175082000.0,0.293,1.532,17.973,17.827,181301000.0,0.0,17.827,1.217,1.174,2432550000.0,1807726000.0,2718034000.0,2718034000.0,0.0,0.011,0.089,0.018,0.108,43027000.0,2128435000.0,1.0,185608191.0,178932000,179370000.0,15.19,15214575000.0,184161000.0,109141000.0,0.0,85.03,
46,RJF,MRT,2009-12-31,2009-12-31,2009-12-31,2021-09-22,-25607000.0,14691995000.0,17216774500.0,,,0.149,11.75,-26228000.0,1018585000.0,1018585000.0,57752000.0,124919000.0,,5.912,513863000.0,,,513863000.0,0.0,37976000.0,7007069000.0,0.018,0.293,216498000.0,254474000.0,0.099,254474000.0,216498000.0,216498000.0,0.733,0.733,0.733,2093179000.0,1996019750.0,2093179000.0,2153098693.0,10.0,8.461,-64419000.0,-0.362,1.0,2510839000.0,0.978,62575000.0,0.0,14124698000.0,16773099750.0,0.0,10207123000.0,,,12375906000.0,,,2928147693.0,543820000.0,-15997000.0,-3199000.0,188141000.0,-54461000.0,-1580573000.0,2158698000.0,2185870000.0,-38191000.0,3886000.0,134560000.0,134560000.0,134560000.0,0.0,-9641000.0,0.052,2303982000.0,206857000.0,4540592000.0,0.4,1.399,21.761,21.619,182999000.0,0.0,15.847,1.14,1.099,2209928000.0,1766808000.0,2568591000.0,2568591000.0,0.0,0.008,0.067,0.013,0.084,42265000.0,2017685000.0,1.0,184780040.0,178144500,178474500.0,14.419,14629420000.0,171836000.0,81938000.0,0.0,82.121,
47,RJF,MRT,2009-09-30,2009-09-30,2009-09-30,2021-09-22,-41803000.0,18226728000.0,18114354750.0,,,0.141,11.562,-35539000.0,2306085000.0,2306085000.0,56897000.0,140377000.0,,7.869,1531036000.0,,,1531036000.0,0.0,34563000.0,9423387000.0,0.019,0.293,248774000.0,283337000.0,0.111,283337000.0,248774000.0,248774000.0,0.833,0.833,0.833,2032463000.0,1939079750.0,2032463000.0,2611941256.0,10.0,9.218,338620000.0,1.926,1.0,2488669000.0,0.978,62575000.0,0.0,17389104000.0,17755812250.0,0.0,12712466000.0,,,15993589000.0,,,2868857256.0,-895191000.0,-34813000.0,-4339000.0,-894317000.0,-54140000.0,-241816000.0,-1026084000.0,-961949000.0,374159000.0,-1450000.0,152750000.0,152750000.0,152750000.0,0.0,-12373000.0,0.06,2252268000.0,236401000.0,4614911000.0,0.352,1.412,18.781,18.631,186232000.0,0.0,15.52,1.127,1.072,1918710000.0,1737591000.0,2545566000.0,2545566000.0,0.0,0.008,0.079,0.014,0.098,28536000.0,1977572000.0,1.0,184849050.0,175782000,175932000.0,14.481,18164153000.0,156399000.0,96024000.0,0.0,103.333,
48,RJF,MRT,2009-06-30,2009-06-30,2009-06-30,2021-09-22,-67174000.0,17830830000.0,18735076750.0,,,0.137,11.092,-44691000.0,539346000.0,539346000.0,51546000.0,147265000.0,,8.088,282430000.0,,,282430000.0,0.0,33081000.0,7637558000.0,0.026,0.293,270052000.0,303133000.0,0.118,303133000.0,270052000.0,270052000.0,0.84,0.847,0.84,1962108000.0,1901940250.0,1962108000.0,2125957504.0,8.0,7.013,459884000.0,2.6,1.0,2520027000.0,0.98,62575000.0,0.0,17511339000.0,18377802250.0,0.0,14144886000.0,,,15868722000.0,,,2113669504.0,-123978000.0,-49180000.0,-6563000.0,-177632000.0,-53388000.0,-264041000.0,-355789000.0,-303953000.0,504575000.0,-8723000.0,158889000.0,158889000.0,158889000.0,0.0,-11624000.0,0.062,2258495000.0,261532000.0,7433357000.0,0.349,1.077,13.303,13.659,187569000.0,0.0,11.473,0.822,0.789,2072048000.0,1708475000.0,2571573000.0,2571573000.0,0.0,0.008,0.084,0.015,0.105,27762000.0,2003754000.0,1.0,184224536.0,176895000,176926500.0,14.537,17768255000.0,148949000.0,111163000.0,0.0,100.445,
49,RJF,MRT,2009-03-31,2009-03-31,2009-03-31,2021-09-22,-95039000.0,18117545000.0,18847166250.0,,,0.142,10.793,-54494000.0,317192000.0,317192000.0,59086000.0,170227000.0,,8.554,329480000.0,,,329480000.0,0.0,31383000.0,8369092000.0,0.022,0.293,312861000.0,344244000.0,0.128,344244000.0,312861000.0,312861000.0,1.007,1.007,1.007,1896329000.0,1873257750.0,1896329000.0,2246156904.0,7.0,6.525,277818000.0,1.581,1.0,2625041000.0,0.978,62575000.0,0.0,18067258000.0,18512437500.0,0.0,14936878000.0,,,16221216000.0,,,2410349904.0,-503093000.0,-35424000.0,-6571000.0,-73767000.0,-53037000.0,599374000.0,-1433197000.0,-1386959000.0,332312000.0,-1582000.0,186232000.0,186232000.0,186232000.0,0.0,-16005000.0,0.069,2325506000.0,299535000.0,7005983000.0,0.291,1.271,12.943,13.042,189185000.0,0.0,13.133,0.898,0.86,1796550000.0,1679633000.0,2684127000.0,2684127000.0,0.0,0.01,0.099,0.017,0.117,31689000.0,2097311000.0,1.0,183529180.0,175701000,175780500.0,15.277,18054970000.0,143538000.0,126629000.0,0.0,102.76,
50,RJF,MRT,2008-12-31,2008-12-31,2008-12-31,2021-09-22,-107173000.0,18282316000.0,18838247250.0,,,0.148,10.693,-57852000.0,480982000.0,480982000.0,64056000.0,230616000.0,,8.801,316789000.0,,,316789000.0,0.0,29334000.0,8792982000.0,0.032,0.367,397761000.0,427095000.0,0.153,427095000.0,397761000.0,397761000.0,1.313,1.307,1.313,1865419000.0,1842242750.0,1865419000.0,1290708948.0,3.0,3.022,366542000.0,2.101,1.0,2726762000.0,0.977,62575000.0,0.0,18055548000.0,18463444500.0,0.0,14838452000.0,,,16416897000.0,,,2060685948.0,-198838000.0,-30809000.0,-64851000.0,62075000.0,-53159000.0,2589636000.0,-3205387000.0,-3155708000.0,424394000.0,-7481000.0,239929000.0,239929000.0,239929000.0,0.0,-9313000.0,0.086,2338859000.0,387903000.0,6701320000.0,0.28,1.105,8.589,8.698,190743000.0,0.0,11.42,0.738,0.714,1939781000.0,1687390000.0,2790818000.0,2790818000.0,0.0,0.013,0.13,0.022,0.143,24538000.0,2182072000.0,1.0,180445354.0,174460500,174838500.0,15.997,18219741000.0,156400000.0,157832000.0,48416000.0,104.435,
51,RJF,MRT,2008-09-30,2008-09-30,2008-09-30,2021-09-22,-33976000.0,20709616000.0,18542097750.0,,,0.152,10.817,-51043000.0,3207493000.0,3207493000.0,67262000.0,230772000.0,,9.993,2437516000.0,,,2437516000.0,0.0,27982000.0,8774457000.0,0.013,0.293,386854000.0,414836000.0,0.147,414836000.0,386854000.0,386854000.0,1.3,1.287,1.3,1883905000.0,1827308750.0,1883905000.0,3781605853.0,10.0,9.116,176126000.0,1.011,1.0,2745441000.0,0.976,62575000.0,0.0,19877064000.0,18222141000.0,0.0,13699276000.0,,,18825711000.0,,,3948338853.0,2562550000.0,-11247000.0,-67243000.0,2075669000.0,-53151000.0,5212712000.0,-2876130000.0,-2813840000.0,227169000.0,-1201000.0,235078000.0,235078000.0,235078000.0,0.0,-4306000.0,0.084,2362893000.0,382548000.0,6906878000.0,0.225,2.096,16.796,16.913,192450000.0,0.0,21.987,1.404,1.361,2712385000.0,1639662000.0,2812703000.0,2812703000.0,0.0,0.013,0.129,0.021,0.138,37667000.0,2223307000.0,1.0,179578784.0,174165000,175710000.0,16.15,20647041000.0,108765000.0,151776000.0,0.0,118.549,
52,RJF,MRT,2008-06-30,2008-06-30,2008-06-30,2021-09-22,-8695000.0,18279188000.0,17428235750.0,,,0.161,10.651,-51367000.0,669541000.0,669541000.0,83059000.0,248937000.0,,8.895,502808000.0,,,502808000.0,0.0,26561000.0,7746139000.0,0.016,0.287,399298000.0,425859000.0,0.151,425859000.0,399298000.0,399298000.0,1.42,1.393,1.42,1847378000.0,1795786000.0,1847378000.0,3000218005.0,8.0,7.045,741571000.0,4.275,1.0,2728115000.0,0.97,62575000.0,0.0,18049880000.0,17297637750.0,0.0,13196769000.0,,,16431810000.0,,,3148226005.0,225958000.0,-2805000.0,-66471000.0,-254015000.0,-52304000.0,2428611000.0,-2987325000.0,-2884135000.0,792938000.0,-8266000.0,248937000.0,248937000.0,248937000.0,0.0,0.0,0.089,2336302000.0,391813000.0,7386376000.0,0.202,1.704,12.647,12.39,184665000.0,0.0,17.593,1.12,1.086,3274309000.0,1603478000.0,2811174000.0,2811174000.0,0.0,0.014,0.139,0.023,0.142,37965000.0,2209015000.0,1.0,178944260.0,173449500,177408000.0,16.207,18216613000.0,112733000.0,150361000.0,3504000.0,105.025,
53,RJF,MRT,2008-03-31,2008-03-31,2008-03-31,2021-09-22,-11403000.0,18081869000.0,16776239000.0,,,0.164,10.072,-45811000.0,826502000.0,826502000.0,82384000.0,247352000.0,,9.203,678494000.0,,,678494000.0,0.0,25070000.0,7712295000.0,0.018,0.28,394078000.0,419148000.0,0.152,419148000.0,394078000.0,394078000.0,1.413,1.38,1.413,1772269000.0,1753982500.0,1772269000.0,2842401442.0,7.0,6.781,598983000.0,3.404,1.0,2675426000.0,0.97,62575000.0,0.0,17871286000.0,15865502250.0,0.0,13529799000.0,,,16309600000.0,,,2787210442.0,399106000.0,-11073000.0,-66471000.0,-193018000.0,-51682000.0,2822915000.0,-3068653000.0,-2962751000.0,644794000.0,50000.0,247352000.0,247352000.0,247352000.0,0.0,0.0,0.09,2292779000.0,382647000.0,7277751000.0,0.198,1.573,11.268,10.842,176230000.0,0.0,15.32,1.011,0.978,2625562000.0,1546775000.0,2757810000.0,2757810000.0,0.0,0.015,0.141,0.025,0.143,35955000.0,2170694000.0,1.0,181932796.0,175968000,179280000.0,15.672,18019294000.0,114474000.0,146726000.0,0.0,102.401,
54,RJF,MRT,2007-12-31,2007-12-31,2007-12-31,2021-09-22,29364000.0,17097718000.0,15797114000.0,,,0.17,10.299,-42672000.0,679820000.0,679820000.0,81112000.0,247277000.0,,8.469,735011000.0,,,735011000.0,0.0,24330000.0,6208862000.0,0.009,0.2,389215000.0,413545000.0,0.154,413545000.0,389215000.0,389215000.0,1.42,1.38,1.42,1805683000.0,1711341750.0,1805683000.0,3908339827.0,10.0,9.451,734957000.0,4.192,1.0,2610730000.0,0.97,62575000.0,0.0,17090334000.0,14062808000.0,0.0,12418018000.0,,,15292035000.0,,,3920881827.0,325526000.0,-11863000.0,-6082000.0,-316424000.0,-50020000.0,2886596000.0,-3346602000.0,-3243049000.0,777629000.0,7903000.0,247277000.0,247277000.0,247277000.0,0.0,0.0,0.092,2227722000.0,383008000.0,7566732000.0,0.141,2.171,15.856,15.333,171426000.0,0.0,21.773,1.457,1.418,2975411000.0,1500620000.0,2691842000.0,2691842000.0,0.0,0.016,0.144,0.028,0.145,39108000.0,2119275000.0,1.0,180077242.0,175321500,180361500.0,15.354,17035143000.0,112901000.0,141938000.0,36286000.0,97.165,
55,RJF,MRT,2007-09-30,2007-09-30,2007-09-30,2021-09-22,30191000.0,16254168000.0,14591728750.0,,,0.179,10.137,-46081000.0,644943000.0,644943000.0,78198000.0,250430000.0,,8.247,632401000.0,,,632401000.0,0.0,22631000.0,5585259000.0,0.012,0.267,392224000.0,414855000.0,0.159,414855000.0,392224000.0,392224000.0,1.447,1.407,1.447,1757814000.0,1642145250.0,1757814000.0,640860600.0,2.0,1.545,402792000.0,2.323,1.0,2531717000.0,0.97,62575000.0,0.0,16179051000.0,12007787000.0,0.0,11436377000.0,,,14496354000.0,,,3928148600.0,248871000.0,-14564000.0,-578000.0,-48467000.0,-48488000.0,2785123000.0,-2988204000.0,-2926359000.0,448873000.0,3079000.0,250430000.0,250430000.0,250430000.0,0.0,0.0,0.096,2149220000.0,382497000.0,7534913000.0,0.185,2.235,15.686,15.135,166963000.0,0.0,21.9,1.505,1.455,3225430000.0,1461898000.0,2609915000.0,2609915000.0,0.0,0.017,0.153,0.033,0.15,36563000.0,2048799000.0,1.0,179367516.0,173412000,178039500.0,15.05,16191593000.0,107922000.0,141794000.0,7755000.0,93.371,
56,RJF,MRT,2007-06-30,2007-06-30,2007-06-30,2021-09-22,19103000.0,15671201000.0,13407349250.0,,,0.187,9.645,-34933000.0,4494875000.0,4494875000.0,76499000.0,238391000.0,,8.327,1207587000.0,,,1207587000.0,0.0,21009000.0,5024546000.0,0.012,0.253,375538000.0,396547000.0,0.158,396547000.0,375538000.0,375538000.0,1.387,1.34,1.387,1680164000.0,1568659000.0,1680164000.0,237302883.0,1.0,0.598,-195170000.0,-1.12,1.0,2432119000.0,0.97,62575000.0,0.0,12321338000.0,10887537250.0,0.0,6730774000.0,,,13991037000.0,,,3679587883.0,91677000.0,-93104000.0,-1350000.0,14924000.0,-46140000.0,3646751000.0,-3403533000.0,-3275496000.0,-160237000.0,8696000.0,238391000.0,238391000.0,238391000.0,0.0,0.0,0.095,2063352000.0,368767000.0,7203146000.0,0.182,2.19,15.435,14.852,155055000.0,0.0,20.6,1.467,1.43,3539957000.0,1409498000.0,2508618000.0,2508618000.0,0.0,0.018,0.152,0.034,0.15,39187000.0,1979367000.0,1.0,178620771.0,174202500,178710000.0,14.401,15608626000.0,96132000.0,137147000.0,9864000.0,89.6,
57,RJF,MRT,2007-03-31,2007-03-31,2007-03-31,2021-09-22,10867000.0,14165369000.0,12187241000.0,,,0.201,9.229,-32388000.0,4390721000.0,4390721000.0,75605000.0,226812000.0,,7.844,948436000.0,,,948436000.0,0.0,20604000.0,4691779000.0,0.012,0.24,362142000.0,382746000.0,0.156,382746000.0,362142000.0,362142000.0,1.327,1.28,1.327,1601706000.0,1509502000.0,1601706000.0,187565697.0,1.0,0.49,-8897000.0,-0.051,1.0,2377329000.0,0.969,62575000.0,0.0,10660509000.0,9837792750.0,0.0,6189611000.0,,,12563663000.0,,,3530917697.0,112841000.0,-103482000.0,-1423000.0,-18896000.0,-42997000.0,3460017000.0,-3372862000.0,-3236992000.0,23491000.0,2195000.0,226812000.0,226812000.0,226812000.0,0.0,0.0,0.092,2019760000.0,357569000.0,6458692000.0,0.181,2.204,15.568,14.951,149079000.0,0.0,19.84,1.439,1.404,2725247000.0,1353758000.0,2452934000.0,2452934000.0,0.0,0.019,0.15,0.037,0.148,36025000.0,1941246000.0,1.0,177969642.0,173553000,178030500.0,14.134,14102794000.0,93635000.0,135330000.0,9806000.0,81.259,
58,RJF,MRT,2006-12-31,2006-12-31,2006-12-31,2021-09-22,9422000.0,12276177000.0,11163949750.0,,,0.217,8.914,-28143000.0,4240606000.0,4240606000.0,72155000.0,228628000.0,,7.029,897254000.0,,,897254000.0,0.0,20089000.0,3066724000.0,0.011,0.227,364497000.0,384586000.0,0.159,384586000.0,364497000.0,364497000.0,1.34,1.3,1.34,1528897000.0,1454006000.0,1528897000.0,446135272.0,1.0,1.16,-151751000.0,-0.885,1.0,2351067000.0,0.97,62575000.0,0.0,8870250000.0,8950953750.0,0.0,4567002000.0,,,10747280000.0,,,3547322272.0,48927000.0,-117194000.0,-6322000.0,160096000.0,-40081000.0,2173423000.0,-2000403000.0,-1855066000.0,-123608000.0,-485000.0,228628000.0,228628000.0,228628000.0,0.0,0.0,0.094,1997189000.0,353878000.0,6292643000.0,0.169,2.32,15.516,15.08,148942000.0,0.0,20.207,1.464,1.43,2621959000.0,1306016000.0,2423222000.0,2423222000.0,0.0,0.02,0.157,0.041,0.15,34997000.0,1906432000.0,1.0,175552076.0,171508500,176839500.0,14.129,12213602000.0,92765000.0,135869000.0,45195000.0,71.213,
59,RJF,MRT,2006-09-30,2006-09-30,2006-09-30,2021-09-22,12095000.0,11516650000.0,10377608250.0,,,0.226,8.666,-27280000.0,392418000.0,392418000.0,68853000.0,214342000.0,,6.867,636395000.0,,,636395000.0,0.0,19173000.0,2806880000.0,0.011,0.213,342066000.0,361239000.0,0.154,361239000.0,342066000.0,342066000.0,1.267,1.233,1.267,1463869000.0,1400834250.0,1463869000.0,788624886.0,2.0,2.183,-29017000.0,-0.172,1.0,2280055000.0,0.971,62575000.0,0.0,11698052000.0,8220686500.0,0.0,7539908000.0,,,10052781000.0,,,3394457886.0,-205055000.0,-132450000.0,-5100000.0,44043000.0,-37570000.0,1837392000.0,-2042912000.0,-1883182000.0,-1737000.0,2202000.0,214342000.0,214342000.0,214342000.0,0.0,0.0,0.091,1946148000.0,333907000.0,6005068000.0,0.168,2.319,15.837,15.385,142780000.0,0.0,19.493,1.445,1.402,2783152000.0,1258446000.0,2348908000.0,2348908000.0,0.0,0.021,0.153,0.042,0.146,29820000.0,1855785000.0,1.0,174134296.0,168921000,173607000.0,13.905,11454075000.0,94957000.0,127724000.0,34294000.0,67.807,
60,RJF,MRT,2006-06-30,2006-06-30,2006-06-30,2021-09-22,10936000.0,10790768000.0,9590759750.0,,,0.243,8.482,-33575000.0,3858156000.0,3858156000.0,86821000.0,208138000.0,,6.475,1252323000.0,,,1252323000.0,0.0,20232000.0,1448404000.0,0.01,0.196,336708000.0,356940000.0,0.153,356940000.0,336708000.0,336708000.0,1.233,1.2,1.233,1443536000.0,1345322750.0,1443536000.0,606296902.0,2.0,1.699,-31053000.0,-0.182,1.0,2243458000.0,0.963,62575000.0,0.0,8122360000.0,6679488750.0,0.0,3335981000.0,,,9347232000.0,,,3502772902.0,-200649000.0,-174903000.0,-5119000.0,485523000.0,-34457000.0,1042564000.0,-1250022000.0,-1041544000.0,2522000.0,4287000.0,208138000.0,208138000.0,208138000.0,0.0,0.0,0.089,1918180000.0,325278000.0,6214111000.0,0.159,2.427,16.829,16.367,142011000.0,0.0,20.18,1.503,1.474,2801143000.0,1217247000.0,2330279000.0,2330279000.0,0.0,0.022,0.155,0.05,0.144,21146000.0,1838356000.0,1.0,173576457.0,170196000,175440000.0,13.692,10728193000.0,84814000.0,128570000.0,36805000.0,63.034,
61,RJF,MRT,2006-03-31,2006-03-31,2006-03-31,2021-09-22,8210000.0,10072204000.0,8856612000.0,,,0.247,8.126,-32368000.0,4010565000.0,4010565000.0,74193000.0,183746000.0,,6.3,1114089000.0,,,1114089000.0,0.0,18652000.0,1244736000.0,0.009,0.178,291682000.0,310334000.0,0.142,310334000.0,291682000.0,291682000.0,1.093,1.073,1.093,1379722000.0,1282566000.0,1379722000.0,214575315.0,1.0,0.691,30827000.0,0.182,1.0,2116654000.0,0.966,62575000.0,0.0,7113153000.0,5895126750.0,0.0,2627208000.0,,,8692482000.0,,,3333630315.0,-136276000.0,-165110000.0,-5046000.0,470685000.0,-32606000.0,874810000.0,-1076623000.0,-879145000.0,63195000.0,2342000.0,183746000.0,183746000.0,183746000.0,0.0,0.0,0.084,1834741000.0,281913000.0,5990844000.0,0.163,2.416,18.143,18.03,139357000.0,0.0,19.707,1.522,1.527,2677659000.0,1169943000.0,2190847000.0,2190847000.0,0.0,0.021,0.143,0.049,0.133,19018000.0,1748852000.0,1.0,169162567.0,169791000,174618000.0,12.903,10009629000.0,74975000.0,107936000.0,13696000.0,58.953,
62,RJF,MRT,2005-12-31,2005-12-31,2005-12-31,2021-09-22,9509000.0,9130811000.0,8311349500.0,,,0.25,7.87,-37641000.0,3744350000.0,3744350000.0,65038000.0,156912000.0,,5.937,625295000.0,,,625295000.0,0.0,18175000.0,1098532000.0,0.01,0.16,254501000.0,272676000.0,0.131,272676000.0,254501000.0,254501000.0,0.94,0.92,0.94,1316210000.0,1227731000.0,1316210000.0,-65377507.0,0.0,-0.24,67408000.0,0.403,1.0,2012920000.0,0.969,62575000.0,0.0,5949181000.0,5381199250.0,0.0,2154735000.0,,,7814601000.0,,,2825658493.0,84121000.0,-145409000.0,-160000.0,194153000.0,-29428000.0,572234000.0,-777724000.0,-594674000.0,105049000.0,2974000.0,156912000.0,156912000.0,156912000.0,0.0,0.0,0.076,1767762000.0,245158000.0,5753675000.0,0.17,2.147,18.008,17.811,140324000.0,0.0,16.742,1.36,1.348,2504566000.0,1117858000.0,2077958000.0,2077958000.0,0.0,0.019,0.128,0.047,0.122,17556000.0,1680578000.0,1.0,168774399.0,167251500,170454000.0,12.424,9068236000.0,73318000.0,97589000.0,28767000.0,54.219,
63,RJF,MRT,2005-09-30,2005-09-30,2005-09-30,2021-09-22,9632000.0,8369256000.0,8018270750.0,,,0.256,7.511,-30154000.0,3232938000.0,3232938000.0,58254000.0,151046000.0,,5.739,459518000.0,,,459518000.0,0.0,17781000.0,1076020000.0,0.01,0.142,247971000.0,265752000.0,0.13,265752000.0,247971000.0,247971000.0,0.913,0.887,0.913,1241823000.0,1178799500.0,1241823000.0,-433588019.0,-2.0,-1.632,289362000.0,1.75,1.0,1992153000.0,0.972,62575000.0,0.0,5533261000.0,5100230500.0,0.0,1815161000.0,,,7127433000.0,,,2373101981.0,289087000.0,-122253000.0,-115000.0,81325000.0,-26300000.0,408801000.0,-444026000.0,-291619000.0,319516000.0,4796000.0,151046000.0,151046000.0,151046000.0,0.0,0.0,0.074,1746700000.0,245453000.0,5169759000.0,0.156,1.911,15.711,15.636,137555000.0,0.0,14.276,1.157,1.151,2616705000.0,1082063000.0,2050407000.0,2050407000.0,0.0,0.019,0.128,0.049,0.121,17031000.0,1655735000.0,1.0,166235350.0,165325500,169572000.0,12.402,8306681000.0,88860000.0,96925000.0,31448000.0,50.244,
64,RJF,MRT,2005-06-30,2005-06-24,2005-06-24,2021-09-22,5231000.0,7854177000.0,7831418250.0,,,0.245,7.195,-23991000.0,3141419000.0,3141419000.0,23321000.0,136985000.0,,5.586,334729000.0,,,334729000.0,0.0,16409000.0,0.0,0.011,0.138,224954000.0,241363000.0,0.126,241363000.0,224954000.0,224954000.0,0.822,0.807,0.822,1192509000.0,1134647000.0,1192509000.0,-686728481.0,-3.0,-2.845,267368000.0,1.613,1.0,1899038000.0,0.988,62575000.0,0.0,4984912000.0,4969657750.0,0.0,650209000.0,,,6661668000.0,,,2084407519.0,80307000.0,-22569000.0,-1776000.0,-8952000.0,-25628000.0,164422000.0,-380251000.0,-333691000.0,291359000.0,4777000.0,136985000.0,136985000.0,136985000.0,0.0,0.0,0.071,1675744000.0,223294000.0,6042603000.0,0.168,1.748,15.216,15.042,131609000.0,0.0,12.364,1.084,1.066,3430709000.0,1043956000.0,1922359000.0,1922359000.0,0.0,0.017,0.121,0.045,0.117,15321000.0,1569151000.0,1.0,168580766.0,165742500,170073000.0,11.598,7791602000.0,81421000.0,87969000.0,10861000.0,47.01,
65,RJF,MRT,2005-03-31,2005-03-24,2005-03-24,2021-09-22,6095000.0,7891154000.0,7693684500.0,,,0.243,6.888,-20766000.0,3130999000.0,3130999000.0,21646000.0,134216000.0,,5.8,359863000.0,,,359863000.0,0.0,16957000.0,0.0,0.012,0.164,221192000.0,238149000.0,0.127,238149000.0,221192000.0,221192000.0,0.807,0.791,0.807,1160382000.0,1094728750.0,1160382000.0,-746078272.0,-3.0,-3.133,233284000.0,1.385,1.0,1847280000.0,0.988,62575000.0,0.0,5057443000.0,4895182250.0,0.0,709621000.0,,,6730772000.0,,,2324536728.0,99765000.0,-22569000.0,-1917000.0,8926000.0,-23158000.0,121693000.0,-280717000.0,-237382000.0,254050000.0,4739000.0,134216000.0,134216000.0,134216000.0,0.0,0.0,0.072,1627192000.0,220088000.0,6121812000.0,0.203,2.003,17.319,17.155,128722000.0,0.0,13.844,1.244,1.248,3400049000.0,1019192000.0,1868926000.0,1868926000.0,0.0,0.017,0.123,0.045,0.118,14447000.0,1533788000.0,1.0,167903937.0,168466500,171687000.0,11.094,7828579000.0,81421000.0,86976000.0,13666000.0,46.47,
66,RJF,MRT,2004-12-31,2004-12-31,2004-12-31,2021-09-22,6567000.0,7958496000.0,7566180000.0,,,0.247,6.729,-18695000.0,3429808000.0,3429808000.0,21187000.0,142587000.0,,6.103,359193000.0,,,359193000.0,0.0,17514000.0,0.0,0.009,0.129,229970000.0,247484000.0,0.133,247484000.0,229970000.0,229970000.0,0.862,0.849,0.862,1120484000.0,1055360750.0,1120484000.0,-428105260.0,-2.0,-1.73,167712000.0,1.007,1.0,1845069000.0,0.989,62575000.0,0.0,4825306000.0,4951978250.0,0.0,657198000.0,,,6838012000.0,,,2286726740.0,-175901000.0,-22569000.0,-1955000.0,9809000.0,-22435000.0,-6186000.0,-180265000.0,-139001000.0,186407000.0,5731000.0,142587000.0,142587000.0,142587000.0,0.0,0.0,0.076,1611537000.0,233532000.0,6216612000.0,0.15,2.041,16.037,15.973,123420000.0,0.0,13.769,1.225,1.228,3231535000.0,990374000.0,1866256000.0,1866256000.0,0.0,0.019,0.135,0.046,0.123,18895000.0,1529721000.0,1.0,166079250.0,166504500,169501500.0,11.208,7895921000.0,74916000.0,87383000.0,33903000.0,47.422,
67,RJF,MRT,2004-09-30,2004-09-24,2004-09-24,2021-09-22,3875000.0,7621846000.0,7304169250.0,,,0.244,6.45,-22028000.0,2851225000.0,2851225000.0,20773000.0,127575000.0,,6.155,302924000.0,,,302924000.0,0.0,16827000.0,773036000.0,0.011,0.12,204121000.0,220948000.0,0.124,220948000.0,204121000.0,204121000.0,0.773,0.76,0.773,1065213000.0,1014256500.0,1065213000.0,-794430486.0,-4.0,-3.596,-121904000.0,-0.738,1.0,1760486000.0,0.988,62575000.0,0.0,5010970000.0,4993009000.0,0.0,1267284000.0,,,6556633000.0,,,1759226514.0,-225425000.0,-22569000.0,-1955000.0,13434000.0,-20664000.0,7671000.0,-138612000.0,-94015000.0,-99876000.0,5392000.0,127575000.0,127575000.0,127575000.0,0.0,0.0,0.072,1554255000.0,206231000.0,5171093000.0,0.155,1.652,13.79,13.713,122750000.0,0.0,10.6,0.988,0.983,2937304000.0,957317000.0,1781259000.0,1781259000.0,0.0,0.017,0.126,0.041,0.115,17631000.0,1476908000.0,1.0,165964766.0,165139500,167404500.0,10.786,7559271000.0,73559000.0,76546000.0,32145000.0,45.775,
68,RJF,MRT,2004-06-30,2004-06-25,2004-06-25,2021-09-22,1001000.0,7303242000.0,7126617250.0,,,0.244,6.238,-21715000.0,2918557000.0,2918557000.0,20331000.0,130045000.0,,6.071,364900000.0,,,364900000.0,0.0,16623000.0,0.0,0.01,0.116,206072000.0,222695000.0,0.128,222695000.0,206072000.0,206072000.0,0.791,0.782,0.791,1032836000.0,979137000.0,1032836000.0,-87194563.0,0.0,-0.392,410649000.0,2.48,1.0,1716971000.0,0.988,62575000.0,0.0,4687010000.0,5060651750.0,0.0,564784000.0,,,6270406000.0,,,1946739437.0,101688000.0,0.0,-312000.0,-259057000.0,-18985000.0,-277141000.0,-56228000.0,-34513000.0,432364000.0,2693000.0,130045000.0,130045000.0,130045000.0,0.0,0.0,0.075,1508966000.0,208005000.0,5675025000.0,0.147,1.885,14.97,14.867,123206000.0,0.0,11.76,1.121,1.121,3258161000.0,932599000.0,1737302000.0,1737302000.0,0.0,0.018,0.133,0.041,0.119,18448000.0,1440725000.0,1.0,165539068.0,165582000,167760000.0,10.492,7240667000.0,71510000.0,76027000.0,4509000.0,43.729,
69,RJF,MRT,2004-03-31,2004-03-26,2004-03-26,2021-09-22,1207000.0,7381136000.0,7054225750.0,,,0.237,6.077,-29124000.0,2311343000.0,2311343000.0,20424000.0,123994000.0,,6.36,277409000.0,,,277409000.0,0.0,16759000.0,0.0,0.007,0.08,196502000.0,213261000.0,0.127,213261000.0,196502000.0,196502000.0,0.76,0.747,0.76,1002910000.0,943188500.0,1002910000.0,-43455083.0,0.0,-0.204,184579000.0,1.118,1.0,1654758000.0,0.988,62575000.0,0.0,5284627000.0,5473266750.0,0.0,1140203000.0,,,6378226000.0,,,1814993917.0,73239000.0,0.0,-171000.0,-104833000.0,-18284000.0,-122368000.0,-23668000.0,5456000.0,213703000.0,5572000.0,123994000.0,123994000.0,123994000.0,0.0,0.0,0.074,1456367000.0,198391000.0,5890044000.0,0.105,1.81,14.638,14.48,123834000.0,0.0,11.004,1.083,1.084,3372319000.0,908133000.0,1675182000.0,1675182000.0,0.0,0.018,0.131,0.036,0.117,17128000.0,1387766000.0,1.0,164932808.0,165042000,167388750.0,10.15,7318561000.0,72450000.0,72508000.0,15645000.0,44.344,
70,RJF,MRT,2003-12-31,2003-12-26,2003-12-26,2021-09-22,1071000.0,6910453000.0,6801573500.0,,,0.226,5.83,-29383000.0,2061258000.0,2061258000.0,19251000.0,96120000.0,,6.228,202809000.0,,,202809000.0,0.0,16508000.0,0.0,0.007,0.08,153866000.0,170374000.0,0.111,170374000.0,153866000.0,153866000.0,0.591,0.582,0.591,956067000.0,907930750.0,956067000.0,210262695.0,1.0,1.234,168500000.0,1.028,1.0,1515302000.0,0.987,62575000.0,0.0,4989429000.0,5683824250.0,0.0,1342279000.0,,,5954386000.0,,,1777784695.0,197060000.0,0.0,-35983000.0,34361000.0,-17619000.0,-14171000.0,2889000.0,32272000.0,197883000.0,10459000.0,96120000.0,96120000.0,96120000.0,0.0,0.0,0.063,1360593000.0,154709000.0,5954386000.0,0.135,1.859,18.495,18.359,121657000.0,0.0,10.85,1.159,1.159,2982463000.0,870472000.0,1534553000.0,1534553000.0,0.0,0.014,0.106,0.027,0.1,11153000.0,1290878000.0,1.0,163845531.0,163982250,166749750.0,9.358,6847878000.0,74208000.0,57746000.0,29738000.0,41.76,
71,RJF,MRT,2003-09-30,2003-09-26,2003-09-26,2021-09-22,604000.0,6911638000.0,6613810750.0,,,0.22,5.644,-28775000.0,1734732000.0,1734732000.0,17729000.0,86317000.0,,6.474,167210000.0,,,167210000.0,0.0,18344000.0,0.0,0.012,0.133,138275000.0,156619000.0,0.108,156619000.0,138275000.0,138275000.0,0.529,0.52,0.529,924735000.0,884069000.0,924735000.0,1134025500.0,8.0,7.241,247005000.0,1.507,1.0,1434231000.0,0.988,62575000.0,0.0,5281541000.0,5903421000.0,0.0,1684482000.0,,,5986903000.0,,,1747656500.0,265132000.0,0.0,-35964000.0,17647000.0,-17639000.0,-30720000.0,9754000.0,38529000.0,275780000.0,10318000.0,86317000.0,86317000.0,86317000.0,0.0,0.0,0.059,1295251000.0,138980000.0,5976355000.0,0.251,1.89,20.247,20.13,118285000.0,0.0,10.649,1.204,1.202,2987495000.0,850656000.0,1451960000.0,1451960000.0,0.0,0.013,0.098,0.023,0.095,14401000.0,1224544000.0,1.0,164116324.0,163854000,165327750.0,8.861,6849063000.0,68465000.0,51958000.0,26017000.0,41.8,
72,RJF,MRT,2003-06-30,2003-06-27,2003-06-27,2021-09-22,792000.0,7013676000.0,6395977000.0,,,0.222,5.428,-31676000.0,1067733000.0,1067733000.0,17579000.0,75179000.0,,6.889,454102000.0,,,454102000.0,0.0,20143000.0,0.0,0.014,0.133,123287000.0,143430000.0,0.101,143430000.0,123287000.0,123287000.0,0.464,0.456,0.464,889042000.0,862794250.0,889042000.0,1406725998.0,11.0,9.808,-97155000.0,-0.593,1.0,1400981000.0,0.988,62575000.0,0.0,6337470000.0,5997450750.0,0.0,2550685000.0,,,6124634000.0,,,1587820998.0,146279000.0,0.0,-43940000.0,161711000.0,-17692000.0,117537000.0,86842000.0,118518000.0,-65479000.0,7379000.0,75179000.0,75179000.0,75179000.0,0.0,0.0,0.053,1277694000.0,123287000.0,6124634000.0,0.287,1.786,21.121,20.9,116022000.0,0.0,9.698,1.119,1.12,2910036000.0,821787000.0,1418560000.0,1418560000.0,0.0,0.012,0.087,0.021,0.087,10722000.0,1200797000.0,1.0,163730396.0,163775250,165071250.0,8.662,6951101000.0,67720000.0,48108000.0,23446000.0,42.443,
73,RJF,MRT,2003-03-31,2003-03-28,2003-03-28,2021-09-22,-3065000.0,6370527000.0,6281300500.0,,,0.225,5.269,-33497000.0,475073000.0,475073000.0,16316000.0,72010000.0,,6.391,293978000.0,,,293978000.0,0.0,22475000.0,0.0,0.017,0.133,119082000.0,141557000.0,0.1,141557000.0,119082000.0,119082000.0,0.441,0.436,0.441,861879000.0,848313000.0,861879000.0,1080563573.0,9.0,7.633,10338000.0,0.063,1.0,1395198000.0,0.988,62575000.0,0.0,6126857000.0,6003841750.0,0.0,2859954000.0,,,5508648000.0,,,1309574573.0,85108000.0,0.0,-44069000.0,-38114000.0,-18305000.0,-83762000.0,117931000.0,151428000.0,43835000.0,7104000.0,72010000.0,72010000.0,72010000.0,0.0,0.0,0.051,1276116000.0,119082000.0,5508648000.0,0.302,1.519,18.186,17.771,109632000.0,0.0,7.837,0.928,0.908,2574452000.0,802674000.0,1411514000.0,1411514000.0,0.0,0.011,0.085,0.02,0.084,9506000.0,1192390000.0,1.0,167100725.0,163579500,164535750.0,8.629,6307952000.0,62310000.0,47072000.0,12297000.0,38.562,
74,RJF,MRT,2002-12-31,2002-12-27,2002-12-27,2021-09-22,-8620000.0,6159402000.0,6346065250.0,,,0.229,5.229,-29569000.0,397459000.0,397459000.0,15792000.0,75633000.0,,6.157,168448000.0,,,168448000.0,0.0,22610000.0,0.0,0.015,0.133,144740000.0,167350000.0,0.115,167350000.0,144740000.0,125499000.0,0.464,0.455,0.464,860620000.0,835647000.0,860620000.0,1158715735.0,8.0,6.924,-19380000.0,-0.118,1.0,1436181000.0,0.989,62575000.0,19241000.0,5867816000.0,6098663250.0,0.0,2896488000.0,,,5298782000.0,,,1478783735.0,44145000.0,0.0,-8521000.0,1963000.0,-18145000.0,-14261000.0,47963000.0,77532000.0,10189000.0,254000.0,75633000.0,75633000.0,75633000.0,0.0,0.0,0.052,1291441000.0,144740000.0,5298782000.0,0.287,1.718,19.552,19.368,106757000.0,0.0,8.987,1.018,1.019,2407381000.0,791971000.0,1451973000.0,1451973000.0,0.0,0.012,0.091,0.024,0.1,7607000.0,1203552000.0,1.0,164553086.0,164571750,167285250.0,8.823,6096827000.0,65883000.0,49866000.0,30678000.0,37.047,
75,RJF,MRT,2002-09-30,2002-09-27,2002-09-27,2021-09-22,-10157000.0,6040303000.0,6457716750.0,,,0.223,5.111,-26390000.0,469631000.0,469631000.0,15630000.0,79303000.0,,6.194,149563000.0,,,149563000.0,0.0,22813000.0,0.0,0.014,0.107,131516000.0,154329000.0,0.107,154329000.0,131516000.0,131516000.0,0.484,0.476,0.484,839636000.0,819027500.0,839636000.0,1156689456.0,9.0,7.495,27834000.0,0.169,1.0,1425458000.0,0.989,62575000.0,0.0,5657660000.0,6220109000.0,0.0,2743451000.0,,,5200667000.0,,,1286050456.0,11031000.0,0.0,-9147000.0,-12863000.0,-18508000.0,-28479000.0,-11971000.0,14419000.0,54224000.0,-2743000.0,79303000.0,79303000.0,79303000.0,0.0,0.0,0.055,1293942000.0,131516000.0,5200667000.0,0.221,1.532,16.217,16.204,105777000.0,0.0,7.843,0.892,0.894,2380088000.0,781978000.0,1441088000.0,1441088000.0,0.0,0.012,0.097,0.021,0.091,8349000.0,1212115000.0,1.0,163975077.0,164274750,167499000.0,8.772,5977728000.0,53734000.0,52213000.0,23248000.0,36.389,
76,RJF,MRT,2002-06-30,2002-06-28,2002-06-28,2021-09-22,-6593000.0,6554970000.0,6540654500.0,,,0.194,5.04,-23618000.0,421754000.0,421754000.0,15505000.0,69942000.0,,6.887,292393000.0,,,292393000.0,0.0,26778000.0,0.0,0.013,0.107,-27614000.0,-836000.0,-0.001,-836000.0,-27614000.0,116987000.0,0.427,0.424,0.427,831117000.0,801837500.0,831117000.0,1329861606.0,-48.0,-1590.744,-100141000.0,-0.607,1.0,1254539000.0,0.988,62575000.0,-144601000.0,6363034000.0,6290446750.0,0.0,2769312000.0,,,5723853000.0,,,1390729606.0,28484000.0,0.0,-2366000.0,98064000.0,-18491000.0,89364000.0,17864000.0,41482000.0,-76523000.0,-2221000.0,69942000.0,69942000.0,69942000.0,0.0,0.0,0.055,1282153000.0,-27614000.0,5723853000.0,0.251,1.673,19.884,19.755,106661000.0,0.0,8.436,1.095,1.095,2914973000.0,764300000.0,1270044000.0,1270044000.0,0.0,0.011,0.087,-0.004,-0.022,9432000.0,1203967000.0,1.0,164865206.0,164916000,168297750.0,7.701,6492395000.0,44310000.0,47045000.0,7172000.0,39.368,
77,RJF,MRT,2002-03-31,2002-03-28,2002-03-28,2021-09-22,-9047000.0,6629586000.0,6560658500.0,,,0.202,4.93,-21797000.0,392960000.0,392960000.0,16066000.0,78479000.0,,7.172,332092000.0,,,332092000.0,0.0,27487000.0,0.0,0.011,0.107,37752000.0,65239000.0,0.049,65239000.0,37752000.0,131483000.0,0.48,0.477,0.48,811215000.0,785476250.0,811215000.0,1480584294.0,39.0,22.695,-102201000.0,-0.621,1.0,1308566000.0,0.988,62575000.0,-93731000.0,6506143000.0,6291991250.0,0.0,2877975000.0,,,5818371000.0,,,1668628294.0,-16423000.0,300000.0,-2252000.0,137847000.0,-18044000.0,130335000.0,-61672000.0,-40175000.0,-80404000.0,-4682000.0,78479000.0,78479000.0,78479000.0,0.0,0.0,0.059,1270814000.0,37752000.0,5818371000.0,0.223,2.057,21.262,21.13,100890000.0,0.0,10.142,1.26,1.26,2916542000.0,748969000.0,1324632000.0,1324632000.0,0.0,0.012,0.1,0.006,0.028,8951000.0,1214600000.0,1.0,164522948.0,164561625,168311250.0,8.049,6567011000.0,41926000.0,53004000.0,3765000.0,39.906,
78,RJF,MRT,2001-12-31,2001-12-28,2001-12-28,2021-09-22,-8083000.0,6606008000.0,6677455000.0,,,0.207,4.864,-25589000.0,354529000.0,354529000.0,16306000.0,82327000.0,,7.318,166485000.0,,,166485000.0,0.0,30615000.0,0.0,0.013,0.133,92030000.0,122645000.0,0.089,122645000.0,92030000.0,137721000.0,0.504,0.501,0.504,794142000.0,767157250.0,794142000.0,1335393928.0,15.0,10.888,37196000.0,0.228,1.0,1365072000.0,0.988,64365000.0,-45691000.0,6353599000.0,6369548500.0,0.0,2730160000.0,,,5811866000.0,,,1705861928.0,-68576000.0,-48469000.0,-2187000.0,15571000.0,-18007000.0,7474000.0,-134098000.0,-60040000.0,62785000.0,-4737000.0,82327000.0,82327000.0,82327000.0,0.0,0.0,0.06,1273042000.0,92030000.0,5811866000.0,0.264,2.148,20.721,20.705,102292000.0,0.0,10.436,1.235,1.233,3075123000.0,734483000.0,1381378000.0,1381378000.0,0.0,0.012,0.107,0.014,0.067,10692000.0,1220487000.0,1.0,163466326.0,163272375,166610250.0,8.461,6541643000.0,40603000.0,55394000.0,11347000.0,40.066,
79,RJF,MRT,2001-09-30,2001-09-28,2001-09-28,2021-09-22,-6881000.0,6372054000.0,6808353000.0,,,0.212,4.792,-27080000.0,532894000.0,532894000.0,16091000.0,96410000.0,,7.266,162426000.0,,,162426000.0,0.0,31259000.0,0.0,0.017,0.133,157468000.0,188727000.0,0.131,188727000.0,157468000.0,157468000.0,0.599,0.587,0.599,770876000.0,742620750.0,770876000.0,1107192220.0,7.0,5.867,153412000.0,0.954,1.0,1426548000.0,0.989,62575000.0,0.0,5939011000.0,6482106750.0,0.0,2358847000.0,,,5601178000.0,,,1306566220.0,153184000.0,-48469000.0,-1754000.0,25408000.0,-17429000.0,17636000.0,-42576000.0,32973000.0,180492000.0,-2368000.0,96410000.0,96410000.0,96410000.0,0.0,0.0,0.067,1269080000.0,157468000.0,5601178000.0,0.222,1.695,13.552,13.43,104694000.0,0.0,8.044,0.906,0.897,3029806000.0,721183000.0,1442639000.0,1442639000.0,0.0,0.014,0.13,0.024,0.109,16420000.0,1219381000.0,1.0,162418453.0,160862625,164696625.0,8.968,6309479000.0,37817000.0,61058000.0,0.0,39.223,
80,RJF,MRT,2001-06-30,2001-06-29,2001-06-29,2021-09-22,-1362000.0,6634986000.0,6792543500.0,,,0.254,4.723,-27159000.0,393703000.0,393703000.0,14830000.0,120756000.0,,7.666,194329000.0,,,194329000.0,0.0,27663000.0,0.0,0.014,0.129,449274000.0,476937000.0,0.277,476937000.0,449274000.0,195340000.0,0.759,0.744,0.759,765672000.0,712531250.0,765672000.0,1256898357.0,3.0,2.635,323772000.0,1.997,1.0,1709654000.0,0.991,66400000.0,253934000.0,6369212000.0,6523196750.0,0.0,2331887000.0,,,5869314000.0,,,1469258357.0,323541000.0,-48469000.0,-666000.0,55073000.0,-16597000.0,49481000.0,-76333000.0,-705000.0,350931000.0,-538000.0,120756000.0,120756000.0,120756000.0,0.0,0.0,0.07,1260380000.0,449274000.0,5869314000.0,0.17,1.919,12.167,11.946,108619000.0,0.0,9.067,0.852,0.852,3468582000.0,712850000.0,1724484000.0,1724484000.0,0.0,0.018,0.169,0.069,0.261,15802000.0,1210586000.0,1.0,162050554.0,162114750,166019625.0,10.637,6568586000.0,36288000.0,74584000.0,0.0,40.518,
81,RJF,MRT,2001-03-31,2001-03-30,2001-03-30,2021-09-22,-2403000.0,7096772000.0,6498126250.0,,,0.266,4.572,-20952000.0,406605000.0,406605000.0,14724000.0,114989000.0,,8.617,194245000.0,,,194245000.0,0.0,26822000.0,0.0,0.015,0.124,447110000.0,473932000.0,0.275,473932000.0,447110000.0,185333000.0,0.729,0.717,0.729,737939000.0,674729000.0,737939000.0,1043981465.0,2.0,2.203,137254000.0,0.85,1.0,1710651000.0,0.991,68040000.0,261777000.0,6816372000.0,6247019500.0,0.0,2373257000.0,,,6358833000.0,,,1337935465.0,74759000.0,-48769000.0,-651000.0,-41686000.0,-15443000.0,-47282000.0,-34784000.0,34937000.0,158206000.0,-1381000.0,114989000.0,114989000.0,114989000.0,0.0,0.0,0.067,1263541000.0,447110000.0,6358833000.0,0.17,1.813,11.635,11.299,103308000.0,0.0,8.237,0.775,0.771,3864661000.0,688534000.0,1725375000.0,1725375000.0,0.0,0.018,0.17,0.072,0.259,15745000.0,1178815000.0,1.0,162429216.0,161416125,166208625.0,10.689,7028732000.0,54433000.0,70344000.0,17432000.0,43.544,
82,RJF,MRT,2000-12-31,2000-12-29,2000-12-29,2021-09-22,-743000.0,7129600000.0,6245119000.0,,,0.279,4.421,-16530000.0,440320000.0,440320000.0,14684000.0,130560000.0,,9.244,146366000.0,,,146366000.0,0.0,24433000.0,0.0,0.009,0.093,461164000.0,485597000.0,0.278,485597000.0,461164000.0,210582000.0,0.836,0.824,0.836,695996000.0,638584750.0,695996000.0,1462402481.0,3.0,3.012,-234543000.0,-1.49,1.0,1729854000.0,0.992,31814000.0,250582000.0,6803832000.0,6041147500.0,0.0,2122286000.0,,,6433604000.0,,,1635399481.0,-139576000.0,0.0,-4996000.0,665000.0,-14604000.0,-8282000.0,86633000.0,103163000.0,-218013000.0,86000.0,130560000.0,130560000.0,130560000.0,0.0,0.0,0.075,1268690000.0,461164000.0,6433604000.0,0.111,2.35,12.526,12.362,90143000.0,0.0,10.335,0.937,0.933,4190616000.0,670163000.0,1744538000.0,1744538000.0,0.0,0.021,0.204,0.076,0.264,13449000.0,1180574000.0,1.0,158241779.0,157437000,161399250.0,11.081,7097786000.0,49555000.0,80022000.0,25568000.0,45.083,
83,RJF,MRT,2000-09-30,2000-09-29,2000-09-29,2021-09-22,-1618000.0,6308816000.0,5902498500.0,,,0.289,4.164,-20262000.0,305467000.0,305467000.0,14814000.0,125195000.0,,8.698,132470000.0,,,132470000.0,0.0,23854000.0,0.0,0.009,0.089,433332000.0,457186000.0,0.268,457186000.0,433332000.0,204680000.0,0.8,0.791,0.8,650518000.0,604710250.0,650518000.0,1360847783.0,3.0,2.977,157430000.0,1.008,1.0,1692627000.0,0.991,32448000.0,228652000.0,6103371000.0,5732690500.0,0.0,1358578000.0,,,5658298000.0,,,1520578783.0,54429000.0,0.0,-26768000.0,-69034000.0,-13878000.0,-102015000.0,-20437000.0,-175000.0,177692000.0,-811000.0,125195000.0,125195000.0,125195000.0,0.0,0.0,0.073,1259295000.0,433332000.0,5658298000.0,0.111,2.337,12.146,12.2,91064000.0,0.0,9.76,0.891,0.893,4304375000.0,642202000.0,1707441000.0,1707441000.0,0.0,0.021,0.207,0.076,0.254,1098000.0,1170792000.0,1.0,155797006.0,156232125,158176125.0,10.929,6276368000.0,44228000.0,79485000.0,1991000.0,40.173,
84,RJF,MRT,2000-06-30,2000-06-30,2000-06-30,2021-09-22,-1782000.0,5457317000.0,5582973250.0,,,0.288,3.95,-14091000.0,294439000.0,294439000.0,14305000.0,110467000.0,,7.881,134708000.0,,,134708000.0,0.0,23565000.0,0.0,0.013,0.087,387375000.0,410940000.0,0.255,410940000.0,387375000.0,179704000.0,0.702,0.693,0.702,614463000.0,581702250.0,614463000.0,977561145.0,3.0,2.379,148015000.0,0.952,1.0,1596350000.0,0.991,33083000.0,207671000.0,5264503000.0,5443470000.0,0.0,1475847000.0,,,4842854000.0,,,1035701145.0,-241951000.0,-67597000.0,-31039000.0,-249352000.0,-13723000.0,-286230000.0,-117382000.0,-35694000.0,162106000.0,-445000.0,110467000.0,110467000.0,110467000.0,0.0,0.0,0.069,1208975000.0,387375000.0,4842854000.0,0.124,1.686,9.376,9.488,90913000.0,0.0,6.661,0.643,0.643,3339837000.0,608692000.0,1610655000.0,1610655000.0,0.0,0.02,0.19,0.071,0.241,407000.0,1123033000.0,1.0,155493388.0,155557125,157501125.0,10.354,5424234000.0,62582000.0,69237000.0,25033000.0,34.87,
85,RJF,MRT,2000-03-31,2000-03-31,2000-03-31,2021-09-22,-2020000.0,6084743000.0,5467774250.0,,,0.276,3.821,-21364000.0,289523000.0,289523000.0,14201000.0,110794000.0,,9.255,231383000.0,,,231383000.0,0.0,21542000.0,0.0,0.014,0.086,366211000.0,387753000.0,0.257,387753000.0,366211000.0,179265000.0,0.702,0.69,0.702,593362000.0,563476250.0,593362000.0,798891919.0,2.0,2.06,88535000.0,0.57,1.0,1494420000.0,0.991,33719000.0,186946000.0,5992884000.0,5355822000.0,0.0,1747857000.0,,,5491381000.0,,,953653919.0,-214008000.0,-67597000.0,-31039000.0,-168616000.0,-13576000.0,-204959000.0,-118497000.0,-29536000.0,109899000.0,-451000.0,110794000.0,110794000.0,110794000.0,0.0,0.0,0.073,1128209000.0,366211000.0,5491381000.0,0.123,1.607,8.607,8.758,91953000.0,0.0,6.148,0.632,0.633,3729128000.0,588989000.0,1508621000.0,1508621000.0,0.0,0.02,0.197,0.068,0.243,407000.0,1068196000.0,1.0,155112384.0,155287125,157096125.0,9.715,6051024000.0,38163000.0,68471000.0,14910000.0,38.967,
86,RJF,MRT,1999-12-31,1999-12-31,1999-12-31,2021-09-22,-1917000.0,5759118000.0,5175792750.0,,,0.261,3.543,-22344000.0,300463000.0,300463000.0,13979000.0,94427000.0,,9.275,145701000.0,,,145701000.0,0.0,20600000.0,0.0,0.015,0.084,320944000.0,341544000.0,0.253,341544000.0,320944000.0,152409000.0,0.593,0.581,0.593,560498000.0,545295000.0,560498000.0,818585655.0,3.0,2.397,247728000.0,1.566,1.0,1337646000.0,0.99,34352000.0,168535000.0,5570004000.0,5076907000.0,0.0,1975086000.0,,,5198620000.0,,,867945655.0,-943000.0,-67597000.0,-49163000.0,-73365000.0,-13428000.0,-127626000.0,-143135000.0,-53194000.0,270072000.0,-254000.0,94427000.0,94427000.0,94427000.0,0.0,0.0,0.07,1016702000.0,320944000.0,5198620000.0,0.142,1.549,9.192,9.309,94091000.0,0.0,5.52,0.642,0.646,3171571000.0,554207000.0,1351625000.0,1351625000.0,0.0,0.018,0.173,0.063,0.237,407000.0,968292000.0,1.0,157236532.0,158206500,160305750.0,8.543,5724766000.0,40582000.0,57982000.0,18488000.0,36.185,
87,RJF,MRT,1999-09-30,1999-09-24,1999-09-24,2021-09-22,-1076000.0,5030715000.0,4837798500.0,,,0.255,3.476,-20543000.0,250864000.0,250864000.0,13456000.0,85090000.0,,8.008,201504000.0,,,201504000.0,0.0,20059000.0,0.0,0.015,0.083,289013000.0,309072000.0,0.251,309072000.0,289013000.0,137519000.0,0.53,0.521,0.53,558486000.0,535659500.0,558486000.0,855088371.0,3.0,2.767,73583000.0,0.458,1.0,1218750000.0,0.989,34866000.0,151494000.0,4946489000.0,4717824500.0,0.0,1708039000.0,,,4472229000.0,,,902211371.0,-45962000.0,-67597000.0,-31564000.0,2294000.0,-13304000.0,-33425000.0,-106663000.0,-18523000.0,94126000.0,0.0,85090000.0,85090000.0,85090000.0,0.0,0.0,0.069,929737000.0,289013000.0,4472229000.0,0.157,1.615,10.603,10.655,91335000.0,0.0,5.647,0.732,0.736,2759980000.0,530885000.0,1232206000.0,1232206000.0,0.0,0.018,0.159,0.061,0.235,407000.0,886272000.0,1.0,159756735.0,160670250,163515375.0,7.669,4995849000.0,39631000.0,52429000.0,4592000.0,31.094,
88,RJF,MRT,1999-06-30,1999-06-25,1999-06-25,2021-09-22,-690000.0,4996521000.0,4543304000.0,,,0.259,3.394,-20196000.0,276740000.0,276740000.0,13582000.0,85306000.0,,8.226,229617000.0,,,229617000.0,0.0,19165000.0,0.0,0.013,0.08,282480000.0,301645000.0,0.257,301645000.0,282480000.0,138119000.0,0.527,0.519,0.527,541559000.0,523512500.0,541559000.0,975339542.0,3.0,3.233,154008000.0,0.965,1.0,1161780000.0,0.988,35487000.0,144361000.0,4913911000.0,4381169500.0,0.0,1552157000.0,,,4454962000.0,,,1014932542.0,237516000.0,0.0,-32480000.0,156757000.0,-12901000.0,120068000.0,-56756000.0,35891000.0,174204000.0,0.0,85306000.0,85306000.0,85306000.0,0.0,0.0,0.073,879300000.0,282480000.0,4454962000.0,0.152,1.874,11.898,11.981,89190000.0,0.0,6.314,0.864,0.857,2858844000.0,511947000.0,1175362000.0,1175362000.0,0.0,0.019,0.163,0.064,0.24,539000.0,838924000.0,1.0,160741311.0,159563250,162283500.0,7.366,4961034000.0,37729000.0,52813000.0,8806000.0,31.091,
89,RJF,MRT,1999-03-31,1999-03-26,1999-03-26,2021-09-22,-252000.0,4916817000.0,4295638250.0,,,0.262,3.234,-29760000.0,285149000.0,285149000.0,12172000.0,84607000.0,,8.444,245556000.0,,,245556000.0,0.0,18917000.0,0.0,0.013,0.077,276309000.0,295226000.0,0.262,295226000.0,276309000.0,136471000.0,0.519,0.51,0.519,520637000.0,511481250.0,520637000.0,683514400.0,2.0,2.315,340155000.0,2.113,1.0,1114591000.0,0.989,0.0,139838000.0,4877224000.0,4117124500.0,0.0,1786176000.0,,,4396180000.0,,,956981400.0,457674000.0,0.0,-32479000.0,225626000.0,-12495000.0,189970000.0,-102211000.0,0.0,369915000.0,0.0,84607000.0,84607000.0,84607000.0,0.0,0.0,0.075,838282000.0,276309000.0,4396180000.0,0.148,1.838,11.311,11.418,82019000.0,0.0,5.926,0.849,0.847,2593951000.0,491770000.0,1126763000.0,1126763000.0,0.0,0.02,0.165,0.067,0.245,539000.0,800058000.0,1.0,161490611.0,160977375,163660500.0,7.0,4916817000.0,34307000.0,51864000.0,6234000.0,30.544,
90,RJF,MRT,1998-12-31,1998-12-24,1998-12-24,2021-09-22,-221000.0,4407141000.0,4109444250.0,,,0.266,3.214,-36135000.0,338090000.0,338090000.0,11338000.0,87438000.0,,7.444,64623000.0,,,64623000.0,0.0,18072000.0,0.0,0.011,0.068,275117000.0,293189000.0,0.268,293189000.0,275117000.0,141686000.0,0.533,0.524,0.533,521956000.0,499165500.0,521956000.0,737900870.0,3.0,2.517,733284000.0,4.515,1.0,1083772000.0,0.99,0.0,133431000.0,4133674000.0,3893065750.0,0.0,1745651000.0,,,3885185000.0,,,989951870.0,694769000.0,0.0,-9776000.0,44623000.0,-12087000.0,33936000.0,-108586000.0,0.0,769419000.0,0.0,87438000.0,87438000.0,87438000.0,0.0,0.0,0.08,808655000.0,275117000.0,3885185000.0,0.128,1.897,11.322,11.429,82868000.0,0.0,6.092,0.904,0.903,2084924000.0,473208000.0,1095110000.0,1095110000.0,0.0,0.021,0.175,0.071,0.251,539000.0,772177000.0,1.0,162504259.0,162401625,165763125.0,6.743,4407141000.0,32864000.0,54248000.0,17838000.0,27.137,
91,RJF,MRT,1998-09-30,1998-09-25,1998-09-25,2021-09-22,114000.0,3852737000.0,3868988750.0,,,0.28,3.137,-45815000.0,296818000.0,296818000.0,11607000.0,92704000.0,,6.556,44767000.0,,,44767000.0,0.0,16808000.0,0.0,0.011,0.065,281245000.0,298053000.0,0.275,298053000.0,281245000.0,150236000.0,0.569,0.551,0.569,509898000.0,479900000.0,509898000.0,826674269.0,3.0,2.774,403054000.0,2.48,1.0,1071300000.0,0.989,817000.0,131009000.0,3599869000.0,3686355000.0,0.0,1461588000.0,,,3342839000.0,,,974801269.0,354761000.0,0.0,-5346000.0,30552000.0,-11586000.0,24158000.0,-118266000.0,-72451000.0,448869000.0,0.0,92704000.0,92704000.0,92704000.0,0.0,0.0,0.086,790055000.0,281245000.0,3342839000.0,0.114,1.912,10.515,10.482,81372000.0,0.0,5.964,0.9,0.895,1859421000.0,459099000.0,1082907000.0,1082907000.0,0.0,0.024,0.193,0.076,0.26,539000.0,756242000.0,1.0,163435384.0,162540000,168584625.0,6.662,3851920000.0,32841000.0,57532000.0,10974000.0,23.698,
92,RJF,MRT,1998-06-30,1998-06-26,1998-06-26,2021-09-22,216000.0,4005858000.0,3725465750.0,,,0.287,3.024,-55582000.0,220987000.0,220987000.0,12054000.0,96713000.0,,7.118,72860000.0,,,72860000.0,0.0,17396000.0,0.0,0.007,0.063,278302000.0,295698000.0,0.277,295698000.0,278302000.0,156206000.0,0.599,0.581,0.599,493434000.0,458244500.0,493434000.0,1285608331.0,5.0,4.348,308926000.0,1.893,1.0,1056254000.0,0.989,0.0,122096000.0,3857731000.0,3560421250.0,0.0,1377960000.0,,,3512424000.0,,,1476660331.0,240801000.0,0.0,-10000.0,40595000.0,-11222000.0,38834000.0,-162541000.0,0.0,364508000.0,0.0,96713000.0,96713000.0,96713000.0,0.0,0.0,0.091,777952000.0,278302000.0,3512424000.0,0.105,2.993,15.268,15.117,87467000.0,0.0,9.055,1.382,1.383,2203379000.0,439528000.0,1068308000.0,1068308000.0,0.0,0.026,0.211,0.078,0.261,0.0,744661000.0,1.0,163080125.0,163184625,168594750.0,6.547,4005858000.0,30586000.0,59493000.0,8332000.0,24.548,
93,RJF,MRT,1998-03-31,1998-03-27,1998-03-27,2021-09-22,326000.0,4172041000.0,,,,,2.9,-39330000.0,210982000.0,210982000.0,12000000.0,91062000.0,,7.851,19930000.0,,,19930000.0,0.0,16316000.0,0.0,0.007,0.061,261291000.0,277607000.0,0.277,277607000.0,261291000.0,147810000.0,0.566,0.548,0.566,471374000.0,,471374000.0,1234300727.0,5.0,4.446,219511000.0,1.351,1.0,990635000.0,0.988,0.0,113481000.0,3980989000.0,,0.0,1426313000.0,,,3700667000.0,,,1372788727.0,110945000.0,0.0,-11000.0,-166000.0,-10851000.0,-1607000.0,-146289000.0,0.0,258841000.0,0.0,91062000.0,91062000.0,91062000.0,0.0,0.0,0.091,729344000.0,261291000.0,3700667000.0,0.108,2.912,15.075,14.92,70485000.0,0.0,8.444,1.369,1.369,2341624000.0,419642000.0,1002635000.0,1002635000.0,0.0,,,,0.261,0.0,698048000.0,1.0,162567086.0,162533250,167113125.0,6.169,4172041000.0,30722000.0,56748000.0,13998000.0,25.669,
94,RJF,MRT,1997-12-31,1997-12-26,1997-12-26,2021-09-22,372000.0,3445319000.0,,,,,2.761,-34598000.0,158488000.0,158488000.0,12335000.0,104492000.0,,6.744,20000000.0,,,20000000.0,0.0,15804000.0,0.0,0.008,0.06,276685000.0,292489000.0,0.297,292489000.0,276685000.0,169404000.0,0.655,0.634,0.655,444894000.0,,444894000.0,,,,158726000.0,0.985,1.0,972757000.0,0.987,0.0,107281000.0,3306831000.0,,0.0,1147967000.0,,,3000425000.0,,,1236312654.0,45100000.0,0.0,-1554000.0,-2405000.0,-10485000.0,-6667000.0,-141557000.0,0.0,193324000.0,0.0,104492000.0,104492000.0,104492000.0,0.0,0.0,0.106,696072000.0,276685000.0,3000425000.0,0.092,2.779,11.832,11.611,64114000.0,0.0,7.605,1.255,1.244,1950468000.0,397857000.0,985092000.0,985092000.0,0.0,,,,0.281,0.0,665123000.0,1.0,162567086.0,161149500,165385125.0,6.113,3445319000.0,27742000.0,64912000.0,20475000.0,21.38,
95,RJF,MRT,1997-09-30,1997-09-26,1997-09-26,2021-09-22,341000.0,3278645000.0,,,,,2.647,-25456000.0,196726000.0,196726000.0,11708000.0,98915000.0,,6.746,14215000.0,,,14215000.0,0.0,15111000.0,0.0,0.008,0.057,261856000.0,276967000.0,0.299,276967000.0,261856000.0,160515000.0,0.619,0.604,0.619,423276000.0,,423276000.0,,,,274555000.0,1.717,1.0,915899000.0,0.987,0.0,101341000.0,3096134000.0,,0.0,1125505000.0,,,2855369000.0,,,,153510000.0,0.0,0.0,-10683000.0,-9921000.0,-14086000.0,-132415000.0,-106959000.0,300011000.0,0.0,98915000.0,98915000.0,98915000.0,0.0,0.0,0.107,654043000.0,261856000.0,2855369000.0,0.092,,,11.37,51674000.0,0.0,7.038,,1.213,1796927000.0,377981000.0,927607000.0,927607000.0,0.0,,,,0.282,0.0,622831000.0,1.0,,159917625,163306125.0,5.801,3278645000.0,24356000.0,61600000.0,18413000.0,20.502,
96,RJF,MRT,1997-06-30,1997-06-27,1997-06-27,2021-09-22,,,,,,,,,,,,,,,,,,,,,,0.01,0.053,,,,,,,,,,,,,,,,,,1.0,,,,,,,,,,,,,,,,,,,,,,,,,,,,,,,,,,,,,,,,5.42,,,,,,,,,,,,,,1.0,,160292250,,,,,,,,
97,RJF,MRT,1997-03-31,1997-03-27,1997-03-27,2021-09-22,,,,,,,,,,,,,,,,,,,,,,0.011,0.05,,,,,,,,,,,,,,,,,,1.0,,,,,,,,,,,,,,,,,,,,,,,,,,,,,,,,,,,,,,,,4.363,,,,,,,,,,,,,,1.0,,159846750,,,,,,,,
98,RJF,MRT,1996-12-31,1996-12-27,1996-12-27,2021-09-22,,,,,,,,,,,,,,,,,,,,,,0.013,0.052,,,,,,,,,,,,,,,,,,1.0,,,,,,,,,,,,,,,,,,,,,,,,,,,,,,,,,,,,,,,,3.951,,,,,,,,,,,,,,1.0,,158942250,,,,,,,,
99,RJF,MRT,1996-09-30,1996-09-27,1996-09-27,2021-09-22,,,,,,,,-10093000.0,,,10098000.0,65978000.0,,,,,,,,11299000.0,,0.016,0.05,191996000.0,203295000.0,0.282,203295000.0,191996000.0,108525000.0,0.418,0.412,0.418,,,,,,,384438000.0,2.435,1.0,711654000.0,0.986,,83471000.0,,,,,,,,,,,314891000.0,0.0,-367000.0,9304000.0,-7911000.0,4702000.0,-84342000.0,-74249000.0,394531000.0,0.0,65978000.0,65978000.0,65978000.0,0.0,0.0,0.091,519658000.0,191996000.0,,0.12,,,7.64,,0.0,3.193,,0.699,,,721752000.0,721752000.0,0.0,,,,0.266,0.0,494469000.0,1.0,,157885875,159661125.0,4.571,,,42547000.0,,,
