None,ticker,dimension,calendardate,datekey,reportperiod,lastupdated,accoci,assets,assetsavg,assetsc,assetsnc,assetturnover,bvps,capex,cashneq,cashnequsd,cor,consolinc,currentratio,de,debt,debtc,debtnc,debtusd,deferredrev,depamor,deposits,divyield,dps,ebit,ebitda,ebitdamargin,ebitdausd,ebitusd,ebt,eps,epsdil,epsusd,equity,equityavg,equityusd,ev,evebit,evebitda,fcf,fcfps,fxusd,gp,grossmargin,intangibles,intexp,invcap,invcapavg,inventory,investments,investmentsc,investmentsnc,liabilities,liabilitiesc,liabilitiesnc,marketcap,ncf,ncfbus,ncfcommon,ncfdebt,ncfdiv,ncff,ncfi,ncfinv,ncfo,ncfx,netinc,netinccmn,netinccmnusd,netincdis,netincnci,netmargin,opex,opinc,payables,payoutratio,pb,pe,pe1,ppnenet,prefdivis,price,ps,ps1,receivables,retearn,revenue,revenueusd,rnd,roa,roe,roic,ros,sbcomp,sgna,sharefactor,sharesbas,shareswa,shareswadil,sps,tangibles,taxassets,taxexp,taxliabilities,tbvps,workingcapital
0,DRE,MRY,2020-12-31,2020-12-31,2020-12-31,2021-07-30,-31568000.0,9111394000.0,8748928000.0,,,0.114,13.952,-910473000.0,53991000.0,53991000.0,283910000.0,302760000.0,,0.751,3385051000.0,,,3385051000.0,0.0,297158000.0,57153000.0,0.024,0.96,388245000.0,685403000.0,0.69,685403000.0,388245000.0,294803000.0,0.81,0.8,0.81,5162972000.0,5032213500.0,5162972000.0,18006568305.0,46.0,26.272,-344037000.0,-0.93,1.0,709288000.0,0.714,0.0,93442000.0,12442454000.0,11867704000.0,0.0,67946000.0,,,3876946000.0,,,14866888305.0,-54208000.0,-5335000.0,187856000.0,418035000.0,-355287000.0,235577000.0,-856221000.0,0.0,566436000.0,0.0,299915000.0,299915000.0,299915000.0,-111000.0,2845000.0,0.302,303386000.0,405902000.0,62332000.0,1.185,2.88,49.57,49.346,8204578000.0,0.0,39.97,14.969,14.892,199730000.0,-532519000.0,993198000.0,993198000.0,0.0,0.034,0.06,0.033,0.391,0.0,62404000.0,1.0,371951171.0,370057000,374156000.0,2.684,9111394000.0,0.0,-5112000.0,76501000.0,24.622,
1,DRE,MRY,2019-12-31,2019-12-31,2019-12-31,2021-07-30,-35036000.0,8420562000.0,8165030750.0,,,0.119,13.853,-660114000.0,112564000.0,112564000.0,316670000.0,432644000.0,,0.666,2914765000.0,,,2914765000.0,0.0,272422000.0,48907000.0,0.025,0.88,527414000.0,799836000.0,0.821,799836000.0,527414000.0,437658000.0,1.18,1.18,1.18,5018115000.0,4809563750.0,5018115000.0,15270784198.0,29.0,19.092,-154216000.0,-0.426,1.0,657089000.0,0.675,0.0,89756000.0,11222763000.0,10907818250.0,0.0,128463000.0,,,3340302000.0,,,12743675198.0,95914000.0,-8224000.0,272761000.0,251095000.0,-318702000.0,145090000.0,-555074000.0,0.0,505898000.0,0.0,428972000.0,428972000.0,428972000.0,-445000.0,3672000.0,0.441,163734000.0,493355000.0,68840000.0,0.746,2.54,29.707,29.381,7451453000.0,0.0,34.67,13.087,12.897,175300000.0,-475992000.0,973759000.0,973759000.0,0.0,0.053,0.089,0.048,0.542,0.0,60889000.0,1.0,367570672.0,362234000,367339000.0,2.688,8420562000.0,0.0,8686000.0,69042000.0,23.246,
2,DRE,MRY,2018-12-31,2018-12-31,2018-12-31,2021-07-30,-4676000.0,7804024000.0,7639831500.0,,,0.124,13.027,-711835000.0,17901000.0,17901000.0,350614000.0,387268000.0,,0.664,2658501000.0,,,2658501000.0,0.0,256250000.0,45048000.0,0.031,0.815,477563000.0,733813000.0,0.774,733813000.0,477563000.0,392557000.0,1.07,1.07,1.07,4658201000.0,4631164750.0,4658201000.0,11653644025.0,24.0,15.881,-227428000.0,-0.636,1.0,597256000.0,0.63,0.0,85006000.0,10444624000.0,10008619750.0,0.0,273632000.0,,,3090781000.0,,,9280470025.0,-168110000.0,17213000.0,34913000.0,218488000.0,-291502000.0,-58087000.0,-594430000.0,0.0,484407000.0,0.0,383729000.0,383729000.0,383729000.0,-3900000.0,3539000.0,0.405,158344000.0,438912000.0,92288000.0,0.762,1.992,24.185,24.206,6852943000.0,0.0,25.9,9.791,9.77,164803000.0,-585087000.0,947870000.0,947870000.0,0.0,0.05,0.083,0.048,0.504,0.0,56218000.0,1.0,358319306.0,357569000,363297000.0,2.651,7804024000.0,0.0,8828000.0,73358000.0,21.825,
3,DRE,MRY,2017-12-31,2017-12-31,2017-12-31,2021-07-30,0.0,7388196000.0,7240436500.0,,,0.108,12.741,694797000.0,183967000.0,183967000.0,261345000.0,1654341000.0,,0.621,2422891000.0,,,2422891000.0,0.0,242606000.0,39109000.0,0.06,1.62,1721077000.0,1963683000.0,2.515,1963683000.0,1721077000.0,1634074000.0,4.58,4.56,4.58,4532844000.0,4331144500.0,4532844000.0,11282637528.0,7.0,5.746,1145001000.0,3.218,1.0,519589000.0,0.665,0.0,87003000.0,9627120000.0,9306065500.0,0.0,444207000.0,,,2813818000.0,,,9690592528.0,136590000.0,114633000.0,12926000.0,-489861000.0,-576832000.0,-1089526000.0,775912000.0,0.0,450204000.0,0.0,1634431000.0,1634431000.0,1634431000.0,-1363749000.0,19910000.0,2.093,214285000.0,305304000.0,54545000.0,0.354,2.138,5.929,5.941,6154543000.0,0.0,27.21,12.409,12.396,125912000.0,-676036000.0,780934000.0,780934000.0,0.0,0.226,0.377,0.185,2.204,0.0,54944000.0,1.0,356140850.0,355762000,362011000.0,2.195,7388196000.0,0.0,-357000.0,67374000.0,20.767,
4,DRE,MRY,2016-12-31,2016-12-31,2016-12-31,2021-07-30,682000.0,6772002000.0,6849017000.0,,,0.107,9.904,-192202000.0,52741000.0,52741000.0,253728000.0,315278000.0,,0.946,2908477000.0,,,2908477000.0,0.0,255419000.0,33100000.0,0.027,0.73,424311000.0,679730000.0,0.93,679730000.0,424311000.0,311554000.0,0.89,0.88,0.89,3465818000.0,3356820250.0,3465818000.0,12301499254.0,29.0,18.098,264815000.0,0.757,1.0,476783000.0,0.653,0.0,112757000.0,9627738000.0,9901036250.0,0.0,1349718000.0,,,3278709000.0,,,9420659254.0,-4920000.0,68137000.0,220258000.0,-440548000.0,-255279000.0,-492036000.0,30099000.0,0.0,457017000.0,0.0,312143000.0,312143000.0,312143000.0,-16857000.0,3135000.0,0.427,147870000.0,328913000.0,44250000.0,0.82,2.718,30.181,29.843,4840748000.0,0.0,26.56,12.896,12.723,104551000.0,-1730423000.0,730511000.0,730511000.0,0.0,0.046,0.093,0.043,0.581,0.0,55389000.0,1.0,354693496.0,349942000,357076000.0,2.088,6772002000.0,0.0,-589000.0,59112000.0,19.352,
5,DRE,MRY,2015-12-31,2015-12-31,2015-12-31,2021-07-30,1806000.0,6895515000.0,7220112250.0,,,0.11,9.221,1174594000.0,22533000.0,22533000.0,308297000.0,621861000.0,,1.16,3320141000.0,,,3320141000.0,0.0,253683000.0,40506000.0,0.042,0.89,749640000.0,1003323000.0,1.267,1003323000.0,749640000.0,611382000.0,1.77,1.77,1.77,3181932000.0,3151834000.0,3181932000.0,10527602322.0,14.0,10.493,1561245000.0,4.525,1.0,483879000.0,0.611,0.0,138258000.0,10193123000.0,10828813500.0,0.0,45801000.0,,,3690714000.0,,,7257456322.0,4611000.0,-3422000.0,4530000.0,-1190416000.0,-307169000.0,-1503339000.0,1121299000.0,0.0,386651000.0,0.0,615310000.0,615310000.0,615310000.0,-433613000.0,6551000.0,0.777,68452000.0,415427000.0,54921000.0,0.503,2.281,11.795,11.876,5912672000.0,0.0,21.02,9.161,9.156,152086000.0,-1785250000.0,792176000.0,792176000.0,0.0,0.085,0.195,0.069,0.946,0.0,58565000.0,1.0,345264335.0,345057000,352197000.0,2.296,6895515000.0,0.0,-3928000.0,71617000.0,19.984,
6,DRE,MRY,2014-12-31,2014-12-31,2014-12-31,2021-07-30,3026000.0,7754839000.0,7817225250.0,,,0.134,8.519,-245709000.0,17922000.0,17922000.0,451322000.0,246455000.0,,1.704,4412639000.0,,,4412639000.0,0.0,290279000.0,44142000.0,0.034,0.68,438930000.0,729209000.0,0.697,729209000.0,438930000.0,242744000.0,0.6,0.6,0.6,2860325000.0,3068284500.0,2860325000.0,11045046082.0,25.0,15.147,198778000.0,0.592,1.0,595529000.0,0.569,0.0,196186000.0,12149556000.0,12055607250.0,0.0,725051000.0,,,4874959000.0,,,6902631082.0,-1353000.0,0.0,289122000.0,198335000.0,-228227000.0,-238809000.0,-207031000.0,80177000.0,444487000.0,0.0,243588000.0,204893000.0,204893000.0,-30865000.0,2867000.0,0.196,278778000.0,316751000.0,69470000.0,1.133,2.413,33.689,33.667,6203592000.0,38695000.0,20.2,6.594,6.479,172049000.0,-2090942000.0,1046851000.0,1046851000.0,0.0,0.026,0.067,0.036,0.419,0.0,49362000.0,1.0,341714410.0,335777000,340446000.0,3.118,7754839000.0,0.0,-844000.0,76308000.0,23.095,
7,DRE,MRY,2013-12-31,2013-12-31,2013-12-31,2021-07-30,4119000.0,7752614000.0,7831363500.0,,,0.124,9.354,-301283000.0,19275000.0,19275000.0,416317000.0,196549000.0,,1.562,4254376000.0,,,4254376000.0,0.0,288583000.0,44550000.0,0.045,0.68,387686000.0,676269000.0,0.698,676269000.0,387686000.0,185512000.0,0.47,0.47,0.47,3013243000.0,2992956500.0,3013243000.0,9310987443.0,24.0,13.768,134393000.0,0.417,1.0,552443000.0,0.57,0.0,202174000.0,11987715000.0,12108564750.0,0.0,57466000.0,,,4707985000.0,,,4899888443.0,-14614000.0,0.0,649690000.0,-332100000.0,-220297000.0,-130908000.0,-319382000.0,47438000.0,435676000.0,0.0,190592000.0,153044000.0,153044000.0,-137047000.0,5957000.0,0.158,339324000.0,213119000.0,69380000.0,1.447,1.626,32.016,32.0,6791221000.0,37548000.0,15.04,5.058,5.001,163633000.0,-2062787000.0,968760000.0,968760000.0,0.0,0.02,0.051,0.032,0.4,0.0,42673000.0,1.0,325790455.0,322133000,326712000.0,3.007,7752614000.0,0.0,-5080000.0,74696000.0,24.067,
8,DRE,MRY,2012-12-31,2012-12-31,2012-12-31,2021-07-30,2691000.0,7560101000.0,7172678250.0,,,0.146,9.673,-920992000.0,33889000.0,33889000.0,498570000.0,-75868000.0,,1.904,4446170000.0,,,4446170000.0,0.0,262825000.0,42731000.0,0.049,0.68,155337000.0,418162000.0,0.4,418162000.0,155337000.0,-74080000.0,-0.48,-0.48,-0.48,2591414000.0,2603172250.0,2591414000.0,7841596796.0,50.0,18.753,-621835000.0,-2.321,1.0,546509000.0,0.523,0.0,229417000.0,11972382000.0,11215548750.0,0.0,30937000.0,,,4933983000.0,,,3814603796.0,-179920000.0,0.0,315295000.0,583182000.0,-181892000.0,488539000.0,-967616000.0,-23356000.0,299157000.0,0.0,-73977000.0,-126145000.0,-126145000.0,-9751000.0,-1891000.0,-0.121,403810000.0,142699000.0,84679000.0,-1.417,1.472,-30.24,-28.896,6607953000.0,52168000.0,13.87,3.65,3.555,182340000.0,-1993206000.0,1045079000.0,1045079000.0,0.0,-0.018,-0.048,0.014,0.149,0.0,46424000.0,1.0,275025508.0,267900000,267900000.0,3.901,7560101000.0,0.0,-103000.0,74565000.0,28.22,
9,DRE,MRY,2011-12-31,2011-12-31,2011-12-31,2021-07-30,987000.0,7004437000.0,7390918500.0,,,0.163,10.743,751853000.0,213809000.0,213809000.0,705863000.0,96309000.0,,1.556,3809589000.0,,,3809589000.0,0.0,267222000.0,38355000.0,0.056,0.68,302141000.0,569363000.0,0.471,569363000.0,302141000.0,95371000.0,0.11,0.11,0.11,2714686000.0,2816043000.0,2714686000.0,7303847702.0,24.0,12.828,1089390000.0,4.311,1.0,502175000.0,0.416,0.0,206770000.0,10600217000.0,11328466250.0,0.0,55580000.0,,,4224779000.0,,,3047706702.0,195425000.0,0.0,0.0,-536210000.0,-171814000.0,-893047000.0,750935000.0,24646000.0,337537000.0,0.0,95565000.0,31416000.0,31416000.0,-99405000.0,744000.0,0.026,302730000.0,199445000.0,55775000.0,6.182,1.123,97.011,109.545,5892768000.0,64149000.0,12.05,2.523,2.521,168402000.0,-1677328000.0,1208038000.0,1208038000.0,0.0,0.004,0.011,0.027,0.25,0.0,43107000.0,1.0,252921718.0,252694000,259598000.0,4.781,7004437000.0,0.0,-194000.0,69272000.0,27.719,
10,DRE,MRY,2010-12-31,2010-12-31,2010-12-31,2021-07-30,-1432000.0,7644276000.0,7399504750.0,,,0.16,12.329,-211550000.0,18384000.0,18384000.0,710337000.0,65262000.0,,1.58,4207079000.0,,,4207079000.0,0.0,271058000.0,50450000.0,0.055,0.68,251079000.0,522137000.0,0.441,522137000.0,251079000.0,64672000.0,-0.07,-0.07,-0.07,2945610000.0,2960308250.0,2945610000.0,7236197982.0,29.0,13.859,179606000.0,0.752,1.0,474567000.0,0.401,0.0,186407000.0,11832971000.0,11267267250.0,0.0,394287000.0,,,4654373000.0,,,3141447982.0,-128938000.0,0.0,298004000.0,-168223000.0,-162015000.0,-231304000.0,-288790000.0,-31075000.0,391156000.0,0.0,65798000.0,-14108000.0,-14108000.0,-25971000.0,-536000.0,-0.012,297980000.0,176587000.0,44782000.0,-9.714,1.066,-222.671,-178.0,6326334000.0,79906000.0,12.46,2.651,2.512,155181000.0,-1533740000.0,1184904000.0,1184904000.0,0.0,-0.002,-0.005,0.022,0.212,0.0,41329000.0,1.0,252122631.0,238920000,238920000.0,4.959,7644276000.0,0.0,-1126000.0,83615000.0,31.995,
11,DRE,MRY,2009-12-31,2009-12-31,2009-12-31,2021-07-30,-5630000.0,7304279000.0,7503760000.0,,,0.144,14.539,-128746000.0,147322000.0,147322000.0,641948000.0,-271490000.0,,1.482,3854032000.0,,,3854032000.0,0.0,266803000.0,44258000.0,0.062,0.76,-114615000.0,152188000.0,0.14,152188000.0,-114615000.0,-266220000.0,-1.67,-1.67,-1.67,2925345000.0,3011114500.0,2925345000.0,6502792269.0,-57.0,42.729,271726000.0,1.35,1.0,442016000.0,0.408,0.0,151605000.0,11010989000.0,11380093750.0,0.0,0.0,,,4336419000.0,,,2726103269.0,124790000.0,-23481000.0,551136000.0,-395883000.0,-151333000.0,-99734000.0,-175948000.0,0.0,400472000.0,0.0,-260150000.0,-333601000.0,-333601000.0,31255000.0,-11340000.0,-0.308,567836000.0,-125820000.0,43147000.0,-0.455,0.932,-8.172,-7.287,6343528000.0,73451000.0,12.17,2.515,2.259,171293000.0,-1355086000.0,1083964000.0,1083964000.0,0.0,-0.044,-0.111,-0.01,-0.106,0.0,47937000.0,1.0,224001912.0,201206000,201206000.0,5.387,7304279000.0,0.0,-6070000.0,84347000.0,36.302,
12,DRE,MRY,2008-12-31,2008-12-31,2008-12-31,2021-07-30,-8652000.0,7690883000.0,7781764750.0,,,0.159,19.358,-455523000.0,22532000.0,22532000.0,693988000.0,110408000.0,,1.685,4276990000.0,,,4276990000.0,0.0,246441000.0,41348000.0,0.176,1.93,284783000.0,531224000.0,0.429,531224000.0,284783000.0,100783000.0,0.33,0.33,0.33,2844019000.0,2911030750.0,2844019000.0,6011389235.0,21.0,11.316,187324000.0,1.275,1.0,543427000.0,0.439,0.0,184000000.0,11945341000.0,12088379500.0,0.0,0.0,,,4790908000.0,,,1615116235.0,-25480000.0,-132244000.0,17100000.0,-54487000.0,-283375000.0,-145735000.0,-522592000.0,95392000.0,642847000.0,0.0,107788000.0,50408000.0,50408000.0,-24241000.0,2620000.0,0.041,320137000.0,223290000.0,105227000.0,5.848,0.568,32.041,33.212,6790022000.0,57380000.0,10.96,1.305,1.301,226989000.0,-867951000.0,1237415000.0,1237415000.0,0.0,0.006,0.017,0.024,0.23,0.0,39508000.0,1.0,147364620.0,146915000,154553000.0,8.423,7690883000.0,0.0,-7005000.0,78483000.0,52.349,
13,DRE,MRY,2007-12-31,2007-12-31,2007-12-31,2021-07-30,-1279000.0,7661981000.0,7413551500.0,,,0.151,19.748,-489500000.0,48012000.0,48012000.0,557679000.0,291059000.0,,1.756,4316460000.0,,,4316460000.0,0.0,214477000.0,34535000.0,0.073,1.91,454958000.0,669435000.0,0.597,669435000.0,454958000.0,279977000.0,1.51,1.51,1.51,2750033000.0,2660154750.0,2750033000.0,7944470557.0,17.0,11.867,-165569000.0,-1.189,1.0,564416000.0,0.503,0.0,174981000.0,11930429000.0,11515667000.0,0.0,273591000.0,,,4828265000.0,,,3797212557.0,-20471000.0,-142330000.0,240802000.0,320790000.0,-265698000.0,90417000.0,-434819000.0,235754000.0,323931000.0,0.0,273717000.0,211942000.0,211942000.0,-126624000.0,17342000.0,0.189,284890000.0,279526000.0,142655000.0,1.265,1.381,17.916,17.272,6448383000.0,61775000.0,26.08,3.384,3.237,206671000.0,-626765000.0,1122095000.0,1122095000.0,0.0,0.029,0.08,0.04,0.405,0.0,37727000.0,1.0,145598641.0,139255000,149250000.0,8.058,7661981000.0,0.0,6260000.0,63796000.0,55.021,
14,DRE,MRY,2006-12-31,2006-12-31,2006-12-31,2021-07-30,5435000.0,7238595000.0,7057657250.0,,,0.127,18.561,-1458902000.0,68483000.0,68483000.0,704963000.0,204147000.0,,1.829,3961845000.0,,,3961845000.0,0.0,206999000.0,31121000.0,0.046,1.89,204147000.0,411146000.0,0.459,411146000.0,204147000.0,204147000.0,1.08,1.07,1.08,2503583000.0,2560754000.0,2503583000.0,9581392739.0,47.0,23.304,-1186013000.0,-8.793,1.0,190458000.0,0.213,0.0,0.0,11131957000.0,10905804500.0,0.0,512925000.0,,,4578159000.0,,,5530709739.0,41751000.0,-50182000.0,-94610000.0,1292569000.0,-255502000.0,1002922000.0,-1234060000.0,296573000.0,272889000.0,0.0,204147000.0,145095000.0,145095000.0,-52787000.0,0.0,0.162,29903000.0,160555000.0,136508000.0,1.75,2.209,38.118,37.87,5914454000.0,59052000.0,40.9,6.177,6.161,194205000.0,-575829000.0,895421000.0,895421000.0,0.0,0.021,0.057,0.019,0.228,0.0,35811000.0,1.0,135225177.0,134883000,149393000.0,6.639,7238595000.0,0.0,0.0,59276000.0,53.666,
15,DRE,MRY,2005-12-31,2005-12-31,2005-12-31,2021-07-30,-7118000.0,5647560000.0,5863653500.0,,,0.122,17.333,427699000.0,26732000.0,26732000.0,558462000.0,355662000.0,,1.228,2600651000.0,,,2600651000.0,0.0,204377000.0,34924000.0,0.087,2.92,355662000.0,560039000.0,0.785,560039000.0,355662000.0,355662000.0,2.19,2.17,2.19,2452798000.0,2709770750.0,2452798000.0,6685381529.0,19.0,11.937,836801000.0,5.913,1.0,155090000.0,0.217,0.0,0.0,8221479000.0,8403016250.0,0.0,0.0,,,3012196000.0,,,4590944529.0,21143000.0,-31599000.0,-285887000.0,71325000.0,-408816000.0,-711178000.0,323219000.0,0.0,409102000.0,0.0,355662000.0,309183000.0,309183000.0,-222847000.0,0.0,0.433,30962000.0,124128000.0,93137000.0,1.333,1.872,14.849,15.251,5034422000.0,46479000.0,33.4,6.434,6.624,177325000.0,-464885000.0,713552000.0,713552000.0,0.0,0.053,0.114,0.042,0.498,0.0,30962000.0,1.0,137453429.0,141508000,155877000.0,5.042,5647560000.0,0.0,0.0,60883000.0,39.91,
16,DRE,MRY,2004-12-31,2004-12-31,2004-12-31,2021-07-30,-6547000.0,5896643000.0,5785075250.0,,,0.117,19.988,-364998000.0,5589000.0,5589000.0,511724000.0,188701000.0,,1.018,2518704000.0,,,2518704000.0,0.0,189119000.0,39827000.0,0.054,1.85,188701000.0,377820000.0,0.56,377820000.0,188701000.0,188701000.0,1.07,1.06,1.07,2825869000.0,2709234500.0,2825869000.0,7527744256.0,40.0,19.924,10541000.0,0.075,1.0,162900000.0,0.241,0.0,0.0,8409758000.0,8305674750.0,0.0,0.0,,,2875661000.0,,,4868115256.0,-7043000.0,-3033000.0,12259000.0,149570000.0,-261061000.0,44667000.0,-427249000.0,0.0,375539000.0,0.0,188701000.0,151279000.0,151279000.0,-52461000.0,0.0,0.224,29481000.0,133419000.0,68266000.0,1.729,1.723,32.18,31.907,5379186000.0,37422000.0,34.14,7.216,7.155,165966000.0,-364724000.0,674624000.0,674624000.0,0.0,0.026,0.056,0.023,0.28,0.0,29481000.0,1.0,142592714.0,141379000,157062000.0,4.772,5896643000.0,0.0,0.0,55748000.0,41.708,
17,DRE,MRY,2003-12-31,2003-12-31,2003-12-31,2021-07-30,0.0,5561249000.0,5482038250.0,,,0.117,19.667,-50033000.0,12632000.0,12632000.0,473560000.0,199232000.0,,1.006,2335536000.0,,,2335536000.0,0.0,168959000.0,37975000.0,0.059,1.83,199232000.0,368191000.0,0.572,368191000.0,199232000.0,199232000.0,1.19,1.19,1.19,2666749000.0,2622089500.0,2666749000.0,6471134734.0,32.0,17.575,318595000.0,2.35,1.0,170299000.0,0.264,0.0,0.0,7884153000.0,7724752500.0,0.0,0.0,,,2681706000.0,,,4215513734.0,-4782000.0,-5481000.0,14026000.0,230903000.0,-248100000.0,-52714000.0,-320696000.0,0.0,368628000.0,0.0,199232000.0,161911000.0,161911000.0,-47258000.0,0.0,0.251,21980000.0,148319000.0,63057000.0,1.538,1.581,26.036,26.05,5147085000.0,37321000.0,31.0,6.547,6.529,132169000.0,-254942000.0,643859000.0,643859000.0,0.0,0.03,0.062,0.026,0.309,0.0,21980000.0,1.0,135984314.0,135595000,151141000.0,4.748,5561249000.0,0.0,0.0,52958000.0,41.014,
18,DRE,MRY,2002-12-31,2002-12-31,2002-12-31,2021-07-30,-2111000.0,5348823000.0,5281911500.0,,,0.142,19.535,-174796000.0,17414000.0,17414000.0,508021000.0,207167000.0,,0.926,2106285000.0,,,2106285000.0,0.0,154565000.0,33710000.0,0.071,1.81,207167000.0,361732000.0,0.483,361732000.0,207167000.0,207167000.0,1.15,1.14,1.15,2617336000.0,2765899750.0,2617336000.0,5254126285.0,25.0,14.525,394800000.0,2.947,1.0,240566000.0,0.321,0.0,0.0,7437694000.0,7123644500.0,0.0,0.0,,,2424002000.0,,,3433054285.0,7931000.0,-11130000.0,22834000.0,285352000.0,-242475000.0,-223693000.0,-337972000.0,0.0,569596000.0,0.0,207167000.0,153969000.0,153969000.0,-6220000.0,0.0,0.206,25291000.0,215275000.0,43780000.0,1.574,1.312,22.297,22.13,5018377000.0,53198000.0,25.45,4.586,4.555,90658000.0,-168753000.0,748587000.0,748587000.0,0.0,0.029,0.056,0.029,0.277,0.0,25291000.0,1.0,134894078.0,133981000,150839000.0,5.587,5348823000.0,0.0,0.0,51474000.0,39.922,
19,DRE,MRY,2001-12-31,2001-12-31,2001-12-31,2021-07-30,-192000.0,5330033000.0,5400990750.0,,,0.145,21.479,63216000.0,9483000.0,9483000.0,495456000.0,282723000.0,,0.772,1814856000.0,,,1814856000.0,0.0,138723000.0,34644000.0,0.09,2.19,282723000.0,421446000.0,0.539,421446000.0,282723000.0,282723000.0,1.76,1.74,1.76,2785009000.0,2796562750.0,2785009000.0,4932327198.0,17.0,11.703,412884000.0,3.184,1.0,286017000.0,0.366,0.0,0.0,7135406000.0,7212955750.0,0.0,0.0,,,2149834000.0,,,3177881198.0,-29708000.0,-21067000.0,36483000.0,-48578000.0,-228039000.0,-470915000.0,91539000.0,59249000.0,349668000.0,0.0,282723000.0,227743000.0,227743000.0,-6177000.0,0.0,0.291,15539000.0,270478000.0,57009000.0,1.244,1.141,13.954,13.824,5027428000.0,54980000.0,24.33,4.067,4.037,95970000.0,-76023000.0,781473000.0,781473000.0,0.0,0.042,0.081,0.039,0.362,0.0,15539000.0,1.0,130615750.0,129660000,151710000.0,6.027,5330033000.0,0.0,0.0,51462000.0,41.108,
20,DRE,MRY,2000-12-31,2000-12-31,2000-12-31,2021-07-30,0.0,5460036000.0,5615551750.0,,,0.141,21.389,-30824000.0,39191000.0,39191000.0,531603000.0,261939000.0,,0.852,1973215000.0,,,1973215000.0,0.0,143800000.0,34208000.0,0.067,1.64,261939000.0,405739000.0,0.514,405739000.0,261939000.0,261939000.0,1.68,1.66,1.68,2712890000.0,2690226250.0,2712890000.0,5299394279.0,20.0,13.061,332526000.0,2.622,1.0,257943000.0,0.327,0.0,0.0,7394060000.0,7775555500.0,0.0,0.0,,,2311829000.0,,,3139916279.0,20426000.0,-48770000.0,31090000.0,-61031000.0,-207909000.0,-330952000.0,-11972000.0,158351000.0,363350000.0,0.0,261939000.0,212958000.0,212958000.0,-1010000.0,0.0,0.27,21137000.0,236806000.0,74417000.0,0.976,1.157,14.744,14.655,5074435000.0,48981000.0,24.62,3.977,3.955,99360000.0,-77383000.0,789546000.0,789546000.0,0.0,0.038,0.079,0.034,0.332,0.0,21137000.0,1.0,127535186.0,126836000,147441000.0,6.225,5460036000.0,0.0,0.0,51328000.0,43.048,
21,DRE,MRY,1999-12-31,1999-12-31,1999-12-31,2021-07-30,0.0,5486238000.0,4329366750.0,,,0.136,25.443,-501013000.0,18765000.0,18765000.0,376328000.0,182240000.0,,0.893,2113476000.0,,,2113476000.0,0.0,99350000.0,36156000.0,0.075,1.46,182240000.0,281590000.0,0.478,281590000.0,182240000.0,182240000.0,1.33,1.32,1.33,2668596000.0,2190543000.0,2668596000.0,4361206699.0,24.0,15.488,-185378000.0,-1.767,1.0,213266000.0,0.362,0.0,0.0,7580949000.0,5907032250.0,0.0,0.0,,,2383897000.0,,,2441631699.0,11815000.0,0.0,214778000.0,357109000.0,-154069000.0,436449000.0,-740269000.0,-16241000.0,315635000.0,0.0,182240000.0,139636000.0,139636000.0,0.0,0.0,0.237,16556000.0,196710000.0,93164000.0,1.098,0.915,17.486,14.662,5192396000.0,42604000.0,19.5,4.141,3.469,86151000.0,-82432000.0,589594000.0,589594000.0,0.0,0.032,0.064,0.031,0.309,0.0,16556000.0,1.0,125211882.0,104884000,120511000.0,5.621,5486238000.0,0.0,0.0,47604000.0,52.308,
22,DRE,MRY,1998-12-31,1998-12-31,1998-12-31,2021-07-30,0.0,2853653000.0,2583579000.0,,,0.145,19.455,-337047000.0,6950000.0,6950000.0,240179000.0,110704000.0,,0.75,1007317000.0,,,1007317000.0,0.0,61414000.0,18534000.0,0.055,1.28,110704000.0,172118000.0,0.461,172118000.0,110704000.0,110704000.0,1.13,1.12,1.13,1570112000.0,1389722000.0,1570112000.0,2950918006.0,27.0,17.145,-115859000.0,-1.436,1.0,133162000.0,0.357,0.0,0.0,3854020000.0,3511407250.0,0.0,0.0,,,1176812000.0,,,1945906006.0,-3403000.0,0.0,211478000.0,278003000.0,-103223000.0,479223000.0,-703814000.0,-28734000.0,221188000.0,0.0,110704000.0,90871000.0,90871000.0,0.0,0.0,0.243,11573000.0,121589000.0,59848000.0,1.133,1.239,21.414,20.575,2682499000.0,19833000.0,23.25,5.212,5.026,59135000.0,-67999000.0,373341000.0,373341000.0,0.0,0.035,0.065,0.032,0.297,0.0,11573000.0,1.0,83694882.0,80704000,92468000.0,4.626,2853653000.0,0.0,0.0,36075000.0,35.359,
23,DRE,MRY,1997-12-31,1997-12-31,1997-12-31,2021-07-30,0.0,2176214000.0,1768678000.0,,,0.143,18.587,-272944000.0,10353000.0,10353000.0,161187000.0,78484000.0,,0.676,720119000.0,,,720119000.0,0.0,39771000.0,14268000.0,0.046,1.105,78484000.0,118255000.0,0.469,118255000.0,78484000.0,78484000.0,0.99,0.98,0.99,1234681000.0,994806500.0,1234681000.0,,,,-113749000.0,-1.712,1.0,90893000.0,0.361,0.0,0.0,2885980000.0,2383801500.0,0.0,0.0,,,834169000.0,,,1872024219.0,5019000.0,27774000.0,321239000.0,76001000.0,-73183000.0,443148000.0,-597324000.0,0.0,159195000.0,0.0,78484000.0,65999000.0,65999000.0,0.0,0.0,0.262,6530000.0,84363000.0,42128000.0,1.116,1.516,28.364,24.495,2060463000.0,12485000.0,24.25,7.426,6.39,43378000.0,-55647000.0,252080000.0,252080000.0,0.0,0.037,0.066,0.033,0.311,0.0,6530000.0,1.0,77196875.0,66427000,74993000.0,3.795,2176214000.0,0.0,0.0,25203000.0,32.761,
24,DRE,MRY,1996-12-31,1996-12-31,1996-12-31,2021-07-30,0.0,1361142000.0,,,,,13.449,-284430000.0,5334000.0,5334000.0,121321000.0,53431000.0,,0.786,525815000.0,,,525815000.0,0.0,27568000.0,7611000.0,0.051,0.987,53431000.0,80999000.0,0.445,80999000.0,53431000.0,53431000.0,0.91,0.9,0.91,754932000.0,,754932000.0,,,,-189295000.0,-3.372,1.0,60768000.0,0.334,0.0,0.0,1881623000.0,,0.0,0.0,,,593127000.0,,,,-393000.0,12423000.0,130799000.0,46523000.0,-56163000.0,181220000.0,-276748000.0,-1470000.0,95135000.0,0.0,53431000.0,50872000.0,50872000.0,0.0,0.0,0.279,4719000.0,56049000.0,24752000.0,1.085,,,21.154,1287831000.0,2559000.0,19.25,,5.934,29075000.0,-48463000.0,182089000.0,182089000.0,0.0,,,,0.293,0.0,4719000.0,1.0,,56134000,64398000.0,3.244,1361142000.0,0.0,0.0,14888000.0,24.248,
25,DRE,MRY,1995-12-31,1995-12-31,1995-12-31,2021-07-30,,,,,,,,-167028000.0,,,87574000.0,35019000.0,,,,,,,,20416000.0,,0.061,0.96,35019000.0,55435000.0,0.422,55435000.0,35019000.0,35019000.0,0.77,0.77,0.77,,,,,,,-88408000.0,-1.949,1.0,43844000.0,0.334,,0.0,,,,,,,,,,,-34706000.0,0.0,96297000.0,135021000.0,-42838000.0,176243000.0,-289569000.0,-19750000.0,78620000.0,0.0,35019000.0,35019000.0,35019000.0,0.0,0.0,0.266,3536000.0,40308000.0,,1.247,,,20.377,,0.0,15.69,,5.415,,,131418000.0,131418000.0,0.0,,,,0.266,0.0,3536000.0,1.0,,45358000,53802000.0,2.897,,,0.0,,,
0,DRE,MRQ,2021-06-30,2021-06-30,2021-06-30,2021-07-30,-29789000.0,9844160000.0,,,,,14.43,-372972000.0,11054000.0,11054000.0,73949000.0,177656000.0,,0.798,3714152000.0,,,3714152000.0,0.0,77408000.0,59294000.0,0.021,0.255,200561000.0,277969000.0,1.023,277969000.0,200561000.0,179489000.0,0.47,0.47,0.47,5425846000.0,,5425846000.0,21279434534.0,36.0,23.64,-211164000.0,-0.562,1.0,197743000.0,0.728,0.0,21072000.0,13547258000.0,,0.0,435606000.0,,,4329251000.0,,,17755552534.0,30962000.0,7985000.0,156799000.0,194635000.0,-95772000.0,254474000.0,-385320000.0,0.0,161808000.0,0.0,175817000.0,175817000.0,175817000.0,0.0,1839000.0,0.647,6890000.0,190853000.0,128406000.0,0.543,3.272,35.811,35.602,8452513000.0,0.0,47.35,16.3,16.345,226512000.0,-469076000.0,271692000.0,271692000.0,0.0,,,,,0.0,15879000.0,1.0,374985270.0,376020000,381621000.0,0.723,9844160000.0,0.0,3672000.0,80634000.0,26.18,
1,DRE,MRQ,2021-03-31,2021-03-31,2021-03-31,2021-07-30,-30679000.0,9295447000.0,,,,,13.865,-168961000.0,9009000.0,9009000.0,98763000.0,80204000.0,,0.779,3532891000.0,,,3532891000.0,0.0,79062000.0,60150000.0,0.023,0.255,107053000.0,186115000.0,0.643,186115000.0,107053000.0,84546000.0,0.21,0.21,0.21,5180959000.0,,5180959000.0,19003062132.0,42.0,25.102,-18819000.0,-0.05,1.0,190529000.0,0.659,0.0,22507000.0,12819329000.0,,0.0,0.0,,,4036306000.0,,,15672002132.0,-45012000.0,3532000.0,30381000.0,95971000.0,-95310000.0,15126000.0,-210280000.0,0.0,150142000.0,0.0,79362000.0,79362000.0,79362000.0,0.0,842000.0,0.274,99295000.0,91234000.0,88811000.0,1.214,3.025,43.555,43.227,8430337000.0,0.0,41.93,14.839,14.835,206344000.0,-548843000.0,289292000.0,289292000.0,0.0,,,,,0.0,24217000.0,1.0,373765851.0,373667000,377744000.0,0.774,9295447000.0,0.0,5184000.0,80909000.0,24.876,
2,DRE,MRQ,2020-12-31,2020-12-31,2020-12-31,2021-07-30,-31568000.0,9111394000.0,,,,,13.875,-287638000.0,53991000.0,53991000.0,75184000.0,170364000.0,,0.751,3385051000.0,,,3385051000.0,0.0,77464000.0,57153000.0,0.024,0.255,188918000.0,266382000.0,1.0,266382000.0,188918000.0,164870000.0,0.46,0.45,0.46,5162972000.0,,5162972000.0,18006568305.0,46.0,26.272,-160144000.0,-0.43,1.0,191106000.0,0.718,0.0,24048000.0,12442454000.0,,0.0,67946000.0,,,3876946000.0,,,14866888305.0,53825000.0,-50000.0,68091000.0,253356000.0,-94856000.0,225046000.0,-298715000.0,0.0,127494000.0,0.0,168816000.0,168816000.0,168816000.0,0.0,1548000.0,0.634,3702000.0,187404000.0,62332000.0,0.554,2.88,49.57,49.346,8204578000.0,0.0,39.97,14.969,14.892,199730000.0,-532519000.0,266290000.0,266290000.0,0.0,,,,,0.0,15596000.0,1.0,371951171.0,372103000,377351000.0,0.716,9111394000.0,0.0,-3946000.0,76501000.0,24.486,
3,DRE,MRQ,2020-09-30,2020-09-30,2020-09-30,2021-07-30,-32457000.0,8743025000.0,,,,,13.523,-211211000.0,6748000.0,6748000.0,81862000.0,72516000.0,,0.728,3146428000.0,,,3146428000.0,0.0,75772000.0,47292000.0,0.025,0.235,93926000.0,169698000.0,0.648,169698000.0,93926000.0,70867000.0,0.19,0.19,0.19,5018219000.0,,5018219000.0,16719045866.0,54.0,27.878,-33427000.0,-0.09,1.0,180166000.0,0.688,0.0,23059000.0,11882705000.0,,0.0,0.0,,,3654378000.0,,,13673729866.0,-45198000.0,-465000.0,43087000.0,46478000.0,-87300000.0,485000.0,-223467000.0,0.0,177784000.0,0.0,71823000.0,71823000.0,71823000.0,-40000.0,693000.0,0.274,92551000.0,87615000.0,83047000.0,1.237,2.725,62.752,63.621,7936350000.0,0.0,36.9,14.282,14.302,205026000.0,-606182000.0,262028000.0,262028000.0,0.0,,,,,0.0,11439000.0,1.0,370561785.0,371082000,374834000.0,0.706,8743025000.0,0.0,-956000.0,101846000.0,23.561,
4,DRE,MRQ,2020-06-30,2020-06-30,2020-06-30,2021-07-30,-33346000.0,8567009000.0,,,,,13.523,-173281000.0,29870000.0,29870000.0,64726000.0,40220000.0,,0.704,3075186000.0,,,3075186000.0,0.0,72340000.0,45931000.0,0.026,0.235,62511000.0,134851000.0,0.565,134851000.0,62511000.0,39670000.0,0.11,0.11,0.11,4987820000.0,,4987820000.0,15996092678.0,34.0,21.356,-26673000.0,-0.072,1.0,173785000.0,0.729,0.0,22841000.0,11612325000.0,,0.0,0.0,,,3509593000.0,,,13037044678.0,-131887000.0,-2467000.0,71213000.0,-84595000.0,-86569000.0,-103137000.0,-175358000.0,0.0,146608000.0,0.0,39820000.0,39820000.0,39820000.0,-23000.0,400000.0,0.167,99820000.0,73965000.0,111844000.0,2.136,2.614,34.985,35.04,7771520000.0,0.0,35.39,13.918,13.935,208889000.0,-590435000.0,238511000.0,238511000.0,0.0,,,,,0.0,13606000.0,1.0,368382161.0,368836000,372573000.0,0.647,8567009000.0,0.0,-150000.0,79204000.0,23.227,
5,DRE,MRQ,2020-03-31,2020-03-31,2020-03-31,2021-07-30,-34235000.0,8574284000.0,,,,,13.471,-238947000.0,187563000.0,187563000.0,62138000.0,19660000.0,,0.715,3146611000.0,,,3146611000.0,0.0,71582000.0,43074000.0,0.028,0.235,42890000.0,114472000.0,0.506,114472000.0,42890000.0,19396000.0,0.05,0.05,0.05,4959843000.0,,4959843000.0,14729144361.0,29.0,18.768,-124397000.0,-0.338,1.0,164231000.0,0.726,0.0,23494000.0,11533332000.0,,0.0,0.0,,,3547222000.0,,,11926943361.0,69052000.0,-2353000.0,5465000.0,202796000.0,-86562000.0,113183000.0,-158681000.0,0.0,114550000.0,0.0,19456000.0,19456000.0,19456000.0,-48000.0,204000.0,0.086,107313000.0,56918000.0,89635000.0,4.7,2.405,29.531,29.436,7661983000.0,0.0,32.38,12.753,12.748,179960000.0,-543412000.0,226369000.0,226369000.0,0.0,,,,,0.0,21763000.0,1.0,368342908.0,368190000,371870000.0,0.615,8574284000.0,0.0,-60000.0,67421000.0,23.288,
6,DRE,MRQ,2019-12-31,2019-12-31,2019-12-31,2021-07-30,-35036000.0,8420562000.0,,,,,13.649,-312240000.0,112564000.0,112564000.0,63276000.0,87522000.0,,0.666,2914765000.0,,,2914765000.0,0.0,70161000.0,48907000.0,0.025,0.235,110533000.0,180694000.0,0.784,180694000.0,110533000.0,89023000.0,0.23,0.24,0.23,5018115000.0,,5018115000.0,15270784198.0,29.0,19.092,-210429000.0,-0.572,1.0,167199000.0,0.725,0.0,21510000.0,11222763000.0,,0.0,128463000.0,,,3340302000.0,,,12743675198.0,-129101000.0,-4925000.0,50089000.0,157769000.0,-86379000.0,80334000.0,-311246000.0,0.0,101811000.0,0.0,86802000.0,86802000.0,86802000.0,-79000.0,720000.0,0.377,71094000.0,96105000.0,68840000.0,1.022,2.54,29.707,29.381,7451453000.0,0.0,34.67,13.087,12.897,175300000.0,-475992000.0,230475000.0,230475000.0,0.0,,,,,0.0,11766000.0,1.0,367570672.0,367664000,373327000.0,0.627,8420562000.0,0.0,2221000.0,69042000.0,22.903,
7,DRE,MRQ,2019-09-30,2019-09-30,2019-09-30,2021-07-30,-42104000.0,8262954000.0,,,,,13.68,89451000.0,240473000.0,240473000.0,74537000.0,228531000.0,,0.654,2767582000.0,,,2767582000.0,0.0,70383000.0,44167000.0,0.025,0.215,248634000.0,319017000.0,1.322,319017000.0,248634000.0,226030000.0,0.62,0.62,0.62,4957933000.0,,4957933000.0,15108563272.0,30.0,19.595,235746000.0,0.65,1.0,166792000.0,0.691,0.0,22604000.0,10790063000.0,,0.0,151289000.0,,,3241682000.0,,,12278252272.0,233505000.0,2663000.0,180544000.0,-101046000.0,-77773000.0,-625000.0,87835000.0,0.0,146295000.0,0.0,226566000.0,226566000.0,226566000.0,-112000.0,1965000.0,0.939,-77874000.0,244666000.0,70310000.0,0.347,2.476,30.237,30.33,7152469000.0,0.0,33.97,12.107,12.14,168324000.0,-476136000.0,241329000.0,241329000.0,0.0,,,,,0.0,13720000.0,1.0,361443988.0,362416000,367271000.0,0.666,8262954000.0,0.0,-536000.0,85684000.0,22.8,
8,DRE,MRQ,2019-06-30,2019-06-30,2019-06-30,2021-07-30,-28717000.0,8014127000.0,,,,,12.902,-213586000.0,8664000.0,8664000.0,73161000.0,71668000.0,,0.714,2838975000.0,,,2838975000.0,0.0,69455000.0,43136000.0,0.027,0.215,101179000.0,170634000.0,0.72,170634000.0,101179000.0,77669000.0,0.2,0.2,0.2,4640597000.0,,4640597000.0,14173050672.0,43.0,24.021,-70353000.0,-0.196,1.0,163865000.0,0.691,0.0,23510000.0,10844438000.0,,0.0,163022000.0,,,3312006000.0,,,11361521672.0,-5141000.0,512000.0,37636000.0,17337000.0,-77313000.0,-23017000.0,-125357000.0,0.0,143233000.0,0.0,71053000.0,71053000.0,71053000.0,-99000.0,615000.0,0.3,68847000.0,95018000.0,67062000.0,1.075,2.448,48.862,48.631,7148064000.0,0.0,31.61,11.308,11.316,163834000.0,-624674000.0,237026000.0,237026000.0,0.0,,,,,0.0,13420000.0,1.0,359428082.0,359681000,362926000.0,0.659,8014127000.0,0.0,6616000.0,76085000.0,22.281,
9,DRE,MRQ,2019-03-31,2019-03-31,2019-03-31,2021-07-30,-14018000.0,7962480000.0,,,,,12.869,-223739000.0,15295000.0,15295000.0,105696000.0,44923000.0,,0.71,2826824000.0,,,2826824000.0,0.0,62423000.0,45426000.0,0.027,0.215,67068000.0,129491000.0,0.489,129491000.0,67068000.0,44936000.0,0.12,0.12,0.12,4621610000.0,,4621610000.0,13626269105.0,31.0,19.576,-109180000.0,-0.304,1.0,159233000.0,0.601,0.0,22132000.0,10774009000.0,,0.0,239490000.0,,,3281309000.0,,,10985669105.0,-3349000.0,-6474000.0,4492000.0,177035000.0,-77237000.0,88398000.0,-206306000.0,0.0,114559000.0,0.0,44551000.0,44551000.0,44551000.0,-155000.0,372000.0,0.168,101667000.0,57566000.0,76380000.0,1.792,2.377,30.918,30.889,7026939000.0,0.0,30.58,11.23,11.227,153801000.0,-618123000.0,264929000.0,264929000.0,0.0,,,,,0.0,21983000.0,1.0,359243594.0,359139000,362362000.0,0.738,7962480000.0,0.0,385000.0,67460000.0,22.171,
10,DRE,MRQ,2018-12-31,2018-12-31,2018-12-31,2021-07-30,-4676000.0,7804024000.0,,,,,12.991,-249510000.0,17901000.0,17901000.0,113807000.0,64426000.0,,0.664,2658501000.0,,,2658501000.0,0.0,65790000.0,45048000.0,0.031,0.215,86098000.0,151888000.0,0.561,151888000.0,86098000.0,63229000.0,0.18,0.18,0.18,4658201000.0,,4658201000.0,11653644025.0,24.0,15.881,-136752000.0,-0.381,1.0,157050000.0,0.58,0.0,22869000.0,10444624000.0,,0.0,273632000.0,,,3090781000.0,,,9280470025.0,-247284000.0,765000.0,4322000.0,-21113000.0,-77039000.0,-95196000.0,-264846000.0,0.0,112758000.0,0.0,63896000.0,63896000.0,63896000.0,-635000.0,530000.0,0.236,80747000.0,76303000.0,92288000.0,1.194,1.992,24.185,24.206,6852943000.0,0.0,25.9,9.791,9.77,164803000.0,-585087000.0,270857000.0,270857000.0,0.0,,,,,0.0,12777000.0,1.0,358319306.0,358571000,364953000.0,0.755,7804024000.0,0.0,-667000.0,73358000.0,21.764,
11,DRE,MRQ,2018-09-30,2018-09-30,2018-09-30,2021-07-30,0.0,7824810000.0,,,,,13.055,-334953000.0,261002000.0,261002000.0,82513000.0,53523000.0,,0.663,2634176000.0,,,2634176000.0,0.0,64421000.0,38773000.0,0.058,0.2,73590000.0,138011000.0,0.595,138011000.0,73590000.0,52128000.0,0.15,0.15,0.15,4672461000.0,,4672461000.0,12320732624.0,21.0,14.557,-193922000.0,-0.542,1.0,149385000.0,0.644,0.0,21462000.0,10197984000.0,,0.0,330397000.0,,,3099886000.0,,,10135752624.0,30159000.0,1626000.0,29215000.0,281962000.0,-71656000.0,230675000.0,-341547000.0,0.0,141031000.0,0.0,53025000.0,53025000.0,53025000.0,-221000.0,498000.0,0.229,85110000.0,64275000.0,100323000.0,1.333,2.169,19.942,20.121,6586469000.0,0.0,28.37,11.355,11.375,155673000.0,-571617000.0,231898000.0,231898000.0,0.0,,,,,0.0,8959000.0,1.0,357270096.0,357898000,361410000.0,0.648,7824810000.0,0.0,-897000.0,89671000.0,21.863,
12,DRE,MRQ,2018-06-30,2018-06-30,2018-06-30,2021-07-30,0.0,7502818000.0,,,,,13.053,-50247000.0,232449000.0,232449000.0,62826000.0,195671000.0,,0.599,2417429000.0,,,2417429000.0,0.0,62095000.0,41562000.0,0.056,0.2,214583000.0,276678000.0,1.314,276678000.0,214583000.0,193908000.0,0.54,0.54,0.54,4660492000.0,,4660492000.0,12640983964.0,18.0,13.308,67209000.0,0.188,1.0,147732000.0,0.702,0.0,20675000.0,9687798000.0,,0.0,276766000.0,,,2793848000.0,,,10364584964.0,14279000.0,5418000.0,670000.0,-81912000.0,-71409000.0,-153476000.0,50299000.0,0.0,117456000.0,0.0,193845000.0,193845000.0,193845000.0,-2920000.0,1826000.0,0.921,-59499000.0,207231000.0,93515000.0,0.37,2.224,16.704,16.878,6366076000.0,0.0,29.03,12.114,12.115,129919000.0,-552685000.0,210558000.0,210558000.0,0.0,,,,,0.0,13459000.0,1.0,357030140.0,357054000,362741000.0,0.59,7502818000.0,0.0,63000.0,75768000.0,21.013,
13,DRE,MRQ,2018-03-31,2018-03-31,2018-03-31,2021-07-30,0.0,7427674000.0,,,,,12.708,-77125000.0,220057000.0,220057000.0,91468000.0,73648000.0,,0.628,2496456000.0,,,2496456000.0,0.0,63944000.0,44610000.0,0.062,0.2,103292000.0,167236000.0,0.713,167236000.0,103292000.0,83292000.0,0.2,0.2,0.2,4533505000.0,,4533505000.0,11692008423.0,7.0,5.936,36037000.0,0.101,1.0,143089000.0,0.61,0.0,20000000.0,9704073000.0,,0.0,408529000.0,,,2846490000.0,,,9453084423.0,34736000.0,9404000.0,706000.0,39551000.0,-71398000.0,-40090000.0,-38336000.0,0.0,113162000.0,0.0,72963000.0,72963000.0,72963000.0,-124000.0,685000.0,0.311,51986000.0,91103000.0,53339000.0,1.0,2.085,5.774,5.782,6192808000.0,0.0,26.48,11.329,11.321,135897000.0,-674920000.0,234557000.0,234557000.0,0.0,,,,,0.0,21023000.0,1.0,356989593.0,356740000,360400000.0,0.658,7427674000.0,0.0,10329000.0,71234000.0,20.821,
14,DRE,MRQ,2017-12-31,2017-12-31,2017-12-31,2021-07-30,0.0,7388196000.0,,,,,12.725,-384537000.0,183967000.0,183967000.0,78732000.0,190166000.0,,0.621,2422891000.0,,,2422891000.0,0.0,62688000.0,39109000.0,0.06,1.05,201746000.0,264434000.0,1.226,264434000.0,201746000.0,180144000.0,0.52,0.53,0.52,4532844000.0,,4532844000.0,11282637528.0,7.0,5.746,-296206000.0,-0.832,1.0,136887000.0,0.635,0.0,21602000.0,9627120000.0,,0.0,444207000.0,,,2813818000.0,,,9690592528.0,-372682000.0,9301000.0,6074000.0,304540000.0,-374062000.0,-75916000.0,-385097000.0,0.0,88331000.0,0.0,188419000.0,188419000.0,188419000.0,-127468000.0,1747000.0,0.874,71173000.0,65714000.0,54545000.0,2.019,2.138,5.929,5.941,6154543000.0,0.0,27.21,12.409,12.396,125912000.0,-676036000.0,215619000.0,215619000.0,0.0,,,,,0.0,13779000.0,1.0,356140850.0,356206000,362203000.0,0.605,7388196000.0,0.0,-8275000.0,67374000.0,20.741,
15,DRE,MRQ,2017-09-30,2017-09-30,2017-09-30,2021-07-30,0.0,7297471000.0,,,,,13.235,-283453000.0,539835000.0,539835000.0,68460000.0,165627000.0,,0.54,2131880000.0,,,2131880000.0,0.0,55035000.0,36285000.0,0.026,0.19,186463000.0,241498000.0,1.24,241498000.0,186463000.0,165628000.0,0.46,0.46,0.46,4710384000.0,,4710384000.0,11616871076.0,7.0,6.323,-152916000.0,-0.43,1.0,126368000.0,0.649,0.0,20835000.0,8889516000.0,,0.0,490282000.0,,,2544096000.0,,,10252197076.0,-401659000.0,-4186000.0,3162000.0,-140884000.0,-67639000.0,-218343000.0,-313853000.0,0.0,130537000.0,0.0,165269000.0,165269000.0,165269000.0,-123618000.0,358000.0,0.848,54842000.0,71526000.0,70432000.0,0.413,2.177,6.863,6.862,5676390000.0,0.0,28.82,13.734,13.741,121993000.0,-488328000.0,194828000.0,194828000.0,0.0,,,,,0.0,10075000.0,1.0,355732029.0,355905000,362102000.0,0.547,7297471000.0,0.0,359000.0,83152000.0,20.504,
16,DRE,MRQ,2017-06-30,2017-06-30,2017-06-30,2021-07-30,0.0,7317569000.0,,,,,12.974,1547630000.0,915454000.0,915454000.0,63782000.0,1227767000.0,,0.575,2280128000.0,,,2280128000.0,0.0,58711000.0,38195000.0,0.027,0.19,1237649000.0,1296360000.0,6.844,1296360000.0,1237649000.0,1215969000.0,3.4,3.38,3.4,4614149000.0,,4614149000.0,13005702912.0,8.0,7.227,1669258000.0,4.694,1.0,125630000.0,0.663,0.0,21680000.0,8682243000.0,,0.0,637600000.0,,,2654113000.0,,,9938829912.0,888392000.0,104957000.0,2904000.0,-831477000.0,-67577000.0,-896964000.0,1663728000.0,0.0,121628000.0,0.0,1210543000.0,1210543000.0,1210543000.0,-1108573000.0,17224000.0,6.391,43969000.0,81661000.0,73749000.0,0.056,2.154,6.9,6.884,5169529000.0,0.0,27.95,13.553,13.556,119678000.0,-585592000.0,189412000.0,189412000.0,0.0,,,,,0.0,11858000.0,1.0,355593199.0,355647000,361981000.0,0.533,7317569000.0,0.0,5426000.0,65551000.0,20.575,
17,DRE,MRQ,2017-03-31,2017-03-31,2017-03-31,2021-07-30,426000.0,6958510000.0,,,,,9.759,-184843000.0,13389000.0,13389000.0,50372000.0,70781000.0,,0.998,3080262000.0,,,3080262000.0,0.0,66172000.0,43385000.0,0.028,0.19,96494000.0,162666000.0,0.898,162666000.0,96494000.0,72332000.0,0.2,0.2,0.2,3467201000.0,,3467201000.0,12236335022.0,27.0,17.328,-75135000.0,-0.211,1.0,130703000.0,0.722,0.0,24162000.0,10025383000.0,,0.0,81563000.0,,,3460630000.0,,,9340497022.0,22539000.0,4561000.0,786000.0,177960000.0,-67554000.0,101697000.0,-188866000.0,0.0,109708000.0,0.0,70200000.0,70200000.0,70200000.0,-5366000.0,581000.0,0.388,44301000.0,86402000.0,67004000.0,0.95,2.694,27.55,27.082,6117932000.0,0.0,26.27,12.833,12.823,140173000.0,-1728170000.0,181075000.0,181075000.0,0.0,,,,,0.0,19232000.0,1.0,355557557.0,355282000,360700000.0,0.51,6958510000.0,0.0,2132000.0,69823000.0,19.586,
18,DRE,MRQ,2016-12-31,2016-12-31,2016-12-31,2021-07-30,682000.0,6772002000.0,,,,,9.77,-120330000.0,52741000.0,52741000.0,63026000.0,48180000.0,,0.946,2908477000.0,,,2908477000.0,0.0,63865000.0,33100000.0,0.027,0.19,72841000.0,136706000.0,0.755,136706000.0,72841000.0,47339000.0,0.14,0.13,0.14,3465818000.0,,3465818000.0,12301499254.0,29.0,18.098,-17743000.0,-0.05,1.0,118120000.0,0.652,0.0,25502000.0,9627738000.0,,0.0,1349718000.0,,,3278709000.0,,,9420659254.0,-92598000.0,68137000.0,2745000.0,-95461000.0,-67394000.0,-160994000.0,-34191000.0,2339000.0,102587000.0,0.0,47755000.0,47755000.0,47755000.0,-7310000.0,425000.0,0.264,44598000.0,73522000.0,44250000.0,1.357,2.718,30.181,29.843,4840748000.0,0.0,26.56,12.896,12.723,104551000.0,-1730423000.0,181146000.0,181146000.0,0.0,,,,,0.0,13173000.0,1.0,354693496.0,354745000,362089000.0,0.511,6772002000.0,0.0,-416000.0,59112000.0,19.09,
19,DRE,MRQ,2016-09-30,2016-09-30,2016-09-30,2021-07-30,938000.0,6862081000.0,,,,,9.895,40017000.0,110211000.0,110211000.0,60116000.0,113159000.0,,0.963,2991051000.0,,,2991051000.0,0.0,64960000.0,41292000.0,0.034,0.18,138938000.0,203898000.0,1.122,203898000.0,138938000.0,111655000.0,0.32,0.32,0.32,3481643000.0,,3481643000.0,12692283502.0,33.0,19.833,196246000.0,0.558,1.0,121557000.0,0.669,0.0,27283000.0,9742921000.0,,0.0,18184000.0,,,3353159000.0,,,9586202502.0,18511000.0,0.0,117669000.0,-213702000.0,-63234000.0,-160521000.0,22803000.0,12288000.0,156229000.0,0.0,112014000.0,112014000.0,112014000.0,-4568000.0,1145000.0,0.617,-5479000.0,127036000.0,51339000.0,0.562,2.753,33.212,33.741,6000523000.0,0.0,27.33,14.638,14.684,153302000.0,-1710215000.0,181673000.0,181673000.0,0.0,,,,,0.0,12534000.0,1.0,350757501.0,351856000,358981000.0,0.516,6862081000.0,0.0,-359000.0,93722000.0,19.503,
20,DRE,MRQ,2016-06-30,2016-06-30,2016-06-30,2021-07-30,1216000.0,6865025000.0,,,,,9.539,-19476000.0,91700000.0,91700000.0,64144000.0,110183000.0,,1.063,3197781000.0,,,3197781000.0,0.0,64474000.0,41607000.0,0.034,0.18,138421000.0,202895000.0,1.103,202895000.0,138421000.0,108910000.0,0.31,0.31,0.31,3314389000.0,,3314389000.0,12588304449.0,35.0,20.492,105854000.0,0.305,1.0,119810000.0,0.651,0.0,29511000.0,9971106000.0,,0.0,3462000.0,,,3524816000.0,,,9222884449.0,76060000.0,0.0,99296000.0,-182736000.0,-62389000.0,-153366000.0,104096000.0,-20842000.0,125330000.0,0.0,109067000.0,109067000.0,109067000.0,-2530000.0,1116000.0,0.593,39186000.0,80624000.0,46100000.0,0.581,2.783,36.445,37.549,6044417000.0,0.0,26.66,13.031,13.088,154972000.0,-1758547000.0,183954000.0,183954000.0,0.0,,,,,0.0,11584000.0,1.0,345944653.0,347464000,354433000.0,0.529,6865025000.0,0.0,-157000.0,78117000.0,19.758,
21,DRE,MRQ,2016-03-31,2016-03-31,2016-03-31,2021-07-30,1511000.0,6896960000.0,,,,,9.158,-92413000.0,15640000.0,15640000.0,79825000.0,43756000.0,,1.171,3381060000.0,,,3381060000.0,0.0,62120000.0,36534000.0,0.04,0.18,81380000.0,143500000.0,0.638,143500000.0,81380000.0,43650000.0,0.12,0.12,0.12,3165431000.0,,3165431000.0,11115823781.0,16.0,11.54,-19542000.0,-0.057,1.0,145129000.0,0.645,0.0,37730000.0,10262380000.0,,0.0,64161000.0,,,3706843000.0,,,7796617781.0,-6893000.0,0.0,548000.0,51351000.0,-62262000.0,-17155000.0,-62609000.0,6215000.0,72871000.0,0.0,43307000.0,43307000.0,43307000.0,-151000.0,449000.0,0.193,87831000.0,57298000.0,55121000.0,1.5,2.463,13.139,13.259,5941591000.0,0.0,22.54,10.4,10.393,155294000.0,-1804765000.0,224954000.0,224954000.0,0.0,,,,,0.0,18098000.0,1.0,345901410.0,345665000,349674000.0,0.651,6896960000.0,0.0,343000.0,71197000.0,19.953,
22,DRE,MRQ,2015-12-31,2015-12-31,2015-12-31,2021-07-30,1806000.0,6895515000.0,,,,,9.216,-23964000.0,22533000.0,22533000.0,27259000.0,24519000.0,,1.16,3320141000.0,,,3320141000.0,0.0,61548000.0,40506000.0,0.042,0.38,28115000.0,89663000.0,1.394,89663000.0,28115000.0,24433000.0,0.06,0.07,0.06,3181932000.0,,3181932000.0,10527602322.0,14.0,10.493,84469000.0,0.245,1.0,37048000.0,0.576,0.0,3682000.0,10193123000.0,,0.0,45801000.0,,,3690714000.0,,,7257456322.0,-153341000.0,-3422000.0,-62000.0,-95629000.0,-131202000.0,-235664000.0,-26110000.0,-13895000.0,108433000.0,0.0,24252000.0,24252000.0,24252000.0,-8447000.0,267000.0,0.377,-5491000.0,42539000.0,54921000.0,6.333,2.281,11.795,11.876,5912672000.0,0.0,21.02,9.161,9.156,152086000.0,-1785250000.0,64307000.0,64307000.0,0.0,,,,,0.0,10983000.0,1.0,345264335.0,345270000,352749000.0,0.186,6895515000.0,0.0,181000.0,71617000.0,19.971,
23,DRE,MRQ,2015-09-30,2015-09-30,2015-09-30,2021-07-30,2066000.0,7139909000.0,,,,,9.521,79760000.0,175874000.0,175874000.0,87533000.0,77208000.0,,1.165,3446020000.0,,,3446020000.0,0.0,63511000.0,39830000.0,0.036,0.17,114744000.0,178255000.0,0.76,178255000.0,114744000.0,73129000.0,0.22,0.22,0.22,3287265000.0,,3287265000.0,10017544648.0,13.0,9.572,182326000.0,0.528,1.0,147004000.0,0.627,0.0,41615000.0,10410055000.0,,0.0,8920000.0,,,3828466000.0,,,6577055648.0,155620000.0,0.0,-164000.0,-16942000.0,-58693000.0,-75808000.0,128862000.0,-2901000.0,102566000.0,0.0,76434000.0,76434000.0,76434000.0,-68000.0,774000.0,0.326,22213000.0,124791000.0,66709000.0,0.773,2.001,11.185,11.272,5977284000.0,0.0,19.05,6.752,6.752,162446000.0,-1677314000.0,234537000.0,234537000.0,0.0,,,,,0.0,11340000.0,1.0,345252265.0,345256000,352150000.0,0.679,7139909000.0,0.0,-3305000.0,91252000.0,20.68,
24,DRE,MRQ,2015-06-30,2015-06-30,2015-06-30,2021-07-30,2340000.0,7114521000.0,,,,,9.459,1094046000.0,20254000.0,20254000.0,79579000.0,454165000.0,,1.171,3460743000.0,,,3460743000.0,0.0,61789000.0,36480000.0,0.037,0.17,490068000.0,551857000.0,2.443,551857000.0,490068000.0,447092000.0,1.3,1.3,1.3,3264441000.0,,3264441000.0,10834113499.0,14.0,10.236,1227020000.0,3.556,1.0,146318000.0,0.648,0.0,42976000.0,10555010000.0,,0.0,72384000.0,,,3822678000.0,,,6407551499.0,2448000.0,0.0,-126000.0,-1112204000.0,-58667000.0,-1171685000.0,1041159000.0,64321000.0,132974000.0,0.0,449380000.0,449380000.0,449380000.0,-396170000.0,4785000.0,1.989,-19825000.0,166143000.0,63396000.0,0.131,1.963,11.18,11.255,5998691000.0,0.0,18.57,6.398,6.399,148433000.0,-1694574000.0,225897000.0,225897000.0,0.0,,,,,0.0,19238000.0,1.0,345048546.0,345098000,349161000.0,0.655,7114521000.0,0.0,-2288000.0,73556000.0,20.616,
25,DRE,MRQ,2015-03-31,2015-03-31,2015-03-31,2021-07-30,2739000.0,7730504000.0,,,,,8.339,24752000.0,17806000.0,17806000.0,113926000.0,65969000.0,,1.683,4444368000.0,,,4444368000.0,0.0,66835000.0,38063000.0,0.031,0.17,116338000.0,183173000.0,0.685,183173000.0,116338000.0,66728000.0,0.19,0.19,0.19,2873698000.0,,2873698000.0,11940605535.0,25.0,15.582,67430000.0,0.196,1.0,153509000.0,0.574,0.0,49610000.0,12157066000.0,,0.0,840018000.0,,,4836321000.0,,,7505124535.0,-116000.0,0.0,4882000.0,34359000.0,-58607000.0,-20182000.0,-22612000.0,-47525000.0,42678000.0,0.0,65244000.0,65244000.0,65244000.0,-28553000.0,725000.0,0.244,71555000.0,81954000.0,46723000.0,0.895,2.612,29.847,29.822,6033325000.0,0.0,21.77,7.149,7.146,184456000.0,-2084810000.0,267435000.0,267435000.0,0.0,,,,,0.0,17004000.0,1.0,344746189.0,344597000,348653000.0,0.776,7730504000.0,0.0,1484000.0,70130000.0,22.433,
26,DRE,MRQ,2014-12-31,2014-12-31,2014-12-31,2021-07-30,3026000.0,7754839000.0,,,,,8.341,-45750000.0,17922000.0,17922000.0,96220000.0,12800000.0,,1.704,4412639000.0,,,4412639000.0,0.0,73316000.0,44142000.0,0.034,0.17,59935000.0,133251000.0,0.541,133251000.0,59935000.0,9377000.0,-0.02,-0.02,-0.02,2860325000.0,,2860325000.0,11045046082.0,25.0,15.147,77738000.0,0.227,1.0,150066000.0,0.609,0.0,50558000.0,12149556000.0,,0.0,725051000.0,,,4874959000.0,,,6902631082.0,-48210000.0,0.0,33160000.0,253377000.0,-58310000.0,-124880000.0,-46818000.0,15997000.0,123488000.0,0.0,12816000.0,-3011000.0,-3011000.0,-4401000.0,-16000.0,-0.012,106478000.0,43588000.0,69470000.0,-8.5,2.413,33.689,33.667,6203592000.0,15827000.0,20.2,6.594,6.479,172049000.0,-2090942000.0,246286000.0,246286000.0,0.0,,,,,0.0,13730000.0,1.0,341714410.0,342929000,347613000.0,0.718,7754839000.0,0.0,-3439000.0,76308000.0,22.614,
27,DRE,MRQ,2014-09-30,2014-09-30,2014-09-30,2021-07-30,3313000.0,7884195000.0,,,,,9.386,-45075000.0,66132000.0,66132000.0,111858000.0,71557000.0,,1.454,4208547000.0,,,4208547000.0,0.0,72345000.0,48392000.0,0.04,0.17,117780000.0,190125000.0,0.726,190125000.0,117780000.0,70359000.0,0.18,0.18,0.18,3202207000.0,,3202207000.0,9973824174.0,20.0,12.786,71894000.0,0.211,1.0,149948000.0,0.573,0.0,47421000.0,12026610000.0,,0.0,35414000.0,,,4654985000.0,,,5861164174.0,44907000.0,0.0,64855000.0,55226000.0,-57998000.0,-41631000.0,-30431000.0,28052000.0,116969000.0,0.0,70801000.0,61533000.0,61533000.0,-3396000.0,756000.0,0.235,54232000.0,95716000.0,93080000.0,0.944,1.83,21.123,20.452,6896127000.0,9268000.0,17.18,6.096,6.096,194071000.0,-2029080000.0,261806000.0,261806000.0,0.0,,,,,0.0,10573000.0,1.0,341162059.0,341165000,345826000.0,0.767,7884195000.0,0.0,-442000.0,103573000.0,23.11,
28,DRE,MRQ,2014-06-30,2014-06-30,2014-06-30,2021-07-30,3600000.0,7862504000.0,,,,,9.721,-81019000.0,21225000.0,21225000.0,124730000.0,136527000.0,,1.43,4133885000.0,,,4133885000.0,0.0,73225000.0,49080000.0,0.037,0.17,186546000.0,259771000.0,0.947,259771000.0,186546000.0,135098000.0,0.38,0.38,0.38,3224894000.0,,3224894000.0,10287262832.0,24.0,14.365,63874000.0,0.193,1.0,149562000.0,0.545,0.0,51448000.0,11975164000.0,,0.0,29780000.0,,,4610644000.0,,,5983526832.0,1751000.0,0.0,167324000.0,-183915000.0,-56323000.0,-88266000.0,-54876000.0,34002000.0,144893000.0,0.0,134734000.0,127688000.0,127688000.0,-7776000.0,1793000.0,0.466,29168000.0,120394000.0,101792000.0,0.447,1.855,28.51,28.375,6884965000.0,7046000.0,18.16,6.08,6.122,200299000.0,-2031957000.0,274292000.0,274292000.0,0.0,,,,,0.0,10365000.0,1.0,329489363.0,331753000,336414000.0,0.827,7862504000.0,0.0,364000.0,84634000.0,23.7,
29,DRE,MRQ,2014-03-31,2014-03-31,2014-03-31,2021-07-30,3832000.0,7767363000.0,,,,,9.128,-73865000.0,19474000.0,19474000.0,118515000.0,25571000.0,,1.591,4323210000.0,,,4323210000.0,0.0,71393000.0,50264000.0,0.04,0.17,77172000.0,148565000.0,0.562,148565000.0,77172000.0,27911000.0,0.06,0.06,0.06,2985712000.0,,2985712000.0,9755487214.0,27.0,14.939,-14728000.0,-0.045,1.0,145951000.0,0.552,0.0,49261000.0,12071099000.0,,0.0,34826000.0,,,4750701000.0,,,5520386214.0,199000.0,0.0,23783000.0,73647000.0,-55596000.0,15968000.0,-74906000.0,2126000.0,59137000.0,0.0,25237000.0,18683000.0,18683000.0,-18100000.0,334000.0,0.071,89203000.0,56748000.0,72695000.0,2.833,1.849,38.42,37.511,6828050000.0,6554000.0,16.88,5.656,5.658,188882000.0,-2100245000.0,264466000.0,264466000.0,0.0,,,,,0.0,14694000.0,1.0,327037098.0,327106000,331716000.0,0.809,7767363000.0,0.0,2674000.0,77169000.0,23.746,
30,DRE,MRQ,2013-12-31,2013-12-31,2013-12-31,2021-07-30,4119000.0,7752614000.0,,,,,9.24,151762000.0,19275000.0,19275000.0,67900000.0,81257000.0,,1.562,4254376000.0,,,4254376000.0,0.0,74465000.0,44550000.0,0.045,0.17,107158000.0,181623000.0,1.129,181623000.0,107158000.0,76349000.0,0.22,0.22,0.22,3013243000.0,,3013243000.0,9310987443.0,24.0,13.768,269814000.0,0.827,1.0,93014000.0,0.578,0.0,30809000.0,11987715000.0,,0.0,57466000.0,,,4707985000.0,,,4899888443.0,-4837000.0,0.0,17159000.0,-176249000.0,-55486000.0,-230577000.0,107688000.0,-19909000.0,118052000.0,0.0,76929000.0,69574000.0,69574000.0,-34450000.0,4328000.0,0.432,10300000.0,82714000.0,69380000.0,0.773,1.626,32.016,32.0,6791221000.0,7355000.0,15.04,5.058,5.001,163633000.0,-2062787000.0,160914000.0,160914000.0,0.0,,,,,0.0,9448000.0,1.0,325790455.0,326102000,330708000.0,0.493,7752614000.0,0.0,-580000.0,74696000.0,23.774,
31,DRE,MRQ,2013-09-30,2013-09-30,2013-09-30,2021-07-30,3780000.0,7886839000.0,,,,,9.171,-93358000.0,24112000.0,24112000.0,129984000.0,1337000.0,,1.636,4435211000.0,,,4435211000.0,0.0,72765000.0,45702000.0,0.044,0.17,53407000.0,126172000.0,0.444,126172000.0,53407000.0,-3211000.0,-0.02,-0.02,-0.02,2979641000.0,,2979641000.0,9393918720.0,30.0,15.783,26061000.0,0.08,1.0,154478000.0,0.543,0.0,56618000.0,12297938000.0,,0.0,57790000.0,,,4873895000.0,,,5018543720.0,2710000.0,0.0,30604000.0,34453000.0,-55257000.0,1244000.0,-117953000.0,-8630000.0,119419000.0,0.0,1289000.0,-6067000.0,-6067000.0,-9939000.0,48000.0,-0.021,110354000.0,44124000.0,78376000.0,-8.5,1.684,99.521,110.286,6885964000.0,7356000.0,15.44,4.826,4.824,173297000.0,-2076299000.0,284462000.0,284462000.0,0.0,,,,,0.0,10373000.0,1.0,325035215.0,324895000,324895000.0,0.876,7886839000.0,0.0,-4500000.0,104144000.0,24.275,
32,DRE,MRQ,2013-06-30,2013-06-30,2013-06-30,2021-07-30,3950000.0,7883902000.0,,,,,9.329,-260171000.0,21402000.0,21402000.0,112192000.0,69832000.0,,1.609,4396777000.0,,,4396777000.0,0.0,70805000.0,42755000.0,0.044,0.17,125868000.0,196673000.0,0.739,196673000.0,125868000.0,68849000.0,0.19,0.19,0.19,3008365000.0,,3008365000.0,9102050084.0,30.0,15.787,-135400000.0,-0.42,1.0,153909000.0,0.578,0.0,57019000.0,12259277000.0,,0.0,57046000.0,,,4841436000.0,,,5014820084.0,-285765000.0,0.0,27242000.0,-93999000.0,-54876000.0,-132747000.0,-277789000.0,-8414000.0,124771000.0,0.0,68849000.0,61494000.0,61494000.0,-83785000.0,983000.0,0.231,110432000.0,43477000.0,87730000.0,0.895,1.667,177.428,311.8,6891125000.0,7355000.0,15.59,4.782,4.794,175336000.0,-2014399000.0,266101000.0,266101000.0,0.0,,,,,0.0,9707000.0,1.0,321669024.0,322489000,327098000.0,0.825,7883902000.0,0.0,0.0,86528000.0,24.447,
33,DRE,MRQ,2013-03-31,2013-03-31,2013-03-31,2021-07-30,3228000.0,7802099000.0,,,,,9.432,-99516000.0,307167000.0,307167000.0,106242000.0,44123000.0,,1.615,4394397000.0,,,4394397000.0,0.0,70548000.0,43665000.0,0.04,0.17,100706000.0,171254000.0,0.666,171254000.0,100706000.0,43525000.0,0.09,0.09,0.09,2970577000.0,,2970577000.0,9874173484.0,46.0,20.348,-26082000.0,-0.083,1.0,151041000.0,0.587,0.0,57181000.0,11889329000.0,,0.0,105505000.0,,,4797518000.0,,,5461892484.0,273278000.0,0.0,574685000.0,-96305000.0,-54678000.0,231172000.0,-31328000.0,84391000.0,73434000.0,0.0,43525000.0,28043000.0,28043000.0,-8325000.0,598000.0,0.109,108236000.0,42805000.0,81044000.0,1.889,1.839,-88.506,-67.92,6528076000.0,15482000.0,16.98,5.235,5.125,170097000.0,-2020455000.0,257283000.0,257283000.0,0.0,,,,,0.0,13145000.0,1.0,321666224.0,314936000,319571000.0,0.817,7802099000.0,0.0,0.0,78524000.0,24.774,
34,DRE,MRQ,2012-12-31,2012-12-31,2012-12-31,2021-07-30,2691000.0,7560101000.0,,,,,9.384,-452264000.0,33889000.0,33889000.0,103116000.0,-22481000.0,,1.904,4446170000.0,,,4446170000.0,0.0,69346000.0,42731000.0,0.049,0.17,31730000.0,101076000.0,0.436,101076000.0,31730000.0,-21961000.0,-0.12,-0.12,-0.12,2591414000.0,,2591414000.0,7841596796.0,50.0,18.753,-354643000.0,-1.284,1.0,128886000.0,0.556,0.0,53691000.0,11972382000.0,,0.0,30937000.0,,,4933983000.0,,,3814603796.0,-79263000.0,0.0,78994000.0,269784000.0,-46809000.0,285579000.0,-462463000.0,-8984000.0,97621000.0,0.0,-21961000.0,-33043000.0,-33043000.0,-3271000.0,-520000.0,-0.142,100056000.0,28830000.0,84679000.0,-1.417,1.472,-30.24,-28.896,6607953000.0,11082000.0,13.87,3.65,3.555,182340000.0,-1993206000.0,232002000.0,232002000.0,0.0,,,,,0.0,14057000.0,1.0,275025508.0,276141000,276141000.0,0.84,7560101000.0,0.0,0.0,74565000.0,27.378,
35,DRE,MRQ,2012-09-30,2012-09-30,2012-09-30,2021-07-30,2177000.0,7190117000.0,,,,,9.578,-167683000.0,113152000.0,113152000.0,152209000.0,-17549000.0,,1.763,4140145000.0,,,4140145000.0,0.0,65997000.0,40248000.0,0.046,0.17,41560000.0,107557000.0,0.367,107557000.0,41560000.0,-17252000.0,-0.11,-0.11,-0.11,2588903000.0,,2588903000.0,7894588223.0,34.0,16.255,-106593000.0,-0.394,1.0,141049000.0,0.481,0.0,58812000.0,11217110000.0,,0.0,0.0,,,4565076000.0,,,3964510223.0,6587000.0,0.0,85043000.0,103870000.0,-45864000.0,121142000.0,-175645000.0,2059000.0,61090000.0,0.0,-17149000.0,-28230000.0,-28230000.0,362000.0,-400000.0,-0.096,101003000.0,40046000.0,80934000.0,-1.545,1.531,-82.359,-77.368,6209222000.0,11081000.0,14.7,3.728,3.736,183166000.0,-1912802000.0,293258000.0,293258000.0,0.0,,,,,0.0,8934000.0,1.0,269694573.0,270289000,270289000.0,1.085,7190117000.0,0.0,-103000.0,102646000.0,26.602,
36,DRE,MRQ,2012-06-30,2012-06-30,2012-06-30,2021-07-30,1767000.0,7068090000.0,,,,,9.675,-175631000.0,106565000.0,106565000.0,118238000.0,-17728000.0,,1.724,4036643000.0,,,4036643000.0,0.0,63622000.0,42078000.0,0.046,0.17,41746000.0,105368000.0,0.404,105368000.0,41746000.0,-17400000.0,-0.11,-0.11,-0.11,2580738000.0,,2580738000.0,7702913377.0,34.0,15.826,-60528000.0,-0.227,1.0,142582000.0,0.547,0.0,59146000.0,10998168000.0,,0.0,11733000.0,,,4448712000.0,,,3900783377.0,91825000.0,0.0,4289000.0,220434000.0,-45297000.0,168655000.0,-191933000.0,-12910000.0,115103000.0,0.0,-17400000.0,-28482000.0,-28482000.0,-2006000.0,-328000.0,-0.109,102506000.0,40076000.0,60931000.0,-1.545,1.511,-75.04,-69.714,6116817000.0,11082000.0,14.64,3.604,3.608,164842000.0,-1833088000.0,260820000.0,260820000.0,0.0,,,,,0.0,11594000.0,1.0,266446952.0,266748000,266748000.0,0.978,7068090000.0,0.0,0.0,85779000.0,26.497,
37,DRE,MRQ,2012-03-31,2012-03-31,2012-03-31,2021-07-30,1506000.0,6872405000.0,,,,,10.263,-125414000.0,14740000.0,14740000.0,127528000.0,-18110000.0,,1.579,3816870000.0,,,3816870000.0,0.0,63860000.0,46383000.0,0.047,0.17,41832000.0,105692000.0,0.398,105692000.0,41832000.0,-17467000.0,-0.14,-0.14,-0.14,2651634000.0,,2651634000.0,7310474416.0,32.0,14.893,-100071000.0,-0.387,1.0,138133000.0,0.52,0.0,59299000.0,10674535000.0,,0.0,19395000.0,,,4186935000.0,,,3714694416.0,-199069000.0,0.0,146969000.0,-10906000.0,-43922000.0,-86837000.0,-137575000.0,-3521000.0,25343000.0,0.0,-17467000.0,-36390000.0,-36390000.0,-4750000.0,-643000.0,-0.137,102769000.0,35364000.0,51309000.0,-1.214,1.401,-70.698,-65.182,5991350000.0,18923000.0,14.34,3.267,3.259,168417000.0,-1758467000.0,265661000.0,265661000.0,0.0,,,,,0.0,11839000.0,1.0,259044241.0,258365000,258365000.0,1.028,6872405000.0,0.0,0.0,76263000.0,26.6,
38,DRE,MRQ,2011-12-31,2011-12-31,2011-12-31,2021-07-30,987000.0,7004437000.0,,,,,10.733,627445000.0,213809000.0,213809000.0,138593000.0,60247000.0,,1.556,3809589000.0,,,3809589000.0,0.0,63088000.0,38355000.0,0.056,0.17,103976000.0,167064000.0,0.686,167064000.0,103976000.0,58971000.0,0.17,0.17,0.17,2714686000.0,,2714686000.0,7303847702.0,24.0,12.828,719898000.0,2.846,1.0,105076000.0,0.431,0.0,45005000.0,10600217000.0,,0.0,55580000.0,,,4224779000.0,,,3047706702.0,197627000.0,28362000.0,0.0,-456270000.0,-42997000.0,-520435000.0,625609000.0,-30084000.0,92453000.0,0.0,58971000.0,44965000.0,44965000.0,-92223000.0,1276000.0,0.185,91174000.0,13902000.0,55775000.0,1.0,1.123,97.011,109.545,5892768000.0,14006000.0,12.05,2.523,2.521,168402000.0,-1677328000.0,243669000.0,243669000.0,0.0,,,,,0.0,13876000.0,1.0,252921718.0,252922000,280538000.0,0.963,7004437000.0,0.0,0.0,69272000.0,27.694,
39,DRE,MRQ,2011-09-30,2011-09-30,2011-09-30,2021-07-30,493000.0,7504661000.0,,,,,10.719,-154095000.0,16182000.0,16182000.0,182007000.0,-14869000.0,,1.745,4272323000.0,,,4272323000.0,0.0,68325000.0,59551000.0,0.065,0.17,40290000.0,108615000.0,0.348,108615000.0,40290000.0,-14238000.0,-0.13,-0.13,-0.13,2709829000.0,,2709829000.0,6648146277.0,28.0,13.091,-53303000.0,-0.211,1.0,130282000.0,0.417,0.0,54528000.0,11760802000.0,,0.0,21992000.0,,,4729718000.0,,,2654264277.0,-101463000.0,-11445000.0,0.0,146122000.0,-42974000.0,-21923000.0,-180332000.0,0.0,100792000.0,0.0,-14044000.0,-32076000.0,-32076000.0,-566000.0,-825000.0,-0.103,94317000.0,35965000.0,66786000.0,-1.308,0.979,-652.795,-525.0,6528085000.0,18032000.0,10.5,2.428,2.428,206842000.0,-1678484000.0,312289000.0,312289000.0,0.0,,,,,0.0,9493000.0,1.0,252787074.0,252802000,252802000.0,1.235,7504661000.0,0.0,-194000.0,123524000.0,29.686,
40,DRE,MRQ,2011-06-30,2011-06-30,2011-06-30,2021-07-30,56000.0,7527085000.0,,,,,11.421,-81936000.0,117645000.0,117645000.0,181828000.0,-13858000.0,,1.585,4111527000.0,,,4111527000.0,0.0,68746000.0,53391000.0,0.049,0.17,40746000.0,109492000.0,0.347,109492000.0,40746000.0,-13068000.0,-0.12,-0.12,-0.12,2885462000.0,,2885462000.0,7443761171.0,24.0,12.678,34331000.0,0.136,1.0,133543000.0,0.423,0.0,53814000.0,11520967000.0,,0.0,0.0,,,4572313000.0,,,3539373171.0,-49470000.0,-10849000.0,0.0,-4500000.0,-42951000.0,-65750000.0,-99987000.0,0.0,116267000.0,0.0,-13068000.0,-29042000.0,-29042000.0,1111000.0,-790000.0,-0.092,93879000.0,39664000.0,67757000.0,-1.417,1.227,57.019,58.375,6473926000.0,15974000.0,14.01,3.1,3.101,209175000.0,-1602634000.0,315371000.0,315371000.0,0.0,,,,,0.0,8541000.0,1.0,252631918.0,252640000,252640000.0,1.248,7527085000.0,0.0,0.0,102695000.0,29.794,
41,DRE,MRQ,2011-03-31,2011-03-31,2011-03-31,2021-07-30,-661000.0,7527491000.0,,,,,11.704,360439000.0,167115000.0,167115000.0,203834000.0,64789000.0,,1.524,4071503000.0,,,4071503000.0,0.0,67063000.0,56597000.0,0.049,0.17,115830000.0,182893000.0,0.542,182893000.0,115830000.0,63706000.0,0.19,0.19,0.19,2954195000.0,,2954195000.0,7726510119.0,25.0,13.312,388464000.0,1.539,1.0,133699000.0,0.396,0.0,52124000.0,11431879000.0,,0.0,0.0,,,4501641000.0,,,3537815119.0,148731000.0,-6068000.0,0.0,-221562000.0,-42892000.0,-284939000.0,405645000.0,54730000.0,28025000.0,0.0,63706000.0,47569000.0,47569000.0,-6200000.0,1083000.0,0.141,23557000.0,110142000.0,69369000.0,0.895,1.198,72.608,82.412,6428826000.0,16137000.0,14.01,2.948,2.946,196842000.0,-1529847000.0,337533000.0,337533000.0,0.0,,,,,0.0,11197000.0,1.0,252520708.0,252406000,258837000.0,1.337,7527491000.0,0.0,0.0,88782000.0,29.823,
42,DRE,MRQ,2010-12-31,2010-12-31,2010-12-31,2021-07-30,-1432000.0,7644276000.0,,,,,11.676,7999000.0,18384000.0,18384000.0,86377000.0,25819000.0,,1.58,4207079000.0,,,4207079000.0,0.0,69706000.0,50450000.0,0.055,0.17,37124000.0,106830000.0,0.834,106830000.0,37124000.0,25793000.0,0.04,0.04,0.04,2945610000.0,,2945610000.0,7236197982.0,29.0,13.859,156303000.0,0.62,1.0,41647000.0,0.325,0.0,11331000.0,11832971000.0,,0.0,394287000.0,,,4654373000.0,,,3141447982.0,-2465000.0,48410000.0,108000.0,-103425000.0,-42899000.0,-168948000.0,18179000.0,-34972000.0,148304000.0,0.0,25793000.0,9483000.0,9483000.0,705000.0,26000.0,0.074,2529000.0,39118000.0,44782000.0,4.25,1.066,-222.671,-178.0,6326334000.0,16310000.0,12.46,2.651,2.512,155181000.0,-1533740000.0,128024000.0,128024000.0,0.0,,,,,0.0,10158000.0,1.0,252122631.0,252276000,252276000.0,0.507,7644276000.0,0.0,0.0,83615000.0,30.301,
43,DRE,MRQ,2010-09-30,2010-09-30,2010-09-30,2021-07-30,-2184000.0,7559788000.0,,,,,11.829,-255906000.0,20849000.0,20849000.0,204940000.0,57435000.0,,1.522,4115599000.0,,,4115599000.0,0.0,71116000.0,40819000.0,0.059,0.17,116807000.0,187923000.0,0.521,187923000.0,116807000.0,55316000.0,0.13,0.13,0.13,2979321000.0,,2979321000.0,6393928358.0,30.0,13.224,-161452000.0,-0.641,1.0,155710000.0,0.432,0.0,61491000.0,11654538000.0,,0.0,0.0,,,4535529000.0,,,2915657358.0,-235416000.0,-31833000.0,-252000.0,73906000.0,-42857000.0,-44675000.0,-285195000.0,0.0,94454000.0,0.0,56442000.0,34064000.0,34064000.0,-11902000.0,993000.0,0.094,107887000.0,47823000.0,38197000.0,1.308,0.979,-107.891,-128.778,6589979000.0,22378000.0,11.59,2.523,2.526,184255000.0,-1499605000.0,360650000.0,360650000.0,0.0,,,,,0.0,8476000.0,1.0,251566640.0,251866000,257383000.0,1.432,7559788000.0,0.0,-1126000.0,126702000.0,30.015,
44,DRE,MRQ,2010-06-30,2010-06-30,2010-06-30,2021-07-30,-2888000.0,7301687000.0,,,,,13.387,-19378000.0,256265000.0,256265000.0,233552000.0,-20640000.0,,1.388,3734536000.0,,,3734536000.0,0.0,64263000.0,38989000.0,0.06,0.17,38508000.0,102771000.0,0.275,102771000.0,38508000.0,-19536000.0,-0.19,-0.19,-0.19,3039871000.0,,3039871000.0,6255350825.0,-44.0,50.49,108823000.0,0.479,1.0,140434000.0,0.376,0.0,58044000.0,10779958000.0,,0.0,0.0,,,4220387000.0,,,2546016825.0,225266000.0,-4694000.0,298148000.0,-24187000.0,-38137000.0,154689000.0,-57624000.0,0.0,128201000.0,0.0,-19536000.0,-42391000.0,-42391000.0,-4318000.0,-1104000.0,-0.113,93795000.0,46639000.0,73165000.0,-0.895,0.838,-6.631,-6.837,6202269000.0,22855000.0,11.35,2.283,2.312,211858000.0,-1490099000.0,373986000.0,373986000.0,0.0,,,,,0.0,9151000.0,1.0,224318663.0,227082000,227082000.0,1.647,7301687000.0,0.0,0.0,90049000.0,32.154,
45,DRE,MRQ,2010-03-31,2010-03-31,2010-03-31,2021-07-30,-4906000.0,7092268000.0,,,,,12.832,55735000.0,30999000.0,30999000.0,187017000.0,2648000.0,,1.451,3740333000.0,,,3740333000.0,0.0,65973000.0,35947000.0,0.055,0.17,59266000.0,125239000.0,0.385,125239000.0,59266000.0,3099000.0,-0.07,-0.07,-0.07,2876431000.0,,2876431000.0,6487367952.0,-44.0,52.844,75932000.0,0.339,1.0,138542000.0,0.426,0.0,56167000.0,10801602000.0,,0.0,0.0,,,4175080000.0,,,2780657952.0,-116323000.0,-11883000.0,0.0,-114517000.0,-38122000.0,-172370000.0,35850000.0,3897000.0,20197000.0,0.0,3099000.0,-15264000.0,-15264000.0,-10127000.0,-451000.0,-0.047,94580000.0,43962000.0,58568000.0,-2.429,0.967,-7.435,-7.607,6245513000.0,18363000.0,12.4,2.553,2.552,194918000.0,-1409048000.0,325559000.0,325559000.0,0.0,,,,,0.0,13544000.0,1.0,224246609.0,224153000,224153000.0,1.452,7092268000.0,0.0,0.0,80986000.0,31.64,
46,DRE,MRQ,2009-12-31,2009-12-31,2009-12-31,2021-07-30,-5630000.0,7304279000.0,,,,,13.044,55569000.0,147322000.0,147322000.0,85853000.0,15172000.0,,1.482,3854032000.0,,,3854032000.0,0.0,66433000.0,44258000.0,0.062,0.17,1151000.0,67584000.0,0.708,67584000.0,1151000.0,6806000.0,0.04,0.04,0.04,2925345000.0,,2925345000.0,6502792269.0,-57.0,42.729,152283000.0,0.679,1.0,9621000.0,0.101,0.0,-5655000.0,11010989000.0,,0.0,0.0,,,4336419000.0,,,2726103269.0,-8592000.0,-5939000.0,-458000.0,-79164000.0,-38082000.0,-148760000.0,43454000.0,0.0,96714000.0,0.0,14929000.0,-3433000.0,-3433000.0,26589000.0,243000.0,-0.036,-15757000.0,25378000.0,43147000.0,4.25,0.932,-8.172,-7.287,6343528000.0,18362000.0,12.17,2.515,2.259,171293000.0,-1355086000.0,95474000.0,95474000.0,0.0,,,,,0.0,13224000.0,1.0,224001912.0,224264000,224264000.0,0.426,7304279000.0,0.0,-8123000.0,84347000.0,32.57,
47,DRE,MRQ,2009-09-30,2009-09-30,2009-09-30,2021-07-30,-6440000.0,7438946000.0,,,,,13.238,-76549000.0,155914000.0,155914000.0,174473000.0,-314151000.0,,1.495,3932603000.0,,,3932603000.0,0.0,68692000.0,37142000.0,0.09,0.17,-240392000.0,-171700000.0,-0.537,-171700000.0,-240392000.0,-296572000.0,-1.44,-1.44,-1.44,2964592000.0,,2964592000.0,6401060234.0,-113.0,30.38,39453000.0,0.176,1.0,145489000.0,0.455,0.0,56180000.0,11215635000.0,,0.0,0.0,,,4431006000.0,,,2689863234.0,129215000.0,-11231000.0,-37000.0,188688000.0,-38075000.0,118008000.0,-104795000.0,0.0,116002000.0,0.0,-304519000.0,-322882000.0,-322882000.0,10433000.0,-9632000.0,-1.009,374609000.0,-229120000.0,66790000.0,-0.118,0.907,-8.624,-9.098,6452707000.0,18363000.0,12.01,2.041,2.041,189089000.0,-1313103000.0,319962000.0,319962000.0,0.0,,,,,0.0,11233000.0,1.0,223968629.0,223952000,223952000.0,1.429,7438946000.0,0.0,7947000.0,114529000.0,33.217,
48,DRE,MRQ,2009-06-30,2009-06-30,2009-06-30,2021-07-30,-7149000.0,7595396000.0,,,,,16.022,-62077000.0,26699000.0,26699000.0,201215000.0,-15098000.0,,1.27,3737896000.0,,,3737896000.0,0.0,67954000.0,32285000.0,0.158,0.17,33687000.0,101641000.0,0.292,101641000.0,33687000.0,-17230000.0,-0.16,-0.16,-0.16,3321144000.0,,3321144000.0,6273709157.0,24.0,12.116,77251000.0,0.373,1.0,147057000.0,0.422,0.0,50917000.0,11306593000.0,,0.0,0.0,,,4218441000.0,,,1962970157.0,4528000.0,-2448000.0,551605000.0,-594635000.0,-38051000.0,-102722000.0,-32078000.0,0.0,139328000.0,0.0,-14043000.0,-32406000.0,-32406000.0,-928000.0,-1055000.0,-0.093,118270000.0,28787000.0,96632000.0,-1.062,0.591,87.402,43.85,6681617000.0,18363000.0,8.77,1.503,1.392,218453000.0,-953216000.0,348272000.0,348272000.0,0.0,,,,,0.0,13600000.0,1.0,223827840.0,207290000,207290000.0,1.68,7595396000.0,0.0,-3187000.0,91577000.0,36.641,
49,DRE,MRQ,2009-03-31,2009-03-31,2009-03-31,2021-07-30,-8036000.0,7676419000.0,,,,,19.082,-45689000.0,22171000.0,22171000.0,181454000.0,42587000.0,,1.689,4332910000.0,,,4332910000.0,0.0,63724000.0,35381000.0,0.309,0.25,89914000.0,153638000.0,0.477,153638000.0,89914000.0,38903000.0,0.15,0.15,0.15,2833377000.0,,2833377000.0,5092685148.0,16.0,9.114,2739000.0,0.018,1.0,140919000.0,0.437,0.0,51011000.0,11987158000.0,,0.0,0.0,,,4784323000.0,,,816739148.0,-361000.0,-3863000.0,26000.0,89228000.0,-37125000.0,33740000.0,-82529000.0,0.0,48428000.0,0.0,41610000.0,23247000.0,23247000.0,-5472000.0,977000.0,0.072,91569000.0,49350000.0,100361000.0,1.667,0.288,11.484,11.702,6766477000.0,18363000.0,5.5,0.646,0.646,220841000.0,-882357000.0,322373000.0,322373000.0,0.0,,,,,0.0,9880000.0,1.0,148498027.0,148488000,155747000.0,2.171,7676419000.0,0.0,-2707000.0,80763000.0,51.697,
50,DRE,MRQ,2008-12-31,2008-12-31,2008-12-31,2021-07-30,-8652000.0,7690883000.0,,,,,19.266,-67376000.0,22532000.0,22532000.0,206900000.0,25513000.0,,1.685,4276990000.0,,,4276990000.0,0.0,66742000.0,41348000.0,0.176,0.485,60379000.0,127121000.0,0.389,127121000.0,60379000.0,22380000.0,0.13,0.13,0.13,2844019000.0,,2844019000.0,6011389235.0,21.0,11.316,246207000.0,1.668,1.0,120156000.0,0.367,0.0,37999000.0,11945341000.0,,0.0,0.0,,,4790908000.0,,,1615116235.0,19062000.0,-53484000.0,3080000.0,-99026000.0,-71477000.0,-200605000.0,-93916000.0,29839000.0,313583000.0,0.0,24470000.0,20128000.0,20128000.0,-9209000.0,1043000.0,0.062,54260000.0,65896000.0,105227000.0,3.731,0.568,32.041,33.212,6790022000.0,4342000.0,10.96,1.305,1.301,226989000.0,-867951000.0,327056000.0,327056000.0,0.0,,,,,0.0,10008000.0,1.0,147364620.0,147620000,154343000.0,2.216,7690883000.0,0.0,-2090000.0,78483000.0,52.099,
51,DRE,MRQ,2008-09-30,2008-09-30,2008-09-30,2021-07-30,-7902000.0,7842864000.0,,,,,19.633,-127864000.0,3470000.0,3470000.0,169950000.0,30942000.0,,1.693,4399743000.0,,,4399743000.0,0.0,59215000.0,28082000.0,0.078,0.485,76188000.0,135403000.0,0.439,135403000.0,76188000.0,26117000.0,0.08,0.08,0.08,2885430000.0,,2885430000.0,7939594069.0,17.0,11.206,83543000.0,0.568,1.0,138630000.0,0.449,0.0,50071000.0,12239137000.0,,0.0,197287000.0,,,4885617000.0,,,3610476069.0,-14234000.0,-57518000.0,5090000.0,36770000.0,-71265000.0,-52477000.0,-173164000.0,19873000.0,211407000.0,0.0,30356000.0,11490000.0,11490000.0,-1765000.0,586000.0,0.037,88837000.0,49793000.0,125157000.0,6.062,1.251,43.397,43.893,6736511000.0,18866000.0,24.58,2.8,2.801,236192000.0,-804744000.0,308580000.0,308580000.0,0.0,,,,,0.0,10448000.0,1.0,146886740.0,146966000,154836000.0,2.1,7842864000.0,0.0,-4239000.0,100521000.0,53.365,
52,DRE,MRQ,2008-06-30,2008-06-30,2008-06-30,2021-07-30,-8472000.0,7833069000.0,,,,,20.001,-93785000.0,17704000.0,17704000.0,78091000.0,36228000.0,,1.643,4346822000.0,,,4346822000.0,0.0,59634000.0,35256000.0,0.086,0.48,82964000.0,142598000.0,0.466,142598000.0,82964000.0,35123000.0,0.11,0.11,0.11,2935021000.0,,2935021000.0,7539720533.0,16.0,10.808,21849000.0,0.149,1.0,227770000.0,0.745,0.0,47841000.0,12162187000.0,,0.0,198496000.0,,,4823155000.0,,,3293110533.0,2175000.0,-946000.0,3017000.0,80300000.0,-70422000.0,-12225000.0,-101234000.0,6927000.0,115634000.0,0.0,35123000.0,16257000.0,16257000.0,-9372000.0,1105000.0,0.053,82923000.0,144847000.0,139110000.0,4.364,1.122,26.325,25.805,6715261000.0,18866000.0,22.45,2.726,2.727,232067000.0,-746203000.0,305861000.0,305861000.0,0.0,,,,,0.0,6889000.0,1.0,146686438.0,146741000,154624000.0,2.084,7833069000.0,0.0,0.0,81879000.0,53.38,
53,DRE,MRQ,2008-03-31,2008-03-31,2008-03-31,2021-07-30,-9719000.0,7760243000.0,,,,,20.362,-166498000.0,15529000.0,15529000.0,161695000.0,17725000.0,,1.579,4262139000.0,,,4262139000.0,0.0,60850000.0,38085000.0,0.084,0.48,65940000.0,126790000.0,0.56,126790000.0,65940000.0,17839000.0,0.02,0.02,0.02,2979653000.0,,2979653000.0,7605625634.0,17.0,11.519,-164275000.0,-1.123,1.0,64844000.0,0.286,0.0,48101000.0,12006853000.0,,0.0,144077000.0,,,4703971000.0,,,3337177634.0,-32483000.0,-20296000.0,5913000.0,-72531000.0,-70211000.0,119572000.0,-154278000.0,38753000.0,2223000.0,0.0,17839000.0,2533000.0,2533000.0,-3815000.0,-114000.0,0.011,14491000.0,50353000.0,129631000.0,24.0,1.12,22.871,22.146,6704966000.0,15306000.0,22.81,2.966,2.967,214038000.0,-693194000.0,226539000.0,226539000.0,0.0,,,,,0.0,12163000.0,1.0,146303272.0,146331000,154596000.0,1.548,7760243000.0,0.0,0.0,72559000.0,53.032,
54,DRE,MRQ,2007-12-31,2007-12-31,2007-12-31,2021-07-30,-1279000.0,7661981000.0,,,,,18.876,-295886000.0,48012000.0,48012000.0,-17351000.0,86354000.0,,1.756,4316460000.0,,,4316460000.0,0.0,53490000.0,34535000.0,0.073,0.48,250253000.0,303743000.0,0.677,303743000.0,250253000.0,75272000.0,0.35,0.36,0.35,2750033000.0,,2750033000.0,7944470557.0,17.0,11.867,-107269000.0,-0.736,1.0,466048000.0,1.039,0.0,174981000.0,11930429000.0,,0.0,273591000.0,,,4828265000.0,,,3797212557.0,29588000.0,-37869000.0,237913000.0,116759000.0,-69899000.0,130626000.0,-289655000.0,28209000.0,188617000.0,0.0,69012000.0,52916000.0,52916000.0,-18092000.0,17342000.0,0.118,255608000.0,210440000.0,142655000.0,1.371,1.381,17.916,17.272,6448383000.0,16096000.0,26.08,3.384,3.237,206671000.0,-626765000.0,448697000.0,448697000.0,0.0,,,,,0.0,9804000.0,1.0,145598641.0,145690000,153042000.0,3.08,7661981000.0,0.0,6260000.0,63796000.0,52.591,
55,DRE,MRQ,2007-09-30,2007-09-30,2007-09-30,2021-07-30,6053000.0,7416842000.0,,,,,19.241,-45225000.0,18424000.0,18424000.0,199012000.0,68614000.0,,1.768,4165682000.0,,,4165682000.0,0.0,55873000.0,28251000.0,0.056,0.48,68614000.0,124487000.0,0.548,124487000.0,68614000.0,68614000.0,0.39,0.39,0.39,2647079000.0,,2647079000.0,8663559459.0,32.0,17.939,8606000.0,0.063,1.0,28102000.0,0.124,0.0,0.0,11564100000.0,,0.0,351259000.0,,,4679239000.0,,,4630113459.0,-27032000.0,-35111000.0,2753000.0,87011000.0,-65749000.0,13866000.0,-94729000.0,12118000.0,53831000.0,0.0,68614000.0,53387000.0,53387000.0,-37489000.0,0.0,0.235,4357000.0,23745000.0,140679000.0,1.231,1.749,22.13,21.955,6180911000.0,15227000.0,33.81,4.858,4.88,193217000.0,-615200000.0,227114000.0,227114000.0,0.0,,,,,0.0,3856000.0,1.0,136945089.0,137576000,147651000.0,1.651,7416842000.0,0.0,0.0,88182000.0,53.911,
56,DRE,MRQ,2007-06-30,2007-06-30,2007-06-30,2021-07-30,16784000.0,7302898000.0,,,,,19.097,-148854000.0,45456000.0,45456000.0,183967000.0,52302000.0,,1.749,4078902000.0,,,4078902000.0,0.0,52971000.0,33353000.0,0.053,0.475,52302000.0,105273000.0,0.473,105273000.0,52302000.0,52302000.0,0.27,0.27,0.27,2614743000.0,,2614743000.0,8843261167.0,32.0,18.161,-79506000.0,-0.581,1.0,38752000.0,0.174,0.0,0.0,11336344000.0,,0.0,374573000.0,,,4573572000.0,,,4883951167.0,35964000.0,-36210000.0,136000.0,110215000.0,-65046000.0,25427000.0,-58811000.0,141927000.0,69348000.0,0.0,52302000.0,37076000.0,37076000.0,-20407000.0,0.0,0.166,10923000.0,27829000.0,126397000.0,1.759,1.868,22.448,22.155,6084603000.0,15226000.0,35.67,5.171,5.171,176240000.0,-602381000.0,222719000.0,222719000.0,0.0,,,,,0.0,10608000.0,1.0,136920414.0,136921000,148129000.0,1.627,7302898000.0,0.0,0.0,70632000.0,53.337,
57,DRE,MRQ,2007-03-31,2007-03-31,2007-03-31,2021-07-30,5703000.0,7272485000.0,,,,,19.213,465000.0,9492000.0,9492000.0,192671000.0,83789000.0,,1.722,3968802000.0,,,3968802000.0,0.0,52143000.0,34163000.0,0.044,0.475,83789000.0,135932000.0,0.605,135932000.0,83789000.0,83789000.0,0.5,0.49,0.5,2628764000.0,,2628764000.0,9842345174.0,38.0,20.985,12600000.0,0.092,1.0,31855000.0,0.142,0.0,0.0,11231795000.0,,0.0,498249000.0,,,4526999000.0,,,5948983174.0,-58991000.0,-33140000.0,0.0,6805000.0,-65004000.0,-79502000.0,8376000.0,53500000.0,12135000.0,0.0,83789000.0,68563000.0,68563000.0,-50325000.0,0.0,0.305,13460000.0,18395000.0,118735000.0,0.95,2.263,29.42,28.98,5931317000.0,15226000.0,43.47,6.419,6.417,184971000.0,-574201000.0,224526000.0,224526000.0,0.0,,,,,0.0,13460000.0,1.0,136852615.0,136823000,149465000.0,1.641,7272485000.0,0.0,0.0,63881000.0,53.153,
58,DRE,MRQ,2006-12-31,2006-12-31,2006-12-31,2021-07-30,5435000.0,7238595000.0,,,,,18.592,-179902000.0,68483000.0,68483000.0,194478000.0,65422000.0,,1.829,3961845000.0,,,3961845000.0,0.0,51843000.0,31121000.0,0.046,0.475,65422000.0,117265000.0,0.421,117265000.0,65422000.0,65422000.0,0.38,0.37,0.38,2503583000.0,,2503583000.0,9581392739.0,47.0,23.304,-15491000.0,-0.115,1.0,84292000.0,0.302,0.0,0.0,11131957000.0,,0.0,512925000.0,,,4578159000.0,,,5530709739.0,43483000.0,-55047000.0,-89063000.0,33896000.0,-64246000.0,-182303000.0,61375000.0,275335000.0,164411000.0,0.0,65422000.0,50196000.0,50196000.0,-1271000.0,0.0,0.18,2261000.0,82031000.0,136508000.0,1.25,2.209,38.118,37.87,5914454000.0,15226000.0,40.9,6.177,6.161,194205000.0,-575829000.0,278770000.0,278770000.0,0.0,,,,,0.0,8169000.0,1.0,135225177.0,134661000,149156000.0,2.07,7238595000.0,0.0,0.0,59276000.0,53.754,
59,DRE,MRQ,2006-09-30,2006-09-30,2006-09-30,2021-07-30,4840000.0,7273542000.0,,,,,19.231,-152190000.0,25000000.0,25000000.0,181494000.0,76960000.0,,1.733,4075683000.0,,,4075683000.0,0.0,51498000.0,32309000.0,0.079,0.475,76960000.0,128458000.0,0.588,128458000.0,76960000.0,76960000.0,0.46,0.45,0.46,2598456000.0,,2598456000.0,8872751815.0,49.0,23.186,-128035000.0,-0.948,1.0,37040000.0,0.169,0.0,0.0,11324225000.0,,0.0,838556000.0,,,4502856000.0,,,5045856815.0,17961000.0,-456000.0,729000.0,230672000.0,-64181000.0,139290000.0,-145484000.0,0.0,24155000.0,0.0,76960000.0,61734000.0,61734000.0,-41569000.0,0.0,0.282,6760000.0,30280000.0,125381000.0,1.033,1.942,40.382,39.734,5752846000.0,15226000.0,37.35,6.641,6.642,189958000.0,-561636000.0,218534000.0,218534000.0,0.0,,,,,0.0,6760000.0,1.0,135096568.0,135117000,150947000.0,1.617,7273542000.0,0.0,0.0,78255000.0,53.831,
60,DRE,MRQ,2006-06-30,2006-06-30,2006-06-30,2021-07-30,20496000.0,7014473000.0,,,,,19.368,-203145000.0,7039000.0,7039000.0,170916000.0,34972000.0,,1.618,3833934000.0,,,3833934000.0,0.0,52387000.0,37265000.0,0.083,0.47,34972000.0,87359000.0,0.426,87359000.0,34972000.0,34972000.0,0.16,0.16,0.16,2614048000.0,,2614048000.0,8362689858.0,25.0,15.707,-147622000.0,-1.094,1.0,34074000.0,0.166,0.0,0.0,10841368000.0,,0.0,835282000.0,,,4229781000.0,,,4741040858.0,7039000.0,11634000.0,5607000.0,139380000.0,-63392000.0,163246000.0,-211730000.0,3498000.0,55523000.0,0.0,34972000.0,21717000.0,21717000.0,-7073000.0,0.0,0.106,6953000.0,27121000.0,88864000.0,2.938,1.814,17.142,17.753,5508618000.0,13255000.0,35.15,6.424,6.428,167454000.0,-558961000.0,204990000.0,204990000.0,0.0,,,,,0.0,6953000.0,1.0,134880252.0,134969000,149364000.0,1.519,7014473000.0,0.0,0.0,72610000.0,51.971,
61,DRE,MRQ,2006-03-31,2006-03-31,2006-03-31,2021-07-30,9805000.0,6704019000.0,,,,,18.748,-923665000.0,0.0,0.0,166065000.0,26793000.0,,1.583,3621649000.0,,,3621649000.0,0.0,51271000.0,37062000.0,0.077,0.47,26793000.0,78064000.0,0.386,78064000.0,26793000.0,26793000.0,0.08,0.08,0.08,2526929000.0,,2526929000.0,7690321719.0,22.0,13.997,-894865000.0,-6.639,1.0,36277000.0,0.179,0.0,0.0,10325668000.0,,0.0,621953000.0,,,3999556000.0,,,5116402719.0,-26732000.0,-6313000.0,-11883000.0,888621000.0,-63683000.0,882689000.0,-938221000.0,17740000.0,28800000.0,0.0,26793000.0,11448000.0,11448000.0,-1768000.0,0.0,0.057,13938000.0,22339000.0,93160000.0,5.875,2.025,17.335,18.071,5440361000.0,15345000.0,37.95,6.995,6.993,173020000.0,-517168000.0,202342000.0,202342000.0,0.0,,,,,0.0,13938000.0,1.0,134819571.0,134781000,149265000.0,1.501,6704019000.0,0.0,0.0,66426000.0,49.74,
62,DRE,MRQ,2005-12-31,2005-12-31,2005-12-31,2021-07-30,-7118000.0,5647560000.0,,,,,17.929,-103842000.0,26732000.0,26732000.0,102228000.0,41675000.0,,1.228,2600651000.0,,,2600651000.0,0.0,47117000.0,34924000.0,0.087,1.52,41675000.0,88792000.0,0.663,88792000.0,41675000.0,41675000.0,0.24,0.23,0.24,2452798000.0,,2452798000.0,6685381529.0,19.0,11.937,-18642000.0,-0.136,1.0,31730000.0,0.237,0.0,0.0,8221479000.0,,0.0,0.0,,,3012196000.0,,,4590944529.0,-98135000.0,-22393000.0,-191405000.0,381606000.0,-208221000.0,-51291000.0,-132044000.0,0.0,85200000.0,0.0,41675000.0,30055000.0,30055000.0,-11971000.0,0.0,0.224,9654000.0,22076000.0,93137000.0,6.333,1.872,14.849,15.251,5034422000.0,11620000.0,33.4,6.434,6.624,177325000.0,-464885000.0,133958000.0,133958000.0,0.0,,,,,0.0,9654000.0,1.0,137453429.0,136804000,151149000.0,0.979,5647560000.0,0.0,0.0,60883000.0,41.282,
63,DRE,MRQ,2005-09-30,2005-09-30,2005-09-30,2021-07-30,-11753000.0,5657032000.0,,,,,19.813,867787000.0,124867000.0,124867000.0,162228000.0,224967000.0,,0.93,2219304000.0,,,2219304000.0,0.0,53247000.0,35083000.0,0.055,0.47,224967000.0,278214000.0,1.414,278214000.0,224967000.0,224967000.0,1.5,1.48,1.5,2826629000.0,,2826629000.0,7727823659.0,21.0,13.508,997371000.0,6.991,1.0,34521000.0,0.175,0.0,0.0,7751469000.0,,0.0,0.0,,,2628684000.0,,,4858802659.0,118380000.0,-1104000.0,-95824000.0,-655873000.0,-67420000.0,-837143000.0,825939000.0,0.0,129584000.0,0.0,224967000.0,213348000.0,213348000.0,-195654000.0,0.0,1.084,5803000.0,28718000.0,100512000.0,0.313,1.719,15.171,15.058,4919733000.0,11619000.0,33.88,6.585,6.551,184079000.0,-286274000.0,196749000.0,196749000.0,0.0,,,,,0.0,5803000.0,1.0,143412121.0,142663000,158468000.0,1.379,5657032000.0,0.0,0.0,78738000.0,39.653,
64,DRE,MRQ,2005-06-30,2005-06-30,2005-06-30,2021-07-30,-25232000.0,6204145000.0,,,,,19.231,-269526000.0,6487000.0,6487000.0,149816000.0,51919000.0,,1.18,2875508000.0,,,2875508000.0,0.0,52450000.0,37059000.0,0.059,0.465,51919000.0,104369000.0,0.526,104369000.0,51919000.0,51919000.0,0.28,0.28,0.28,2759282000.0,,2759282000.0,7162063412.0,38.0,18.087,-140059000.0,-0.976,1.0,48593000.0,0.245,0.0,0.0,9073166000.0,,0.0,0.0,,,3256481000.0,,,4541989412.0,2808000.0,-1661000.0,709000.0,240289000.0,-66719000.0,156370000.0,-283029000.0,0.0,129467000.0,0.0,51919000.0,40299000.0,40299000.0,-9301000.0,0.0,0.203,7035000.0,41558000.0,77034000.0,1.661,1.646,30.39,30.152,5595138000.0,11620000.0,31.66,6.289,6.289,186246000.0,-432159000.0,198409000.0,198409000.0,0.0,,,,,0.0,7035000.0,1.0,143461447.0,143480000,157696000.0,1.383,6204145000.0,0.0,0.0,67365000.0,43.24,
65,DRE,MRQ,2005-03-31,2005-03-31,2005-03-31,2021-07-30,-8226000.0,5945877000.0,,,,,19.571,-66720000.0,3679000.0,3679000.0,149438000.0,37101000.0,,1.055,2623753000.0,,,2623753000.0,0.0,51563000.0,37984000.0,0.062,0.465,37101000.0,88664000.0,0.473,88664000.0,37101000.0,37101000.0,0.18,0.18,0.18,2800374000.0,,2800374000.0,6779170853.0,37.0,17.869,-1869000.0,-0.013,1.0,38139000.0,0.203,0.0,0.0,8565951000.0,,0.0,0.0,,,2954648000.0,,,4266055853.0,-1910000.0,-6441000.0,633000.0,105303000.0,-66456000.0,20886000.0,-87647000.0,0.0,64851000.0,0.0,37101000.0,25481000.0,25481000.0,-7995000.0,0.0,0.136,8476000.0,29663000.0,66894000.0,2.583,1.523,29.651,29.554,5400554000.0,11620000.0,29.85,5.902,5.909,181433000.0,-405699000.0,187577000.0,187577000.0,0.0,,,,,0.0,8476000.0,1.0,142916444.0,143089000,157720000.0,1.311,5945877000.0,0.0,0.0,60398000.0,41.554,
66,DRE,MRQ,2004-12-31,2004-12-31,2004-12-31,2021-07-30,-6547000.0,5896643000.0,,,,,19.799,-261839000.0,5589000.0,5589000.0,114833000.0,50606000.0,,1.018,2518704000.0,,,2518704000.0,0.0,50246000.0,39827000.0,0.054,0.465,50606000.0,100852000.0,0.65,100852000.0,50606000.0,50606000.0,0.29,0.29,0.29,2825869000.0,,2825869000.0,7527744256.0,40.0,19.924,-157191000.0,-1.101,1.0,40295000.0,0.26,0.0,0.0,8409758000.0,,0.0,0.0,,,2875661000.0,,,4868115256.0,5589000.0,-705000.0,1916000.0,-140666000.0,-66313000.0,-27434000.0,-71625000.0,0.0,104648000.0,0.0,50606000.0,41150000.0,41150000.0,-19598000.0,0.0,0.265,8639000.0,31656000.0,68266000.0,1.603,1.723,32.18,31.907,5379186000.0,9456000.0,34.14,7.216,7.155,165966000.0,-364724000.0,155128000.0,155128000.0,0.0,,,,,0.0,8639000.0,1.0,142592714.0,142726000,157380000.0,1.087,5896643000.0,0.0,0.0,55748000.0,41.314,
67,DRE,MRQ,2004-09-30,2004-09-30,2004-09-30,2021-07-30,132000.0,5882080000.0,,,,,18.656,-794000.0,0.0,0.0,141354000.0,50847000.0,,1.141,2659629000.0,,,2659629000.0,0.0,51239000.0,32765000.0,0.056,0.465,50847000.0,102086000.0,0.564,102086000.0,50847000.0,50847000.0,0.3,0.3,0.3,2654227000.0,,2654227000.0,7240330198.0,37.0,19.011,105583000.0,0.742,1.0,39797000.0,0.22,0.0,0.0,8541709000.0,,0.0,0.0,,,3027830000.0,,,4721447198.0,-10791000.0,-410000.0,1081000.0,95779000.0,-66132000.0,-9769000.0,-107399000.0,65000000.0,106377000.0,0.0,50847000.0,42527000.0,42527000.0,-16562000.0,0.0,0.235,6858000.0,32939000.0,83030000.0,1.55,1.779,29.539,29.123,5376841000.0,8320000.0,33.2,7.197,7.201,153109000.0,-339561000.0,181151000.0,181151000.0,0.0,,,,,0.0,6858000.0,1.0,142212265.0,142273000,157105000.0,1.273,5882080000.0,0.0,0.0,78184000.0,41.344,
68,DRE,MRQ,2004-06-30,2004-06-30,2004-06-30,2021-07-30,-2465000.0,5735114000.0,,,,,18.746,-90857000.0,10791000.0,10791000.0,149400000.0,43148000.0,,1.077,2529674000.0,,,2529674000.0,0.0,44622000.0,36899000.0,0.058,0.46,43148000.0,87770000.0,0.441,87770000.0,43148000.0,43148000.0,0.24,0.24,0.24,2663891000.0,,2663891000.0,6910045025.0,35.0,18.644,4742000.0,0.033,1.0,49614000.0,0.249,0.0,0.0,8253997000.0,,0.0,0.0,,,2869287000.0,,,4519274025.0,-1108000.0,-1217000.0,728000.0,127164000.0,-65357000.0,46844000.0,-143551000.0,0.0,95599000.0,0.0,43148000.0,34716000.0,34716000.0,-1139000.0,0.0,0.174,5714000.0,43900000.0,68771000.0,1.917,1.696,28.694,27.904,5219552000.0,8432000.0,31.81,6.784,6.785,149927000.0,-315956000.0,199014000.0,199014000.0,0.0,,,,,0.0,5714000.0,1.0,142070859.0,142104000,156828000.0,1.4,5735114000.0,0.0,0.0,60818000.0,40.359,
69,DRE,MRQ,2004-03-31,2004-03-31,2004-03-31,2021-07-30,-118000.0,5626464000.0,,,,,19.458,-11508000.0,11899000.0,11899000.0,152471000.0,44100000.0,,1.013,2402670000.0,,,2402670000.0,0.0,43012000.0,43849000.0,0.053,0.46,44100000.0,87112000.0,0.441,87112000.0,44100000.0,44100000.0,0.24,0.23,0.24,2692951000.0,,2692951000.0,7111967550.0,36.0,19.363,57407000.0,0.415,1.0,44913000.0,0.228,0.0,0.0,8017235000.0,,0.0,0.0,,,2727705000.0,,,4789063550.0,-733000.0,-701000.0,8534000.0,67293000.0,-63259000.0,35026000.0,-104674000.0,-65000000.0,68915000.0,0.0,44100000.0,32886000.0,32886000.0,-4552000.0,0.0,0.167,8317000.0,36596000.0,57129000.0,1.917,1.778,30.442,29.931,5133107000.0,11214000.0,34.72,7.322,7.347,135322000.0,-285315000.0,197384000.0,197384000.0,0.0,,,,,0.0,8317000.0,1.0,137933858.0,138398000,156913000.0,1.426,5626464000.0,0.0,0.0,59886000.0,40.654,
70,DRE,MRQ,2003-12-31,2003-12-31,2003-12-31,2021-07-30,0.0,5561249000.0,,,,,19.592,33949000.0,12632000.0,12632000.0,54757000.0,60113000.0,,1.006,2335536000.0,,,2335536000.0,0.0,43768000.0,37975000.0,0.059,0.46,60113000.0,103881000.0,1.324,103881000.0,60113000.0,60113000.0,0.36,0.37,0.36,2666749000.0,,2666749000.0,6471134734.0,32.0,17.575,167804000.0,1.233,1.0,23683000.0,0.302,0.0,0.0,7884153000.0,,0.0,0.0,,,2681706000.0,,,4215513734.0,11701000.0,7813000.0,4141000.0,79140000.0,-62594000.0,-64558000.0,-57596000.0,0.0,133855000.0,0.0,60113000.0,49711000.0,49711000.0,-37462000.0,0.0,0.634,5758000.0,17925000.0,63057000.0,1.278,1.581,26.036,26.05,5147085000.0,10402000.0,31.0,6.547,6.529,132169000.0,-254942000.0,78440000.0,78440000.0,0.0,,,,,0.0,5758000.0,1.0,135984314.0,136111000,151669000.0,0.576,5561249000.0,0.0,0.0,52958000.0,40.858,
71,DRE,MRQ,2003-09-30,2003-09-30,2003-09-30,2021-07-30,0.0,5554955000.0,,,,,19.595,-16928000.0,931000.0,931000.0,137593000.0,49600000.0,,0.978,2256552000.0,,,2256552000.0,0.0,42276000.0,34812000.0,0.062,0.46,49600000.0,91876000.0,0.48,91876000.0,49600000.0,49600000.0,0.3,0.3,0.3,2659147000.0,,2659147000.0,6185207212.0,35.0,18.061,55807000.0,0.411,1.0,53756000.0,0.281,0.0,0.0,7810576000.0,,0.0,0.0,,,2601421000.0,,,3962001212.0,-10740000.0,-11928000.0,3183000.0,22837000.0,-62408000.0,42909000.0,-126384000.0,0.0,72735000.0,0.0,49600000.0,40185000.0,40185000.0,-3753000.0,0.0,0.21,4877000.0,48879000.0,66702000.0,1.533,1.49,29.618,29.2,5152908000.0,9415000.0,29.2,5.447,5.448,134165000.0,-242059000.0,191349000.0,191349000.0,0.0,,,,,0.0,4877000.0,1.0,135684973.0,135706000,151244000.0,1.41,5554955000.0,0.0,0.0,72443000.0,40.934,
72,DRE,MRQ,2003-06-30,2003-06-30,2003-06-30,2021-07-30,-9852000.0,5430926000.0,,,,,18.95,-71424000.0,11671000.0,11671000.0,137374000.0,43290000.0,,1.0,2234877000.0,,,2234877000.0,0.0,41144000.0,35626000.0,0.066,0.455,43290000.0,84434000.0,0.452,84434000.0,43290000.0,43290000.0,0.26,0.25,0.26,2565595000.0,,2565595000.0,5897698644.0,33.0,17.318,31732000.0,0.234,1.0,49507000.0,0.265,0.0,0.0,7654132000.0,,0.0,0.0,,,2566817000.0,,,3728572644.0,-838000.0,-53000.0,3872000.0,52387000.0,-61596000.0,-28604000.0,-75390000.0,0.0,103156000.0,0.0,43290000.0,34538000.0,34538000.0,-1674000.0,0.0,0.185,5077000.0,44430000.0,52666000.0,1.75,1.453,28.209,27.828,5057442000.0,8752000.0,27.55,5.121,5.122,108234000.0,-210309000.0,186881000.0,186881000.0,0.0,,,,,0.0,5077000.0,1.0,135338390.0,135386000,151019000.0,1.38,5430926000.0,0.0,0.0,60698000.0,40.114,
73,DRE,MRQ,2003-03-31,2003-03-31,2003-03-31,2021-07-30,-3271000.0,5381023000.0,,,,,19.212,4370000.0,12509000.0,12509000.0,145515000.0,46229000.0,,0.955,2181635000.0,,,2181635000.0,0.0,41771000.0,39985000.0,0.067,0.455,46229000.0,88000000.0,0.463,88000000.0,46229000.0,46229000.0,0.28,0.28,0.28,2596867000.0,,2596867000.0,5735721663.0,29.0,16.15,63252000.0,0.468,1.0,44517000.0,0.234,0.0,0.0,7550149000.0,,0.0,0.0,,,2480761000.0,,,3646850663.0,-4905000.0,-1313000.0,2830000.0,76539000.0,-61502000.0,-2461000.0,-61326000.0,0.0,58882000.0,0.0,46229000.0,37477000.0,37477000.0,-3318000.0,0.0,0.197,6268000.0,38249000.0,38291000.0,1.625,1.404,24.95,24.752,5026643000.0,8752000.0,26.98,4.956,4.956,96820000.0,-183251000.0,190032000.0,190032000.0,0.0,,,,,0.0,6268000.0,1.0,135168668.0,135170000,150627000.0,1.406,5381023000.0,0.0,0.0,56888000.0,39.809,
74,DRE,MRQ,2002-12-31,2002-12-31,2002-12-31,2021-07-30,-2111000.0,5348823000.0,,,,,19.395,-67291000.0,17414000.0,17414000.0,113824000.0,38153000.0,,0.926,2106285000.0,,,2106285000.0,0.0,39996000.0,33710000.0,0.071,0.455,38153000.0,78149000.0,0.491,78149000.0,38153000.0,38153000.0,0.16,0.16,0.16,2617336000.0,,2617336000.0,5254126285.0,25.0,14.525,24487000.0,0.181,1.0,45309000.0,0.285,0.0,0.0,7437694000.0,,0.0,0.0,,,2424002000.0,,,3433054285.0,-25623000.0,-1200000.0,927000.0,148295000.0,-61388000.0,12439000.0,-129840000.0,0.0,91778000.0,0.0,38153000.0,21568000.0,21568000.0,-1007000.0,0.0,0.136,4025000.0,41284000.0,43780000.0,2.844,1.312,22.297,22.13,5018377000.0,16585000.0,25.45,4.586,4.555,90658000.0,-168753000.0,159133000.0,159133000.0,0.0,,,,,0.0,4025000.0,1.0,134894078.0,134947000,150716000.0,1.179,5348823000.0,0.0,0.0,51474000.0,39.636,
75,DRE,MRQ,2002-09-30,2002-09-30,2002-09-30,2021-07-30,-48000.0,5299464000.0,,,,,20.765,-42133000.0,43037000.0,43037000.0,134112000.0,50993000.0,,0.781,1864109000.0,,,1864109000.0,0.0,38985000.0,34425000.0,0.073,0.455,50993000.0,89978000.0,0.468,89978000.0,50993000.0,50993000.0,0.29,0.28,0.29,2799494000.0,,2799494000.0,5052215127.0,22.0,13.465,61490000.0,0.456,1.0,57991000.0,0.302,0.0,0.0,7120536000.0,,0.0,0.0,,,2186108000.0,,,3319503127.0,40532000.0,8294000.0,3706000.0,223283000.0,-61348000.0,-4831000.0,-58260000.0,0.0,103623000.0,0.0,50993000.0,38595000.0,38595000.0,-551000.0,0.0,0.201,6804000.0,51187000.0,45300000.0,1.569,1.186,19.012,18.794,4930432000.0,12398000.0,24.62,4.344,4.343,98273000.0,-124132000.0,192103000.0,192103000.0,0.0,,,,,0.0,6804000.0,1.0,134829534.0,134818000,151256000.0,1.425,5299464000.0,0.0,0.0,71267000.0,39.308,
76,DRE,MRQ,2002-06-30,2002-06-30,2002-06-30,2021-07-30,-96000.0,5235891000.0,,,,,21.131,-41002000.0,2505000.0,2505000.0,127208000.0,60635000.0,,0.722,1735217000.0,,,1735217000.0,0.0,38398000.0,28513000.0,0.062,0.45,60635000.0,99033000.0,0.509,99033000.0,60635000.0,60635000.0,0.36,0.36,0.36,2835689000.0,,2835689000.0,5612184038.0,21.0,13.689,124791000.0,0.93,1.0,67421000.0,0.346,0.0,0.0,6968603000.0,,0.0,0.0,,,2048239000.0,,,3887907038.0,-11005000.0,-9430000.0,11178000.0,-1641000.0,-60441000.0,-72281000.0,-104517000.0,0.0,165793000.0,0.0,60635000.0,48528000.0,48528000.0,-3542000.0,0.0,0.249,7224000.0,60197000.0,39718000.0,1.25,1.371,18.244,17.981,4919766000.0,12107000.0,28.95,5.044,5.04,90032000.0,-101956000.0,194629000.0,194629000.0,0.0,,,,,0.0,7224000.0,1.0,134297307.0,134196000,151092000.0,1.45,5235891000.0,0.0,0.0,57280000.0,39.017,
77,DRE,MRQ,2002-03-31,2002-03-31,2002-03-31,2021-07-30,-144000.0,5243468000.0,,,,,21.307,-24370000.0,13510000.0,13510000.0,133816000.0,57386000.0,,0.733,1737787000.0,,,1737787000.0,0.0,37186000.0,37125000.0,0.068,0.45,57386000.0,94572000.0,0.464,94572000.0,57386000.0,57386000.0,0.34,0.34,0.34,2811080000.0,,2811080000.0,5231624244.0,20.0,12.827,184032000.0,1.395,1.0,70186000.0,0.344,0.0,0.0,6967745000.0,,0.0,0.0,,,2060035000.0,,,3426251244.0,4027000.0,-8794000.0,7023000.0,-84585000.0,-59298000.0,-159020000.0,-45355000.0,0.0,208402000.0,0.0,57386000.0,45278000.0,45278000.0,-824000.0,0.0,0.222,7238000.0,62948000.0,43060000.0,1.324,1.219,15.992,15.854,4949147000.0,12108000.0,26.0,4.392,4.398,86020000.0,-90043000.0,204002000.0,204002000.0,0.0,,,,,0.0,7238000.0,1.0,131778894.0,131932000,150270000.0,1.546,5243468000.0,0.0,0.0,56724000.0,39.744,
78,DRE,MRQ,2001-12-31,2001-12-31,2001-12-31,2021-07-30,-192000.0,5330033000.0,,,,,21.262,-76426000.0,9483000.0,9483000.0,109759000.0,56842000.0,,0.772,1814856000.0,,,1814856000.0,0.0,34774000.0,34644000.0,0.09,0.45,56842000.0,91616000.0,0.528,91616000.0,56842000.0,56842000.0,0.32,0.32,0.32,2785009000.0,,2785009000.0,4932327198.0,17.0,11.703,5144000.0,0.039,1.0,63740000.0,0.367,0.0,0.0,7135406000.0,,0.0,0.0,,,2149834000.0,,,3177881198.0,-21000.0,-4871000.0,2545000.0,166227000.0,-58839000.0,-38157000.0,-43434000.0,-219000.0,81570000.0,0.0,56842000.0,42196000.0,42196000.0,-4988000.0,0.0,0.243,5387000.0,58353000.0,57009000.0,1.406,1.141,13.954,13.824,5027428000.0,14646000.0,24.33,4.067,4.037,95970000.0,-76023000.0,173499000.0,173499000.0,0.0,,,,,0.0,5387000.0,1.0,130615750.0,130983000,151971000.0,1.325,5330033000.0,0.0,0.0,51462000.0,40.693,
79,DRE,MRQ,2001-09-30,2001-09-30,2001-09-30,2021-07-30,-240000.0,5304002000.0,,,,,21.313,84627000.0,9504000.0,9504000.0,126137000.0,90349000.0,,0.763,1763950000.0,,,1763950000.0,0.0,34393000.0,29178000.0,0.092,0.45,90349000.0,124742000.0,0.628,124742000.0,90349000.0,90349000.0,0.59,0.58,0.59,2772851000.0,,2772851000.0,4881680115.0,16.0,10.781,253060000.0,1.945,1.0,72543000.0,0.365,0.0,0.0,7058448000.0,,0.0,0.0,,,2115662000.0,,,3080937115.0,-93523000.0,-13652000.0,3290000.0,-139539000.0,-58566000.0,-296626000.0,34670000.0,-431000.0,168433000.0,0.0,90349000.0,77102000.0,77102000.0,-452000.0,0.0,0.388,1437000.0,71106000.0,79630000.0,0.763,1.111,11.897,11.728,4958154000.0,13247000.0,23.69,3.868,3.87,104278000.0,-61604000.0,198680000.0,198680000.0,0.0,,,,,0.0,1437000.0,1.0,130052221.0,130104000,158594000.0,1.527,5304002000.0,0.0,0.0,64623000.0,40.767,
80,DRE,MRQ,2001-06-30,2001-06-30,2001-06-30,2021-07-30,-836000.0,5490486000.0,,,,,21.85,77172000.0,103027000.0,103027000.0,128319000.0,63490000.0,,0.793,1903770000.0,,,1903770000.0,0.0,33427000.0,35223000.0,0.087,0.43,63490000.0,96917000.0,0.475,96917000.0,63490000.0,63490000.0,0.39,0.38,0.39,2821528000.0,,2821528000.0,5088957761.0,18.0,12.1,99330000.0,0.769,1.0,75529000.0,0.371,0.0,0.0,7291229000.0,,0.0,0.0,,,2237436000.0,,,3201659761.0,64136000.0,-4792000.0,16765000.0,-22141000.0,-55475000.0,-85940000.0,127918000.0,53089000.0,22158000.0,0.0,63490000.0,49675000.0,49675000.0,-537000.0,0.0,0.244,4688000.0,70841000.0,74929000.0,1.103,1.135,14.103,13.883,5047642000.0,13815000.0,24.85,3.975,3.984,116829000.0,-79572000.0,203848000.0,203848000.0,0.0,,,,,0.0,4688000.0,1.0,128839427.0,129131000,149572000.0,1.579,5490486000.0,0.0,0.0,55193000.0,42.519,
81,DRE,MRQ,2001-03-31,2001-03-31,2001-03-31,2021-07-30,-638000.0,5479442000.0,,,,,21.86,-22157000.0,38891000.0,38891000.0,131028000.0,72042000.0,,0.797,1926189000.0,,,1926189000.0,0.0,36129000.0,37176000.0,0.091,0.86,72042000.0,108171000.0,0.53,108171000.0,72042000.0,72042000.0,0.46,0.45,0.46,2806863000.0,,2806863000.0,4915078669.0,18.0,11.784,55350000.0,0.431,1.0,73236000.0,0.359,0.0,0.0,7366740000.0,,0.0,0.0,,,2238130000.0,,,2981054669.0,-300000.0,2248000.0,13883000.0,-53125000.0,-55159000.0,-50192000.0,-27615000.0,6810000.0,77507000.0,0.0,72042000.0,58770000.0,58770000.0,-1045000.0,0.0,0.288,4025000.0,69211000.0,65973000.0,1.87,1.062,13.376,13.153,5110140000.0,13272000.0,23.15,3.703,3.692,94905000.0,-73772000.0,204264000.0,204264000.0,0.0,,,,,0.0,4025000.0,1.0,128771260.0,128399000,151031000.0,1.591,5479442000.0,0.0,0.0,53516000.0,42.675,
82,DRE,MRQ,2000-12-31,2000-12-31,2000-12-31,2021-07-30,0.0,5460036000.0,,,,,21.251,135743000.0,39191000.0,39191000.0,126271000.0,85662000.0,,0.852,1973215000.0,,,1973215000.0,0.0,37333000.0,34208000.0,0.067,0.43,85662000.0,122995000.0,0.649,122995000.0,85662000.0,85662000.0,0.58,0.57,0.58,2712890000.0,,2712890000.0,5299394279.0,20.0,13.061,198038000.0,1.551,1.0,63364000.0,0.334,0.0,0.0,7394060000.0,,0.0,0.0,,,2311829000.0,,,3139916279.0,-2096000.0,-23879000.0,8367000.0,-227247000.0,-54847000.0,-295980000.0,231589000.0,158351000.0,62295000.0,0.0,85662000.0,73425000.0,73425000.0,-1010000.0,0.0,0.387,5638000.0,57726000.0,74417000.0,0.741,1.157,14.744,14.655,5074435000.0,12237000.0,24.62,3.977,3.955,99360000.0,-77383000.0,189635000.0,189635000.0,0.0,,,,,0.0,5638000.0,1.0,127535186.0,127661000,148113000.0,1.485,5460036000.0,0.0,0.0,51328000.0,42.77,
83,DRE,MRQ,2000-09-30,2000-09-30,2000-09-30,2021-07-30,0.0,5625895000.0,,,,,21.149,-60859000.0,41287000.0,41287000.0,140816000.0,57392000.0,,0.931,2200765000.0,,,2200765000.0,0.0,35089000.0,33629000.0,0.066,0.43,57392000.0,92481000.0,0.445,92481000.0,57392000.0,57392000.0,0.36,0.35,0.36,2686168000.0,,2686168000.0,5366168200.0,23.0,14.561,66054000.0,0.52,1.0,66847000.0,0.322,0.0,0.0,7785373000.0,,0.0,0.0,,,2501634000.0,,,3058189200.0,-430000.0,-8239000.0,8857000.0,-70781000.0,-54595000.0,-141764000.0,14421000.0,0.0,126913000.0,0.0,57392000.0,45149000.0,45149000.0,0.0,0.0,0.217,5825000.0,61022000.0,92985000.0,1.194,1.138,16.923,16.75,5272035000.0,12243000.0,24.12,3.903,3.91,102905000.0,-95961000.0,207663000.0,207663000.0,0.0,,,,,0.0,5825000.0,1.0,126790597.0,127010000,147916000.0,1.635,5625895000.0,0.0,0.0,66922000.0,44.295,
84,DRE,MRQ,2000-06-30,2000-06-30,2000-06-30,2021-07-30,0.0,5729836000.0,,,,,21.184,-49506000.0,41717000.0,41717000.0,136417000.0,57774000.0,,0.974,2349696000.0,,,2349696000.0,0.0,35664000.0,36261000.0,0.07,0.39,57774000.0,93438000.0,0.459,93438000.0,57774000.0,57774000.0,0.36,0.36,0.36,2681859000.0,,2681859000.0,5069350793.0,22.0,14.093,25371000.0,0.2,1.0,67032000.0,0.329,0.0,0.0,8037815000.0,,0.0,0.0,,,2612426000.0,,,2830816793.0,3804000.0,-7532000.0,3434000.0,73639000.0,-49374000.0,4518000.0,-75591000.0,0.0,74877000.0,0.0,57774000.0,45525000.0,45525000.0,0.0,0.0,0.224,4510000.0,62522000.0,68873000.0,1.083,1.056,15.991,15.65,5302166000.0,12249000.0,22.38,3.767,3.77,92626000.0,-86515000.0,203449000.0,203449000.0,0.0,,,,,0.0,4510000.0,1.0,126488686.0,126597000,147181000.0,1.607,5729836000.0,0.0,0.0,56698000.0,45.26,
85,DRE,MRQ,2000-03-31,2000-03-31,2000-03-31,2021-07-30,0.0,5646440000.0,,,,,21.258,-56202000.0,37913000.0,37913000.0,128099000.0,61111000.0,,0.943,2276447000.0,,,2276447000.0,0.0,35714000.0,38797000.0,0.079,0.39,61111000.0,96825000.0,0.513,96825000.0,61111000.0,61111000.0,0.39,0.39,0.39,2679988000.0,,2679988000.0,4512133267.0,22.0,13.93,43063000.0,0.342,1.0,60700000.0,0.322,0.0,0.0,7884974000.0,,0.0,0.0,,,2528497000.0,,,2417422267.0,19148000.0,-9120000.0,10432000.0,163358000.0,-49093000.0,102274000.0,-182391000.0,0.0,99265000.0,0.0,61111000.0,48859000.0,48859000.0,0.0,0.0,0.259,5164000.0,55536000.0,75774000.0,1.0,0.902,15.006,13.657,5243808000.0,12252000.0,19.12,3.64,3.629,81273000.0,-82666000.0,188799000.0,188799000.0,0.0,,,,,0.0,5164000.0,1.0,126434219.0,126070000,146326000.0,1.498,5646440000.0,0.0,0.0,54884000.0,44.788,
86,DRE,MRQ,1999-12-31,1999-12-31,1999-12-31,2021-07-30,0.0,5486238000.0,,,,,21.24,-131944000.0,18765000.0,18765000.0,118927000.0,53438000.0,,0.893,2113476000.0,,,2113476000.0,0.0,32357000.0,36156000.0,0.075,0.39,53438000.0,85795000.0,0.467,85795000.0,53438000.0,53438000.0,0.33,0.32,0.33,2668596000.0,,2668596000.0,4361206699.0,24.0,15.488,-74028000.0,-0.589,1.0,64697000.0,0.352,0.0,0.0,7580949000.0,,0.0,0.0,,,2383897000.0,,,2441631699.0,-26517000.0,-16802000.0,11413000.0,147820000.0,-48842000.0,85653000.0,-170086000.0,13807000.0,57916000.0,0.0,53438000.0,41184000.0,41184000.0,0.0,0.0,0.224,4819000.0,59878000.0,93164000.0,1.182,0.915,17.486,14.662,5192396000.0,12254000.0,19.5,4.141,3.469,86151000.0,-82432000.0,183624000.0,183624000.0,0.0,,,,,0.0,4819000.0,1.0,125211882.0,125638000,120511000.0,1.462,5486238000.0,0.0,0.0,47604000.0,43.667,
87,DRE,MRQ,1999-09-30,1999-09-30,1999-09-30,2021-07-30,0.0,5334662000.0,,,,,22.427,-162437000.0,45282000.0,45282000.0,111732000.0,53716000.0,,0.84,1964857000.0,,,1964857000.0,0.0,29944000.0,33845000.0,0.072,0.39,53716000.0,83660000.0,0.476,83660000.0,53716000.0,53716000.0,0.35,0.35,0.35,2664806000.0,,2664806000.0,3503572477.0,22.0,14.406,12796000.0,0.108,1.0,63943000.0,0.364,0.0,0.0,7254237000.0,,0.0,0.0,,,2237760000.0,,,2285760477.0,-127462000.0,16802000.0,165456000.0,-147764000.0,-45715000.0,-50873000.0,-251822000.0,-33833000.0,175233000.0,0.0,53716000.0,41462000.0,41462000.0,0.0,0.0,0.236,4626000.0,59317000.0,96841000.0,1.114,0.858,18.774,15.234,5053372000.0,12254000.0,19.5,4.508,4.57,77899000.0,-74774000.0,175675000.0,175675000.0,0.0,,,,,0.0,4626000.0,1.0,117218486.0,118820000,138923000.0,1.478,5334662000.0,0.0,0.0,60174000.0,44.897,
88,DRE,MRQ,1999-06-30,1999-06-30,1999-06-30,2021-07-30,0.0,3427712000.0,,,,,19.795,-96256000.0,172744000.0,172744000.0,72550000.0,38850000.0,,0.897,1390556000.0,,,1390556000.0,0.0,18789000.0,18973000.0,0.06,0.34,38850000.0,57639000.0,0.497,57639000.0,38850000.0,38850000.0,0.33,0.33,0.33,1748962000.0,,1748962000.0,3079945072.0,23.0,15.147,-46096000.0,-0.522,1.0,43491000.0,0.375,0.0,0.0,4645524000.0,,0.0,0.0,,,1569502000.0,,,2001381072.0,137748000.0,-8809000.0,24052000.0,259926000.0,-30163000.0,238329000.0,-150741000.0,3785000.0,50160000.0,0.0,38850000.0,29596000.0,29596000.0,0.0,0.0,0.255,3496000.0,39995000.0,64687000.0,1.03,1.144,19.292,18.492,3015723000.0,9254000.0,22.56,4.666,4.647,109644000.0,-70521000.0,116041000.0,116041000.0,0.0,,,,,0.0,3496000.0,1.0,88713700.0,88353000,98855000.0,1.313,3427712000.0,0.0,0.0,39348000.0,38.796,
89,DRE,MRQ,1999-03-31,1999-03-31,1999-03-31,2021-07-30,0.0,3068855000.0,,,,,19.449,-110376000.0,34996000.0,34996000.0,73119000.0,36236000.0,,0.763,1113560000.0,,,1113560000.0,0.0,18260000.0,22005000.0,0.061,0.34,36236000.0,54496000.0,0.477,54496000.0,36236000.0,36236000.0,0.32,0.32,0.32,1679808000.0,,1679808000.0,2864212514.0,24.0,15.317,-78050000.0,-0.904,1.0,41135000.0,0.36,0.0,0.0,4147419000.0,,0.0,0.0,,,1281618000.0,,,1863845514.0,28046000.0,8809000.0,13857000.0,97127000.0,-29349000.0,163340000.0,-167620000.0,0.0,32326000.0,0.0,36236000.0,27394000.0,27394000.0,0.0,0.0,0.24,3615000.0,37520000.0,52475000.0,1.062,1.11,19.414,18.534,2833070000.0,8842000.0,21.5,4.625,4.608,88159000.0,-69954000.0,114254000.0,114254000.0,0.0,,,,,0.0,3615000.0,1.0,86690489.0,86370000,98094000.0,1.323,3068855000.0,0.0,0.0,39750000.0,35.531,
90,DRE,MRQ,1998-12-31,1998-12-31,1998-12-31,2021-07-30,0.0,2853653000.0,,,,,18.596,84797000.0,6950000.0,6950000.0,65462000.0,29027000.0,,0.75,1007317000.0,,,1007317000.0,0.0,18375000.0,18534000.0,0.055,0.34,29027000.0,47402000.0,0.469,47402000.0,29027000.0,29027000.0,0.28,0.28,0.28,1570112000.0,,1570112000.0,2950918006.0,27.0,17.145,156876000.0,1.858,1.0,35570000.0,0.352,0.0,0.0,3854020000.0,,0.0,0.0,,,1176812000.0,,,1945906006.0,-15083000.0,0.0,74817000.0,-19728000.0,-28576000.0,145851000.0,-233013000.0,-14639000.0,72079000.0,0.0,29027000.0,23302000.0,23302000.0,0.0,0.0,0.231,3338000.0,32232000.0,59848000.0,1.214,1.239,21.414,20.575,2682499000.0,5725000.0,23.25,5.212,5.026,59135000.0,-67999000.0,101032000.0,101032000.0,0.0,,,,,0.0,3338000.0,1.0,83694882.0,84433000,96116000.0,1.197,2853653000.0,0.0,0.0,36075000.0,33.798,
91,DRE,MRQ,1998-09-30,1998-09-30,1998-09-30,2021-07-30,0.0,2651009000.0,,,,,16.798,-298873000.0,22033000.0,22033000.0,63929000.0,28151000.0,,0.855,1027045000.0,,,1027045000.0,0.0,15654000.0,17411000.0,0.053,0.34,28151000.0,43805000.0,0.449,43805000.0,28151000.0,28151000.0,0.29,0.29,0.29,1370651000.0,,1370651000.0,2809833602.0,27.0,17.357,-250075000.0,-3.065,1.0,33703000.0,0.345,0.0,0.0,3656021000.0,,0.0,0.0,,,1171655000.0,,,1878628602.0,-346000.0,0.0,33749000.0,73461000.0,-27554000.0,70169000.0,-119313000.0,1373000.0,48798000.0,0.0,28151000.0,23449000.0,23449000.0,0.0,0.0,0.24,2792000.0,30911000.0,47755000.0,1.172,1.371,21.6,21.082,2480860000.0,4702000.0,23.19,5.357,5.396,58369000.0,-62725000.0,97632000.0,97632000.0,0.0,,,,,0.0,2792000.0,1.0,81010289.0,81594000,93279000.0,1.197,2651009000.0,0.0,0.0,36559000.0,32.49,
92,DRE,MRQ,1998-06-30,1998-06-30,1998-06-30,2021-07-30,0.0,2530801000.0,,,,,16.745,-27945000.0,22379000.0,22379000.0,57965000.0,26561000.0,,0.806,953584000.0,,,953584000.0,0.0,14735000.0,18242000.0,0.051,0.3,26561000.0,41296000.0,0.458,41296000.0,26561000.0,26561000.0,0.27,0.27,0.27,1340948000.0,,1340948000.0,2680836569.0,27.0,18.013,33315000.0,0.416,1.0,32136000.0,0.357,0.0,0.0,3462006000.0,,0.0,0.0,,,1080629000.0,,,1906107569.0,-6790000.0,0.0,60352000.0,148291000.0,-24214000.0,174389000.0,-242439000.0,-8598000.0,61260000.0,0.0,26561000.0,21858000.0,21858000.0,0.0,0.0,0.243,3103000.0,29033000.0,38475000.0,1.111,1.421,23.697,22.075,2389790000.0,4703000.0,23.62,6.048,6.001,41933000.0,-58620000.0,90101000.0,90101000.0,0.0,,,,,0.0,3103000.0,1.0,80698881.0,80080000,91830000.0,1.125,2530801000.0,0.0,0.0,28775000.0,31.603,
93,DRE,MRQ,1998-03-31,1998-03-31,1998-03-31,2021-07-30,0.0,2298853000.0,,,,,16.661,-95026000.0,29169000.0,29169000.0,52823000.0,26965000.0,,0.716,803898000.0,,,803898000.0,0.0,12650000.0,17050000.0,0.047,0.3,26965000.0,39615000.0,0.468,39615000.0,26965000.0,26965000.0,0.29,0.29,0.29,1277177000.0,,1277177000.0,2591825812.0,29.0,19.518,-55975000.0,-0.73,1.0,31753000.0,0.375,0.0,0.0,3073582000.0,,0.0,0.0,,,913903000.0,,,1882059812.0,18816000.0,0.0,42560000.0,75979000.0,-22879000.0,88814000.0,-109049000.0,-6870000.0,39051000.0,0.0,26965000.0,22262000.0,22262000.0,0.0,0.0,0.263,2340000.0,29413000.0,34990000.0,1.034,1.474,25.685,23.67,2161790000.0,4703000.0,24.38,6.679,6.632,42360000.0,-56264000.0,84576000.0,84576000.0,0.0,,,,,0.0,2340000.0,1.0,77196875.0,76655000,88596000.0,1.103,2298853000.0,0.0,0.0,27997000.0,29.99,
94,DRE,MRQ,1997-12-31,1997-12-31,1997-12-31,2021-07-30,0.0,2176214000.0,,,,,16.339,116262000.0,10353000.0,10353000.0,49608000.0,24109000.0,,0.676,720119000.0,,,720119000.0,0.0,13064000.0,14268000.0,0.046,0.3,24109000.0,37173000.0,0.474,37173000.0,24109000.0,24109000.0,0.25,0.25,0.25,1234681000.0,,1234681000.0,,,,165319000.0,2.188,1.0,28765000.0,0.367,0.0,0.0,2885980000.0,,0.0,0.0,,,834169000.0,,,1872024219.0,-163779000.0,27774000.0,20767000.0,17077000.0,-22589000.0,3952000.0,-216788000.0,-29364000.0,49057000.0,0.0,24109000.0,19406000.0,19406000.0,0.0,0.0,0.248,2183000.0,26582000.0,42128000.0,1.2,1.516,28.364,24.495,2060463000.0,4703000.0,24.25,7.426,6.39,43378000.0,-55647000.0,78373000.0,78373000.0,0.0,,,,,0.0,2183000.0,1.0,77196875.0,75568000,86810000.0,1.037,2176214000.0,0.0,0.0,25203000.0,28.798,
95,DRE,MRQ,1997-09-30,1997-09-30,1997-09-30,2021-07-30,,,,,,,,-298759000.0,,,39356000.0,21281000.0,,,,,,,,9466000.0,,0.046,0.295,21281000.0,30747000.0,0.495,30747000.0,21281000.0,21281000.0,0.26,0.26,0.26,,,,,,,-260083000.0,-3.982,1.0,22779000.0,0.367,,0.0,,,,,,,,,,,171025000.0,0.0,236788000.0,-18618000.0,-18683000.0,337478000.0,-205129000.0,60045000.0,38676000.0,0.0,21281000.0,16911000.0,16911000.0,0.0,0.0,0.272,1457000.0,21322000.0,,1.135,,,,,4370000.0,22.81,,,,,62135000.0,62135000.0,0.0,,,,,0.0,1457000.0,1.0,,65309000,72971000.0,0.951,,,0.0,,,
96,DRE,MRQ,1997-06-30,1997-06-30,1997-06-30,2021-07-30,,,,,,,,-54641000.0,,,36630000.0,16402000.0,,,,,,,,8855000.0,,0.05,0.255,16402000.0,25257000.0,0.445,25257000.0,16402000.0,16402000.0,0.23,0.23,0.23,,,,,,,-12152000.0,-0.192,1.0,20085000.0,0.354,,0.0,,,,,,,,,,,-9890000.0,0.0,4294000.0,97301000.0,-16104000.0,81865000.0,-134244000.0,-32050000.0,42489000.0,0.0,16402000.0,14696000.0,14696000.0,0.0,0.0,0.259,1574000.0,18511000.0,,1.109,,,,,1706000.0,20.25,,,,,56715000.0,56715000.0,0.0,,,,,0.0,1574000.0,1.0,,63168000,70576000.0,0.898,,,0.0,,,
97,DRE,MRQ,1997-03-31,1997-03-31,1997-03-31,2021-07-30,,,,,,,,-35806000.0,,,35593000.0,16692000.0,,,,,,,,8386000.0,,0.049,0.255,16692000.0,25078000.0,0.457,25078000.0,16692000.0,16692000.0,0.24,0.24,0.24,,,,,,,-6833000.0,-0.111,1.0,19264000.0,0.351,,0.0,,,,,,,,,,,7663000.0,0.0,59390000.0,-19759000.0,-15807000.0,19853000.0,-41163000.0,1369000.0,28973000.0,0.0,16692000.0,14986000.0,14986000.0,0.0,0.0,0.273,1316000.0,17948000.0,,1.062,,,,,1706000.0,20.31,,,,,54857000.0,54857000.0,0.0,,,,,0.0,1316000.0,1.0,,61624000,69579000.0,0.89,,,0.0,,,
98,DRE,MRQ,1996-12-31,1996-12-31,1996-12-31,2021-07-30,0.0,1361142000.0,,,,,13.449,,5334000.0,5334000.0,,,,0.786,525815000.0,,,525815000.0,0.0,,7611000.0,0.051,0.255,,,,,,,,,,754932000.0,,754932000.0,,,,,,1.0,,,0.0,,1881623000.0,,0.0,0.0,,,593127000.0,,,,,,,,,,,,,,,,,,,,,,24752000.0,,,,21.154,1287831000.0,,19.25,,5.934,29075000.0,-48463000.0,,,,,,,,,,1.0,,56134000,,,1361142000.0,0.0,,14888000.0,24.248,
0,DRE,MRT,2021-06-30,2021-06-30,2021-06-30,2021-07-30,-29789000.0,9844160000.0,9248506500.0,,,0.118,14.43,-1040782000.0,11054000.0,11054000.0,329758000.0,500740000.0,,0.798,3714152000.0,,,3714152000.0,0.0,309706000.0,59294000.0,0.021,1.0,590458000.0,900164000.0,0.826,900164000.0,590458000.0,499772000.0,1.33,1.32,1.33,5425846000.0,5196999000.0,5425846000.0,21279434534.0,36.0,23.64,-423554000.0,-1.126,1.0,759544000.0,0.697,0.0,90686000.0,13547258000.0,12672936500.0,0.0,435606000.0,,,4329251000.0,,,17755552534.0,-5423000.0,11002000.0,298358000.0,590440000.0,-373238000.0,495131000.0,-1117782000.0,0.0,617228000.0,0.0,495818000.0,495818000.0,495818000.0,-40000.0,4922000.0,0.455,202438000.0,557106000.0,128406000.0,0.752,3.272,35.811,35.602,8452513000.0,0.0,47.35,16.3,16.345,226512000.0,-469076000.0,1089302000.0,1089302000.0,0.0,0.054,0.095,0.047,0.542,0.0,67131000.0,1.0,374985270.0,376020000,381621000.0,2.897,9844160000.0,0.0,3954000.0,80634000.0,26.18,
1,DRE,MRT,2021-03-31,2021-03-31,2021-03-31,2021-07-30,-30679000.0,9295447000.0,8929218750.0,,,0.118,13.865,-841091000.0,9009000.0,9009000.0,320535000.0,363304000.0,,0.779,3532891000.0,,,3532891000.0,0.0,304638000.0,60150000.0,0.023,0.98,452408000.0,757046000.0,0.717,757046000.0,452408000.0,359953000.0,0.97,0.96,0.97,5180959000.0,5087492500.0,5180959000.0,19003062132.0,42.0,25.102,-239063000.0,-0.64,1.0,735586000.0,0.696,0.0,92455000.0,12819329000.0,12189203250.0,0.0,0.0,,,4036306000.0,,,15672002132.0,-168272000.0,550000.0,212772000.0,311210000.0,-364035000.0,137520000.0,-907820000.0,0.0,602028000.0,0.0,359821000.0,359821000.0,359821000.0,-63000.0,3483000.0,0.341,295368000.0,440218000.0,88811000.0,1.01,3.025,43.555,43.227,8430337000.0,0.0,41.93,14.839,14.835,206344000.0,-548843000.0,1056121000.0,1056121000.0,0.0,0.04,0.071,0.037,0.428,0.0,64858000.0,1.0,373765851.0,373667000,377744000.0,2.826,9295447000.0,0.0,132000.0,80909000.0,24.876,
2,DRE,MRT,2020-12-31,2020-12-31,2020-12-31,2021-07-30,-31568000.0,9111394000.0,8748928000.0,,,0.114,13.952,-910473000.0,53991000.0,53991000.0,283910000.0,302760000.0,,0.751,3385051000.0,,,3385051000.0,0.0,297158000.0,57153000.0,0.024,0.96,388245000.0,685403000.0,0.69,685403000.0,388245000.0,294803000.0,0.81,0.8,0.81,5162972000.0,5032213500.0,5162972000.0,18006568305.0,46.0,26.272,-344037000.0,-0.93,1.0,709288000.0,0.714,0.0,93442000.0,12442454000.0,11867704000.0,0.0,67946000.0,,,3876946000.0,,,14866888305.0,-54208000.0,-5335000.0,187856000.0,418035000.0,-355287000.0,235577000.0,-856221000.0,0.0,566436000.0,0.0,299915000.0,299915000.0,299915000.0,-111000.0,2845000.0,0.302,303386000.0,405902000.0,62332000.0,1.185,2.88,49.57,49.346,8204578000.0,0.0,39.97,14.969,14.892,199730000.0,-532519000.0,993198000.0,993198000.0,0.0,0.034,0.06,0.033,0.391,0.0,62404000.0,1.0,371951171.0,370057000,374156000.0,2.684,9111394000.0,0.0,-5112000.0,76501000.0,24.622,
3,DRE,MRT,2020-09-30,2020-09-30,2020-09-30,2021-07-30,-32457000.0,8743025000.0,8576220000.0,,,0.112,13.523,-935679000.0,6748000.0,6748000.0,272002000.0,219918000.0,,0.728,3146428000.0,,,3146428000.0,0.0,289855000.0,47292000.0,0.025,0.94,309860000.0,599715000.0,0.626,599715000.0,309860000.0,218956000.0,0.58,0.59,0.58,5018219000.0,4995999250.0,5018219000.0,16719045866.0,54.0,27.878,-394926000.0,-1.064,1.0,685381000.0,0.716,0.0,90904000.0,11882705000.0,11562781250.0,0.0,0.0,,,3654378000.0,,,13673729866.0,-237134000.0,-10210000.0,169854000.0,322448000.0,-346810000.0,90865000.0,-868752000.0,0.0,540753000.0,0.0,217901000.0,217901000.0,217901000.0,-190000.0,2017000.0,0.228,370778000.0,314603000.0,83047000.0,1.621,2.725,62.752,63.621,7936350000.0,0.0,36.9,14.282,14.302,205026000.0,-606182000.0,957383000.0,957383000.0,0.0,0.025,0.044,0.027,0.324,0.0,58574000.0,1.0,370561785.0,371082000,374834000.0,2.58,8743025000.0,0.0,1055000.0,101846000.0,23.561,
4,DRE,MRT,2020-06-30,2020-06-30,2020-06-30,2021-07-30,-33346000.0,8567009000.0,8456202250.0,,,0.111,13.523,-635017000.0,29870000.0,29870000.0,264677000.0,375933000.0,,0.704,3075186000.0,,,3075186000.0,0.0,284466000.0,45931000.0,0.026,0.92,464568000.0,749034000.0,0.8,749034000.0,464568000.0,374119000.0,1.01,1.02,1.01,4987820000.0,4980927750.0,4987820000.0,15996092678.0,34.0,21.356,-125753000.0,-0.341,1.0,672007000.0,0.717,0.0,90449000.0,11612325000.0,11289620750.0,0.0,0.0,,,3509593000.0,,,13037044678.0,41569000.0,-7082000.0,307311000.0,174924000.0,-337283000.0,89755000.0,-557450000.0,0.0,509264000.0,0.0,372644000.0,372644000.0,372644000.0,-262000.0,3289000.0,0.398,200353000.0,471654000.0,111844000.0,0.911,2.614,34.985,35.04,7771520000.0,0.0,35.39,13.918,13.935,208889000.0,-590435000.0,936684000.0,936684000.0,0.0,0.044,0.075,0.041,0.496,0.0,60855000.0,1.0,368382161.0,368836000,372573000.0,2.54,8567009000.0,0.0,1475000.0,79204000.0,23.227,
5,DRE,MRT,2020-03-31,2020-03-31,2020-03-31,2021-07-30,-34235000.0,8574284000.0,8317981750.0,,,0.112,13.471,-675322000.0,187563000.0,187563000.0,273112000.0,407381000.0,,0.715,3146611000.0,,,3146611000.0,0.0,281581000.0,43074000.0,0.028,0.9,503236000.0,784817000.0,0.839,784817000.0,503236000.0,412118000.0,1.1,1.11,1.1,4959843000.0,4894122000.0,4959843000.0,14729144361.0,29.0,18.768,-169433000.0,-0.46,1.0,662087000.0,0.708,0.0,91118000.0,11533332000.0,11097649000.0,0.0,0.0,,,3547222000.0,,,11926943361.0,168315000.0,-4103000.0,273734000.0,276856000.0,-328027000.0,169875000.0,-507449000.0,0.0,505889000.0,0.0,403877000.0,403877000.0,403877000.0,-338000.0,3504000.0,0.432,169380000.0,492707000.0,89635000.0,0.818,2.405,29.531,29.436,7661983000.0,0.0,32.38,12.753,12.748,179960000.0,-543412000.0,935199000.0,935199000.0,0.0,0.049,0.083,0.045,0.538,0.0,60669000.0,1.0,368342908.0,368190000,371870000.0,2.54,8574284000.0,0.0,8241000.0,67421000.0,23.288,
6,DRE,MRT,2019-12-31,2019-12-31,2019-12-31,2021-07-30,-35036000.0,8420562000.0,8165030750.0,,,0.119,13.853,-660114000.0,112564000.0,112564000.0,316670000.0,432644000.0,,0.666,2914765000.0,,,2914765000.0,0.0,272422000.0,48907000.0,0.025,0.88,527414000.0,799836000.0,0.821,799836000.0,527414000.0,437658000.0,1.18,1.18,1.18,5018115000.0,4809563750.0,5018115000.0,15270784198.0,29.0,19.092,-154216000.0,-0.426,1.0,657089000.0,0.675,0.0,89756000.0,11222763000.0,10907818250.0,0.0,128463000.0,,,3340302000.0,,,12743675198.0,95914000.0,-8224000.0,272761000.0,251095000.0,-318702000.0,145090000.0,-555074000.0,0.0,505898000.0,0.0,428972000.0,428972000.0,428972000.0,-445000.0,3672000.0,0.441,163734000.0,493355000.0,68840000.0,0.746,2.54,29.707,29.381,7451453000.0,0.0,34.67,13.087,12.897,175300000.0,-475992000.0,973759000.0,973759000.0,0.0,0.053,0.089,0.048,0.542,0.0,60889000.0,1.0,367570672.0,362234000,367339000.0,2.688,8420562000.0,0.0,8686000.0,69042000.0,23.246,
7,DRE,MRT,2019-09-30,2019-09-30,2019-09-30,2021-07-30,-42104000.0,8262954000.0,8010896250.0,,,0.127,13.68,-597384000.0,240473000.0,240473000.0,367201000.0,409548000.0,,0.654,2767582000.0,,,2767582000.0,0.0,268051000.0,44167000.0,0.025,0.86,502979000.0,771030000.0,0.76,771030000.0,502979000.0,411864000.0,1.12,1.12,1.12,4957933000.0,4719585250.0,4957933000.0,15108563272.0,30.0,19.595,-80539000.0,-0.222,1.0,646940000.0,0.638,0.0,91115000.0,10790063000.0,10713283500.0,0.0,151289000.0,,,3241682000.0,,,12278252272.0,-22269000.0,-2534000.0,226994000.0,72213000.0,-309362000.0,-30440000.0,-508674000.0,0.0,516845000.0,0.0,406066000.0,406066000.0,406066000.0,-1001000.0,3482000.0,0.4,173387000.0,473553000.0,70310000.0,0.768,2.476,30.237,30.33,7152469000.0,0.0,33.97,12.107,12.14,168324000.0,-476136000.0,1014141000.0,1014141000.0,0.0,0.051,0.086,0.047,0.496,0.0,61900000.0,1.0,361443988.0,362416000,367271000.0,2.798,8262954000.0,0.0,5798000.0,85684000.0,22.8,
8,DRE,MRT,2019-06-30,2019-06-30,2019-06-30,2021-07-30,-28717000.0,8014127000.0,7901360250.0,,,0.127,12.902,-1021788000.0,8664000.0,8664000.0,375177000.0,234540000.0,,0.714,2838975000.0,,,2838975000.0,0.0,262089000.0,43136000.0,0.027,0.845,327935000.0,590024000.0,0.587,590024000.0,327935000.0,237962000.0,0.65,0.65,0.65,4640597000.0,4648217250.0,4640597000.0,14173050672.0,43.0,24.021,-510207000.0,-1.418,1.0,629533000.0,0.627,0.0,89973000.0,10844438000.0,10565263750.0,0.0,163022000.0,,,3312006000.0,,,11361521672.0,-225615000.0,-3571000.0,75665000.0,455221000.0,-303245000.0,200860000.0,-938056000.0,0.0,511581000.0,0.0,232525000.0,232525000.0,232525000.0,-1110000.0,2015000.0,0.231,336371000.0,293162000.0,67062000.0,1.3,2.448,48.862,48.631,7148064000.0,0.0,31.61,11.308,11.316,163834000.0,-624674000.0,1004710000.0,1004710000.0,0.0,0.029,0.05,0.031,0.326,0.0,57139000.0,1.0,359428082.0,359681000,362926000.0,2.793,8014127000.0,0.0,5437000.0,76085000.0,22.281,
9,DRE,MRT,2019-03-31,2019-03-31,2019-03-31,2021-07-30,-14018000.0,7962480000.0,7773533000.0,,,0.126,12.869,-858449000.0,15295000.0,15295000.0,364842000.0,358543000.0,,0.71,2826824000.0,,,2826824000.0,0.0,254729000.0,45426000.0,0.027,0.83,441339000.0,696068000.0,0.712,696068000.0,441339000.0,354201000.0,0.99,0.99,0.99,4621610000.0,4653191000.0,4621610000.0,13626269105.0,31.0,19.576,-372645000.0,-1.038,1.0,613400000.0,0.627,0.0,87138000.0,10774009000.0,10276103750.0,0.0,239490000.0,,,3281309000.0,,,10985669105.0,-206195000.0,1335000.0,38699000.0,355972000.0,-297341000.0,70401000.0,-762400000.0,0.0,485804000.0,0.0,355317000.0,355317000.0,355317000.0,-3931000.0,3226000.0,0.363,208025000.0,405375000.0,76380000.0,0.838,2.377,30.918,30.889,7026939000.0,0.0,30.58,11.23,11.227,153801000.0,-618123000.0,978242000.0,978242000.0,0.0,0.046,0.076,0.043,0.451,0.0,57178000.0,1.0,359243594.0,359139000,362362000.0,2.724,7962480000.0,0.0,-1116000.0,67460000.0,22.171,
10,DRE,MRT,2018-12-31,2018-12-31,2018-12-31,2021-07-30,-4676000.0,7804024000.0,7639831500.0,,,0.124,13.027,-711835000.0,17901000.0,17901000.0,350614000.0,387268000.0,,0.664,2658501000.0,,,2658501000.0,0.0,256250000.0,45048000.0,0.031,0.815,477563000.0,733813000.0,0.774,733813000.0,477563000.0,392557000.0,1.07,1.07,1.07,4658201000.0,4631164750.0,4658201000.0,11653644025.0,24.0,15.881,-227428000.0,-0.636,1.0,597256000.0,0.63,0.0,85006000.0,10444624000.0,10008619750.0,0.0,273632000.0,,,3090781000.0,,,9280470025.0,-168110000.0,17213000.0,34913000.0,218488000.0,-291502000.0,-58087000.0,-594430000.0,0.0,484407000.0,0.0,383729000.0,383729000.0,383729000.0,-3900000.0,3539000.0,0.405,158344000.0,438912000.0,92288000.0,0.762,1.992,24.185,24.206,6852943000.0,0.0,25.9,9.791,9.77,164803000.0,-585087000.0,947870000.0,947870000.0,0.0,0.05,0.083,0.048,0.504,0.0,56218000.0,1.0,358319306.0,357569000,363297000.0,2.651,7804024000.0,0.0,8828000.0,73358000.0,21.825,
11,DRE,MRT,2018-09-30,2018-09-30,2018-09-30,2021-07-30,0.0,7824810000.0,7535874500.0,,,0.118,13.055,-846862000.0,261002000.0,261002000.0,315539000.0,513008000.0,,0.663,2634176000.0,,,2634176000.0,0.0,253148000.0,38773000.0,0.058,1.65,593211000.0,846359000.0,0.948,846359000.0,593211000.0,509472000.0,1.41,1.42,1.41,4672461000.0,4599825500.0,4672461000.0,12320732624.0,21.0,14.557,-386882000.0,-1.081,1.0,577093000.0,0.647,0.0,83739000.0,10197984000.0,9804243750.0,0.0,330397000.0,,,3099886000.0,,,10135752624.0,-293508000.0,25749000.0,36665000.0,544141000.0,-588525000.0,-38807000.0,-714681000.0,0.0,459980000.0,0.0,508252000.0,508252000.0,508252000.0,-130733000.0,4756000.0,0.569,148770000.0,428323000.0,100323000.0,1.17,2.169,19.942,20.121,6586469000.0,0.0,28.37,11.355,11.375,155673000.0,-571617000.0,892632000.0,892632000.0,0.0,0.067,0.11,0.061,0.665,0.0,57220000.0,1.0,357270096.0,357898000,361410000.0,2.494,7824810000.0,0.0,1220000.0,89671000.0,21.863,
12,DRE,MRT,2018-06-30,2018-06-30,2018-06-30,2021-07-30,0.0,7502818000.0,7404039750.0,,,0.116,13.053,-795362000.0,232449000.0,232449000.0,301486000.0,625112000.0,,0.599,2417429000.0,,,2417429000.0,0.0,243762000.0,41562000.0,0.056,1.64,706084000.0,949846000.0,1.11,949846000.0,706084000.0,622972000.0,1.72,1.73,1.72,4660492000.0,4609306250.0,4660492000.0,12640983964.0,18.0,13.308,-345876000.0,-0.969,1.0,554076000.0,0.648,0.0,83112000.0,9687798000.0,9477126750.0,0.0,276766000.0,,,2793848000.0,,,10364584964.0,-725326000.0,19937000.0,10612000.0,121295000.0,-584508000.0,-487825000.0,-686987000.0,0.0,449486000.0,0.0,620496000.0,620496000.0,620496000.0,-254130000.0,4616000.0,0.725,118502000.0,435574000.0,93515000.0,0.953,2.224,16.704,16.878,6366076000.0,0.0,29.03,12.114,12.115,129919000.0,-552685000.0,855562000.0,855562000.0,0.0,0.084,0.135,0.075,0.825,0.0,58336000.0,1.0,357030140.0,357054000,362741000.0,2.396,7502818000.0,0.0,2476000.0,75768000.0,21.013,
13,DRE,MRT,2018-03-31,2018-03-31,2018-03-31,2021-07-30,0.0,7427674000.0,7357727500.0,,,0.113,12.708,802515000.0,220057000.0,220057000.0,302442000.0,1657208000.0,,0.628,2496456000.0,,,2496456000.0,0.0,240378000.0,44610000.0,0.062,1.63,1729150000.0,1969528000.0,2.36,1969528000.0,1729150000.0,1645033000.0,4.58,4.57,4.58,4533505000.0,4597720500.0,4533505000.0,11692008423.0,7.0,5.936,1256173000.0,3.521,1.0,531974000.0,0.638,0.0,84117000.0,9704073000.0,9225738000.0,0.0,408529000.0,,,2846490000.0,,,9453084423.0,148787000.0,119476000.0,12846000.0,-628270000.0,-580676000.0,-1231313000.0,926442000.0,0.0,453658000.0,0.0,1637194000.0,1637194000.0,1637194000.0,-1359783000.0,20014000.0,1.962,221970000.0,310004000.0,53339000.0,0.356,2.085,5.774,5.782,6192808000.0,0.0,26.48,11.329,11.321,135897000.0,-674920000.0,834416000.0,834416000.0,0.0,0.223,0.356,0.187,2.072,0.0,56735000.0,1.0,356989593.0,356740000,360400000.0,2.339,7427674000.0,0.0,7839000.0,71234000.0,20.821,
14,DRE,MRT,2017-12-31,2017-12-31,2017-12-31,2021-07-30,0.0,7388196000.0,7240436500.0,,,0.108,12.741,694797000.0,183967000.0,183967000.0,261345000.0,1654341000.0,,0.621,2422891000.0,,,2422891000.0,0.0,242606000.0,39109000.0,0.06,1.62,1721077000.0,1963683000.0,2.515,1963683000.0,1721077000.0,1634074000.0,4.58,4.56,4.58,4532844000.0,4331144500.0,4532844000.0,11282637528.0,7.0,5.746,1145001000.0,3.218,1.0,519589000.0,0.665,0.0,87003000.0,9627120000.0,9306065500.0,0.0,444207000.0,,,2813818000.0,,,9690592528.0,136590000.0,114633000.0,12926000.0,-489861000.0,-576832000.0,-1089526000.0,775912000.0,0.0,450204000.0,0.0,1634431000.0,1634431000.0,1634431000.0,-1363749000.0,19910000.0,2.093,214285000.0,305304000.0,54545000.0,0.354,2.138,5.929,5.941,6154543000.0,0.0,27.21,12.409,12.396,125912000.0,-676036000.0,780934000.0,780934000.0,0.0,0.226,0.377,0.185,2.204,0.0,54944000.0,1.0,356140850.0,355762000,362011000.0,2.195,7388196000.0,0.0,-357000.0,67374000.0,20.767,
15,DRE,MRT,2017-09-30,2017-09-30,2017-09-30,2021-07-30,0.0,7297471000.0,7086388000.0,,,0.105,13.235,959004000.0,539835000.0,539835000.0,245640000.0,1512355000.0,,0.54,2131880000.0,,,2131880000.0,0.0,243783000.0,36285000.0,0.026,0.76,1593447000.0,1837230000.0,2.461,1837230000.0,1593447000.0,1501268000.0,4.2,4.17,4.2,4710384000.0,4064388000.0,4710384000.0,11616871076.0,7.0,6.323,1423464000.0,4.0,1.0,500821000.0,0.671,0.0,92179000.0,8889516000.0,9306220000.0,0.0,490282000.0,,,2544096000.0,,,10252197076.0,416674000.0,173469000.0,9597000.0,-889862000.0,-270164000.0,-1174604000.0,1126818000.0,2339000.0,464460000.0,0.0,1493767000.0,1493767000.0,1493767000.0,-1244867000.0,18588000.0,2.001,187710000.0,313111000.0,70432000.0,0.181,2.177,6.863,6.862,5676390000.0,0.0,28.82,13.734,13.741,121993000.0,-488328000.0,746461000.0,746461000.0,0.0,0.211,0.368,0.171,2.135,0.0,54338000.0,1.0,355732029.0,355905000,362102000.0,2.097,7297471000.0,0.0,7501000.0,83152000.0,20.504,
16,DRE,MRT,2017-06-30,2017-06-30,2017-06-30,2021-07-30,0.0,7317569000.0,6977540500.0,,,0.105,12.974,1282474000.0,915454000.0,915454000.0,237296000.0,1459887000.0,,0.575,2280128000.0,,,2280128000.0,0.0,253708000.0,38195000.0,0.027,0.75,1545922000.0,1799630000.0,2.454,1799630000.0,1545922000.0,1447295000.0,4.06,4.03,4.06,4614149000.0,3757202750.0,4614149000.0,13005702912.0,8.0,7.227,1772626000.0,4.984,1.0,496010000.0,0.676,0.0,98627000.0,8682243000.0,9519571250.0,0.0,637600000.0,,,2654113000.0,,,9938829912.0,836844000.0,177655000.0,124104000.0,-962680000.0,-265759000.0,-1116782000.0,1463474000.0,14627000.0,490152000.0,0.0,1440512000.0,1440512000.0,1440512000.0,-1125817000.0,19375000.0,1.964,127389000.0,368621000.0,73749000.0,0.185,2.154,6.9,6.884,5169529000.0,0.0,27.95,13.553,13.556,119678000.0,-585592000.0,733306000.0,733306000.0,0.0,0.206,0.383,0.162,2.108,0.0,56797000.0,1.0,355593199.0,355647000,361981000.0,2.062,7317569000.0,0.0,6783000.0,65551000.0,20.575,
17,DRE,MRT,2017-03-31,2017-03-31,2017-03-31,2021-07-30,426000.0,6958510000.0,6864404500.0,,,0.106,9.759,-284632000.0,13389000.0,13389000.0,237658000.0,342303000.0,,0.998,3080262000.0,,,3080262000.0,0.0,259471000.0,43385000.0,0.028,0.74,446694000.0,706165000.0,0.97,706165000.0,446694000.0,340236000.0,0.97,0.96,0.97,3467201000.0,3432262750.0,3467201000.0,12236335022.0,27.0,17.328,209222000.0,0.589,1.0,490190000.0,0.673,0.0,106458000.0,10025383000.0,9841787000.0,0.0,81563000.0,,,3460630000.0,,,9340497022.0,24512000.0,72698000.0,220496000.0,-313939000.0,-260571000.0,-373184000.0,-96158000.0,-6215000.0,493854000.0,0.0,339036000.0,339036000.0,339036000.0,-19774000.0,3267000.0,0.466,122606000.0,367584000.0,67004000.0,0.763,2.694,27.55,27.082,6117932000.0,0.0,26.27,12.833,12.823,140173000.0,-1728170000.0,727848000.0,727848000.0,0.0,0.049,0.099,0.045,0.614,0.0,56523000.0,1.0,355557557.0,355282000,360700000.0,2.049,6958510000.0,0.0,1200000.0,69823000.0,19.586,
18,DRE,MRT,2016-12-31,2016-12-31,2016-12-31,2021-07-30,682000.0,6772002000.0,6849017000.0,,,0.107,9.904,-192202000.0,52741000.0,52741000.0,253728000.0,315278000.0,,0.946,2908477000.0,,,2908477000.0,0.0,255419000.0,33100000.0,0.027,0.73,424311000.0,679730000.0,0.93,679730000.0,424311000.0,311554000.0,0.89,0.88,0.89,3465818000.0,3356820250.0,3465818000.0,12301499254.0,29.0,18.098,264815000.0,0.757,1.0,476783000.0,0.653,0.0,112757000.0,9627738000.0,9901036250.0,0.0,1349718000.0,,,3278709000.0,,,9420659254.0,-4920000.0,68137000.0,220258000.0,-440548000.0,-255279000.0,-492036000.0,30099000.0,0.0,457017000.0,0.0,312143000.0,312143000.0,312143000.0,-16857000.0,3135000.0,0.427,147870000.0,328913000.0,44250000.0,0.82,2.718,30.181,29.843,4840748000.0,0.0,26.56,12.896,12.723,104551000.0,-1730423000.0,730511000.0,730511000.0,0.0,0.046,0.093,0.043,0.581,0.0,55389000.0,1.0,354693496.0,349942000,357076000.0,2.088,6772002000.0,0.0,-589000.0,59112000.0,19.352,
19,DRE,MRT,2016-09-30,2016-09-30,2016-09-30,2021-07-30,938000.0,6862081000.0,6879895250.0,,,0.095,9.895,-95836000.0,110211000.0,110211000.0,231344000.0,291617000.0,,0.963,2991051000.0,,,2991051000.0,0.0,253102000.0,41292000.0,0.034,0.92,386854000.0,639956000.0,0.977,639956000.0,386854000.0,288648000.0,0.81,0.82,0.81,3481643000.0,3285848750.0,3481643000.0,12692283502.0,33.0,19.833,367027000.0,1.043,1.0,423544000.0,0.647,0.0,98206000.0,9742921000.0,10042382500.0,0.0,18184000.0,,,3353159000.0,,,9586202502.0,-65663000.0,-3422000.0,217451000.0,-440716000.0,-319087000.0,-566706000.0,38180000.0,-16234000.0,462863000.0,0.0,288640000.0,288640000.0,288640000.0,-15696000.0,2977000.0,0.441,116047000.0,307497000.0,51339000.0,1.136,2.753,33.212,33.741,6000523000.0,0.0,27.33,14.638,14.684,153302000.0,-1710215000.0,654888000.0,654888000.0,0.0,0.042,0.088,0.039,0.591,0.0,53199000.0,1.0,350757501.0,351856000,358981000.0,1.861,6862081000.0,0.0,8000.0,93722000.0,19.503,
20,DRE,MRT,2016-06-30,2016-06-30,2016-06-30,2021-07-30,1216000.0,6865025000.0,6949352250.0,,,0.102,9.539,-56093000.0,91700000.0,91700000.0,258761000.0,255666000.0,,1.063,3197781000.0,,,3197781000.0,0.0,251653000.0,41607000.0,0.034,0.91,362660000.0,614313000.0,0.868,614313000.0,362660000.0,250122000.0,0.71,0.72,0.71,3314389000.0,3237254250.0,3314389000.0,12588304449.0,35.0,20.492,353107000.0,1.016,1.0,448991000.0,0.634,0.0,112538000.0,9971106000.0,10209166000.0,0.0,3462000.0,,,3524816000.0,,,9222884449.0,71446000.0,-3422000.0,99618000.0,-243956000.0,-314546000.0,-481993000.0,144239000.0,-31423000.0,409200000.0,0.0,253060000.0,253060000.0,253060000.0,-11196000.0,2606000.0,0.358,143739000.0,305252000.0,46100000.0,1.282,2.783,36.445,37.549,6044417000.0,0.0,26.66,13.031,13.088,154972000.0,-1758547000.0,707752000.0,707752000.0,0.0,0.036,0.078,0.036,0.512,0.0,52005000.0,1.0,345944653.0,347464000,354433000.0,2.037,6865025000.0,0.0,-2938000.0,78117000.0,19.758,
21,DRE,MRT,2016-03-31,2016-03-31,2016-03-31,2021-07-30,1511000.0,6896960000.0,7011726250.0,,,0.107,9.158,1057429000.0,15640000.0,15640000.0,274196000.0,599648000.0,,1.171,3381060000.0,,,3381060000.0,0.0,248968000.0,36534000.0,0.04,0.9,714307000.0,963275000.0,1.285,963275000.0,714307000.0,588304000.0,1.7,1.71,1.7,3165431000.0,3224767250.0,3165431000.0,11115823781.0,16.0,11.54,1474273000.0,4.265,1.0,475499000.0,0.634,0.0,126003000.0,10262380000.0,10355142000.0,0.0,64161000.0,,,3706843000.0,,,7796617781.0,-2166000.0,-3422000.0,196000.0,-1173424000.0,-310824000.0,-1500312000.0,1081302000.0,53740000.0,416844000.0,0.0,593373000.0,593373000.0,593373000.0,-404836000.0,6275000.0,0.791,84728000.0,390771000.0,55121000.0,0.529,2.463,13.139,13.259,5941591000.0,0.0,22.54,10.4,10.393,155294000.0,-1804765000.0,749695000.0,749695000.0,0.0,0.085,0.184,0.069,0.953,0.0,59659000.0,1.0,345901410.0,345665000,349674000.0,2.169,6896960000.0,0.0,-5069000.0,71197000.0,19.953,
22,DRE,MRT,2015-12-31,2015-12-31,2015-12-31,2021-07-30,1806000.0,6895515000.0,7220112250.0,,,0.11,9.221,1174594000.0,22533000.0,22533000.0,308297000.0,621861000.0,,1.16,3320141000.0,,,3320141000.0,0.0,253683000.0,40506000.0,0.042,0.89,749640000.0,1003323000.0,1.267,1003323000.0,749640000.0,611382000.0,1.77,1.77,1.77,3181932000.0,3151834000.0,3181932000.0,10527602322.0,14.0,10.493,1561245000.0,4.525,1.0,483879000.0,0.611,0.0,138258000.0,10193123000.0,10828813500.0,0.0,45801000.0,,,3690714000.0,,,7257456322.0,4611000.0,-3422000.0,4530000.0,-1190416000.0,-307169000.0,-1503339000.0,1121299000.0,0.0,386651000.0,0.0,615310000.0,615310000.0,615310000.0,-433613000.0,6551000.0,0.777,68452000.0,415427000.0,54921000.0,0.503,2.281,11.795,11.876,5912672000.0,0.0,21.02,9.161,9.156,152086000.0,-1785250000.0,792176000.0,792176000.0,0.0,0.085,0.195,0.069,0.946,0.0,58565000.0,1.0,345264335.0,345057000,352197000.0,2.296,6895515000.0,0.0,-3928000.0,71617000.0,19.984,
23,DRE,MRT,2015-09-30,2015-09-30,2015-09-30,2021-07-30,2066000.0,7139909000.0,7434943250.0,,,0.131,9.521,1152808000.0,175874000.0,175874000.0,377258000.0,610142000.0,,1.165,3446020000.0,,,3446020000.0,0.0,265451000.0,39830000.0,0.036,0.68,781085000.0,1046536000.0,1.074,1046536000.0,781085000.0,596326000.0,1.69,1.69,1.69,3287265000.0,3071432250.0,3287265000.0,10017544648.0,13.0,9.572,1554514000.0,4.502,1.0,596897000.0,0.613,0.0,184759000.0,10410055000.0,11317921750.0,0.0,8920000.0,,,3828466000.0,,,6577055648.0,109742000.0,0.0,37752000.0,-841410000.0,-234277000.0,-1392555000.0,1100591000.0,29892000.0,401706000.0,0.0,603874000.0,588047000.0,588047000.0,-429192000.0,6268000.0,0.604,180421000.0,416476000.0,66709000.0,0.402,2.001,11.185,11.272,5977284000.0,15827000.0,19.05,6.752,6.752,162446000.0,-1677314000.0,974155000.0,974155000.0,0.0,0.079,0.191,0.069,0.802,0.0,61312000.0,1.0,345252265.0,345256000,352150000.0,2.822,7139909000.0,0.0,-7548000.0,91252000.0,20.68,
24,DRE,MRT,2015-06-30,2015-06-30,2015-06-30,2021-07-30,2340000.0,7114521000.0,7621014750.0,,,0.131,9.459,1027973000.0,20254000.0,20254000.0,401583000.0,604491000.0,,1.171,3460743000.0,,,3460743000.0,0.0,274285000.0,36480000.0,0.037,0.68,784121000.0,1058406000.0,1.057,1058406000.0,784121000.0,593556000.0,1.65,1.65,1.65,3264441000.0,3050167750.0,3264441000.0,10834113499.0,14.0,10.236,1444082000.0,4.185,1.0,599841000.0,0.599,0.0,190565000.0,10555010000.0,11722060500.0,0.0,72384000.0,,,3822678000.0,,,6407551499.0,-971000.0,0.0,102771000.0,-769242000.0,-233582000.0,-1358378000.0,941298000.0,60845000.0,416109000.0,0.0,598241000.0,573146000.0,573146000.0,-432520000.0,6250000.0,0.572,212440000.0,387401000.0,63396000.0,0.412,1.963,11.18,11.255,5998691000.0,25095000.0,18.57,6.398,6.399,148433000.0,-1694574000.0,1001424000.0,1001424000.0,0.0,0.075,0.188,0.067,0.783,0.0,60545000.0,1.0,345048546.0,345098000,349161000.0,2.902,7114521000.0,0.0,-4685000.0,73556000.0,20.616,
25,DRE,MRT,2015-03-31,2015-03-31,2015-03-31,2021-07-30,2739000.0,7730504000.0,7808010500.0,,,0.134,8.339,-147092000.0,17806000.0,17806000.0,446734000.0,286853000.0,,1.683,4444368000.0,,,4444368000.0,0.0,285721000.0,38063000.0,0.031,0.68,480599000.0,766320000.0,0.73,766320000.0,480599000.0,281562000.0,0.73,0.73,0.73,2873698000.0,3040281000.0,2873698000.0,11940605535.0,25.0,15.582,280936000.0,0.815,1.0,603085000.0,0.574,0.0,199037000.0,12157066000.0,12077099000.0,0.0,840018000.0,,,4836321000.0,,,7505124535.0,-1668000.0,0.0,270221000.0,159047000.0,-231238000.0,-274959000.0,-154737000.0,30526000.0,428028000.0,0.0,283595000.0,251454000.0,251454000.0,-44126000.0,3258000.0,0.24,261433000.0,341652000.0,46723000.0,0.932,2.612,29.847,29.822,6033325000.0,32141000.0,21.77,7.149,7.146,184456000.0,-2084810000.0,1049819000.0,1049819000.0,0.0,0.032,0.083,0.04,0.458,0.0,51672000.0,1.0,344746189.0,344597000,348653000.0,3.047,7730504000.0,0.0,-2033000.0,70130000.0,22.433,
26,DRE,MRT,2014-12-31,2014-12-31,2014-12-31,2021-07-30,3026000.0,7754839000.0,7817225250.0,,,0.134,8.519,-245709000.0,17922000.0,17922000.0,451322000.0,246455000.0,,1.704,4412639000.0,,,4412639000.0,0.0,290279000.0,44142000.0,0.034,0.68,438930000.0,729209000.0,0.697,729209000.0,438930000.0,242744000.0,0.6,0.6,0.6,2860325000.0,3068284500.0,2860325000.0,11045046082.0,25.0,15.147,198778000.0,0.592,1.0,595529000.0,0.569,0.0,196186000.0,12149556000.0,12055607250.0,0.0,725051000.0,,,4874959000.0,,,6902631082.0,-1353000.0,0.0,289122000.0,198335000.0,-228227000.0,-238809000.0,-207031000.0,80177000.0,444487000.0,0.0,243588000.0,204893000.0,204893000.0,-30865000.0,2867000.0,0.196,278778000.0,316751000.0,69470000.0,1.133,2.413,33.689,33.667,6203592000.0,38695000.0,20.2,6.594,6.479,172049000.0,-2090942000.0,1046851000.0,1046851000.0,0.0,0.026,0.067,0.036,0.419,0.0,49362000.0,1.0,341714410.0,335777000,340446000.0,3.118,7754839000.0,0.0,-844000.0,76308000.0,23.095,
27,DRE,MRT,2014-09-30,2014-09-30,2014-09-30,2021-07-30,3313000.0,7884195000.0,7816669000.0,,,0.123,9.386,-48197000.0,66132000.0,66132000.0,423003000.0,314912000.0,,1.454,4208547000.0,,,4208547000.0,0.0,291428000.0,48392000.0,0.04,0.68,488656000.0,780084000.0,0.811,780084000.0,488656000.0,309717000.0,0.84,0.84,0.84,3202207000.0,3106514000.0,3202207000.0,9973824174.0,20.0,12.786,390854000.0,1.146,1.0,538475000.0,0.56,0.0,178939000.0,12026610000.0,12015147000.0,0.0,35414000.0,,,4654985000.0,,,5861164174.0,42020000.0,0.0,273121000.0,-231291000.0,-225403000.0,-344506000.0,-52525000.0,44271000.0,439051000.0,0.0,307701000.0,277478000.0,277478000.0,-63722000.0,7211000.0,0.289,182903000.0,355572000.0,93080000.0,0.81,1.83,21.123,20.452,6896127000.0,30223000.0,17.18,6.096,6.096,194071000.0,-2029080000.0,961478000.0,961478000.0,0.0,0.035,0.089,0.041,0.508,0.0,45080000.0,1.0,341162059.0,341165000,345826000.0,2.818,7884195000.0,0.0,2016000.0,103573000.0,23.11,
28,DRE,MRT,2014-06-30,2014-06-30,2014-06-30,2021-07-30,3600000.0,7862504000.0,7817330000.0,,,0.126,9.721,-96480000.0,21225000.0,21225000.0,441129000.0,244692000.0,,1.43,4133885000.0,,,4133885000.0,0.0,291848000.0,49080000.0,0.037,0.68,424283000.0,716131000.0,0.728,716131000.0,424283000.0,236147000.0,0.64,0.64,0.64,3224894000.0,3050872500.0,3224894000.0,10287262832.0,24.0,14.365,345021000.0,1.04,1.0,543005000.0,0.552,0.0,188136000.0,11975164000.0,12082979000.0,0.0,29780000.0,,,4610644000.0,,,5983526832.0,-177000.0,0.0,238870000.0,-252064000.0,-222662000.0,-301631000.0,-140047000.0,7589000.0,441501000.0,0.0,238189000.0,209878000.0,209878000.0,-70265000.0,6503000.0,0.213,239025000.0,303980000.0,101792000.0,1.062,1.855,28.51,28.375,6884965000.0,28311000.0,18.16,6.08,6.122,200299000.0,-2031957000.0,984134000.0,984134000.0,0.0,0.027,0.069,0.035,0.431,0.0,44880000.0,1.0,329489363.0,331753000,336414000.0,2.966,7862504000.0,0.0,-2042000.0,84634000.0,23.7,
29,DRE,MRT,2014-03-31,2014-03-31,2014-03-31,2021-07-30,3832000.0,7767363000.0,7822679500.0,,,0.125,9.128,-275632000.0,19474000.0,19474000.0,428591000.0,177997000.0,,1.591,4323210000.0,,,4323210000.0,0.0,289428000.0,50264000.0,0.04,0.68,363605000.0,653033000.0,0.669,653033000.0,363605000.0,169898000.0,0.45,0.45,0.45,2985712000.0,2996740250.0,2985712000.0,9755487214.0,27.0,14.939,145747000.0,0.446,1.0,547352000.0,0.561,0.0,193707000.0,12071099000.0,12154007250.0,0.0,34826000.0,,,4750701000.0,,,5520386214.0,-287693000.0,0.0,98788000.0,-162148000.0,-221215000.0,-346112000.0,-362960000.0,-34827000.0,421379000.0,0.0,172304000.0,143684000.0,143684000.0,-146274000.0,5693000.0,0.147,320289000.0,227063000.0,72695000.0,1.511,1.849,38.42,37.511,6828050000.0,28620000.0,16.88,5.656,5.658,188882000.0,-2100245000.0,975943000.0,975943000.0,0.0,0.018,0.048,0.03,0.373,0.0,44222000.0,1.0,327037098.0,327106000,331716000.0,2.984,7767363000.0,0.0,-2406000.0,77169000.0,23.746,
30,DRE,MRT,2013-12-31,2013-12-31,2013-12-31,2021-07-30,4119000.0,7752614000.0,7831363500.0,,,0.124,9.354,-301283000.0,19275000.0,19275000.0,416317000.0,196549000.0,,1.562,4254376000.0,,,4254376000.0,0.0,288583000.0,44550000.0,0.045,0.68,387686000.0,676269000.0,0.698,676269000.0,387686000.0,185512000.0,0.47,0.47,0.47,3013243000.0,2992956500.0,3013243000.0,9310987443.0,24.0,13.768,134393000.0,0.417,1.0,552443000.0,0.57,0.0,202174000.0,11987715000.0,12108564750.0,0.0,57466000.0,,,4707985000.0,,,4899888443.0,-14614000.0,0.0,649690000.0,-332100000.0,-220297000.0,-130908000.0,-319382000.0,47438000.0,435676000.0,0.0,190592000.0,153044000.0,153044000.0,-137047000.0,5957000.0,0.158,339324000.0,213119000.0,69380000.0,1.447,1.626,32.016,32.0,6791221000.0,37548000.0,15.04,5.058,5.001,163633000.0,-2062787000.0,968760000.0,968760000.0,0.0,0.02,0.051,0.032,0.4,0.0,42673000.0,1.0,325790455.0,322133000,326712000.0,3.007,7752614000.0,0.0,-5080000.0,74696000.0,24.067,
31,DRE,MRT,2013-09-30,2013-09-30,2013-09-30,2021-07-30,3780000.0,7886839000.0,7783235250.0,,,0.134,9.171,-905309000.0,24112000.0,24112000.0,451534000.0,92811000.0,,1.636,4435211000.0,,,4435211000.0,0.0,283464000.0,45702000.0,0.044,0.68,311711000.0,595175000.0,0.572,595175000.0,311711000.0,87202000.0,0.14,0.14,0.14,2979641000.0,2887499250.0,2979641000.0,9393918720.0,30.0,15.783,-490064000.0,-1.508,1.0,588314000.0,0.566,0.0,224509000.0,12297938000.0,12104731500.0,0.0,57790000.0,,,4873895000.0,,,5018543720.0,-89040000.0,0.0,711525000.0,113933000.0,-211620000.0,385248000.0,-889533000.0,58363000.0,415245000.0,0.0,91702000.0,50427000.0,50427000.0,-105320000.0,1109000.0,0.048,429078000.0,159236000.0,78376000.0,4.857,1.684,99.521,110.286,6885964000.0,41275000.0,15.44,4.826,4.824,173297000.0,-2076299000.0,1039848000.0,1039848000.0,0.0,0.006,0.017,0.026,0.3,0.0,47282000.0,1.0,325035215.0,324895000,324895000.0,3.201,7886839000.0,0.0,-4500000.0,104144000.0,24.275,
32,DRE,MRT,2013-06-30,2013-06-30,2013-06-30,2021-07-30,3950000.0,7883902000.0,7609054750.0,,,0.138,9.329,-979634000.0,21402000.0,21402000.0,473759000.0,73925000.0,,1.609,4396777000.0,,,4396777000.0,0.0,276696000.0,42755000.0,0.044,0.68,299864000.0,576560000.0,0.55,576560000.0,299864000.0,73161000.0,0.05,0.05,0.05,3008365000.0,2789814750.0,3008365000.0,9102050084.0,30.0,15.787,-622718000.0,-1.931,1.0,574885000.0,0.548,0.0,226703000.0,12259277000.0,11834524500.0,0.0,57046000.0,,,4841436000.0,,,5014820084.0,-85163000.0,0.0,765964000.0,183350000.0,-202227000.0,505146000.0,-947225000.0,69052000.0,356916000.0,0.0,73264000.0,28264000.0,28264000.0,-95019000.0,661000.0,0.027,419727000.0,155158000.0,87730000.0,13.6,1.667,177.428,311.8,6891125000.0,45000000.0,15.59,4.782,4.794,175336000.0,-2014399000.0,1048644000.0,1048644000.0,0.0,0.004,0.01,0.025,0.286,0.0,45843000.0,1.0,321669024.0,322489000,327098000.0,3.252,7883902000.0,0.0,-103000.0,86528000.0,24.447,
33,DRE,MRT,2013-03-31,2013-03-31,2013-03-31,2021-07-30,3228000.0,7802099000.0,7405101750.0,,,0.141,9.432,-895094000.0,307167000.0,307167000.0,479805000.0,-13635000.0,,1.615,4394397000.0,,,4394397000.0,0.0,269513000.0,43665000.0,0.04,0.68,215742000.0,485255000.0,0.465,485255000.0,215742000.0,-13088000.0,-0.25,-0.25,-0.25,2970577000.0,2682908000.0,2970577000.0,9874173484.0,46.0,20.348,-547846000.0,-1.74,1.0,563558000.0,0.54,0.0,228830000.0,11889329000.0,11519247250.0,0.0,105505000.0,,,4797518000.0,,,5461892484.0,292427000.0,0.0,743011000.0,497783000.0,-192648000.0,806548000.0,-861369000.0,64556000.0,347248000.0,0.0,-12985000.0,-61712000.0,-61712000.0,-13240000.0,-650000.0,-0.059,411801000.0,151757000.0,81044000.0,-2.72,1.839,-88.506,-67.92,6528076000.0,48727000.0,16.98,5.235,5.125,170097000.0,-2020455000.0,1043363000.0,1043363000.0,0.0,-0.008,-0.023,0.019,0.207,0.0,47730000.0,1.0,321666224.0,314936000,319571000.0,3.313,7802099000.0,0.0,-103000.0,78524000.0,24.774,
34,DRE,MRT,2012-12-31,2012-12-31,2012-12-31,2021-07-30,2691000.0,7560101000.0,7172678250.0,,,0.146,9.673,-920992000.0,33889000.0,33889000.0,498570000.0,-75868000.0,,1.904,4446170000.0,,,4446170000.0,0.0,262825000.0,42731000.0,0.049,0.68,155337000.0,418162000.0,0.4,418162000.0,155337000.0,-74080000.0,-0.48,-0.48,-0.48,2591414000.0,2603172250.0,2591414000.0,7841596796.0,50.0,18.753,-621835000.0,-2.321,1.0,546509000.0,0.523,0.0,229417000.0,11972382000.0,11215548750.0,0.0,30937000.0,,,4933983000.0,,,3814603796.0,-179920000.0,0.0,315295000.0,583182000.0,-181892000.0,488539000.0,-967616000.0,-23356000.0,299157000.0,0.0,-73977000.0,-126145000.0,-126145000.0,-9751000.0,-1891000.0,-0.121,403810000.0,142699000.0,84679000.0,-1.417,1.472,-30.24,-28.896,6607953000.0,52168000.0,13.87,3.65,3.555,182340000.0,-1993206000.0,1045079000.0,1045079000.0,0.0,-0.018,-0.048,0.014,0.149,0.0,46424000.0,1.0,275025508.0,267900000,267900000.0,3.901,7560101000.0,0.0,-103000.0,74565000.0,28.22,
35,DRE,MRT,2012-09-30,2012-09-30,2012-09-30,2021-07-30,2177000.0,7190117000.0,7033762250.0,,,0.151,9.578,158717000.0,113152000.0,113152000.0,536568000.0,6860000.0,,1.763,4140145000.0,,,4140145000.0,0.0,256567000.0,40248000.0,0.046,0.68,229114000.0,485681000.0,0.457,485681000.0,229114000.0,6852000.0,-0.19,-0.19,-0.19,2588903000.0,2633990250.0,2588903000.0,7894588223.0,34.0,16.255,452706000.0,1.675,1.0,526840000.0,0.495,0.0,222262000.0,11217110000.0,10872507500.0,0.0,0.0,,,4565076000.0,,,3964510223.0,96970000.0,28362000.0,236301000.0,-142872000.0,-178080000.0,-317475000.0,120456000.0,-44456000.0,293989000.0,0.0,6955000.0,-48137000.0,-48137000.0,-98617000.0,-95000.0,-0.045,397452000.0,129388000.0,80934000.0,-3.579,1.531,-82.359,-77.368,6209222000.0,55092000.0,14.7,3.728,3.736,183166000.0,-1912802000.0,1063408000.0,1063408000.0,0.0,-0.007,-0.018,0.021,0.215,0.0,46243000.0,1.0,269694573.0,270289000,270289000.0,3.934,7190117000.0,0.0,-103000.0,102646000.0,26.602,
36,DRE,MRT,2012-06-30,2012-06-30,2012-06-30,2021-07-30,1767000.0,7068090000.0,7112398250.0,,,0.152,9.675,172305000.0,106565000.0,106565000.0,566366000.0,9540000.0,,1.724,4036643000.0,,,4036643000.0,0.0,258895000.0,42078000.0,0.046,0.68,227844000.0,486739000.0,0.45,486739000.0,227844000.0,9866000.0,-0.21,-0.21,-0.21,2580738000.0,2664221750.0,2580738000.0,7702913377.0,34.0,15.826,505996000.0,1.897,1.0,516073000.0,0.477,0.0,217978000.0,10998168000.0,11008430500.0,0.0,11733000.0,,,4448712000.0,,,3900783377.0,-11080000.0,16917000.0,151258000.0,-100620000.0,-175190000.0,-460540000.0,115769000.0,-46515000.0,333691000.0,0.0,10060000.0,-51983000.0,-51983000.0,-99545000.0,-520000.0,-0.048,390766000.0,125307000.0,60931000.0,-3.238,1.511,-75.04,-69.714,6116817000.0,62043000.0,14.64,3.604,3.608,164842000.0,-1833088000.0,1082439000.0,1082439000.0,0.0,-0.007,-0.02,0.021,0.21,0.0,46802000.0,1.0,266446952.0,266748000,266748000.0,4.058,7068090000.0,0.0,-194000.0,85779000.0,26.497,
37,DRE,MRT,2012-03-31,2012-03-31,2012-03-31,2021-07-30,1506000.0,6872405000.0,7227147000.0,,,0.157,10.263,266000000.0,14740000.0,14740000.0,629956000.0,13410000.0,,1.579,3816870000.0,,,3816870000.0,0.0,264019000.0,46383000.0,0.047,0.68,226844000.0,490863000.0,0.432,490863000.0,226844000.0,14198000.0,-0.22,-0.22,-0.22,2651634000.0,2740402750.0,2651634000.0,7310474416.0,32.0,14.893,600855000.0,2.326,1.0,507034000.0,0.446,0.0,212646000.0,10674535000.0,11139130250.0,0.0,19395000.0,,,4186935000.0,,,3714694416.0,-152375000.0,6068000.0,146969000.0,-325554000.0,-172844000.0,-694945000.0,207715000.0,-33605000.0,334855000.0,0.0,14392000.0,-52543000.0,-52543000.0,-96428000.0,-982000.0,-0.046,382139000.0,124895000.0,51309000.0,-3.091,1.401,-70.698,-65.182,5991350000.0,66935000.0,14.34,3.267,3.259,168417000.0,-1758467000.0,1136990000.0,1136990000.0,0.0,-0.007,-0.019,0.02,0.2,0.0,43749000.0,1.0,259044241.0,258365000,258365000.0,4.401,6872405000.0,0.0,-194000.0,76263000.0,26.6,
38,DRE,MRT,2011-12-31,2011-12-31,2011-12-31,2021-07-30,987000.0,7004437000.0,7390918500.0,,,0.163,10.743,751853000.0,213809000.0,213809000.0,705863000.0,96309000.0,,1.556,3809589000.0,,,3809589000.0,0.0,267222000.0,38355000.0,0.056,0.68,302141000.0,569363000.0,0.471,569363000.0,302141000.0,95371000.0,0.11,0.11,0.11,2714686000.0,2816043000.0,2714686000.0,7303847702.0,24.0,12.828,1089390000.0,4.311,1.0,502175000.0,0.416,0.0,206770000.0,10600217000.0,11328466250.0,0.0,55580000.0,,,4224779000.0,,,3047706702.0,195425000.0,0.0,0.0,-536210000.0,-171814000.0,-893047000.0,750935000.0,24646000.0,337537000.0,0.0,95565000.0,31416000.0,31416000.0,-99405000.0,744000.0,0.026,302730000.0,199445000.0,55775000.0,6.182,1.123,97.011,109.545,5892768000.0,64149000.0,12.05,2.523,2.521,168402000.0,-1677328000.0,1208038000.0,1208038000.0,0.0,0.004,0.011,0.027,0.25,0.0,43107000.0,1.0,252921718.0,252694000,259598000.0,4.781,7004437000.0,0.0,-194000.0,69272000.0,27.719,
39,DRE,MRT,2011-09-30,2011-09-30,2011-09-30,2021-07-30,493000.0,7504661000.0,7550878250.0,,,0.145,10.719,132407000.0,16182000.0,16182000.0,654046000.0,61881000.0,,1.745,4272323000.0,,,4272323000.0,0.0,273840000.0,59551000.0,0.065,0.68,233990000.0,507830000.0,0.465,507830000.0,233990000.0,62193000.0,-0.02,-0.02,-0.02,2709829000.0,2873774000.0,2709829000.0,6648146277.0,28.0,13.091,525795000.0,2.08,1.0,439171000.0,0.402,0.0,171797000.0,11760802000.0,11636654750.0,0.0,21992000.0,,,4729718000.0,,,2654264277.0,-4667000.0,20048000.0,108000.0,-183365000.0,-171716000.0,-541560000.0,143505000.0,19758000.0,393388000.0,0.0,62387000.0,-4066000.0,-4066000.0,-4950000.0,-506000.0,-0.004,214282000.0,224889000.0,66786000.0,-34.0,0.979,-652.795,-525.0,6528085000.0,66453000.0,10.5,2.428,2.428,206842000.0,-1678484000.0,1093217000.0,1093217000.0,0.0,-0.001,-0.001,0.02,0.214,0.0,39389000.0,1.0,252787074.0,252802000,252802000.0,4.324,7504661000.0,0.0,-194000.0,123524000.0,29.686,
40,DRE,MRT,2011-06-30,2011-06-30,2011-06-30,2021-07-30,56000.0,7527085000.0,7564660000.0,,,0.151,11.421,30596000.0,117645000.0,117645000.0,676979000.0,134185000.0,,1.585,4111527000.0,,,4111527000.0,0.0,276631000.0,53391000.0,0.049,0.68,310507000.0,587138000.0,0.514,587138000.0,310507000.0,131747000.0,0.24,0.24,0.24,2885462000.0,2941147000.0,2885462000.0,7443761171.0,24.0,12.678,417646000.0,1.653,1.0,464599000.0,0.407,0.0,178760000.0,11520967000.0,11610088750.0,0.0,0.0,,,4572313000.0,,,3539373171.0,-138620000.0,-340000.0,-144000.0,-255581000.0,-171599000.0,-564312000.0,38642000.0,19758000.0,387050000.0,0.0,132873000.0,62074000.0,62074000.0,-16286000.0,1312000.0,0.054,227852000.0,236747000.0,67757000.0,2.833,1.227,57.019,58.375,6473926000.0,70799000.0,14.01,3.1,3.101,209175000.0,-1602634000.0,1141578000.0,1141578000.0,0.0,0.008,0.021,0.027,0.272,0.0,38372000.0,1.0,252631918.0,252640000,252640000.0,4.519,7527085000.0,0.0,-1126000.0,102695000.0,29.794,
41,DRE,MRT,2011-03-31,2011-03-31,2011-03-31,2021-07-30,-661000.0,7527491000.0,7508310500.0,,,0.16,11.704,93154000.0,167115000.0,167115000.0,728703000.0,127403000.0,,1.524,4071503000.0,,,4071503000.0,0.0,272148000.0,56597000.0,0.049,0.68,308269000.0,580417000.0,0.484,580417000.0,308269000.0,125279000.0,0.17,0.17,0.17,2954195000.0,2979749250.0,2954195000.0,7726510119.0,25.0,13.312,492138000.0,1.95,1.0,471490000.0,0.393,0.0,182990000.0,11431879000.0,11424836500.0,0.0,0.0,,,4501641000.0,,,3537815119.0,136116000.0,5815000.0,298004000.0,-275268000.0,-166785000.0,-343873000.0,81005000.0,19758000.0,398984000.0,0.0,126405000.0,48725000.0,48725000.0,-21715000.0,998000.0,0.041,227768000.0,243722000.0,69369000.0,4.0,1.198,72.608,82.412,6428826000.0,77680000.0,14.01,2.948,2.946,196842000.0,-1529847000.0,1200193000.0,1200193000.0,0.0,0.006,0.016,0.027,0.257,0.0,38982000.0,1.0,252520708.0,252406000,258837000.0,4.755,7527491000.0,0.0,-1126000.0,88782000.0,29.823,
42,DRE,MRT,2010-12-31,2010-12-31,2010-12-31,2021-07-30,-1432000.0,7644276000.0,7399504750.0,,,0.16,12.329,-211550000.0,18384000.0,18384000.0,710337000.0,65262000.0,,1.58,4207079000.0,,,4207079000.0,0.0,271058000.0,50450000.0,0.055,0.68,251079000.0,522137000.0,0.441,522137000.0,251079000.0,64672000.0,-0.07,-0.07,-0.07,2945610000.0,2960308250.0,2945610000.0,7236197982.0,29.0,13.859,179606000.0,0.752,1.0,474567000.0,0.401,0.0,186407000.0,11832971000.0,11267267250.0,0.0,394287000.0,,,4654373000.0,,,3141447982.0,-128938000.0,0.0,298004000.0,-168223000.0,-162015000.0,-231304000.0,-288790000.0,-31075000.0,391156000.0,0.0,65798000.0,-14108000.0,-14108000.0,-25971000.0,-536000.0,-0.012,297980000.0,176587000.0,44782000.0,-9.714,1.066,-222.671,-178.0,6326334000.0,79906000.0,12.46,2.651,2.512,155181000.0,-1533740000.0,1184904000.0,1184904000.0,0.0,-0.002,-0.005,0.022,0.212,0.0,41329000.0,1.0,252122631.0,238920000,238920000.0,4.959,7644276000.0,0.0,-1126000.0,83615000.0,31.995,
43,DRE,MRT,2010-09-30,2010-09-30,2010-09-30,2021-07-30,-2184000.0,7559788000.0,7314505500.0,,,0.158,11.829,-163980000.0,20849000.0,20849000.0,711362000.0,54615000.0,,1.522,4115599000.0,,,4115599000.0,0.0,267785000.0,40819000.0,0.059,0.68,215732000.0,483517000.0,0.418,483517000.0,215732000.0,45685000.0,-0.09,-0.09,-0.09,2979321000.0,2955242000.0,2979321000.0,6393928358.0,30.0,13.224,175586000.0,0.697,1.0,444307000.0,0.384,0.0,170047000.0,11654538000.0,11061771750.0,0.0,0.0,,,4535529000.0,,,2915657358.0,-135065000.0,-54349000.0,297438000.0,-143962000.0,-157198000.0,-211116000.0,-263515000.0,3897000.0,339566000.0,0.0,54934000.0,-27024000.0,-27024000.0,242000.0,-319000.0,-0.023,280505000.0,163802000.0,38197000.0,-7.556,0.979,-107.891,-128.778,6589979000.0,81958000.0,11.59,2.523,2.526,184255000.0,-1499605000.0,1155669000.0,1155669000.0,0.0,-0.004,-0.009,0.02,0.187,0.0,44395000.0,1.0,251566640.0,251866000,257383000.0,4.588,7559788000.0,0.0,-9249000.0,126702000.0,30.015,
44,DRE,MRT,2010-06-30,2010-06-30,2010-06-30,2021-07-30,-2888000.0,7301687000.0,7284295000.0,,,0.153,13.387,15377000.0,256265000.0,256265000.0,680895000.0,-316971000.0,,1.388,3734536000.0,,,3734536000.0,0.0,265361000.0,38989000.0,0.06,0.68,-141467000.0,123894000.0,0.111,123894000.0,-141467000.0,-306203000.0,-1.66,-1.66,-1.66,3039871000.0,2951559750.0,3039871000.0,6255350825.0,-44.0,50.49,376491000.0,1.658,1.0,434086000.0,0.389,0.0,164736000.0,10779958000.0,10952046000.0,0.0,0.0,,,4220387000.0,,,2546016825.0,229566000.0,-33747000.0,297653000.0,-29180000.0,-152416000.0,-48433000.0,-83115000.0,3897000.0,361114000.0,0.0,-306027000.0,-383970000.0,-383970000.0,22577000.0,-10944000.0,-0.344,547227000.0,-113141000.0,73165000.0,-0.41,0.838,-6.631,-6.837,6202269000.0,77943000.0,11.35,2.283,2.312,211858000.0,-1490099000.0,1114981000.0,1114981000.0,0.0,-0.053,-0.13,-0.013,-0.127,0.0,47152000.0,1.0,224318663.0,227082000,227082000.0,4.91,7301687000.0,0.0,-176000.0,90049000.0,32.154,
45,DRE,MRT,2010-03-31,2010-03-31,2010-03-31,2021-07-30,-4906000.0,7092268000.0,7357722250.0,,,0.148,12.832,-27322000.0,30999000.0,30999000.0,648558000.0,-311429000.0,,1.451,3740333000.0,,,3740333000.0,0.0,269052000.0,35947000.0,0.055,0.68,-146288000.0,122764000.0,0.113,122764000.0,-146288000.0,-303897000.0,-1.63,-1.63,-1.63,2876431000.0,3021878000.0,2876431000.0,6487367952.0,-44.0,52.844,344919000.0,1.539,1.0,440709000.0,0.405,0.0,157609000.0,10801602000.0,11083704750.0,0.0,0.0,,,4175080000.0,,,2780657952.0,8828000.0,-31501000.0,551110000.0,-599628000.0,-152330000.0,-305844000.0,-57569000.0,3897000.0,372241000.0,0.0,-300534000.0,-373985000.0,-373985000.0,25967000.0,-10895000.0,-0.343,571702000.0,-130993000.0,58568000.0,-0.417,0.967,-7.435,-7.607,6245513000.0,73451000.0,12.4,2.553,2.552,194918000.0,-1409048000.0,1089267000.0,1089267000.0,0.0,-0.051,-0.124,-0.013,-0.134,0.0,51601000.0,1.0,224246609.0,224153000,224153000.0,4.859,7092268000.0,0.0,-3363000.0,80986000.0,31.64,
46,DRE,MRT,2009-12-31,2009-12-31,2009-12-31,2021-07-30,-5630000.0,7304279000.0,7503760000.0,,,0.144,14.539,-128746000.0,147322000.0,147322000.0,641948000.0,-271490000.0,,1.482,3854032000.0,,,3854032000.0,0.0,266803000.0,44258000.0,0.062,0.76,-114615000.0,152188000.0,0.14,152188000.0,-114615000.0,-266220000.0,-1.67,-1.67,-1.67,2925345000.0,3011114500.0,2925345000.0,6502792269.0,-57.0,42.729,271726000.0,1.35,1.0,442016000.0,0.408,0.0,151605000.0,11010989000.0,11380093750.0,0.0,0.0,,,4336419000.0,,,2726103269.0,124790000.0,-23481000.0,551136000.0,-395883000.0,-151333000.0,-99734000.0,-175948000.0,0.0,400472000.0,0.0,-260150000.0,-333601000.0,-333601000.0,31255000.0,-11340000.0,-0.308,567836000.0,-125820000.0,43147000.0,-0.455,0.932,-8.172,-7.287,6343528000.0,73451000.0,12.17,2.515,2.259,171293000.0,-1355086000.0,1083964000.0,1083964000.0,0.0,-0.044,-0.111,-0.01,-0.106,0.0,47937000.0,1.0,224001912.0,201206000,201206000.0,5.387,7304279000.0,0.0,-6070000.0,84347000.0,36.302,
47,DRE,MRT,2009-09-30,2009-09-30,2009-09-30,2021-07-30,-6440000.0,7438946000.0,7600411000.0,,,0.173,13.238,-251691000.0,155914000.0,155914000.0,764042000.0,-261149000.0,,1.495,3932603000.0,,,3932603000.0,0.0,267112000.0,37142000.0,0.09,1.075,-56412000.0,210700000.0,0.16,210700000.0,-56412000.0,-252519000.0,-1.32,-1.32,-1.32,2964592000.0,2990783000.0,2964592000.0,6401060234.0,-113.0,30.38,365650000.0,1.633,1.0,553621000.0,0.42,0.0,196107000.0,11215635000.0,11613681750.0,0.0,0.0,,,4431006000.0,,,2689863234.0,152444000.0,-71026000.0,554674000.0,-415745000.0,-184728000.0,-151579000.0,-313318000.0,29839000.0,617341000.0,0.0,-252482000.0,-311913000.0,-311913000.0,-5176000.0,-8667000.0,-0.237,638708000.0,-85087000.0,66790000.0,-0.814,0.907,-8.624,-9.098,6452707000.0,59431000.0,12.01,2.041,2.041,189089000.0,-1313103000.0,1317663000.0,1317663000.0,0.0,-0.041,-0.104,-0.005,-0.043,0.0,44721000.0,1.0,223968629.0,223952000,223952000.0,5.884,7438946000.0,0.0,-37000.0,114529000.0,33.217,
48,DRE,MRT,2009-06-30,2009-06-30,2009-06-30,2021-07-30,-7149000.0,7595396000.0,7701390500.0,,,0.17,16.022,-303006000.0,26699000.0,26699000.0,759519000.0,83944000.0,,1.27,3737896000.0,,,3737896000.0,0.0,257635000.0,32285000.0,0.158,1.39,260168000.0,517803000.0,0.396,517803000.0,260168000.0,70170000.0,0.2,0.2,0.2,3321144000.0,2970992500.0,3321144000.0,6273709157.0,24.0,12.116,409740000.0,1.977,1.0,546762000.0,0.419,0.0,189998000.0,11306593000.0,11869557250.0,0.0,0.0,,,4218441000.0,,,1962970157.0,8995000.0,-117313000.0,559801000.0,-567663000.0,-217918000.0,-322064000.0,-381687000.0,49712000.0,712746000.0,0.0,82393000.0,22459000.0,22459000.0,-17374000.0,1551000.0,0.017,352936000.0,193826000.0,96632000.0,6.95,0.591,87.402,43.85,6681617000.0,59934000.0,8.77,1.503,1.392,218453000.0,-953216000.0,1306281000.0,1306281000.0,0.0,0.003,0.008,0.022,0.199,0.0,43936000.0,1.0,223827840.0,207290000,207290000.0,6.302,7595396000.0,0.0,-12223000.0,91577000.0,36.641,
49,DRE,MRT,2009-03-31,2009-03-31,2009-03-31,2021-07-30,-8036000.0,7676419000.0,7760808750.0,,,0.163,19.082,-334714000.0,22171000.0,22171000.0,636395000.0,135270000.0,,1.689,4332910000.0,,,4332910000.0,0.0,249315000.0,35381000.0,0.309,1.7,309445000.0,558760000.0,0.442,558760000.0,309445000.0,122523000.0,0.47,0.47,0.47,2833377000.0,2874461750.0,2833377000.0,5092685148.0,16.0,9.114,354338000.0,2.386,1.0,627475000.0,0.496,0.0,186922000.0,11987158000.0,12083455750.0,0.0,0.0,,,4784323000.0,,,816739148.0,6642000.0,-115811000.0,11213000.0,107272000.0,-250289000.0,-231567000.0,-450843000.0,56639000.0,689052000.0,0.0,131559000.0,71122000.0,71122000.0,-25818000.0,3711000.0,0.056,317589000.0,309886000.0,100361000.0,3.617,0.288,11.484,11.702,6766477000.0,60437000.0,5.5,0.646,0.646,220841000.0,-882357000.0,1263870000.0,1263870000.0,0.0,0.009,0.025,0.026,0.245,0.0,37225000.0,1.0,148498027.0,148488000,155747000.0,8.512,7676419000.0,0.0,-9036000.0,80763000.0,51.697,
50,DRE,MRT,2008-12-31,2008-12-31,2008-12-31,2021-07-30,-8652000.0,7690883000.0,7781764750.0,,,0.159,19.358,-455523000.0,22532000.0,22532000.0,693988000.0,110408000.0,,1.685,4276990000.0,,,4276990000.0,0.0,246441000.0,41348000.0,0.176,1.93,284783000.0,531224000.0,0.429,531224000.0,284783000.0,100783000.0,0.33,0.33,0.33,2844019000.0,2911030750.0,2844019000.0,6011389235.0,21.0,11.316,187324000.0,1.275,1.0,543427000.0,0.439,0.0,184000000.0,11945341000.0,12088379500.0,0.0,0.0,,,4790908000.0,,,1615116235.0,-25480000.0,-132244000.0,17100000.0,-54487000.0,-283375000.0,-145735000.0,-522592000.0,95392000.0,642847000.0,0.0,107788000.0,50408000.0,50408000.0,-24241000.0,2620000.0,0.041,320137000.0,223290000.0,105227000.0,5.848,0.568,32.041,33.212,6790022000.0,57380000.0,10.96,1.305,1.301,226989000.0,-867951000.0,1237415000.0,1237415000.0,0.0,0.006,0.017,0.024,0.23,0.0,39508000.0,1.0,147364620.0,146915000,154553000.0,8.423,7690883000.0,0.0,-7005000.0,78483000.0,52.349,
51,DRE,MRT,2008-09-30,2008-09-30,2008-09-30,2021-07-30,-7902000.0,7842864000.0,7774539250.0,,,0.166,19.633,-684033000.0,3470000.0,3470000.0,392385000.0,171249000.0,,1.693,4399743000.0,,,4399743000.0,0.0,233189000.0,28082000.0,0.078,1.925,475345000.0,708534000.0,0.549,708534000.0,475345000.0,154351000.0,0.56,0.57,0.56,2885430000.0,2887534250.0,2885430000.0,7939594069.0,17.0,11.206,-166152000.0,-1.131,1.0,897292000.0,0.696,0.0,320994000.0,12239137000.0,12084651500.0,0.0,197287000.0,,,4885617000.0,,,3610476069.0,-14954000.0,-116629000.0,251933000.0,161298000.0,-281797000.0,185496000.0,-718331000.0,93762000.0,517881000.0,0.0,152330000.0,83196000.0,83196000.0,-33044000.0,18919000.0,0.065,441859000.0,455433000.0,125157000.0,3.438,1.251,43.397,43.893,6736511000.0,69134000.0,24.58,2.8,2.801,236192000.0,-804744000.0,1289677000.0,1289677000.0,0.0,0.011,0.029,0.039,0.369,0.0,39304000.0,1.0,146886740.0,146966000,154836000.0,8.775,7842864000.0,0.0,2021000.0,100521000.0,53.365,
52,DRE,MRT,2008-06-30,2008-06-30,2008-06-30,2021-07-30,-8472000.0,7833069000.0,7668033750.0,,,0.158,20.001,-601394000.0,17704000.0,17704000.0,421447000.0,208921000.0,,1.643,4346822000.0,,,4346822000.0,0.0,229847000.0,35256000.0,0.086,1.92,467771000.0,697618000.0,0.577,697618000.0,467771000.0,196848000.0,0.87,0.88,0.87,2935021000.0,2827946500.0,2935021000.0,7539720533.0,16.0,10.808,-241089000.0,-1.643,1.0,786764000.0,0.651,0.0,270923000.0,12162187000.0,11915892250.0,0.0,198496000.0,,,4823155000.0,,,3293110533.0,-27752000.0,-94222000.0,249596000.0,211539000.0,-276281000.0,251839000.0,-639896000.0,86007000.0,360305000.0,0.0,190588000.0,125093000.0,125093000.0,-68768000.0,18333000.0,0.104,357379000.0,429385000.0,139110000.0,2.207,1.122,26.325,25.805,6715261000.0,65495000.0,22.45,2.726,2.727,232067000.0,-746203000.0,1208211000.0,1208211000.0,0.0,0.016,0.044,0.039,0.387,0.0,32712000.0,1.0,146686438.0,146741000,154624000.0,8.234,7833069000.0,0.0,6260000.0,81879000.0,53.38,
53,DRE,MRT,2008-03-31,2008-03-31,2008-03-31,2021-07-30,-9719000.0,7760243000.0,7535491000.0,,,0.149,20.362,-656463000.0,15529000.0,15529000.0,527323000.0,224995000.0,,1.579,4262139000.0,,,4262139000.0,0.0,223184000.0,38085000.0,0.084,1.915,437109000.0,660293000.0,0.587,660293000.0,437109000.0,214027000.0,1.03,1.04,1.03,2979653000.0,2747877000.0,2979653000.0,7605625634.0,17.0,11.519,-342444000.0,-2.34,1.0,597746000.0,0.531,0.0,223082000.0,12006853000.0,11709431500.0,0.0,144077000.0,,,4703971000.0,,,3337177634.0,6037000.0,-129486000.0,246715000.0,241454000.0,-270905000.0,289491000.0,-597473000.0,221007000.0,314019000.0,0.0,207767000.0,145912000.0,145912000.0,-79803000.0,17228000.0,0.13,285379000.0,312367000.0,129631000.0,1.859,1.12,22.871,22.146,6704966000.0,61855000.0,22.81,2.966,2.967,214038000.0,-693194000.0,1125069000.0,1125069000.0,0.0,0.019,0.053,0.037,0.389,0.0,36431000.0,1.0,146303272.0,146331000,154596000.0,7.689,7760243000.0,0.0,6260000.0,72559000.0,53.032,
54,DRE,MRT,2007-12-31,2007-12-31,2007-12-31,2021-07-30,-1279000.0,7661981000.0,7413551500.0,,,0.151,19.748,-489500000.0,48012000.0,48012000.0,557679000.0,291059000.0,,1.756,4316460000.0,,,4316460000.0,0.0,214477000.0,34535000.0,0.073,1.91,454958000.0,669435000.0,0.597,669435000.0,454958000.0,279977000.0,1.51,1.51,1.51,2750033000.0,2660154750.0,2750033000.0,7944470557.0,17.0,11.867,-165569000.0,-1.189,1.0,564416000.0,0.503,0.0,174981000.0,11930429000.0,11515667000.0,0.0,273591000.0,,,4828265000.0,,,3797212557.0,-20471000.0,-142330000.0,240802000.0,320790000.0,-265698000.0,90417000.0,-434819000.0,235754000.0,323931000.0,0.0,273717000.0,211942000.0,211942000.0,-126624000.0,17342000.0,0.189,284890000.0,279526000.0,142655000.0,1.265,1.381,17.916,17.272,6448383000.0,61775000.0,26.08,3.384,3.237,206671000.0,-626765000.0,1122095000.0,1122095000.0,0.0,0.029,0.08,0.04,0.405,0.0,37727000.0,1.0,145598641.0,139255000,149250000.0,8.058,7661981000.0,0.0,6260000.0,63796000.0,55.021,
55,DRE,MRT,2007-09-30,2007-09-30,2007-09-30,2021-07-30,6053000.0,7416842000.0,7307705000.0,,,0.13,19.241,-373516000.0,18424000.0,18424000.0,770128000.0,270127000.0,,1.768,4165682000.0,,,4165682000.0,0.0,212830000.0,28251000.0,0.056,1.905,270127000.0,482957000.0,0.507,482957000.0,270127000.0,270127000.0,1.54,1.52,1.54,2647079000.0,2598542250.0,2647079000.0,8663559459.0,32.0,17.939,-73791000.0,-0.536,1.0,183001000.0,0.192,0.0,0.0,11564100000.0,11316049000.0,0.0,351259000.0,,,4679239000.0,,,4630113459.0,-6576000.0,-159508000.0,-86174000.0,237927000.0,-260045000.0,-222512000.0,-83789000.0,482880000.0,299725000.0,0.0,270127000.0,209222000.0,209222000.0,-109492000.0,0.0,0.22,31001000.0,152000000.0,140679000.0,1.237,1.749,22.13,21.955,6180911000.0,60905000.0,33.81,4.858,4.88,193217000.0,-615200000.0,953129000.0,953129000.0,0.0,0.029,0.081,0.024,0.283,0.0,36093000.0,1.0,136945089.0,137576000,147651000.0,6.928,7416842000.0,0.0,0.0,88182000.0,53.911,
56,DRE,MRT,2007-06-30,2007-06-30,2007-06-30,2021-07-30,16784000.0,7302898000.0,7271880000.0,,,0.13,19.097,-480481000.0,45456000.0,45456000.0,752610000.0,278473000.0,,1.749,4078902000.0,,,4078902000.0,0.0,208455000.0,33353000.0,0.053,1.9,278473000.0,486928000.0,0.516,486928000.0,278473000.0,278473000.0,1.61,1.58,1.61,2614743000.0,2586386500.0,2614743000.0,8843261167.0,32.0,18.161,-210432000.0,-1.537,1.0,191939000.0,0.203,0.0,0.0,11336344000.0,11256080250.0,0.0,374573000.0,,,4573572000.0,,,4883951167.0,38417000.0,-124853000.0,-88198000.0,381588000.0,-258477000.0,-97088000.0,-134544000.0,470762000.0,270049000.0,0.0,278473000.0,217569000.0,217569000.0,-113572000.0,0.0,0.23,33404000.0,158535000.0,126397000.0,1.18,1.868,22.448,22.155,6084603000.0,60904000.0,35.67,5.171,5.171,176240000.0,-602381000.0,944549000.0,944549000.0,0.0,0.03,0.084,0.025,0.295,0.0,38997000.0,1.0,136920414.0,136921000,148129000.0,6.898,7302898000.0,0.0,0.0,70632000.0,53.337,
57,DRE,MRT,2007-03-31,2007-03-31,2007-03-31,2021-07-30,5703000.0,7272485000.0,7199773750.0,,,0.129,19.213,-534772000.0,9492000.0,9492000.0,739559000.0,261143000.0,,1.722,3968802000.0,,,3968802000.0,0.0,207871000.0,34163000.0,0.044,1.895,261143000.0,469014000.0,0.506,469014000.0,261143000.0,261143000.0,1.5,1.47,1.5,2628764000.0,2586212750.0,2628764000.0,9842345174.0,38.0,20.985,-278548000.0,-2.036,1.0,187261000.0,0.202,0.0,0.0,11231795000.0,11132336250.0,0.0,498249000.0,,,4526999000.0,,,5948983174.0,9492000.0,-77009000.0,-82727000.0,410753000.0,-256823000.0,40731000.0,-287463000.0,332333000.0,256224000.0,0.0,261143000.0,202210000.0,202210000.0,-100238000.0,0.0,0.218,29434000.0,157827000.0,118735000.0,1.263,2.263,29.42,28.98,5931317000.0,58933000.0,43.47,6.419,6.417,184971000.0,-574201000.0,926820000.0,926820000.0,0.0,0.028,0.078,0.023,0.282,0.0,35342000.0,1.0,136852615.0,136823000,149465000.0,6.774,7272485000.0,0.0,0.0,63881000.0,53.153,
58,DRE,MRT,2006-12-31,2006-12-31,2006-12-31,2021-07-30,5435000.0,7238595000.0,7057657250.0,,,0.127,18.561,-1458902000.0,68483000.0,68483000.0,704963000.0,204147000.0,,1.829,3961845000.0,,,3961845000.0,0.0,206999000.0,31121000.0,0.046,1.89,204147000.0,411146000.0,0.459,411146000.0,204147000.0,204147000.0,1.08,1.07,1.08,2503583000.0,2560754000.0,2503583000.0,9581392739.0,47.0,23.304,-1186013000.0,-8.793,1.0,190458000.0,0.213,0.0,0.0,11131957000.0,10905804500.0,0.0,512925000.0,,,4578159000.0,,,5530709739.0,41751000.0,-50182000.0,-94610000.0,1292569000.0,-255502000.0,1002922000.0,-1234060000.0,296573000.0,272889000.0,0.0,204147000.0,145095000.0,145095000.0,-52787000.0,0.0,0.162,29903000.0,160555000.0,136508000.0,1.75,2.209,38.118,37.87,5914454000.0,59052000.0,40.9,6.177,6.161,194205000.0,-575829000.0,895421000.0,895421000.0,0.0,0.021,0.057,0.019,0.228,0.0,35811000.0,1.0,135225177.0,134883000,149393000.0,6.639,7238595000.0,0.0,0.0,59276000.0,53.666,
59,DRE,MRT,2006-09-30,2006-09-30,2006-09-30,2021-07-30,4840000.0,7273542000.0,6659898500.0,,,0.114,19.231,-1382842000.0,25000000.0,25000000.0,620703000.0,180400000.0,,1.733,4075683000.0,,,4075683000.0,0.0,202273000.0,32309000.0,0.079,2.935,180400000.0,382673000.0,0.504,382673000.0,180400000.0,180400000.0,0.94,0.92,0.94,2598456000.0,2548057750.0,2598456000.0,8872751815.0,49.0,23.186,-1189164000.0,-8.801,1.0,139121000.0,0.183,0.0,0.0,11324225000.0,10178185000.0,0.0,838556000.0,,,4502856000.0,,,5045856815.0,-99867000.0,-17528000.0,-196952000.0,1640279000.0,-399477000.0,1133934000.0,-1427479000.0,21238000.0,193678000.0,0.0,180400000.0,124954000.0,124954000.0,-62381000.0,0.0,0.164,37305000.0,101816000.0,125381000.0,3.122,1.942,40.382,39.734,5752846000.0,55446000.0,37.35,6.641,6.642,189958000.0,-561636000.0,759824000.0,759824000.0,0.0,0.019,0.049,0.018,0.237,0.0,37305000.0,1.0,135096568.0,135117000,150947000.0,5.623,7273542000.0,0.0,0.0,78255000.0,53.831,
60,DRE,MRT,2006-06-30,2006-06-30,2006-06-30,2021-07-30,20496000.0,7014473000.0,6255771000.0,,,0.118,19.368,-362865000.0,7039000.0,7039000.0,601437000.0,328407000.0,,1.618,3833934000.0,,,3833934000.0,0.0,204022000.0,37265000.0,0.083,2.93,328407000.0,532429000.0,0.721,532429000.0,328407000.0,328407000.0,1.98,1.95,1.98,2614048000.0,2605101000.0,2614048000.0,8362689858.0,25.0,15.707,-63758000.0,-0.472,1.0,136602000.0,0.185,0.0,0.0,10841368000.0,9284996000.0,0.0,835282000.0,,,4229781000.0,,,4741040858.0,552000.0,-18176000.0,-293505000.0,753734000.0,-402716000.0,157501000.0,-456056000.0,21238000.0,299107000.0,0.0,328407000.0,276568000.0,276568000.0,-216466000.0,0.0,0.375,36348000.0,100254000.0,88864000.0,1.48,1.814,17.142,17.753,5508618000.0,51839000.0,35.15,6.424,6.428,167454000.0,-558961000.0,738039000.0,738039000.0,0.0,0.044,0.106,0.035,0.445,0.0,36348000.0,1.0,134880252.0,134969000,149364000.0,5.468,7014473000.0,0.0,0.0,72610000.0,51.971,
61,DRE,MRT,2006-03-31,2006-03-31,2006-03-31,2021-07-30,9805000.0,6704019000.0,6053189000.0,,,0.121,18.748,-429246000.0,0.0,0.0,580337000.0,345354000.0,,1.583,3621649000.0,,,3621649000.0,0.0,204085000.0,37062000.0,0.077,2.925,345354000.0,549439000.0,0.751,549439000.0,345354000.0,345354000.0,2.1,2.07,2.1,2526929000.0,2641409500.0,2526929000.0,7690321719.0,22.0,13.997,-56195000.0,-0.417,1.0,151121000.0,0.207,0.0,0.0,10325668000.0,8842945500.0,0.0,621953000.0,,,3999556000.0,,,5116402719.0,-3679000.0,-31471000.0,-298403000.0,854643000.0,-406043000.0,150625000.0,-527355000.0,17740000.0,373051000.0,0.0,345354000.0,295150000.0,295150000.0,-218694000.0,0.0,0.404,36430000.0,114691000.0,93160000.0,1.393,2.025,17.335,18.071,5440361000.0,50204000.0,37.95,6.995,6.993,173020000.0,-517168000.0,731458000.0,731458000.0,0.0,0.049,0.112,0.039,0.472,0.0,36430000.0,1.0,134819571.0,134781000,149265000.0,5.427,6704019000.0,0.0,0.0,66426000.0,49.74,
62,DRE,MRT,2005-12-31,2005-12-31,2005-12-31,2021-07-30,-7118000.0,5647560000.0,5863653500.0,,,0.122,17.333,427699000.0,26732000.0,26732000.0,558462000.0,355662000.0,,1.228,2600651000.0,,,2600651000.0,0.0,204377000.0,34924000.0,0.087,2.92,355662000.0,560039000.0,0.785,560039000.0,355662000.0,355662000.0,2.19,2.17,2.19,2452798000.0,2709770750.0,2452798000.0,6685381529.0,19.0,11.937,836801000.0,5.913,1.0,155090000.0,0.217,0.0,0.0,8221479000.0,8403016250.0,0.0,0.0,,,3012196000.0,,,4590944529.0,21143000.0,-31599000.0,-285887000.0,71325000.0,-408816000.0,-711178000.0,323219000.0,0.0,409102000.0,0.0,355662000.0,309183000.0,309183000.0,-222847000.0,0.0,0.433,30962000.0,124128000.0,93137000.0,1.333,1.872,14.849,15.251,5034422000.0,46479000.0,33.4,6.434,6.624,177325000.0,-464885000.0,713552000.0,713552000.0,0.0,0.053,0.114,0.042,0.498,0.0,30962000.0,1.0,137453429.0,141508000,155877000.0,5.042,5647560000.0,0.0,0.0,60883000.0,39.91,
63,DRE,MRT,2005-09-30,2005-09-30,2005-09-30,2021-07-30,-11753000.0,5657032000.0,5925924250.0,,,0.125,19.813,269702000.0,124867000.0,124867000.0,576315000.0,364593000.0,,0.93,2219304000.0,,,2219304000.0,0.0,207506000.0,35083000.0,0.055,1.865,364593000.0,572099000.0,0.775,572099000.0,364593000.0,364593000.0,2.25,2.23,2.25,2826629000.0,2803038500.0,2826629000.0,7727823659.0,21.0,13.508,698252000.0,4.894,1.0,161548000.0,0.219,0.0,0.0,7751469000.0,8450086000.0,0.0,0.0,,,2628684000.0,,,4858802659.0,124867000.0,-9911000.0,-92566000.0,-450947000.0,-266908000.0,-687321000.0,383638000.0,0.0,428550000.0,0.0,364593000.0,320278000.0,320278000.0,-232548000.0,0.0,0.434,29953000.0,131595000.0,100512000.0,0.829,1.719,15.171,15.058,4919733000.0,44315000.0,33.88,6.585,6.551,184079000.0,-286274000.0,737863000.0,737863000.0,0.0,0.054,0.114,0.043,0.494,0.0,29953000.0,1.0,143412121.0,142663000,158468000.0,5.172,5657032000.0,0.0,0.0,78738000.0,39.653,
64,DRE,MRT,2005-06-30,2005-06-30,2005-06-30,2021-07-30,-25232000.0,6204145000.0,5982186250.0,,,0.121,19.231,-598879000.0,6487000.0,6487000.0,555441000.0,190473000.0,,1.18,2875508000.0,,,2875508000.0,0.0,205498000.0,37059000.0,0.059,1.86,190473000.0,395971000.0,0.548,395971000.0,190473000.0,190473000.0,1.05,1.05,1.05,2759282000.0,2759938000.0,2759282000.0,7162063412.0,38.0,18.087,-193536000.0,-1.349,1.0,166824000.0,0.231,0.0,0.0,9073166000.0,8647646000.0,0.0,0.0,,,3256481000.0,,,4541989412.0,-4304000.0,-9217000.0,4339000.0,300705000.0,-265620000.0,140053000.0,-549700000.0,65000000.0,405343000.0,0.0,190473000.0,149457000.0,149457000.0,-53456000.0,0.0,0.207,31008000.0,135816000.0,77034000.0,1.771,1.646,30.39,30.152,5595138000.0,41016000.0,31.66,6.289,6.289,186246000.0,-432159000.0,722265000.0,722265000.0,0.0,0.025,0.054,0.022,0.264,0.0,31008000.0,1.0,143461447.0,143480000,157696000.0,5.034,6204145000.0,0.0,0.0,67365000.0,43.24,
65,DRE,MRT,2005-03-31,2005-03-31,2005-03-31,2021-07-30,-8226000.0,5945877000.0,5864928500.0,,,0.123,19.571,-420210000.0,3679000.0,3679000.0,555025000.0,181702000.0,,1.055,2623753000.0,,,2623753000.0,0.0,197670000.0,37984000.0,0.062,1.855,181702000.0,379372000.0,0.525,379372000.0,181702000.0,181702000.0,1.01,1.01,1.01,2800374000.0,2736090250.0,2800374000.0,6779170853.0,37.0,17.869,-48735000.0,-0.341,1.0,167845000.0,0.232,0.0,0.0,8565951000.0,8442853750.0,0.0,0.0,,,2954648000.0,,,4266055853.0,-8220000.0,-8773000.0,4358000.0,187580000.0,-264258000.0,30527000.0,-410222000.0,65000000.0,371475000.0,0.0,181702000.0,143874000.0,143874000.0,-45294000.0,0.0,0.199,29687000.0,138158000.0,66894000.0,1.837,1.523,29.651,29.554,5400554000.0,37828000.0,29.85,5.902,5.909,181433000.0,-405699000.0,722870000.0,722870000.0,0.0,0.025,0.053,0.022,0.251,0.0,29687000.0,1.0,142916444.0,143089000,157720000.0,5.052,5945877000.0,0.0,0.0,60398000.0,41.554,
66,DRE,MRT,2004-12-31,2004-12-31,2004-12-31,2021-07-30,-6547000.0,5896643000.0,5785075250.0,,,0.117,19.988,-364998000.0,5589000.0,5589000.0,511724000.0,188701000.0,,1.018,2518704000.0,,,2518704000.0,0.0,189119000.0,39827000.0,0.054,1.85,188701000.0,377820000.0,0.56,377820000.0,188701000.0,188701000.0,1.07,1.06,1.07,2825869000.0,2709234500.0,2825869000.0,7527744256.0,40.0,19.924,10541000.0,0.075,1.0,162900000.0,0.241,0.0,0.0,8409758000.0,8305674750.0,0.0,0.0,,,2875661000.0,,,4868115256.0,-7043000.0,-3033000.0,12259000.0,149570000.0,-261061000.0,44667000.0,-427249000.0,0.0,375539000.0,0.0,188701000.0,151279000.0,151279000.0,-52461000.0,0.0,0.224,29481000.0,133419000.0,68266000.0,1.729,1.723,32.18,31.907,5379186000.0,37422000.0,34.14,7.216,7.155,165966000.0,-364724000.0,674624000.0,674624000.0,0.0,0.026,0.056,0.023,0.28,0.0,29481000.0,1.0,142592714.0,141379000,157062000.0,4.772,5896643000.0,0.0,0.0,55748000.0,41.708,
67,DRE,MRT,2004-09-30,2004-09-30,2004-09-30,2021-07-30,132000.0,5882080000.0,5701226750.0,,,0.115,18.656,-69210000.0,0.0,0.0,497982000.0,198208000.0,,1.141,2659629000.0,,,2659629000.0,0.0,182641000.0,32765000.0,0.056,1.845,198208000.0,380849000.0,0.581,380849000.0,198208000.0,198208000.0,1.14,1.14,1.14,2654227000.0,2669454500.0,2654227000.0,7240330198.0,37.0,19.011,335536000.0,2.358,1.0,158007000.0,0.241,0.0,0.0,8541709000.0,8174273500.0,0.0,0.0,,,3027830000.0,,,4721447198.0,-931000.0,5485000.0,14484000.0,369376000.0,-257342000.0,7543000.0,-413220000.0,0.0,404746000.0,0.0,198208000.0,159840000.0,159840000.0,-59715000.0,0.0,0.244,26647000.0,131360000.0,83030000.0,1.618,1.779,29.539,29.123,5376841000.0,38368000.0,33.2,7.197,7.201,153109000.0,-339561000.0,655989000.0,655989000.0,0.0,0.028,0.06,0.024,0.302,0.0,26647000.0,1.0,142212265.0,142273000,157105000.0,4.611,5882080000.0,0.0,0.0,78184000.0,41.344,
68,DRE,MRT,2004-06-30,2004-06-30,2004-06-30,2021-07-30,-2465000.0,5735114000.0,5619445500.0,,,0.119,18.746,-85344000.0,10791000.0,10791000.0,494221000.0,196961000.0,,1.077,2529674000.0,,,2529674000.0,0.0,173678000.0,36899000.0,0.058,1.84,196961000.0,370639000.0,0.556,370639000.0,196961000.0,196961000.0,1.14,1.14,1.14,2663891000.0,2670684500.0,2663891000.0,6910045025.0,35.0,18.644,285760000.0,2.011,1.0,171966000.0,0.258,0.0,0.0,8253997000.0,7991490250.0,0.0,0.0,,,2869287000.0,,,4519274025.0,-880000.0,-6033000.0,16586000.0,296434000.0,-253618000.0,60221000.0,-432205000.0,-65000000.0,371104000.0,0.0,196961000.0,157498000.0,157498000.0,-46906000.0,0.0,0.236,24666000.0,147300000.0,68771000.0,1.614,1.696,28.694,27.904,5219552000.0,39463000.0,31.81,6.784,6.785,149927000.0,-315956000.0,666187000.0,666187000.0,0.0,0.028,0.059,0.025,0.296,0.0,24666000.0,1.0,142070859.0,142104000,156828000.0,4.688,5735114000.0,0.0,0.0,60818000.0,40.359,
69,DRE,MRT,2004-03-31,2004-03-31,2004-03-31,2021-07-30,-118000.0,5626464000.0,5543398500.0,,,0.118,19.458,-65911000.0,11899000.0,11899000.0,482195000.0,197103000.0,,1.013,2402670000.0,,,2402670000.0,0.0,170200000.0,43849000.0,0.053,1.835,197103000.0,367303000.0,0.562,367303000.0,197103000.0,197103000.0,1.16,1.15,1.16,2692951000.0,2646110500.0,2692951000.0,7111967550.0,36.0,19.363,312750000.0,2.26,1.0,171859000.0,0.263,0.0,0.0,8017235000.0,7841524000.0,0.0,0.0,,,2727705000.0,,,4789063550.0,-610000.0,-4869000.0,19730000.0,221657000.0,-249857000.0,-15227000.0,-364044000.0,-65000000.0,378661000.0,0.0,197103000.0,157320000.0,157320000.0,-47441000.0,0.0,0.241,24029000.0,147830000.0,57129000.0,1.582,1.778,30.442,29.931,5133107000.0,39783000.0,34.72,7.322,7.347,135322000.0,-285315000.0,654054000.0,654054000.0,0.0,0.028,0.059,0.025,0.301,0.0,24029000.0,1.0,137933858.0,138398000,156913000.0,4.726,5626464000.0,0.0,0.0,59886000.0,40.654,
70,DRE,MRT,2003-12-31,2003-12-31,2003-12-31,2021-07-30,0.0,5561249000.0,5482038250.0,,,0.117,19.667,-50033000.0,12632000.0,12632000.0,473560000.0,199232000.0,,1.006,2335536000.0,,,2335536000.0,0.0,168959000.0,37975000.0,0.059,1.83,199232000.0,368191000.0,0.572,368191000.0,199232000.0,199232000.0,1.19,1.19,1.19,2666749000.0,2622089500.0,2666749000.0,6471134734.0,32.0,17.575,318595000.0,2.35,1.0,170299000.0,0.264,0.0,0.0,7884153000.0,7724752500.0,0.0,0.0,,,2681706000.0,,,4215513734.0,-4782000.0,-5481000.0,14026000.0,230903000.0,-248100000.0,-52714000.0,-320696000.0,0.0,368628000.0,0.0,199232000.0,161911000.0,161911000.0,-47258000.0,0.0,0.251,21980000.0,148319000.0,63057000.0,1.538,1.581,26.036,26.05,5147085000.0,37321000.0,31.0,6.547,6.529,132169000.0,-254942000.0,643859000.0,643859000.0,0.0,0.03,0.062,0.026,0.309,0.0,21980000.0,1.0,135984314.0,135595000,151141000.0,4.748,5561249000.0,0.0,0.0,52958000.0,41.014,
71,DRE,MRT,2003-09-30,2003-09-30,2003-09-30,2021-07-30,0.0,5554955000.0,5428931750.0,,,0.134,19.595,-151273000.0,931000.0,931000.0,534306000.0,177272000.0,,0.978,2256552000.0,,,2256552000.0,0.0,165187000.0,34812000.0,0.062,1.825,177272000.0,342459000.0,0.471,342459000.0,177272000.0,177272000.0,1.0,0.99,1.0,2659147000.0,2609736250.0,2659147000.0,6185207212.0,35.0,18.061,175278000.0,1.292,1.0,193089000.0,0.265,0.0,0.0,7810576000.0,7613137750.0,0.0,0.0,,,2601421000.0,,,3962001212.0,-42106000.0,-14494000.0,10812000.0,300058000.0,-246894000.0,24283000.0,-392940000.0,0.0,326551000.0,0.0,177272000.0,133768000.0,133768000.0,-9752000.0,0.0,0.184,20247000.0,172842000.0,66702000.0,1.825,1.49,29.618,29.2,5152908000.0,43504000.0,29.2,5.447,5.448,134165000.0,-242059000.0,727395000.0,727395000.0,0.0,0.025,0.051,0.023,0.244,0.0,20247000.0,1.0,135684973.0,135706000,151244000.0,5.36,5554955000.0,0.0,0.0,72443000.0,40.934,
72,DRE,MRT,2003-06-30,2003-06-30,2003-06-30,2021-07-30,-9852000.0,5430926000.0,5365059000.0,,,0.136,18.95,-176478000.0,11671000.0,11671000.0,530825000.0,178665000.0,,1.0,2234877000.0,,,2234877000.0,0.0,161896000.0,35626000.0,0.066,1.82,178665000.0,340561000.0,0.468,340561000.0,178665000.0,178665000.0,0.99,0.97,0.99,2565595000.0,2644823000.0,2565595000.0,5897698644.0,33.0,17.318,180961000.0,1.337,1.0,197324000.0,0.271,0.0,0.0,7654132000.0,7440627750.0,0.0,0.0,,,2566817000.0,,,3728572644.0,9166000.0,5728000.0,11335000.0,500504000.0,-245834000.0,-23457000.0,-324816000.0,0.0,357439000.0,0.0,178665000.0,132178000.0,132178000.0,-6550000.0,0.0,0.182,22174000.0,175150000.0,52666000.0,1.838,1.453,28.209,27.828,5057442000.0,46487000.0,27.55,5.121,5.122,108234000.0,-210309000.0,728149000.0,728149000.0,0.0,0.025,0.05,0.024,0.245,0.0,22174000.0,1.0,135338390.0,135386000,151019000.0,5.378,5430926000.0,0.0,0.0,60698000.0,40.114,
73,DRE,MRT,2003-03-31,2003-03-31,2003-03-31,2021-07-30,-3271000.0,5381023000.0,5316300250.0,,,0.138,19.212,-146056000.0,12509000.0,12509000.0,520659000.0,196010000.0,,0.955,2181635000.0,,,2181635000.0,0.0,159150000.0,39985000.0,0.067,1.815,196010000.0,355160000.0,0.483,355160000.0,196010000.0,196010000.0,1.09,1.08,1.09,2596867000.0,2712346500.0,2596867000.0,5735721663.0,29.0,16.15,274020000.0,2.027,1.0,215238000.0,0.292,0.0,0.0,7550149000.0,7269245500.0,0.0,0.0,,,2480761000.0,,,3646850663.0,-1001000.0,-3649000.0,18641000.0,446476000.0,-244679000.0,-67134000.0,-353943000.0,0.0,420076000.0,0.0,196010000.0,146168000.0,146168000.0,-8418000.0,0.0,0.199,24321000.0,190917000.0,38291000.0,1.665,1.404,24.95,24.752,5026643000.0,49842000.0,26.98,4.956,4.956,96820000.0,-183251000.0,735897000.0,735897000.0,0.0,0.027,0.054,0.027,0.266,0.0,24321000.0,1.0,135168668.0,135170000,150627000.0,5.444,5381023000.0,0.0,0.0,56888000.0,39.809,
74,DRE,MRT,2002-12-31,2002-12-31,2002-12-31,2021-07-30,-2111000.0,5348823000.0,5281911500.0,,,0.142,19.535,-174796000.0,17414000.0,17414000.0,508021000.0,207167000.0,,0.926,2106285000.0,,,2106285000.0,0.0,154565000.0,33710000.0,0.071,1.81,207167000.0,361732000.0,0.483,361732000.0,207167000.0,207167000.0,1.15,1.14,1.15,2617336000.0,2765899750.0,2617336000.0,5254126285.0,25.0,14.525,394800000.0,2.947,1.0,240566000.0,0.321,0.0,0.0,7437694000.0,7123644500.0,0.0,0.0,,,2424002000.0,,,3433054285.0,7931000.0,-11130000.0,22834000.0,285352000.0,-242475000.0,-223693000.0,-337972000.0,0.0,569596000.0,0.0,207167000.0,153969000.0,153969000.0,-6220000.0,0.0,0.206,25291000.0,215275000.0,43780000.0,1.574,1.312,22.297,22.13,5018377000.0,53198000.0,25.45,4.586,4.555,90658000.0,-168753000.0,748587000.0,748587000.0,0.0,0.029,0.056,0.029,0.277,0.0,25291000.0,1.0,134894078.0,133981000,150839000.0,5.587,5348823000.0,0.0,0.0,51474000.0,39.922,
75,DRE,MRT,2002-09-30,2002-09-30,2002-09-30,2021-07-30,-48000.0,5299464000.0,5277214000.0,,,0.145,20.765,-183931000.0,43037000.0,43037000.0,504895000.0,225856000.0,,0.781,1864109000.0,,,1864109000.0,0.0,149343000.0,34425000.0,0.073,1.805,225856000.0,375199000.0,0.491,375199000.0,225856000.0,225856000.0,1.31,1.3,1.31,2799494000.0,2807818000.0,2799494000.0,5052215127.0,22.0,13.465,375457000.0,2.785,1.0,259338000.0,0.339,0.0,0.0,7120536000.0,7048072500.0,0.0,0.0,,,2186108000.0,,,3319503127.0,33533000.0,-14801000.0,24452000.0,303284000.0,-239926000.0,-274289000.0,-251566000.0,-219000.0,559388000.0,0.0,225856000.0,174597000.0,174597000.0,-9905000.0,0.0,0.228,26653000.0,232685000.0,45300000.0,1.378,1.186,19.012,18.794,4930432000.0,51259000.0,24.62,4.344,4.343,98273000.0,-124132000.0,764233000.0,764233000.0,0.0,0.033,0.062,0.032,0.296,0.0,26653000.0,1.0,134829534.0,134818000,151256000.0,5.669,5299464000.0,0.0,0.0,71267000.0,39.308,
76,DRE,MRT,2002-06-30,2002-06-30,2002-06-30,2021-07-30,-96000.0,5235891000.0,5278348500.0,,,0.146,21.131,-57171000.0,2505000.0,2505000.0,496920000.0,265212000.0,,0.722,1735217000.0,,,1735217000.0,0.0,144751000.0,28513000.0,0.062,1.8,265212000.0,409963000.0,0.532,409963000.0,265212000.0,265212000.0,1.61,1.6,1.61,2835689000.0,2801157250.0,2835689000.0,5612184038.0,21.0,13.689,567027000.0,4.225,1.0,273890000.0,0.355,0.0,0.0,6968603000.0,7032550500.0,0.0,0.0,,,2048239000.0,,,3887907038.0,-100522000.0,-36747000.0,24036000.0,-59538000.0,-237144000.0,-566084000.0,-158636000.0,-650000.0,624198000.0,0.0,265212000.0,213104000.0,213104000.0,-9806000.0,0.0,0.276,21286000.0,252604000.0,39718000.0,1.118,1.371,18.244,17.981,4919766000.0,52108000.0,28.95,5.044,5.04,90032000.0,-101956000.0,770810000.0,770810000.0,0.0,0.04,0.076,0.038,0.344,0.0,21286000.0,1.0,134297307.0,134196000,151092000.0,5.744,5235891000.0,0.0,0.0,57280000.0,39.017,
77,DRE,MRT,2002-03-31,2002-03-31,2002-03-31,2021-07-30,-144000.0,5243468000.0,5341997250.0,,,0.146,21.307,61003000.0,13510000.0,13510000.0,498031000.0,268067000.0,,0.733,1737787000.0,,,1737787000.0,0.0,139780000.0,37125000.0,0.068,1.78,268067000.0,407847000.0,0.523,407847000.0,268067000.0,268067000.0,1.64,1.62,1.64,2811080000.0,2797617000.0,2811080000.0,5231624244.0,20.0,12.827,541566000.0,4.105,1.0,281998000.0,0.362,0.0,0.0,6967745000.0,7113207000.0,0.0,0.0,,,2060035000.0,,,3426251244.0,-25381000.0,-32109000.0,29623000.0,-80038000.0,-232178000.0,-579743000.0,73799000.0,52439000.0,480563000.0,0.0,268067000.0,214251000.0,214251000.0,-6801000.0,0.0,0.275,18750000.0,263248000.0,43060000.0,1.085,1.219,15.992,15.854,4949147000.0,53816000.0,26.0,4.392,4.398,86020000.0,-90043000.0,780029000.0,780029000.0,0.0,0.04,0.077,0.038,0.344,0.0,18750000.0,1.0,131778894.0,131932000,150270000.0,5.912,5243468000.0,0.0,0.0,56724000.0,39.744,
78,DRE,MRT,2001-12-31,2001-12-31,2001-12-31,2021-07-30,-192000.0,5330033000.0,5400990750.0,,,0.145,21.479,63216000.0,9483000.0,9483000.0,495456000.0,282723000.0,,0.772,1814856000.0,,,1814856000.0,0.0,138723000.0,34644000.0,0.09,2.19,282723000.0,421446000.0,0.539,421446000.0,282723000.0,282723000.0,1.76,1.74,1.76,2785009000.0,2796562750.0,2785009000.0,4932327198.0,17.0,11.703,412884000.0,3.184,1.0,286017000.0,0.366,0.0,0.0,7135406000.0,7212955750.0,0.0,0.0,,,2149834000.0,,,3177881198.0,-29708000.0,-21067000.0,36483000.0,-48578000.0,-228039000.0,-470915000.0,91539000.0,59249000.0,349668000.0,0.0,282723000.0,227743000.0,227743000.0,-6177000.0,0.0,0.291,15539000.0,270478000.0,57009000.0,1.244,1.141,13.954,13.824,5027428000.0,54980000.0,24.33,4.067,4.037,95970000.0,-76023000.0,781473000.0,781473000.0,0.0,0.042,0.081,0.039,0.362,0.0,15539000.0,1.0,130615750.0,129660000,151710000.0,6.027,5330033000.0,0.0,0.0,51462000.0,41.108,
79,DRE,MRT,2001-09-30,2001-09-30,2001-09-30,2021-07-30,-240000.0,5304002000.0,5433491500.0,,,0.147,21.313,275385000.0,9504000.0,9504000.0,511755000.0,311543000.0,,0.763,1763950000.0,,,1763950000.0,0.0,141282000.0,29178000.0,0.092,2.17,311543000.0,452825000.0,0.569,452825000.0,311543000.0,311543000.0,2.02,1.98,2.02,2772851000.0,2778533000.0,2772851000.0,4881680115.0,16.0,10.781,605778000.0,4.656,1.0,284672000.0,0.357,0.0,0.0,7058448000.0,7277619250.0,0.0,0.0,,,2115662000.0,,,3080937115.0,-31783000.0,-40075000.0,42305000.0,-442052000.0,-224047000.0,-728738000.0,366562000.0,217819000.0,330393000.0,0.0,311543000.0,258972000.0,258972000.0,-3044000.0,0.0,0.325,15788000.0,268884000.0,79630000.0,1.074,1.111,11.897,11.728,4958154000.0,52571000.0,23.69,3.868,3.87,104278000.0,-61604000.0,796427000.0,796427000.0,0.0,0.048,0.093,0.043,0.391,0.0,15788000.0,1.0,130052221.0,130104000,158594000.0,6.121,5304002000.0,0.0,0.0,64623000.0,40.767,
80,DRE,MRT,2001-06-30,2001-06-30,2001-06-30,2021-07-30,-836000.0,5490486000.0,5513964750.0,,,0.146,21.85,129899000.0,103027000.0,103027000.0,526434000.0,278586000.0,,0.793,1903770000.0,,,1903770000.0,0.0,141978000.0,35223000.0,0.087,2.15,278586000.0,420564000.0,0.522,420564000.0,278586000.0,278586000.0,1.79,1.75,1.79,2821528000.0,2756862250.0,2821528000.0,5088957761.0,18.0,12.1,418772000.0,3.243,1.0,278976000.0,0.346,0.0,0.0,7291229000.0,7459350500.0,0.0,0.0,,,2237436000.0,,,3201659761.0,61310000.0,-34662000.0,47872000.0,-373294000.0,-220076000.0,-573876000.0,346313000.0,218250000.0,288873000.0,0.0,278586000.0,227019000.0,227019000.0,-2592000.0,0.0,0.282,20176000.0,258800000.0,74929000.0,1.201,1.135,14.103,13.883,5047642000.0,51567000.0,24.85,3.975,3.984,116829000.0,-79572000.0,805410000.0,805410000.0,0.0,0.041,0.082,0.037,0.346,0.0,20176000.0,1.0,128839427.0,129131000,149572000.0,6.237,5490486000.0,0.0,0.0,55193000.0,42.519,
81,DRE,MRT,2001-03-31,2001-03-31,2001-03-31,2021-07-30,-638000.0,5479442000.0,5573802250.0,,,0.144,21.86,3221000.0,38891000.0,38891000.0,534532000.0,272870000.0,,0.797,1926189000.0,,,1926189000.0,0.0,144215000.0,37176000.0,0.091,2.11,272870000.0,417085000.0,0.518,417085000.0,272870000.0,272870000.0,1.76,1.73,1.76,2806863000.0,2721945000.0,2806863000.0,4915078669.0,18.0,11.784,344813000.0,2.685,1.0,270479000.0,0.336,0.0,0.0,7366740000.0,7645997000.0,0.0,0.0,,,2238130000.0,,,2981054669.0,978000.0,-37402000.0,34541000.0,-277514000.0,-213975000.0,-483418000.0,142804000.0,165161000.0,341592000.0,0.0,272870000.0,222869000.0,222869000.0,-2055000.0,0.0,0.277,19998000.0,250481000.0,65973000.0,1.199,1.062,13.376,13.153,5110140000.0,50001000.0,23.15,3.703,3.692,94905000.0,-73772000.0,805011000.0,805011000.0,0.0,0.04,0.082,0.036,0.339,0.0,19998000.0,1.0,128771260.0,128399000,151031000.0,6.27,5479442000.0,0.0,0.0,53516000.0,42.675,
82,DRE,MRT,2000-12-31,2000-12-31,2000-12-31,2021-07-30,0.0,5460036000.0,5615551750.0,,,0.141,21.389,-30824000.0,39191000.0,39191000.0,531603000.0,261939000.0,,0.852,1973215000.0,,,1973215000.0,0.0,143800000.0,34208000.0,0.067,1.64,261939000.0,405739000.0,0.514,405739000.0,261939000.0,261939000.0,1.68,1.66,1.68,2712890000.0,2690226250.0,2712890000.0,5299394279.0,20.0,13.061,332526000.0,2.622,1.0,257943000.0,0.327,0.0,0.0,7394060000.0,7775555500.0,0.0,0.0,,,2311829000.0,,,3139916279.0,20426000.0,-48770000.0,31090000.0,-61031000.0,-207909000.0,-330952000.0,-11972000.0,158351000.0,363350000.0,0.0,261939000.0,212958000.0,212958000.0,-1010000.0,0.0,0.27,21137000.0,236806000.0,74417000.0,0.976,1.157,14.744,14.655,5074435000.0,48981000.0,24.62,3.977,3.955,99360000.0,-77383000.0,789546000.0,789546000.0,0.0,0.038,0.079,0.034,0.332,0.0,21137000.0,1.0,127535186.0,126836000,147441000.0,6.225,5460036000.0,0.0,0.0,51328000.0,43.048,
83,DRE,MRT,2000-09-30,2000-09-30,2000-09-30,2021-07-30,0.0,5625895000.0,5622102250.0,,,0.139,21.149,-298511000.0,41287000.0,41287000.0,524259000.0,229715000.0,,0.931,2200765000.0,,,2200765000.0,0.0,138824000.0,33629000.0,0.066,1.6,229715000.0,368539000.0,0.47,368539000.0,229715000.0,229715000.0,1.44,1.42,1.44,2686168000.0,2679152750.0,2686168000.0,5366168200.0,23.0,14.561,60460000.0,0.476,1.0,259276000.0,0.331,0.0,0.0,7785373000.0,7822277750.0,0.0,0.0,,,2501634000.0,,,3058189200.0,-3995000.0,-41693000.0,34136000.0,314036000.0,-201904000.0,50681000.0,-413647000.0,13807000.0,358971000.0,0.0,229715000.0,180717000.0,180717000.0,0.0,0.0,0.231,20318000.0,238958000.0,92985000.0,1.111,1.138,16.923,16.75,5272035000.0,48998000.0,24.12,3.903,3.91,102905000.0,-95961000.0,783535000.0,783535000.0,0.0,0.032,0.067,0.029,0.293,0.0,20318000.0,1.0,126790597.0,127010000,147916000.0,6.169,5625895000.0,0.0,0.0,66922000.0,44.295,
84,DRE,MRT,2000-06-30,2000-06-30,2000-06-30,2021-07-30,0.0,5729836000.0,5549294000.0,,,0.135,21.184,-400089000.0,41717000.0,41717000.0,495175000.0,226039000.0,,0.974,2349696000.0,,,2349696000.0,0.0,133679000.0,36261000.0,0.07,1.56,226039000.0,359718000.0,0.479,359718000.0,226039000.0,226039000.0,1.43,1.42,1.43,2681859000.0,2673812250.0,2681859000.0,5069350793.0,22.0,14.093,7202000.0,0.057,1.0,256372000.0,0.341,0.0,0.0,8037815000.0,7689493750.0,0.0,0.0,,,2612426000.0,,,2830816793.0,-131027000.0,-16652000.0,190735000.0,237053000.0,-193024000.0,141572000.0,-679890000.0,-20026000.0,407291000.0,0.0,226039000.0,177030000.0,177030000.0,0.0,0.0,0.236,19119000.0,237253000.0,68873000.0,1.091,1.056,15.991,15.65,5302166000.0,49009000.0,22.38,3.767,3.77,92626000.0,-86515000.0,751547000.0,751547000.0,0.0,0.032,0.066,0.029,0.301,0.0,19119000.0,1.0,126488686.0,126597000,147181000.0,5.937,5729836000.0,0.0,0.0,56698000.0,45.26,
85,DRE,MRT,2000-03-31,2000-03-31,2000-03-31,2021-07-30,0.0,5646440000.0,4973763000.0,,,0.134,21.258,-446839000.0,37913000.0,37913000.0,431308000.0,207115000.0,,0.943,2276447000.0,,,2276447000.0,0.0,116804000.0,38797000.0,0.079,1.51,207115000.0,323919000.0,0.488,323919000.0,207115000.0,207115000.0,1.4,1.39,1.4,2679988000.0,2440588000.0,2679988000.0,4512133267.0,22.0,13.93,-64265000.0,-0.51,1.0,232831000.0,0.351,0.0,0.0,7884974000.0,6841421000.0,0.0,0.0,,,2528497000.0,,,2417422267.0,2917000.0,-17929000.0,211353000.0,423340000.0,-173813000.0,375383000.0,-755040000.0,-16241000.0,382574000.0,0.0,207115000.0,161101000.0,161101000.0,0.0,0.0,0.243,18105000.0,214726000.0,75774000.0,1.079,0.902,15.006,13.657,5243808000.0,46014000.0,19.12,3.64,3.629,81273000.0,-82666000.0,664139000.0,664139000.0,0.0,0.032,0.066,0.03,0.312,0.0,18105000.0,1.0,126434219.0,126070000,146326000.0,5.268,5646440000.0,0.0,0.0,54884000.0,44.788,
86,DRE,MRT,1999-12-31,1999-12-31,1999-12-31,2021-07-30,0.0,5486238000.0,4329366750.0,,,0.136,25.443,-501013000.0,18765000.0,18765000.0,376328000.0,182240000.0,,0.893,2113476000.0,,,2113476000.0,0.0,99350000.0,36156000.0,0.075,1.46,182240000.0,281590000.0,0.478,281590000.0,182240000.0,182240000.0,1.33,1.32,1.33,2668596000.0,2190543000.0,2668596000.0,4361206699.0,24.0,15.488,-185378000.0,-1.767,1.0,213266000.0,0.362,0.0,0.0,7580949000.0,5907032250.0,0.0,0.0,,,2383897000.0,,,2441631699.0,11815000.0,0.0,214778000.0,357109000.0,-154069000.0,436449000.0,-740269000.0,-16241000.0,315635000.0,0.0,182240000.0,139636000.0,139636000.0,0.0,0.0,0.237,16556000.0,196710000.0,93164000.0,1.098,0.915,17.486,14.662,5192396000.0,42604000.0,19.5,4.141,3.469,86151000.0,-82432000.0,589594000.0,589594000.0,0.0,0.032,0.064,0.031,0.309,0.0,16556000.0,1.0,125211882.0,104884000,120511000.0,5.621,5486238000.0,0.0,0.0,47604000.0,52.308,
87,DRE,MRT,1999-09-30,1999-09-30,1999-09-30,2021-07-30,0.0,5334662000.0,3671220500.0,,,0.138,22.427,-284272000.0,45282000.0,45282000.0,322863000.0,157829000.0,,0.84,1964857000.0,,,1964857000.0,0.0,85368000.0,33845000.0,0.072,1.41,157829000.0,243197000.0,0.48,243197000.0,157829000.0,157829000.0,1.28,1.28,1.28,2664806000.0,1915922000.0,2664806000.0,3503572477.0,22.0,14.406,45526000.0,0.383,1.0,184139000.0,0.363,0.0,0.0,7254237000.0,4975300000.0,0.0,0.0,,,2237760000.0,,,2285760477.0,23249000.0,16802000.0,278182000.0,189561000.0,-133803000.0,496647000.0,-803196000.0,-44687000.0,329798000.0,0.0,157829000.0,121754000.0,121754000.0,0.0,0.0,0.24,15075000.0,169064000.0,96841000.0,1.102,0.858,18.774,15.234,5053372000.0,36075000.0,19.5,4.508,4.57,77899000.0,-74774000.0,507002000.0,507002000.0,0.0,0.033,0.064,0.032,0.311,0.0,15075000.0,1.0,117218486.0,118820000,138923000.0,4.267,5334662000.0,0.0,0.0,60174000.0,44.897,
88,DRE,MRT,1999-06-30,1999-06-30,1999-06-30,2021-07-30,0.0,3427712000.0,3000307250.0,,,0.143,19.795,-420708000.0,172744000.0,172744000.0,275060000.0,132264000.0,,0.897,1390556000.0,,,1390556000.0,0.0,71078000.0,18973000.0,0.06,1.36,132264000.0,203342000.0,0.474,203342000.0,132264000.0,132264000.0,1.22,1.22,1.22,1748962000.0,1592383250.0,1748962000.0,3079945072.0,23.0,15.147,-217345000.0,-2.46,1.0,153899000.0,0.359,0.0,0.0,4645524000.0,4075746000.0,0.0,0.0,,,1569502000.0,,,2001381072.0,150365000.0,0.0,146475000.0,410786000.0,-115642000.0,617689000.0,-670687000.0,-9481000.0,203363000.0,0.0,132264000.0,103741000.0,103741000.0,0.0,0.0,0.242,13241000.0,140658000.0,64687000.0,1.115,1.144,19.292,18.492,3015723000.0,28523000.0,22.56,4.666,4.647,109644000.0,-70521000.0,428959000.0,428959000.0,0.0,0.035,0.065,0.032,0.308,0.0,13241000.0,1.0,88713700.0,88353000,98855000.0,4.855,3427712000.0,0.0,0.0,39348000.0,38.796,
89,DRE,MRT,1999-03-31,1999-03-31,1999-03-31,2021-07-30,0.0,3068855000.0,2776079500.0,,,0.145,19.449,-352397000.0,34996000.0,34996000.0,260475000.0,119975000.0,,0.763,1113560000.0,,,1113560000.0,0.0,67024000.0,22005000.0,0.061,1.32,119975000.0,186999000.0,0.464,186999000.0,119975000.0,119975000.0,1.16,1.16,1.16,1679808000.0,1490379750.0,1679808000.0,2864212514.0,24.0,15.317,-137934000.0,-1.597,1.0,142544000.0,0.354,0.0,0.0,4147419000.0,3779866500.0,0.0,0.0,,,1281618000.0,,,1863845514.0,5827000.0,8809000.0,182775000.0,299151000.0,-109693000.0,553749000.0,-762385000.0,-21864000.0,214463000.0,0.0,119975000.0,96003000.0,96003000.0,0.0,0.0,0.238,12848000.0,129696000.0,52475000.0,1.138,1.11,19.414,18.534,2833070000.0,23972000.0,21.5,4.625,4.608,88159000.0,-69954000.0,403019000.0,403019000.0,0.0,0.035,0.064,0.032,0.298,0.0,12848000.0,1.0,86690489.0,86370000,98094000.0,4.666,3068855000.0,0.0,0.0,39750000.0,35.531,
90,DRE,MRT,1998-12-31,1998-12-31,1998-12-31,2021-07-30,0.0,2853653000.0,2583579000.0,,,0.145,19.455,-337047000.0,6950000.0,6950000.0,240179000.0,110704000.0,,0.75,1007317000.0,,,1007317000.0,0.0,61414000.0,18534000.0,0.055,1.28,110704000.0,172118000.0,0.461,172118000.0,110704000.0,110704000.0,1.13,1.12,1.13,1570112000.0,1389722000.0,1570112000.0,2950918006.0,27.0,17.145,-115859000.0,-1.436,1.0,133162000.0,0.357,0.0,0.0,3854020000.0,3511407250.0,0.0,0.0,,,1176812000.0,,,1945906006.0,-3403000.0,0.0,211478000.0,278003000.0,-103223000.0,479223000.0,-703814000.0,-28734000.0,221188000.0,0.0,110704000.0,90871000.0,90871000.0,0.0,0.0,0.243,11573000.0,121589000.0,59848000.0,1.133,1.239,21.414,20.575,2682499000.0,19833000.0,23.25,5.212,5.026,59135000.0,-67999000.0,373341000.0,373341000.0,0.0,0.035,0.065,0.032,0.297,0.0,11573000.0,1.0,83694882.0,80704000,92468000.0,4.626,2853653000.0,0.0,0.0,36075000.0,35.359,
91,DRE,MRT,1998-09-30,1998-09-30,1998-09-30,2021-07-30,0.0,2651009000.0,2414219250.0,,,0.145,16.798,-305582000.0,22033000.0,22033000.0,224325000.0,105786000.0,,0.855,1027045000.0,,,1027045000.0,0.0,56103000.0,17411000.0,0.053,1.24,105786000.0,161889000.0,0.462,161889000.0,105786000.0,105786000.0,1.1,1.1,1.1,1370651000.0,1305864250.0,1370651000.0,2809833602.0,27.0,17.357,-107416000.0,-1.316,1.0,126357000.0,0.36,0.0,0.0,3656021000.0,3269397250.0,0.0,0.0,,,1171655000.0,,,1878628602.0,-152099000.0,27774000.0,157428000.0,314808000.0,-97236000.0,337324000.0,-687589000.0,-43459000.0,198166000.0,0.0,105786000.0,86975000.0,86975000.0,0.0,0.0,0.248,10418000.0,115939000.0,47755000.0,1.127,1.371,21.6,21.082,2480860000.0,18811000.0,23.19,5.357,5.396,58369000.0,-62725000.0,350682000.0,350682000.0,0.0,0.036,0.067,0.032,0.302,0.0,10418000.0,1.0,81010289.0,81594000,93279000.0,4.298,2651009000.0,0.0,0.0,36559000.0,32.49,
92,DRE,MRT,1998-06-30,1998-06-30,1998-06-30,2021-07-30,0.0,2530801000.0,,,,,16.745,-305468000.0,22379000.0,22379000.0,199752000.0,98916000.0,,0.806,953584000.0,,,953584000.0,0.0,49915000.0,18242000.0,0.051,1.195,98916000.0,148831000.0,0.472,148831000.0,98916000.0,98916000.0,1.07,1.07,1.07,1340948000.0,,1340948000.0,2680836569.0,27.0,18.013,-117424000.0,-1.466,1.0,115433000.0,0.366,0.0,0.0,3462006000.0,,0.0,0.0,,,1080629000.0,,,1906107569.0,19272000.0,27774000.0,360467000.0,222729000.0,-88365000.0,604633000.0,-773405000.0,15213000.0,188044000.0,0.0,98916000.0,80437000.0,80437000.0,0.0,0.0,0.255,9083000.0,106350000.0,38475000.0,1.117,1.421,23.697,22.075,2389790000.0,18479000.0,23.62,6.048,6.001,41933000.0,-58620000.0,315185000.0,315185000.0,0.0,,,,0.314,0.0,9083000.0,1.0,80698881.0,80080000,91830000.0,3.936,2530801000.0,0.0,0.0,28775000.0,31.603,
93,DRE,MRT,1998-03-31,1998-03-31,1998-03-31,2021-07-30,0.0,2298853000.0,,,,,16.661,-332164000.0,29169000.0,29169000.0,178417000.0,88757000.0,,0.716,803898000.0,,,803898000.0,0.0,44035000.0,17050000.0,0.047,1.15,88757000.0,132792000.0,0.471,132792000.0,88757000.0,88757000.0,1.03,1.03,1.03,1277177000.0,,1277177000.0,2591825812.0,29.0,19.518,-162891000.0,-2.125,1.0,103382000.0,0.367,0.0,0.0,3073582000.0,,0.0,0.0,,,913903000.0,,,1882059812.0,16172000.0,27774000.0,304409000.0,171739000.0,-80255000.0,512109000.0,-665210000.0,-8239000.0,169273000.0,0.0,88757000.0,73275000.0,73275000.0,0.0,0.0,0.26,7554000.0,95828000.0,34990000.0,1.117,1.474,25.685,23.67,2161790000.0,15482000.0,24.38,6.679,6.632,42360000.0,-56264000.0,281799000.0,281799000.0,0.0,,,,0.315,0.0,7554000.0,1.0,77196875.0,76655000,88596000.0,3.676,2298853000.0,0.0,0.0,27997000.0,29.99,
94,DRE,MRT,1997-12-31,1997-12-31,1997-12-31,2021-07-30,0.0,2176214000.0,1768678000.0,,,0.143,18.587,-272944000.0,10353000.0,10353000.0,161187000.0,78484000.0,,0.676,720119000.0,,,720119000.0,0.0,39771000.0,14268000.0,0.046,1.105,78484000.0,118255000.0,0.469,118255000.0,78484000.0,78484000.0,0.99,0.98,0.99,1234681000.0,994806500.0,1234681000.0,,,,-113749000.0,-1.712,1.0,90893000.0,0.361,0.0,0.0,2885980000.0,2383801500.0,0.0,0.0,,,834169000.0,,,1872024219.0,5019000.0,27774000.0,321239000.0,76001000.0,-73183000.0,443148000.0,-597324000.0,0.0,159195000.0,0.0,78484000.0,65999000.0,65999000.0,0.0,0.0,0.262,6530000.0,84363000.0,42128000.0,1.116,1.516,28.364,24.495,2060463000.0,12485000.0,24.25,7.426,6.39,43378000.0,-55647000.0,252080000.0,252080000.0,0.0,0.037,0.066,0.033,0.311,0.0,6530000.0,1.0,77196875.0,66427000,74993000.0,3.795,2176214000.0,0.0,0.0,25203000.0,32.761,
95,DRE,MRT,1997-09-30,1997-09-30,1997-09-30,2021-07-30,,,,,,,,,,,,,,,,,,,,,,0.046,1.06,,,,,,,,,,,,,,,,,,1.0,,,,,,,,,,,,,,,,,,,,,,,,,,,,,,,,,,,,,,,,22.81,,,,,,,,,,,,,,1.0,,65309000,,,,,,,,
96,DRE,MRT,1997-06-30,1997-06-30,1997-06-30,2021-07-30,,,,,,,,,,,,,,,,,,,,,,0.05,1.008,,,,,,,,,,,,,,,,,,1.0,,,,,,,,,,,,,,,,,,,,,,,,,,,,,,,,,,,,,,,,20.25,,,,,,,,,,,,,,1.0,,63168000,,,,,,,,
97,DRE,MRT,1997-03-31,1997-03-31,1997-03-31,2021-07-30,,,,,,,,,,,,,,,,,,,,,,0.049,0.997,,,,,,,,,,,,,,,,,,1.0,,,,,,,,,,,,,,,,,,,,,,,,,,,,,,,,,,,,,,,,20.31,,,,,,,,,,,,,,1.0,,61624000,,,,,,,,
98,DRE,MRT,1996-12-31,1996-12-31,1996-12-31,2021-07-30,0.0,1361142000.0,,,,,13.449,-284430000.0,5334000.0,5334000.0,121321000.0,53431000.0,,0.786,525815000.0,,,525815000.0,0.0,27568000.0,7611000.0,0.051,0.987,53431000.0,80999000.0,0.445,80999000.0,53431000.0,53431000.0,0.91,0.9,0.91,754932000.0,,754932000.0,,,,-189295000.0,-3.372,1.0,60768000.0,0.334,0.0,0.0,1881623000.0,,0.0,0.0,,,593127000.0,,,,-393000.0,12423000.0,130799000.0,46523000.0,-56163000.0,181220000.0,-276748000.0,-1470000.0,95135000.0,0.0,53431000.0,50872000.0,50872000.0,0.0,0.0,0.279,4719000.0,56049000.0,24752000.0,1.085,,,21.154,1287831000.0,2559000.0,19.25,,5.934,29075000.0,-48463000.0,182089000.0,182089000.0,0.0,,,,0.293,0.0,4719000.0,1.0,,56134000,64398000.0,3.244,1361142000.0,0.0,0.0,14888000.0,24.248,
99,DRE,MRT,1995-12-31,1995-12-31,1995-12-31,2021-07-30,,,,,,,,-167028000.0,,,87574000.0,35019000.0,,,,,,,,20416000.0,,0.061,0.96,35019000.0,55435000.0,0.422,55435000.0,35019000.0,35019000.0,0.77,0.77,0.77,,,,,,,-88408000.0,-1.949,1.0,43844000.0,0.334,,0.0,,,,,,,,,,,-34706000.0,0.0,96297000.0,135021000.0,-42838000.0,176243000.0,-289569000.0,-19750000.0,78620000.0,0.0,35019000.0,35019000.0,35019000.0,0.0,0.0,0.266,3536000.0,40308000.0,,1.247,,,20.377,,0.0,15.69,,5.415,,,131418000.0,131418000.0,0.0,,,,0.266,0.0,3536000.0,1.0,,45358000,53802000.0,2.897,,,0.0,,,
