None,ticker,dimension,calendardate,datekey,reportperiod,lastupdated,accoci,assets,assetsavg,assetsc,assetsnc,assetturnover,bvps,capex,cashneq,cashnequsd,cor,consolinc,currentratio,de,debt,debtc,debtnc,debtusd,deferredrev,depamor,deposits,divyield,dps,ebit,ebitda,ebitdamargin,ebitdausd,ebitusd,ebt,eps,epsdil,epsusd,equity,equityavg,equityusd,ev,evebit,evebitda,fcf,fcfps,fxusd,gp,grossmargin,intangibles,intexp,invcap,invcapavg,inventory,investments,investmentsc,investmentsnc,liabilities,liabilitiesc,liabilitiesnc,marketcap,ncf,ncfbus,ncfcommon,ncfdebt,ncfdiv,ncff,ncfi,ncfinv,ncfo,ncfx,netinc,netinccmn,netinccmnusd,netincdis,netincnci,netmargin,opex,opinc,payables,payoutratio,pb,pe,pe1,ppnenet,prefdivis,price,ps,ps1,receivables,retearn,revenue,revenueusd,rnd,roa,roe,roic,ros,sbcomp,sgna,sharefactor,sharesbas,shareswa,shareswadil,sps,tangibles,taxassets,taxexp,taxliabilities,tbvps,workingcapital
0,DRE,ARY,2020-12-31,2021-02-19,2020-12-31,2021-07-30,-31568000,9111394000,8748928000.0,,,0.114,13.952,-910473000.0,53991000,53991000,283910000.0,302760000.0,,0.751,3385051000,,,3385051000,0,297158000.0,57153000,0.024,0.98,388245000.0,685403000.0,0.69,685403000.0,388245000.0,294803000.0,0.81,0.8,0.81,5162972000,5032213500.0,5162972000,18651722232,48.0,27.213,-344037000.0,-0.93,1.0,709288000.0,0.714,0,93442000.0,12442454000,11867704000.0,0,67946000,,,3876946000,,,15320662232,-54208000.0,-5335000.0,187856000.0,418035000.0,-355287000.0,235577000.0,-856221000.0,0.0,566436000.0,0.0,299915000.0,299915000.0,299915000.0,-111000.0,2845000.0,0.302,303386000.0,405902000.0,62332000,1.21,2.967,51.083,50.605,8204578000,0.0,40.99,15.426,15.273,199730000,-532519000,993198000.0,993198000.0,0.0,0.034,0.06,0.033,0.391,0.0,62404000.0,1.0,373765851,370057000,374156000.0,2.684,9111394000,0,-5112000.0,76501000,24.622,
1,DRE,ARY,2019-12-31,2020-02-25,2019-12-31,2021-07-30,-35036000,8420562000,8165030750.0,,,0.119,13.853,-660114000.0,112564000,112564000,316670000.0,432644000.0,,0.666,2914765000,,,2914765000,0,272422000.0,48907000,0.025,0.9,527414000.0,799836000.0,0.821,799836000.0,527414000.0,437658000.0,1.18,1.18,1.18,5018115000,4809563750.0,5018115000,16257767429,31.0,20.326,-154216000.0,-0.426,1.0,657089000.0,0.675,0,89756000.0,11222763000,10907818250.0,0,128463000,,,3340302000,,,13455566429,95914000.0,-8224000.0,272761000.0,251095000.0,-318702000.0,145090000.0,-555074000.0,0.0,505898000.0,0.0,428972000.0,428972000.0,428972000.0,-445000.0,3672000.0,0.441,163734000.0,493355000.0,68840000,0.763,2.681,31.367,30.958,7451453000,0.0,36.53,13.818,13.589,175300000,-475992000,973759000.0,973759000.0,0.0,0.053,0.089,0.048,0.542,0.0,60889000.0,1.0,368342908,362234000,367339000.0,2.688,8420562000,0,8686000.0,69042000,23.246,
2,DRE,ARY,2018-12-31,2019-02-22,2018-12-31,2021-07-30,-4676000,7804024000,7639831500.0,,,0.124,13.027,-711835000.0,17901000,17901000,352253000.0,387268000.0,,0.664,2658501000,,,2658501000,0,256250000.0,45048000,0.028,0.83,477563000.0,733813000.0,0.774,733813000.0,477563000.0,392557000.0,1.07,1.07,1.07,4658201000,4631164750.0,4658201000,13450239743,28.0,18.329,-227428000.0,-0.636,1.0,595617000.0,0.628,0,85006000.0,10444624000,10008619750.0,0,273632000,,,3090781000,,,10809639743,-168110000.0,17213000.0,34913000.0,218488000.0,-291502000.0,-58087000.0,-594430000.0,0.0,484407000.0,0.0,383729000.0,383729000.0,383729000.0,-3900000.0,3539000.0,0.405,156705000.0,438912000.0,92288000,0.776,2.321,28.17,28.121,6852943000,0.0,30.09,11.404,11.351,164803000,-585087000,947870000.0,947870000.0,0.0,0.05,0.083,0.048,0.504,0.0,56218000.0,1.0,359243594,357569000,363297000.0,2.651,7804024000,0,8828000.0,73358000,21.825,
3,DRE,ARY,2017-12-31,2018-02-16,2017-12-31,2021-07-30,0,7388196000,7240436500.0,,,0.108,12.741,692517000.0,183967000,183967000,263003000.0,1654341000.0,,0.621,2422891000,,,2422891000,0,242606000.0,39109000,0.063,1.63,1721077000.0,1963683000.0,2.515,1963683000.0,1721077000.0,1634074000.0,4.58,4.56,4.58,4532844000,4331144500.0,4532844000,11477814667,7.0,5.845,1140633000.0,3.206,1.0,517931000.0,0.663,0,87003000.0,9627120000,9306065500.0,0,444207000,,,2813818000,,,9238890667,54923000.0,114633000.0,12926000.0,-489861000.0,-576832000.0,-1089526000.0,696333000.0,0.0,448116000.0,0.0,1634431000.0,1634431000.0,1634431000.0,-1363749000.0,19910000.0,2.093,212627000.0,305304000.0,54545000,0.356,2.038,5.653,5.651,6154543000,0.0,25.88,11.831,11.79,125912000,-676036000,780934000.0,780934000.0,0.0,0.226,0.377,0.185,2.204,0.0,54944000.0,1.0,356989593,355762000,362011000.0,2.195,7388196000,0,-357000.0,67374000,20.767,
4,DRE,ARY,2016-12-31,2017-02-17,2016-12-31,2021-07-30,682000,6772002000,6849017000.0,,,0.132,9.904,-191952000.0,12639000,12639000,306531000.0,315278000.0,,0.946,2908477000,,,2908477000,0,255419000.0,39820000,0.029,0.74,453130000.0,708549000.0,0.785,708549000.0,453130000.0,311554000.0,0.89,0.88,0.89,3465818000,3356820250.0,3465818000,11859444012,26.0,16.738,258183000.0,0.738,1.0,595713000.0,0.66,0,141576000.0,9667840000,9911061750.0,0,51627000,,,3278709000,,,8963606012,-9894000.0,0.0,220258000.0,-440548000.0,-255279000.0,-484933000.0,24904000.0,68137000.0,450135000.0,0.0,312143000.0,312143000.0,312143000.0,-2007000.0,3135000.0,0.346,223131000.0,372582000.0,53742000,0.831,2.586,28.716,28.326,5980962000,0.0,25.21,9.935,9.778,146736000,-1730423000,902244000.0,902244000.0,0.0,0.046,0.093,0.046,0.502,0.0,55389000.0,1.0,355557557,349942000,357076000.0,2.578,6772002000,0,-589000.0,73190000,19.352,
5,DRE,ARY,2015-12-31,2016-02-19,2015-12-31,2021-07-30,1806000,6917113000,7225511750.0,,,0.131,9.221,1174594000.0,22533000,22533000,357715000.0,621861000.0,,1.167,3341739000,,,3341739000,0,253683000.0,40506000,0.044,0.9,784956000.0,1038639000.0,1.094,1038639000.0,784956000.0,611382000.0,1.77,1.77,1.77,3181932000,3151834000.0,3181932000,10347922651,13.0,9.963,1553975000.0,4.504,1.0,591717000.0,0.623,0,173574000.0,10236319000,10839612500.0,0,45801000,,,3712312000,,,7028716651,4611000.0,0.0,4530000.0,-1190416000.0,-307169000.0,-1496069000.0,1121299000.0,-3422000.0,379381000.0,0.0,615310000.0,615310000.0,615310000.0,-432656000.0,6551000.0,0.648,140017000.0,451700000.0,54921000,0.508,2.209,11.423,11.48,5912672000,0.0,20.32,7.403,7.385,152086000,-1785250000,949432000.0,949432000.0,0.0,0.085,0.195,0.072,0.827,0.0,58565000.0,1.0,345901410,345057000,352197000.0,2.752,6917113000,0,-3928000.0,71617000,20.046,
6,DRE,ARY,2014-12-31,2015-02-20,2014-12-31,2021-07-30,3026000,7754839000,7817225250.0,,,0.149,8.519,-245709000.0,17922000,17922000,497232000.0,246455000.0,,1.704,4453403000,,,4453403000,0,290279000.0,51953000,0.032,0.68,462357000.0,752636000.0,0.646,752636000.0,462357000.0,242744000.0,0.6,0.6,0.6,2860325000,3068284500.0,2860325000,11833734216,26.0,15.723,198778000.0,0.592,1.0,667472000.0,0.573,0,219613000.0,12190320000,12065798250.0,0,71525000,,,4874959000,,,7398253216,-1353000.0,0.0,289122000.0,198335000.0,-228227000.0,-238809000.0,-207031000.0,80177000.0,444487000.0,0.0,243588000.0,204893000.0,204893000.0,-20486000.0,2867000.0,0.176,316915000.0,350557000.0,72839000,1.133,2.587,36.108,35.767,6792930000,38695000.0,21.46,6.352,6.187,193864000,-2090942000,1164704000.0,1164704000.0,0.0,0.026,0.067,0.038,0.397,0.0,49362000.0,1.0,344746189,335777000,340446000.0,3.469,7754839000,0,-844000.0,78092000,23.095,
7,DRE,ARY,2013-12-31,2014-02-21,2013-12-31,2021-07-30,4119000,7752614000,7831363500.0,,,0.138,9.354,-301283000.0,19275000,19275000,460588000.0,196549000.0,,1.562,4254376000,,,4254376000,0,288583000.0,44550000,0.041,0.68,414407000.0,702990000.0,0.65,702990000.0,414407000.0,185512000.0,0.47,0.47,0.47,3013243000,2992956500.0,3013243000,9654105714,23.0,13.733,134393000.0,0.417,1.0,621202000.0,0.574,0,228895000.0,11987715000,12108564750.0,0,57466000,,,4707985000,,,5419004714,-14614000.0,0.0,649690000.0,-332100000.0,-220297000.0,-130908000.0,-319382000.0,47438000.0,435676000.0,0.0,190592000.0,153044000.0,153044000.0,-135003000.0,5957000.0,0.141,379318000.0,241884000.0,69380000,1.447,1.798,35.408,35.255,6791221000,37548000.0,16.57,5.009,4.934,163633000,-2062787000,1081790000.0,1081790000.0,0.0,0.02,0.051,0.034,0.383,0.0,42673000.0,1.0,327037098,322133000,326712000.0,3.358,7752614000,0,-5080000.0,74696000,24.067,
8,DRE,ARY,2012-12-31,2013-02-22,2012-12-31,2021-07-30,2691000,7560101000,7172678250.0,,,0.155,9.673,-920992000.0,33889000,33889000,521648000.0,-75868000.0,,1.904,4446170000,,,4446170000,0,262825000.0,42731000,0.043,0.68,171090000.0,433915000.0,0.391,433915000.0,171090000.0,-74080000.0,-0.48,-0.48,-0.48,2591414000,2603172250.0,2591414000,9462440717,55.0,21.807,-621835000.0,-2.321,1.0,587792000.0,0.53,0,245170000.0,11972382000,11215548750.0,0,30937000,,,4933983000,,,5050159717,-179920000.0,0.0,315295000.0,583182000.0,-181892000.0,488539000.0,-967616000.0,-23356000.0,299157000.0,0.0,-73977000.0,-126145000.0,-126145000.0,-11918000.0,-1891000.0,-0.114,431507000.0,156285000.0,84679000,-1.417,1.949,-40.035,-32.708,6607953000,52168000.0,15.7,4.552,3.791,182340000,-1993206000,1109440000.0,1109440000.0,0.0,-0.018,-0.048,0.015,0.154,0.0,46424000.0,1.0,321666224,267900000,267900000.0,4.141,7560101000,0,-103000.0,74565000,28.22,
9,DRE,ARY,2011-12-31,2012-02-24,2011-12-31,2021-07-30,987000,7004437000,7390918500.0,,,0.172,10.743,751853000.0,213809000,213809000,731377000.0,96309000.0,,1.556,3809589000,,,3809589000,0,267222000.0,38355000,0.049,0.68,318424000.0,585646000.0,0.46,585646000.0,318424000.0,95371000.0,0.11,0.11,0.11,2714686000,2816043000.0,2714686000,7212037604,23.0,12.315,1089390000.0,4.311,1.0,542897000.0,0.426,0,223053000.0,10600217000,11328466250.0,0,55580000,,,4224779000,,,3616257604,195425000.0,-34606000.0,0.0,-536210000.0,-171814000.0,-893047000.0,750935000.0,59252000.0,337537000.0,0.0,95565000.0,31416000.0,31416000.0,-100346000.0,744000.0,0.025,328110000.0,214787000.0,55775000,6.182,1.332,115.109,126.909,5892768000,64149000.0,13.96,2.838,2.768,168402000,-1677328000,1274274000.0,1274274000.0,0.0,0.004,0.011,0.028,0.25,0.0,43107000.0,1.0,259044241,252694000,259598000.0,5.043,7004437000,0,-194000.0,69272000,27.719,
10,DRE,ARY,2010-12-31,2011-02-25,2010-12-31,2021-07-30,-1432000,7644276000,7399504750.0,,,0.188,12.329,-211550000.0,18384000,18384000,802856000.0,65262000.0,,1.58,4207079000,,,4207079000,0,271058000.0,50450000,0.05,0.68,304055000.0,575113000.0,0.413,575113000.0,304055000.0,64672000.0,-0.07,-0.07,-0.07,2945610000,2960308250.0,2945610000,7602774972,25.0,13.22,179606000.0,0.752,1.0,590747000.0,0.424,0,239383000.0,11832971000,11267267250.0,0,394287000,,,4654373000,,,3414079972,-128938000.0,-53194000.0,298004000.0,-168223000.0,-162015000.0,-231304000.0,-288790000.0,22119000.0,391156000.0,0.0,65798000.0,-14108000.0,-14108000.0,-35786000.0,-536000.0,-0.01,370999000.0,219748000.0,44782000,-9.714,1.159,-241.996,-193.143,6326334000,79906000.0,13.52,2.45,2.318,155181000,-1533740000,1393603000.0,1393603000.0,0.0,-0.002,-0.005,0.027,0.218,0.0,41329000.0,1.0,252520708,238920000,238920000.0,5.833,7644276000,0,-1126000.0,83615000,31.995,
11,DRE,ARY,2009-12-31,2010-03-01,2009-12-31,2021-07-30,-5630000,7304279000,7503760000.0,,,0.179,14.539,-128746000.0,147322000,147322000,750316000.0,-271490000.0,,1.482,3854032000,,,3854032000,0,266803000.0,44258000,0.061,0.68,-45981000.0,220822000.0,0.164,220822000.0,-45981000.0,-266220000.0,-1.67,-1.67,-1.67,2925345000,3011114500.0,2925345000,6222756953,-135.0,28.18,271726000.0,1.35,1.0,593773000.0,0.442,0,220239000.0,11010989000,11380093750.0,0,0,,,4336419000,,,2516046953,124790000.0,-23481000.0,551136000.0,-395883000.0,-151333000.0,-99734000.0,-175948000.0,0.0,400472000.0,0.0,-260150000.0,-333601000.0,-333601000.0,-5575000.0,-11340000.0,-0.248,687789000.0,-94016000.0,43147000,-0.407,0.86,-7.542,-6.719,6343528000,73451000.0,11.22,1.872,1.68,171293000,-1355086000,1344089000.0,1344089000.0,0.0,-0.044,-0.111,-0.004,-0.034,0.0,47937000.0,1.0,224246609,201206000,201206000.0,6.68,7304279000,0,-6070000.0,84347000,36.302,
12,DRE,ARY,2008-12-31,2009-02-25,2008-12-31,2021-07-30,-8652000,7690883000,7781764750.0,,,0.128,19.207,-455523000.0,22532000,22532000,854579000.0,113996000.0,,1.705,4298478000,,,4298478000,0,246441000.0,41348000,0.236,1.7,113996000.0,360437000.0,0.362,360437000.0,113996000.0,113996000.0,0.39,0.38,0.39,2821758000,2905465500.0,2821758000,5343646814,47.0,14.825,187324000.0,1.275,1.0,141508000.0,0.142,0,0.0,11966829000,12093751500.0,0,18131000,,,4812396000,,,1067700814,-25480000.0,-132244000.0,17100000.0,-54487000.0,-283375000.0,-145735000.0,-522592000.0,95392000.0,642847000.0,0.0,113996000.0,56616000.0,56616000.0,-17698000.0,0.0,0.057,46584000.0,94924000.0,105227000,4.359,0.378,18.859,18.436,6773209000,57380000.0,7.19,1.072,1.06,226283000,-855541000,996087000.0,996087000.0,0.0,0.007,0.019,0.009,0.114,0.0,39506000.0,1.0,148498027,146915000,155041000.0,6.78,7690883000,0,0.0,78113000,52.349,
13,DRE,ARY,2007-12-31,2008-02-29,2007-12-31,2021-07-30,-1279000,7661981000,7413551500.0,,,0.125,19.748,-457262000.0,48012000,48012000,762114000.0,279467000.0,,1.756,4316460000,,,4316460000,0,214477000.0,34535000,0.084,1.915,279467000.0,493944000.0,0.535,493944000.0,279467000.0,279467000.0,1.56,1.55,1.56,2750033000,2660154750.0,2750033000,7621718994,27.0,15.43,-133331000.0,-0.957,1.0,161113000.0,0.175,0,0.0,11930429000,11515667000.0,0,273591000,,,4828265000,,,3353270994,-20471000.0,-142330000.0,240802000.0,320790000.0,-265698000.0,90417000.0,-434819000.0,235754000.0,323931000.0,0.0,279467000.0,217692000.0,217692000.0,-120271000.0,0.0,0.236,37680000.0,123433000.0,142655000,1.228,1.219,15.404,14.692,6448383000,61775000.0,22.92,3.632,3.457,206671000,-626765000,923227000.0,923227000.0,0.0,0.029,0.082,0.024,0.303,0.0,37680000.0,1.0,146303272,139255000,149614000.0,6.63,7661981000,0,0.0,63796000,55.021,
14,DRE,ARY,2006-12-31,2007-03-01,2006-12-31,2021-07-30,5435000,7238595000,7057657250.0,,,0.129,18.561,-1425919000.0,68483000,68483000,727615000.0,204147000.0,,1.829,3961845000,,,3961845000,0,206999000.0,31121000,0.043,1.895,204147000.0,411146000.0,0.452,411146000.0,204147000.0,204147000.0,1.08,1.07,1.08,2503583000,2560754000.0,2503583000,9877926854,48.0,24.025,-1150196000.0,-8.527,1.0,181185000.0,0.199,0,0.0,11131957000,10905804500.0,0,512925000,,,4578159000,,,5984564854,41751000.0,-28944000.0,-94610000.0,1292569000.0,-255502000.0,1002922000.0,-1236894000.0,275335000.0,275723000.0,0.0,204147000.0,145095000.0,145095000.0,-50562000.0,0.0,0.16,35834000.0,145351000.0,136508000,1.755,2.39,41.246,40.491,5914454000,59052000.0,43.73,6.585,6.49,194205000,-575829000,908800000.0,908800000.0,0.0,0.021,0.057,0.019,0.225,0.0,35834000.0,1.0,136852615,134883000,149393000.0,6.738,7238595000,0,0.0,59276000,53.666,
15,DRE,ARY,2005-12-31,2006-03-07,2005-12-31,2021-07-30,-7118000,5647560000,5863653500.0,,,0.134,17.333,713041000.0,26732000,26732000,628558000.0,355662000.0,,1.228,2600651000,,,2600651000,0,204377000.0,34924000,0.082,2.925,355662000.0,560039000.0,0.711,560039000.0,355662000.0,355662000.0,2.19,2.17,2.19,2452798000,2709770750.0,2452798000,7382933098,21.0,13.183,1117300000.0,7.896,1.0,159566000.0,0.202,0,0.0,8221479000,8403016250.0,0,0,,,3012196000,,,4809014098,21143000.0,-31599000.0,-285887000.0,71325000.0,-408816000.0,-711178000.0,328062000.0,0.0,404259000.0,0.0,355662000.0,309183000.0,309183000.0,-215909000.0,0.0,0.392,27835000.0,131731000.0,93918000,1.336,1.961,15.554,16.288,5034422000,46479000.0,35.67,6.102,6.405,177325000,-464885000,788124000.0,788124000.0,0.0,0.053,0.114,0.042,0.451,0.0,27835000.0,1.0,134819571,141508000,155877000.0,5.569,5647560000,0,0.0,60883000,39.91,
16,DRE,ARY,2004-12-31,2005-03-04,2004-12-31,2021-07-30,-6547000,5896643000,5785075250.0,,,0.145,19.988,-163873000.0,5589000,5589000,647033000.0,188701000.0,,1.018,2518704000,,,2518704000,0,189119000.0,39827000,0.057,1.855,188701000.0,377820000.0,0.452,377820000.0,188701000.0,188701000.0,1.07,1.06,1.07,2825869000,2709234500.0,2825869000,7126457812,38.0,18.862,214902000.0,1.52,1.0,189421000.0,0.226,0,0.0,8409758000,8305674750.0,0,0,,,2875661000,,,4613342812,-7043000.0,-3033000.0,12259000.0,149570000.0,-261061000.0,44667000.0,-430485000.0,0.0,378775000.0,0.0,188701000.0,151279000.0,151279000.0,-25500000.0,0.0,0.181,26390000.0,163031000.0,68266000,1.734,1.633,30.496,30.168,5379186000,37422000.0,32.28,5.515,5.456,165966000,-364724000,836454000.0,836454000.0,0.0,0.026,0.056,0.023,0.226,0.0,26390000.0,1.0,142916444,141379000,157062000.0,5.916,5896643000,0,0.0,55748000,41.708,
17,DRE,ARY,2003-12-31,2004-03-05,2003-12-31,2021-07-30,0,5561249000,5482038250.0,,,0.144,19.667,-50033000.0,12632000,12632000,583033000.0,199232000.0,,1.006,2335536000,,,2335536000,0,168959000.0,37975000,0.054,1.835,199232000.0,368191000.0,0.466,368191000.0,199232000.0,199232000.0,1.19,1.19,1.19,2666749000,2622089500.0,2666749000,6980930385,35.0,18.96,318595000.0,2.35,1.0,206833000.0,0.262,0,0.0,7884153000,7724752500.0,0,0,,,2681706000,,,4658026385,-4782000.0,-5481000.0,14026000.0,184798000.0,-248100000.0,-52714000.0,-320696000.0,0.0,368628000.0,0.0,199232000.0,161911000.0,161911000.0,-14390000.0,0.0,0.205,22144000.0,184689000.0,63057000,1.542,1.747,28.769,28.378,5147085000,37321000.0,33.77,5.897,5.797,132169000,-254942000,789866000.0,789866000.0,0.0,0.03,0.062,0.026,0.252,0.0,22144000.0,1.0,137933858,135595000,151141000.0,5.825,5561249000,0,0.0,52958000,41.014,
18,DRE,ARY,2002-12-31,2003-03-25,2002-12-31,2021-07-30,-2111000,5348823000,5281911500.0,,,0.148,19.527,-174796000.0,17414000,17414000,530725000.0,206325000.0,,0.927,2106285000,,,2106285000,0,154565000.0,33710000,0.067,1.815,206325000.0,360890000.0,0.463,360890000.0,206325000.0,206325000.0,1.2,1.19,1.2,2616180000,2765610750.0,2616180000,5737073349,28.0,15.897,394800000.0,2.947,1.0,249346000.0,0.32,0,0.0,7437694000,7123644500.0,0,0,,,2424002000,,,3648202349,7931000.0,-11130000.0,22834000.0,285352000.0,-242475000.0,-223693000.0,-337972000.0,0.0,569596000.0,0.0,206325000.0,161272000.0,161272000.0,-5319000.0,0.0,0.207,25353000.0,223993000.0,43780000,1.512,1.394,22.621,22.492,5018377000,45053000.0,26.99,4.677,4.636,90658000,-159226000,780071000.0,780071000.0,0.0,0.031,0.058,0.029,0.264,0.0,25353000.0,1.0,135168668,133981000,150839000.0,5.822,5348823000,0,0.0,51474000,39.922,
19,DRE,ARY,2001-12-31,2002-03-15,2001-12-31,2021-07-30,-192000,5330033000,5400990750.0,,,0.149,21.479,-20772000.0,9483000,9483000,510992000.0,282409000.0,,0.772,1814856000,,,1814856000,0,138723000.0,34644000,0.069,1.78,282409000.0,421132000.0,0.524,421132000.0,282409000.0,282409000.0,1.77,1.75,1.77,2785009000,2796562750.0,2785009000,5198679520,18.0,12.345,412884000.0,3.184,1.0,292816000.0,0.364,0,0.0,7135406000,7212955750.0,0,0,,,2149834000,,,3393306520,-29708000.0,0.0,36483000.0,-173645000.0,-228039000.0,-470915000.0,7551000.0,38182000.0,433656000.0,0.0,282409000.0,229967000.0,229967000.0,0.0,0.0,0.286,15559000.0,277257000.0,57009000,1.006,1.218,14.756,14.548,5027428000,52442000.0,25.75,4.222,4.154,95970000,-76023000,803808000.0,803808000.0,0.0,0.043,0.082,0.039,0.351,0.0,15559000.0,1.0,131778894,129660000,151710000.0,6.199,5330033000,0,0.0,51462000,41.108,
20,DRE,ARY,2000-12-31,2001-03-28,2000-12-31,2021-07-30,0,5460036000,5615551750.0,,,0.142,21.389,-116604000.0,39191000,39191000,532878000.0,261939000.0,,0.852,1973215000,,,1973215000,0,141989000.0,34208000,0.093,2.11,261939000.0,403928000.0,0.508,403928000.0,261939000.0,261939000.0,1.68,1.66,1.68,2712890000,2690226250.0,2712890000,4844254476,18.0,11.993,332526000.0,2.622,1.0,261747000.0,0.329,0,0.0,7394060000,7775555500.0,0,0,,,2311829000,,,2910230476,20426000.0,0.0,31090000.0,-61031000.0,-207909000.0,-330952000.0,-97752000.0,109581000.0,449130000.0,0.0,261939000.0,212958000.0,212958000.0,0.0,0.0,0.268,21144000.0,240603000.0,74417000,1.256,1.073,13.666,13.452,5074435000,48981000.0,22.6,3.662,3.607,99360000,-77383000,794625000.0,794625000.0,0.0,0.038,0.079,0.034,0.33,0.0,21144000.0,1.0,128771260,126836000,147441000.0,6.265,5460036000,0,0.0,51328000,43.048,
21,DRE,ARY,1999-12-31,2000-03-30,1999-12-31,2021-07-30,0,5486238000,4329366750.0,,,0.136,25.443,-528058000.0,18765000,18765000,376329000.0,182240000.0,,0.893,2113476000,,,2113476000,0,100063000.0,36156000,0.081,1.51,182240000.0,282303000.0,0.479,282303000.0,182240000.0,182240000.0,1.33,1.32,1.33,2668596000,2190543000.0,2668596000,4441330105,24.0,15.732,-185378000.0,-1.767,1.0,213265000.0,0.362,0,0.0,7580949000,5907032250.0,0,0,,,2383897000,,,2346619105,11815000.0,-16241000.0,214778000.0,357109000.0,-154069000.0,436449000.0,-767314000.0,0.0,342680000.0,0.0,182240000.0,139636000.0,139636000.0,0.0,0.0,0.237,16556000.0,196709000.0,93164000,1.135,0.879,16.805,13.955,5192396000,42604000.0,18.56,3.98,3.302,86151000,-82432000,589594000.0,589594000.0,0.0,0.032,0.064,0.031,0.309,0.0,16556000.0,1.0,126434219,104884000,120511000.0,5.621,5486238000,0,0.0,47604000,52.308,
22,DRE,ARY,1998-12-31,1999-03-29,1998-12-31,2021-07-30,0,2853653000,2583579000.0,,,0.145,19.455,-638198000.0,6950000,6950000,240179000.0,110704000.0,,0.75,1007317000,,,1007317000,0,61414000.0,18534000,0.063,1.32,110704000.0,172118000.0,0.461,172118000.0,110704000.0,110704000.0,1.13,1.12,1.13,1570112000,1389722000.0,1570112000,2826068698,26.0,16.419,-417010000.0,-5.167,1.0,133162000.0,0.357,0,0.0,3854020000,3511407250.0,0,0,,,1176812000,,,1825701698,-3403000.0,0.0,211478000.0,278003000.0,-103223000.0,479223000.0,-703814000.0,-28734000.0,221188000.0,0.0,110704000.0,90871000.0,90871000.0,0.0,0.0,0.243,11573000.0,121589000.0,59848000,1.168,1.163,20.091,18.637,2682499000,19833000.0,21.06,4.89,4.552,59135000,-67999000,373341000.0,373341000.0,0.0,0.035,0.065,0.032,0.297,0.0,11573000.0,1.0,86690489,80704000,92468000.0,4.626,2853653000,0,0.0,36075000,35.359,
23,DRE,ARY,1997-12-31,1998-03-20,1997-12-31,2021-07-30,0,2176214000,,,,,18.587,-272944000.0,10353000,10353000,161187000.0,78484000.0,,0.676,720119000,,,720119000,0,39771000.0,14268000,0.049,1.15,78484000.0,118255000.0,0.469,118255000.0,78484000.0,78484000.0,0.99,0.98,0.99,1234681000,,1234681000,2504593344,32.0,21.18,-113749000.0,-1.712,1.0,90893000.0,0.361,0,0.0,2885980000,,0,0,,,834169000,,,1794827344,5019000.0,60000000.0,321239000.0,76001000.0,-73183000.0,443148000.0,-597324000.0,-32226000.0,159195000.0,0.0,78484000.0,65999000.0,65999000.0,0.0,0.0,0.262,6530000.0,84363000.0,42128000,1.162,1.454,27.195,23.485,2060463000,12485000.0,23.25,7.12,6.127,43378000,-55647000,252080000.0,252080000.0,0.0,,,,0.311,0.0,6530000.0,1.0,77196875,66427000,74993000.0,3.795,2176214000,0,0.0,25203000,32.761,
0,DRE,ARQ,2021-06-30,2021-07-30,2021-06-30,2021-07-30,-29789000,9844160000,,,,,14.43,-372972000.0,11054000,11054000,73949000.0,177656000.0,,0.798,3714152000,,,3714152000,0,77408000.0,59294000,0.02,0.255,200561000.0,277969000.0,1.023,277969000.0,200561000.0,179489000.0,0.47,0.47,0.47,5425846000,,5425846000,22953058112,39.0,25.499,-211164000.0,-0.562,1.0,197743000.0,0.728,0,21072000.0,13547258000,,0,435606000,,,4329251000,,,19249960112,30962000.0,7985000.0,156799000.0,194635000.0,-95772000.0,254474000.0,-385320000.0,0.0,161808000.0,0.0,175817000.0,175817000.0,175817000.0,0.0,1839000.0,0.647,6890000.0,190853000.0,128406000,0.543,3.548,38.825,38.256,8452513000,0.0,50.88,17.672,17.563,226512000,-469076000,271692000.0,271692000.0,0.0,,,,,0.0,15879000.0,1.0,378340411,376020000,381621000.0,0.723,9844160000,0,3672000.0,80634000,26.18,
1,DRE,ARQ,2021-03-31,2021-04-30,2021-03-31,2021-07-30,-30679000,9295447000,,,,,13.865,-168961000.0,9009000,9009000,98763000.0,80204000.0,,0.779,3532891000,,,3532891000,0,79062000.0,60150000,0.021,0.0,107053000.0,186115000.0,0.643,186115000.0,107053000.0,84546000.0,0.21,0.21,0.21,5180959000,,5180959000,20968196760,46.0,27.697,-18819000.0,-0.05,1.0,190529000.0,0.659,0,22507000.0,12819329000,,0,0,,,4036306000,,,17444314760,-45012000.0,3532000.0,30381000.0,95971000.0,-95310000.0,15126000.0,-210280000.0,0.0,150142000.0,0.0,79362000.0,79362000.0,79362000.0,0.0,842000.0,0.274,99295000.0,91234000.0,88811000,0.0,3.367,48.481,47.959,8430337000,0.0,46.52,16.517,16.459,206344000,-548843000,289292000.0,289292000.0,0.0,,,,,0.0,24217000.0,1.0,374985270,373667000,377744000.0,0.774,9295447000,0,5184000.0,80909000,24.876,
2,DRE,ARQ,2020-12-31,2021-02-19,2020-12-31,2021-07-30,-31568000,9111394000,,,,,13.875,-287638000.0,53991000,53991000,75184000.0,170364000.0,,0.751,3385051000,,,3385051000,0,77464000.0,57153000,0.024,0.51,188918000.0,266382000.0,1.0,266382000.0,188918000.0,164870000.0,0.46,0.45,0.46,5162972000,,5162972000,18651722232,48.0,27.213,-160144000.0,-0.43,1.0,191106000.0,0.718,0,24048000.0,12442454000,,0,67946000,,,3876946000,,,15320662232,53825000.0,-50000.0,68091000.0,253356000.0,-94856000.0,225046000.0,-298715000.0,0.0,127494000.0,0.0,168816000.0,168816000.0,168816000.0,0.0,1548000.0,0.634,3702000.0,187404000.0,62332000,1.109,2.967,51.083,50.605,8204578000,0.0,40.99,15.426,15.273,199730000,-532519000,266290000.0,266290000.0,0.0,,,,,0.0,15596000.0,1.0,373765851,372103000,377351000.0,0.716,9111394000,0,-3946000.0,76501000,24.486,
3,DRE,ARQ,2020-09-30,2020-10-29,2020-09-30,2021-07-30,-32457000,8743025000,,,,,13.523,-211211000.0,6748000,6748000,81862000.0,72516000.0,,0.728,3146428000,,,3146428000,0,75772000.0,47292000,0.025,0.235,93926000.0,169698000.0,0.648,169698000.0,93926000.0,70867000.0,0.19,0.19,0.19,5018219000,,5018219000,17210592799,56.0,28.698,-33427000.0,-0.09,1.0,180166000.0,0.688,0,23059000.0,11882705000,,0,0,,,3654378000,,,14070912799,-45198000.0,-465000.0,43087000.0,46478000.0,-87300000.0,485000.0,-223467000.0,0.0,177784000.0,0.0,71823000.0,71823000.0,71823000.0,-40000.0,693000.0,0.274,92551000.0,87615000.0,83047000,1.237,2.804,64.575,65.224,7936350000,0.0,37.83,14.697,14.663,205026000,-606182000,262028000.0,262028000.0,0.0,,,,,0.0,11439000.0,1.0,371951171,371082000,374834000.0,0.706,8743025000,0,-956000.0,101846000,23.561,
4,DRE,ARQ,2020-06-30,2020-07-31,2020-06-30,2021-07-30,-33346000,8567009000,,,,,13.523,-172677000.0,29870000,29870000,64726000.0,40220000.0,,0.704,3075186000,,,3075186000,0,72340000.0,45931000,0.023,0.235,62511000.0,134851000.0,0.565,134851000.0,62511000.0,39670000.0,0.11,0.11,0.11,4987820000,,4987820000,17938194139,39.0,23.948,-26069000.0,-0.071,1.0,173785000.0,0.729,0,22841000.0,11612325000,,0,0,,,3509593000,,,14892878139,-131887000.0,-2467000.0,71213000.0,-84595000.0,-86569000.0,-103137000.0,-175358000.0,0.0,146608000.0,0.0,39820000.0,39820000.0,39820000.0,-23000.0,400000.0,0.167,99820000.0,73965000.0,111844000,2.136,2.986,39.965,39.792,7771520000,0.0,40.19,15.9,15.826,208889000,-590435000,238511000.0,238511000.0,0.0,,,,,0.0,13606000.0,1.0,370561785,368836000,372573000.0,0.647,8567009000,0,-150000.0,79204000,23.227,
5,DRE,ARQ,2020-03-31,2020-05-01,2020-03-31,2021-07-30,-34235000,8574284000,,,,,13.471,-238947000.0,187563000,187563000,62138000.0,19660000.0,,0.715,3146611000,,,3146611000,0,71582000.0,43074000,0.027,0.0,42890000.0,114472000.0,0.506,114472000.0,42890000.0,19396000.0,0.05,0.05,0.05,4959843000,,4959843000,15226173961,30.0,19.401,-124397000.0,-0.338,1.0,164231000.0,0.726,0,23494000.0,11533332000,,0,0,,,3547222000,,,12267125961,69052000.0,-2353000.0,5465000.0,202796000.0,-86562000.0,113183000.0,-158681000.0,0.0,114550000.0,0.0,19456000.0,19456000.0,19456000.0,-48000.0,204000.0,0.086,107313000.0,56918000.0,89635000,0.0,2.473,30.373,30.273,7661983000,0.0,33.3,13.117,13.11,179960000,-543412000,226369000.0,226369000.0,0.0,,,,,0.0,21763000.0,1.0,368382161,368190000,371870000.0,0.615,8574284000,0,-60000.0,67421000,23.288,
6,DRE,ARQ,2019-12-31,2020-02-25,2019-12-31,2021-07-30,-35036000,8420562000,,,,,13.649,-312240000.0,112564000,112564000,63276000.0,87522000.0,,0.666,2914765000,,,2914765000,0,70161000.0,48907000,0.025,0.47,110533000.0,180694000.0,0.784,180694000.0,110533000.0,89023000.0,0.23,0.24,0.23,5018115000,,5018115000,16257767429,31.0,20.326,-210429000.0,-0.572,1.0,167199000.0,0.725,0,21510000.0,11222763000,,0,128463000,,,3340302000,,,13455566429,-129101000.0,-4925000.0,50089000.0,157769000.0,-86379000.0,80334000.0,-311246000.0,0.0,101811000.0,0.0,86802000.0,86802000.0,86802000.0,-79000.0,720000.0,0.377,71094000.0,96105000.0,68840000,2.043,2.681,31.367,30.958,7451453000,0.0,36.53,13.818,13.589,175300000,-475992000,230475000.0,230475000.0,0.0,,,,,0.0,11766000.0,1.0,368342908,367664000,373327000.0,0.627,8420562000,0,2221000.0,69042000,22.903,
7,DRE,ARQ,2019-09-30,2019-11-01,2019-09-30,2021-07-30,-42104000,8262954000,,,,,13.68,89451000.0,240473000,240473000,74537000.0,228531000.0,,0.654,2767582000,,,2767582000,0,70383000.0,44167000,0.024,0.215,248634000.0,319017000.0,1.322,319017000.0,248634000.0,226030000.0,0.62,0.62,0.62,4957933000,,4957933000,15517056548,31.0,20.125,235746000.0,0.65,1.0,166792000.0,0.691,0,22604000.0,10790063000,,0,151289000,,,3241682000,,,12989947548,233505000.0,2663000.0,180544000.0,-101046000.0,-77773000.0,-625000.0,87835000.0,0.0,146295000.0,0.0,226566000.0,226566000.0,226566000.0,-112000.0,1965000.0,0.939,-77874000.0,244666000.0,70310000,0.347,2.62,31.99,31.554,7152469000,0.0,35.34,12.809,12.629,168324000,-476136000,241329000.0,241329000.0,0.0,,,,,0.0,13720000.0,1.0,367570672,362416000,367271000.0,0.666,8262954000,0,-536000.0,85684000,22.8,
8,DRE,ARQ,2019-06-30,2019-08-02,2019-06-30,2021-07-30,-28717000,8014127000,,,,,12.902,-213586000.0,8664000,8664000,73161000.0,71668000.0,,0.714,2838975000,,,2838975000,0,69455000.0,43136000,0.026,0.215,101179000.0,170634000.0,0.72,170634000.0,101179000.0,77669000.0,0.2,0.2,0.2,4640597000,,4640597000,14718203765,45.0,24.945,-70353000.0,-0.196,1.0,163865000.0,0.691,0,23510000.0,10844438000,,0,163022000,,,3312006000,,,11887892765,-5141000.0,512000.0,37636000.0,17337000.0,-77313000.0,-23017000.0,-125357000.0,0.0,143233000.0,0.0,71053000.0,71053000.0,71053000.0,-99000.0,615000.0,0.3,68847000.0,95018000.0,67062000,1.075,2.562,51.125,50.6,7148064000,0.0,32.89,11.832,11.774,163834000,-624674000,237026000.0,237026000.0,0.0,,,,,0.0,13420000.0,1.0,361443988,359681000,362926000.0,0.659,8014127000,0,6616000.0,76085000,22.281,
9,DRE,ARQ,2019-03-31,2019-04-26,2019-03-31,2021-07-30,-14018000,7962480000,,,,,12.869,-223739000.0,15295000,15295000,105696000.0,44923000.0,,0.71,2826824000,,,2826824000,0,62423000.0,45426000,0.027,0.0,67068000.0,129491000.0,0.489,129491000.0,67068000.0,44936000.0,0.12,0.12,0.12,4621610000,,4621610000,13917856734,32.0,19.995,-109180000.0,-0.304,1.0,159233000.0,0.601,0,22132000.0,10774009000,,0,239490000,,,3281309000,,,11106327734,-3349000.0,-6474000.0,4492000.0,177035000.0,-77237000.0,88398000.0,-206306000.0,0.0,114559000.0,0.0,44551000.0,44551000.0,44551000.0,-155000.0,372000.0,0.168,101667000.0,57566000.0,76380000,0.0,2.403,31.258,31.212,7026939000,0.0,30.9,11.353,11.344,153801000,-618123000,264929000.0,264929000.0,0.0,,,,,0.0,21983000.0,1.0,359428082,359139000,362362000.0,0.738,7962480000,0,385000.0,67460000,22.171,
10,DRE,ARQ,2018-12-31,2019-02-22,2018-12-31,2021-07-30,-4676000,7804024000,,,,,12.991,-249510000.0,17901000,17901000,114135000.0,64426000.0,,0.664,2658501000,,,2658501000,0,65790000.0,45048000,0.028,0.43,86098000.0,151888000.0,0.561,151888000.0,86098000.0,63229000.0,0.18,0.18,0.18,4658201000,,4658201000,13450239743,28.0,18.329,-136752000.0,-0.381,1.0,156722000.0,0.579,0,22869000.0,10444624000,,0,273632000,,,3090781000,,,10809639743,-247284000.0,765000.0,4322000.0,-21113000.0,-77039000.0,-95196000.0,-264846000.0,0.0,112758000.0,0.0,63896000.0,63896000.0,63896000.0,-635000.0,530000.0,0.236,80419000.0,76303000.0,92288000,2.389,2.321,28.17,28.121,6852943000,0.0,30.09,11.404,11.351,164803000,-585087000,270857000.0,270857000.0,0.0,,,,,0.0,12777000.0,1.0,359243594,358571000,364953000.0,0.755,7804024000,0,-667000.0,73358000,21.764,
11,DRE,ARQ,2018-09-30,2018-10-31,2018-09-30,2021-07-30,0,7824810000,,,,,13.055,-334953000.0,261002000,261002000,82949000.0,53523000.0,,0.663,2634176000,,,2634176000,0,64421000.0,38773000,0.06,0.2,73590000.0,138011000.0,0.595,138011000.0,73590000.0,52128000.0,0.15,0.15,0.15,4672461000,,4672461000,12252037266,21.0,14.476,-193922000.0,-0.542,1.0,148949000.0,0.642,0,21462000.0,10197984000,,0,330397000,,,3099886000,,,9878863266,30159000.0,1626000.0,29215000.0,281962000.0,-71656000.0,230675000.0,-341547000.0,0.0,141031000.0,0.0,53025000.0,53025000.0,53025000.0,-221000.0,498000.0,0.229,84674000.0,64275000.0,100323000,1.333,2.114,19.437,19.553,6586469000,0.0,27.57,11.067,11.054,155673000,-571617000,231898000.0,231898000.0,0.0,,,,,0.0,8959000.0,1.0,358319306,357898000,361410000.0,0.648,7824810000,0,-897000.0,89671000,21.863,
12,DRE,ARQ,2018-06-30,2018-07-27,2018-06-30,2021-07-30,0,7502818000,,,,,13.053,-50247000.0,232449000,232449000,63218000.0,195671000.0,,0.599,2417429000,,,2417429000,0,62095000.0,41562000,0.057,0.2,214583000.0,276678000.0,1.314,276678000.0,214583000.0,193908000.0,0.54,0.54,0.54,4660492000,,4660492000,12431486353,18.0,13.088,67209000.0,0.188,1.0,147340000.0,0.7,0,20675000.0,9687798000,,0,276766000,,,2793848000,,,10246506353,14279000.0,5418000.0,670000.0,-81912000.0,-71409000.0,-153476000.0,50299000.0,0.0,117456000.0,0.0,193845000.0,193845000.0,193845000.0,-2920000.0,1826000.0,0.921,-59891000.0,207231000.0,93515000,0.37,2.199,16.513,16.674,6366076000,0.0,28.68,11.976,11.969,129919000,-552685000,210558000.0,210558000.0,0.0,,,,,0.0,13459000.0,1.0,357270096,357054000,362741000.0,0.59,7502818000,0,63000.0,75768000,21.013,
13,DRE,ARQ,2018-03-31,2018-05-04,2018-03-31,2021-07-30,0,7427674000,,,,,12.708,-77125000.0,220057000,220057000,91951000.0,73648000.0,,0.628,2496456000,,,2496456000,0,63944000.0,44610000,0.058,0.0,103292000.0,167236000.0,0.713,167236000.0,103292000.0,83292000.0,0.2,0.2,0.2,4533505000,,4533505000,12244680509,7.0,6.217,36037000.0,0.101,1.0,142606000.0,0.608,0,20000000.0,9704073000,,0,408529000,,,2846490000,,,9968281509,34736000.0,9404000.0,706000.0,39551000.0,-71398000.0,-40090000.0,-38336000.0,0.0,113162000.0,0.0,72963000.0,72963000.0,72963000.0,-124000.0,685000.0,0.311,51503000.0,91103000.0,53339000,0.0,2.199,6.089,6.096,6192808000,0.0,27.92,11.946,11.937,135897000,-674920000,234557000.0,234557000.0,0.0,,,,,0.0,21023000.0,1.0,357030140,356740000,360400000.0,0.658,7427674000,0,10329000.0,71234000,20.821,
14,DRE,ARQ,2017-12-31,2018-02-16,2017-12-31,2021-07-30,0,7388196000,,,,,12.725,-385319000.0,183967000,183967000,80390000.0,190166000.0,,0.621,2422891000,,,2422891000,0,62688000.0,39109000,0.063,1.25,201746000.0,264434000.0,1.226,264434000.0,201746000.0,180144000.0,0.52,0.53,0.52,4532844000,,4532844000,11477814667,7.0,5.845,-297702000.0,-0.836,1.0,135229000.0,0.627,0,21602000.0,9627120000,,0,444207000,,,2813818000,,,9238890667,40247000.0,114633000.0,6074000.0,304540000.0,-374062000.0,-75916000.0,28546000.0,-105332000.0,87617000.0,0.0,188419000.0,188419000.0,188419000.0,-127468000.0,1747000.0,0.874,69515000.0,65714000.0,54545000,2.404,2.038,5.653,5.651,6154543000,0.0,25.88,11.831,11.79,125912000,-676036000,215619000.0,215619000.0,0.0,,,,,0.0,13779000.0,1.0,356989593,356206000,362203000.0,0.605,7388196000,0,-8275000.0,67374000,20.741,
15,DRE,ARQ,2017-09-30,2017-10-27,2017-09-30,2021-07-30,0,7297471000,,,,,13.235,-284951000.0,539835000,539835000,68460000.0,165627000.0,,0.54,2131880000,,,2131880000,0,55035000.0,36285000,0.027,0.19,186463000.0,241498000.0,1.24,241498000.0,186463000.0,165628000.0,0.46,0.46,0.46,4710384000,,4710384000,11784796127,7.0,6.37,-155899000.0,-0.438,1.0,126368000.0,0.649,0,20835000.0,8889516000,,0,490282000,,,2544096000,,,10192751127,-49011000.0,0.0,3162000.0,-140884000.0,-67639000.0,-218343000.0,40280000.0,-4186000.0,129052000.0,0.0,165269000.0,165269000.0,165269000.0,-123618000.0,358000.0,0.848,54842000.0,71526000.0,70432000,0.413,2.164,6.824,6.814,5676390000,0.0,28.62,12.191,12.183,121993000,-488328000,194828000.0,194828000.0,0.0,,,,,0.0,10075000.0,1.0,356140850,355905000,362102000.0,0.547,7297471000,0,359000.0,83152000,20.504,
16,DRE,ARQ,2017-06-30,2017-08-02,2017-06-30,2021-07-30,0,7317569000,,,,,12.974,1547630000.0,915454000,915454000,63782000.0,1227767000.0,,0.575,2280128000,,,2280128000,0,58711000.0,38195000,0.026,0.19,1237649000.0,1296360000.0,6.844,1296360000.0,1237649000.0,1215969000.0,3.4,3.38,3.4,4614149000,,4614149000,11645329638,7.0,6.399,1669134000.0,4.693,1.0,125630000.0,0.663,0,21680000.0,8682243000,,0,637600000,,,2654113000,,,10280655638,62937000.0,0.0,2904000.0,-831477000.0,-67577000.0,-896964000.0,838397000.0,104957000.0,121504000.0,0.0,1210543000.0,1210543000.0,1210543000.0,-1108573000.0,17224000.0,6.391,43969000.0,81661000.0,73749000,0.056,2.228,7.137,7.118,5169529000,0.0,28.9,11.852,11.849,119678000,-585592000,189412000.0,189412000.0,0.0,,,,,0.0,11858000.0,1.0,355732029,355647000,361981000.0,0.533,7317569000,0,5426000.0,65551000,20.575,
17,DRE,ARQ,2017-03-31,2017-04-28,2017-03-31,2021-07-30,426000,6958510000,,,,,9.759,-184843000.0,13389000,13389000,65368000.0,70781000.0,,0.998,3080262000,,,3080262000,0,66172000.0,43385000,0.027,0.0,102837000.0,169009000.0,0.744,169009000.0,102837000.0,72332000.0,0.2,0.2,0.2,3467201000,,3467201000,12927472408,27.0,17.611,-74900000.0,-0.211,1.0,161946000.0,0.712,0,30505000.0,10025383000,,0,81563000,,,3460630000,,,9860599408,750000.0,0.0,786000.0,177960000.0,-67554000.0,101697000.0,-210890000.0,4561000.0,109943000.0,0.0,70200000.0,70200000.0,70200000.0,0.0,581000.0,0.309,63835000.0,98111000.0,67004000,0.0,2.844,29.084,28.588,6117932000,0.0,27.73,10.9,10.891,140173000,-1728170000,227314000.0,227314000.0,0.0,,,,,0.0,19232000.0,1.0,355593199,355282000,360700000.0,0.64,6958510000,0,2132000.0,69823000,19.586,
18,DRE,ARQ,2016-12-31,2017-02-17,2016-12-31,2021-07-30,682000,6772002000,,,,,9.77,-120080000.0,12639000,12639000,74221000.0,48180000.0,,0.946,2908477000,,,2908477000,0,63865000.0,39820000,0.029,0.38,79395000.0,143260000.0,0.638,143260000.0,79395000.0,47339000.0,0.14,0.13,0.14,3465818000,,3465818000,11859444012,26.0,16.738,-17316000.0,-0.049,1.0,150306000.0,0.669,0,32056000.0,9667840000,,0,51627000,,,3278709000,,,8963606012,-97572000.0,0.0,2745000.0,-95461000.0,-67394000.0,-160950000.0,-39386000.0,70476000.0,102764000.0,0.0,47755000.0,47755000.0,47755000.0,-781000.0,425000.0,0.213,63701000.0,86605000.0,53742000,2.714,2.586,28.716,28.326,5980962000,0.0,25.21,9.935,9.778,146736000,-1730423000,224527000.0,224527000.0,0.0,,,,,0.0,13173000.0,1.0,355557557,354745000,362089000.0,0.633,6772002000,0,-416000.0,73190000,19.09,
19,DRE,ARQ,2016-09-30,2016-10-28,2016-09-30,2021-07-30,938000,6862081000,,,,,9.895,40017000.0,110211000,110211000,74579000.0,113159000.0,,0.963,2991051000,,,2991051000,0,64960000.0,41292000,0.036,0.18,146261000.0,211221000.0,0.934,211221000.0,146261000.0,111655000.0,0.32,0.32,0.32,3481643000,,3481643000,11886507863,27.0,17.22,196016000.0,0.557,1.0,151620000.0,0.67,0,34606000.0,9742921000,,0,18184000,,,3353159000,,,9005667863,18511000.0,0.0,117669000.0,-213702000.0,-63234000.0,-160291000.0,22803000.0,12288000.0,155999000.0,0.0,112014000.0,112014000.0,112014000.0,-696000.0,1145000.0,0.495,13389000.0,138231000.0,51339000,0.562,2.587,31.2,31.346,6000523000,0.0,25.39,10.014,9.934,153302000,-1710215000,226199000.0,226199000.0,0.0,,,,,0.0,12534000.0,1.0,354693496,351856000,358981000.0,0.643,6862081000,0,-359000.0,93722000,19.503,
20,DRE,ARQ,2016-06-30,2016-08-03,2016-06-30,2021-07-30,1216000,6865025000,,,,,9.539,-19476000.0,91700000,91700000,77905000.0,110183000.0,,1.063,3197781000,,,3197781000,0,64474000.0,41607000,0.032,0.18,146094000.0,210568000.0,0.929,210568000.0,146094000.0,108910000.0,0.31,0.31,0.31,3314389000,,3314389000,13043041003,32.0,19.843,105187000.0,0.303,1.0,148659000.0,0.656,0,37184000.0,9971106000,,0,3462000,,,3524816000,,,9936960003,76060000.0,0.0,99296000.0,-182736000.0,-62389000.0,-152699000.0,104096000.0,-20842000.0,124663000.0,0.0,109067000.0,109067000.0,109067000.0,-379000.0,1116000.0,0.481,58211000.0,90448000.0,46100000,0.581,2.998,39.267,39.901,6044417000,0.0,28.33,10.948,10.846,154972000,-1758547000,226564000.0,226564000.0,0.0,,,,,0.0,11584000.0,1.0,350757501,347464000,354433000.0,0.652,6865025000,0,-157000.0,78117000,19.758,
21,DRE,ARQ,2016-03-31,2016-04-29,2016-03-31,2021-07-30,1511000,6896960000,,,,,9.158,-92413000.0,15640000,15640000,79825000.0,43756000.0,,1.171,3381060000,,,3381060000,0,62120000.0,36534000,0.041,0.0,81380000.0,143500000.0,0.638,143500000.0,81380000.0,43650000.0,0.12,0.12,0.12,3165431000,,3165431000,10931229561,15.0,10.947,-25704000.0,-0.074,1.0,145129000.0,0.645,0,37730000.0,10262380000,,0,64161000,,,3706843000,,,7565809561,-6893000.0,0.0,548000.0,51351000.0,-62262000.0,-10993000.0,-62609000.0,6215000.0,66709000.0,0.0,43307000.0,43307000.0,43307000.0,-151000.0,449000.0,0.193,87831000.0,57298000.0,55121000,0.0,2.39,12.751,12.865,5941591000,0.0,21.87,8.342,8.335,155294000,-1804765000,224954000.0,224954000.0,0.0,,,,,0.0,18098000.0,1.0,345944653,345665000,349674000.0,0.651,6896960000,0,343000.0,71197000,19.953,
22,DRE,ARQ,2015-12-31,2016-02-19,2015-12-31,2021-07-30,1806000,6917113000,,,,,9.216,-23964000.0,22533000,22533000,76677000.0,24519000.0,,1.167,3341739000,,,3341739000,0,61548000.0,40506000,0.044,0.56,63431000.0,124979000.0,0.564,124979000.0,63431000.0,24433000.0,0.06,0.07,0.06,3181932000,,3181932000,10347922651,13.0,9.963,77199000.0,0.224,1.0,144886000.0,0.654,0,38998000.0,10236319000,,0,45801000,,,3712312000,,,7028716651,-153341000.0,0.0,-62000.0,-95629000.0,-131202000.0,-228394000.0,-26110000.0,-17317000.0,101163000.0,0.0,24252000.0,24252000.0,24252000.0,-7490000.0,267000.0,0.109,66074000.0,78812000.0,54921000,9.333,2.209,11.423,11.48,5912672000,0.0,20.32,7.403,7.385,152086000,-1785250000,221563000.0,221563000.0,0.0,,,,,0.0,10983000.0,1.0,345901410,345270000,352749000.0,0.642,6917113000,0,181000.0,71617000,20.034,
23,DRE,ARQ,2015-09-30,2015-11-04,2015-09-30,2021-07-30,2066000,7139909000,,,,,9.521,79760000.0,175874000,175874000,87533000.0,77208000.0,,1.165,3446020000,,,3446020000,0,63511000.0,39830000,0.033,0.17,114744000.0,178255000.0,0.76,178255000.0,114744000.0,73129000.0,0.22,0.22,0.22,3287265000,,3287265000,10475812671,13.0,9.957,182326000.0,0.528,1.0,147004000.0,0.627,0,41615000.0,10410055000,,0,8920000,,,3828466000,,,7205666671,155620000.0,0.0,-164000.0,-16942000.0,-58693000.0,-75808000.0,128862000.0,-2901000.0,102566000.0,0.0,76434000.0,76434000.0,76434000.0,-68000.0,774000.0,0.326,22213000.0,124791000.0,66709000,0.773,2.192,12.254,12.349,5977284000,0.0,20.87,7.168,7.167,162446000,-1677314000,234537000.0,234537000.0,0.0,,,,,0.0,11340000.0,1.0,345264335,345256000,352150000.0,0.679,7139909000,0,-3305000.0,91252000,20.68,
24,DRE,ARQ,2015-06-30,2015-08-05,2015-06-30,2021-07-30,2340000,7114521000,,,,,9.459,1094046000.0,20254000,20254000,79579000.0,454165000.0,,1.171,3460743000,,,3460743000,0,61789000.0,36480000,0.034,0.17,490068000.0,551857000.0,2.443,551857000.0,490068000.0,447092000.0,1.3,1.3,1.3,3264441000,,3264441000,10286841415,13.0,9.615,1227020000.0,3.556,1.0,146318000.0,0.648,0,42976000.0,10555010000,,0,72384000,,,3822678000,,,6846352415,2448000.0,0.0,-126000.0,-1112204000.0,-58667000.0,-1171685000.0,1041159000.0,64321000.0,132974000.0,0.0,449380000.0,449380000.0,449380000.0,-396170000.0,4785000.0,1.989,-19825000.0,166143000.0,63396000,0.131,2.097,11.945,12.018,5998691000,0.0,19.83,6.448,6.445,148433000,-1694574000,225897000.0,225897000.0,0.0,,,,,0.0,19238000.0,1.0,345252265,345098000,349161000.0,0.655,7114521000,0,-2288000.0,73556000,20.616,
25,DRE,ARQ,2015-03-31,2015-05-01,2015-03-31,2021-07-30,2739000,7730504000,,,,,8.339,24752000.0,17806000,17806000,113926000.0,65969000.0,,1.683,4444368000,,,4444368000,0,66835000.0,38063000,0.034,0.0,116338000.0,183173000.0,0.685,183173000.0,116338000.0,66728000.0,0.19,0.19,0.19,2873698000,,2873698000,11334433891,23.0,14.508,67430000.0,0.196,1.0,153509000.0,0.574,0,49610000.0,12157066000,,0,840018000,,,4836321000,,,6907871891,-116000.0,0.0,4882000.0,34359000.0,-58607000.0,-20182000.0,-22612000.0,-47525000.0,42678000.0,0.0,65244000.0,65244000.0,65244000.0,-28553000.0,725000.0,0.244,71555000.0,81954000.0,46723000,0.0,2.404,27.472,27.425,6033325000,0.0,20.02,6.065,6.057,184456000,-2084810000,267435000.0,267435000.0,0.0,,,,,0.0,17004000.0,1.0,345048546,344597000,348653000.0,0.776,7730504000,0,1484000.0,70130000,22.433,
26,DRE,ARQ,2014-12-31,2015-02-20,2014-12-31,2021-07-30,3026000,7754839000,,,,,8.341,-45750000.0,17922000,17922000,107761000.0,12800000.0,,1.704,4453403000,,,4453403000,0,73316000.0,51953000,0.032,0.34,65511000.0,138827000.0,0.5,138827000.0,65511000.0,9377000.0,-0.02,-0.02,-0.02,2860325000,,2860325000,11833734216,26.0,15.723,77738000.0,0.227,1.0,169681000.0,0.612,0,56134000.0,12190320000,,0,71525000,,,4874959000,,,7398253216,-48210000.0,0.0,33160000.0,253377000.0,-58310000.0,-124880000.0,-46818000.0,15997000.0,123488000.0,0.0,12816000.0,-3011000.0,-3011000.0,-369000.0,-16000.0,-0.011,116485000.0,53196000.0,72839000,-17.0,2.587,36.108,35.767,6792930000,15827000.0,21.46,6.352,6.187,193864000,-2090942000,277442000.0,277442000.0,0.0,,,,,0.0,13730000.0,1.0,344746189,342929000,347613000.0,0.809,7754839000,0,-3439000.0,78092000,22.614,
27,DRE,ARQ,2014-09-30,2014-10-31,2014-09-30,2021-07-30,3313000,7884195000,,,,,9.386,-45075000.0,66132000,66132000,123706000.0,71557000.0,,1.454,4208547000,,,4208547000,0,72345000.0,48392000,0.036,0.17,123702000.0,196047000.0,0.674,196047000.0,123702000.0,70359000.0,0.18,0.18,0.18,3202207000,,3202207000,10621320214,20.0,12.992,71894000.0,0.211,1.0,167355000.0,0.575,0,53343000.0,12026610000,,0,35414000,,,4654985000,,,6478905214,44907000.0,0.0,64855000.0,55226000.0,-57998000.0,-41631000.0,-30431000.0,28052000.0,116969000.0,0.0,70801000.0,61533000.0,61533000.0,-1139000.0,756000.0,0.211,63460000.0,103895000.0,93080000,0.944,2.023,23.349,22.571,6896127000,9268000.0,18.96,5.684,5.675,194071000,-2029080000,291061000.0,291061000.0,0.0,,,,,0.0,10573000.0,1.0,341714410,341165000,345826000.0,0.853,7884195000,0,-442000.0,103573000,23.11,
28,DRE,ARQ,2014-06-30,2014-08-01,2014-06-30,2021-07-30,3600000,7862504000,,,,,9.721,-81019000.0,21225000,21225000,135759000.0,136527000.0,,1.43,4133885000,,,4133885000,0,73225000.0,49080000,0.037,0.17,189970000.0,263195000.0,0.869,263195000.0,189970000.0,135098000.0,0.38,0.38,0.38,3224894000,,3224894000,10318397853,23.0,13.774,63874000.0,0.193,1.0,167271000.0,0.552,0,54872000.0,11975164000,,0,29780000,,,4610644000,,,6205737853,1751000.0,0.0,167324000.0,-183915000.0,-56323000.0,-88266000.0,-54876000.0,34002000.0,144893000.0,0.0,134734000.0,127688000.0,127688000.0,-2632000.0,1793000.0,0.421,38309000.0,128962000.0,101792000,0.447,1.924,29.568,28.422,6884965000,7046000.0,18.19,5.442,5.291,200299000,-2031957000,303030000.0,303030000.0,0.0,,,,,0.0,10365000.0,1.0,341162059,331753000,336414000.0,0.913,7862504000,0,364000.0,84634000,23.7,
29,DRE,ARQ,2014-03-31,2014-05-02,2014-03-31,2021-07-30,3832000,7767363000,,,,,9.128,-73865000.0,19474000,19474000,130005000.0,25571000.0,,1.591,4323210000,,,4323210000,0,71393000.0,50264000,0.039,0.0,83168000.0,154561000.0,0.527,154561000.0,83168000.0,27911000.0,0.06,0.06,0.06,2985712000,,2985712000,10056620278,25.0,14.684,-14728000.0,-0.045,1.0,163165000.0,0.557,0,55257000.0,12071099000,,0,34826000,,,4750701000,,,5752884278,199000.0,0.0,23783000.0,73647000.0,-55596000.0,15968000.0,-74906000.0,2126000.0,59137000.0,0.0,25237000.0,18683000.0,18683000.0,-16643000.0,334000.0,0.064,98964000.0,64201000.0,72695000,0.0,1.927,40.038,38.8,6828050000,6554000.0,17.46,5.169,5.132,188882000,-2100245000,293170000.0,293170000.0,0.0,,,,,0.0,14694000.0,1.0,329489363,327106000,331716000.0,0.896,7767363000,0,2674000.0,77169000,23.746,
30,DRE,ARQ,2013-12-31,2014-02-21,2013-12-31,2021-07-30,4119000,7752614000,,,,,9.24,151762000.0,19275000,19275000,104181000.0,81257000.0,,1.562,4254376000,,,4254376000,0,74465000.0,44550000,0.041,0.34,129239000.0,203704000.0,0.807,203704000.0,129239000.0,76349000.0,0.22,0.22,0.22,3013243000,,3013243000,9654105714,23.0,13.733,269814000.0,0.827,1.0,148375000.0,0.587,0,52890000.0,11987715000,,0,57466000,,,4707985000,,,5419004714,-4837000.0,0.0,17159000.0,-176249000.0,-55486000.0,-230577000.0,107688000.0,-19909000.0,118052000.0,0.0,76929000.0,69574000.0,69574000.0,-33881000.0,4328000.0,0.275,43011000.0,105364000.0,69380000,1.545,1.798,35.408,35.255,6791221000,7355000.0,16.57,5.009,4.934,163633000,-2062787000,252556000.0,252556000.0,0.0,,,,,0.0,9448000.0,1.0,327037098,326102000,330708000.0,0.774,7752614000,0,-580000.0,74696000,23.774,
31,DRE,ARQ,2013-09-30,2013-11-01,2013-09-30,2021-07-30,3780000,7886839000,,,,,9.171,-93358000.0,24112000,24112000,132730000.0,1337000.0,,1.636,4435211000,,,4435211000,0,72765000.0,45702000,0.041,0.17,54889000.0,127654000.0,0.438,127654000.0,54889000.0,-3211000.0,-0.02,-0.02,-0.02,2979641000,,2979641000,9796415221,30.0,16.068,26061000.0,0.08,1.0,158960000.0,0.545,0,58100000.0,12297938000,,0,57790000,,,4873895000,,,5385316221,2710000.0,0.0,30604000.0,34453000.0,-55257000.0,1244000.0,-117953000.0,-8630000.0,119419000.0,0.0,1289000.0,-6067000.0,-6067000.0,-9342000.0,48000.0,-0.021,112757000.0,46203000.0,78376000,-8.5,1.807,106.794,118.071,6885964000,7356000.0,16.53,4.886,4.872,173297000,-2076299000,291690000.0,291690000.0,0.0,,,,,0.0,10373000.0,1.0,325790455,324895000,324895000.0,0.898,7886839000,0,-4500000.0,104144000,24.275,
32,DRE,ARQ,2013-06-30,2013-08-02,2013-06-30,2021-07-30,3950000,7883902000,,,,,9.329,-260171000.0,21402000,21402000,115951000.0,69832000.0,,1.609,4396777000,,,4396777000,0,70805000.0,42755000,0.043,0.17,128145000.0,198950000.0,0.722,198950000.0,128145000.0,68849000.0,0.19,0.19,0.19,3008365000,,3008365000,9556436327,30.0,16.134,-135400000.0,-0.42,1.0,159507000.0,0.579,0,59296000.0,12259277000,,0,57046000,,,4841436000,,,5181061327,-285765000.0,0.0,27242000.0,-93999000.0,-54876000.0,-132747000.0,-277789000.0,-8414000.0,124771000.0,0.0,68849000.0,61494000.0,61494000.0,-83687000.0,983000.0,0.223,113655000.0,45852000.0,87730000,0.895,1.722,183.31,318.8,6891125000,7355000.0,15.94,4.653,4.617,175336000,-2014399000,275458000.0,275458000.0,0.0,,,,,0.0,9707000.0,1.0,325035215,322489000,327098000.0,0.854,7883902000,0,0.0,86528000,24.447,
33,DRE,ARQ,2013-03-31,2013-05-03,2013-03-31,2021-07-30,3228000,7802099000,,,,,9.432,-99516000.0,307167000,307167000,110541000.0,44123000.0,,1.615,4394397000,,,4394397000,0,70548000.0,43665000,0.038,0.0,103600000.0,174148000.0,0.648,174148000.0,103600000.0,43525000.0,0.09,0.09,0.09,2970577000,,2970577000,9896572573,43.0,19.761,-26082000.0,-0.083,1.0,158127000.0,0.589,0,60075000.0,11889329000,,0,105505000,,,4797518000,,,5809342573,273278000.0,0.0,574685000.0,-96305000.0,-54678000.0,231172000.0,-31328000.0,84391000.0,73434000.0,0.0,43525000.0,28043000.0,28043000.0,-8255000.0,598000.0,0.104,112358000.0,45769000.0,81044000,0.0,1.956,-94.136,-72.24,6528076000,15482000.0,18.06,5.249,5.14,170097000,-2020455000,268668000.0,268668000.0,0.0,,,,,0.0,13145000.0,1.0,321669024,314936000,319571000.0,0.853,7802099000,0,0.0,78524000,24.774,
34,DRE,ARQ,2012-12-31,2013-02-22,2012-12-31,2021-07-30,2691000,7560101000,,,,,9.384,-452264000.0,33889000,33889000,115397000.0,-22481000.0,,1.904,4446170000,,,4446170000,0,69346000.0,42731000,0.043,0.34,39586000.0,108932000.0,0.409,108932000.0,39586000.0,-21961000.0,-0.12,-0.12,-0.12,2591414000,,2591414000,9462440717,55.0,21.807,-354643000.0,-1.284,1.0,151085000.0,0.567,0,61547000.0,11972382000,,0,30937000,,,4933983000,,,5050159717,-79263000.0,19262000.0,78994000.0,269784000.0,-46809000.0,285579000.0,-462463000.0,-28246000.0,97621000.0,0.0,-21961000.0,-33043000.0,-33043000.0,-1924000.0,-520000.0,-0.124,113052000.0,38033000.0,84679000,-2.833,1.949,-40.035,-32.708,6607953000,11082000.0,15.7,4.552,3.791,182340000,-1993206000,266482000.0,266482000.0,0.0,,,,,0.0,14057000.0,1.0,321666224,276141000,276141000.0,0.965,7560101000,0,0.0,74565000,27.378,
35,DRE,ARQ,2012-09-30,2012-11-02,2012-09-30,2021-07-30,2177000,7190117000,,,,,9.578,-167683000.0,113152000,113152000,156054000.0,-17549000.0,,1.763,4140145000,,,4140145000,0,65997000.0,40248000,0.048,0.17,44287000.0,110284000.0,0.364,110284000.0,44287000.0,-17252000.0,-0.11,-0.11,-0.11,2588903000,,2588903000,7935105469,37.0,16.846,-106593000.0,-0.394,1.0,146835000.0,0.485,0,61539000.0,11217110000,,0,0,,,4565076000,,,3908112469,6587000.0,-2831000.0,85043000.0,103870000.0,-45864000.0,121142000.0,-175645000.0,4890000.0,61090000.0,0.0,-17149000.0,-28230000.0,-28230000.0,-1494000.0,-400000.0,-0.093,105918000.0,40917000.0,80934000,-1.545,1.51,-81.187,-74.789,6209222000,11081000.0,14.21,3.87,3.803,183166000,-1912802000,302889000.0,302889000.0,0.0,,,,,0.0,8934000.0,1.0,275025508,270289000,270289000.0,1.121,7190117000,0,-103000.0,102646000,26.602,
36,DRE,ARQ,2012-06-30,2012-08-03,2012-06-30,2021-07-30,1767000,7068090000,,,,,9.675,-175631000.0,106565000,106565000,120745000.0,-17728000.0,,1.724,4036643000,,,4036643000,0,63622000.0,42078000,0.046,0.17,43820000.0,107442000.0,0.4,107442000.0,43820000.0,-17400000.0,-0.11,-0.11,-0.11,2580738000,,2580738000,7902679060,35.0,16.405,-60528000.0,-0.227,1.0,147870000.0,0.55,0,61220000.0,10998168000,,0,11733000,,,4448712000,,,3972601060,91825000.0,-12910000.0,4289000.0,220434000.0,-45297000.0,168655000.0,-191933000.0,0.0,115103000.0,0.0,-17400000.0,-28482000.0,-28482000.0,-2846000.0,-328000.0,-0.106,106560000.0,41310000.0,60931000,-1.545,1.539,-76.421,-70.143,6116817000,11082000.0,14.73,3.719,3.678,164842000,-1833088000,268615000.0,268615000.0,0.0,,,,,0.0,11594000.0,1.0,269694573,266748000,266748000.0,1.007,7068090000,0,0.0,85779000,26.497,
37,DRE,ARQ,2012-03-31,2012-05-04,2012-03-31,2021-07-30,1506000,6872405000,,,,,10.263,-125414000.0,14740000,14740000,129934000.0,-18110000.0,,1.579,3816870000,,,3816870000,0,63860000.0,46383000,0.046,0.0,43619000.0,107479000.0,0.395,107479000.0,43619000.0,-17467000.0,-0.14,-0.14,-0.14,2651634000,,2651634000,7745544890,33.0,15.591,-100071000.0,-0.387,1.0,142466000.0,0.523,0,61086000.0,10674535000,,0,19395000,,,4186935000,,,3943414890,-199069000.0,-3521000.0,146969000.0,-10906000.0,-43922000.0,-86837000.0,-137575000.0,0.0,25343000.0,0.0,-17467000.0,-36390000.0,-36390000.0,-5727000.0,-643000.0,-0.134,106292000.0,36174000.0,51309000,0.0,1.487,-75.051,-67.273,5991350000,18923000.0,14.8,3.391,3.289,168417000,-1758467000,272400000.0,272400000.0,0.0,,,,,0.0,11839000.0,1.0,266446952,258365000,258365000.0,1.054,6872405000,0,0.0,76263000,26.6,
38,DRE,ARQ,2011-12-31,2012-02-24,2011-12-31,2021-07-30,987000,7004437000,,,,,10.733,627445000.0,213809000,213809000,97259000.0,60247000.0,,1.556,3809589000,,,3809589000,0,63088000.0,38355000,0.049,0.34,82755000.0,145843000.0,0.878,145843000.0,82755000.0,58971000.0,0.17,0.17,0.17,2714686000,,2714686000,7212037604,23.0,12.315,719898000.0,2.846,1.0,68779000.0,0.414,0,23784000.0,10600217000,,0,55580000,,,4224779000,,,3616257604,197627000.0,-6244000.0,0.0,-456270000.0,-42997000.0,-520435000.0,625609000.0,4522000.0,92453000.0,0.0,58971000.0,44965000.0,44965000.0,-83971000.0,1276000.0,0.271,67846000.0,933000.0,55775000,2.0,1.332,115.109,126.909,5892768000,14006000.0,13.96,2.838,2.768,168402000,-1677328000,166038000.0,166038000.0,0.0,,,,,0.0,13876000.0,1.0,259044241,252922000,280538000.0,0.656,7004437000,0,0.0,69272000,27.694,
39,DRE,ARQ,2011-09-30,2011-11-04,2011-09-30,2021-07-30,493000,7504661000,,,,,10.719,-154095000.0,16182000,16182000,204279000.0,-14869000.0,,1.745,4272323000,,,4272323000,0,68325000.0,59551000,0.056,0.17,52637000.0,120962000.0,0.335,120962000.0,52637000.0,-14238000.0,-0.13,-0.13,-0.13,2709829000,,2709829000,7334198308,23.0,12.379,-53303000.0,-0.211,1.0,156984000.0,0.435,0,66875000.0,11760802000,,0,21992000,,,4729718000,,,3078057308,-101463000.0,-11445000.0,0.0,146122000.0,-42974000.0,-21923000.0,-180332000.0,0.0,100792000.0,0.0,-14044000.0,-32076000.0,-32076000.0,-2052000.0,-825000.0,-0.089,110158000.0,46826000.0,66786000,-1.308,1.136,-757.023,-608.5,6528085000,18032000.0,12.17,2.174,2.173,206842000,-1678484000,361263000.0,361263000.0,0.0,,,,,0.0,9493000.0,1.0,252921718,252802000,252802000.0,1.429,7504661000,0,-194000.0,123524000,29.686,
40,DRE,ARQ,2011-06-30,2011-08-05,2011-06-30,2021-07-30,56000,7527085000,,,,,11.421,-81936000.0,117645000,117645000,203769000.0,-13858000.0,,1.585,4111527000,,,4111527000,0,68746000.0,53391000,0.059,0.17,53778000.0,122524000.0,0.337,122524000.0,53778000.0,-13068000.0,-0.12,-0.12,-0.12,2885462000,,2885462000,6908516963,18.0,10.436,34331000.0,0.136,1.0,159301000.0,0.439,0,66846000.0,11520967000,,0,0,,,4572313000,,,2914634963,-49470000.0,-10849000.0,0.0,-4500000.0,-42951000.0,-65750000.0,-99987000.0,0.0,116267000.0,0.0,-13068000.0,-29042000.0,-29042000.0,-2869000.0,-790000.0,-0.08,110585000.0,48716000.0,67757000,-1.417,1.01,46.954,48.042,6473926000,15974000.0,11.53,2.044,2.043,209175000,-1602634000,363070000.0,363070000.0,0.0,,,,,0.0,8541000.0,1.0,252787074,252640000,252640000.0,1.437,7527085000,0,0.0,102695000,29.794,
41,DRE,ARQ,2011-03-31,2011-05-06,2011-03-31,2021-07-30,-661000,7527491000,,,,,11.704,360439000.0,167115000,167115000,227557000.0,64789000.0,,1.524,4071503000,,,4071503000,0,67063000.0,56597000,0.046,0.0,129788000.0,196851000.0,0.509,196851000.0,129788000.0,63706000.0,0.19,0.19,0.19,2954195000,,2954195000,7600392960,20.0,11.787,388464000.0,1.539,1.0,159329000.0,0.412,0,66082000.0,11431879000,,0,0,,,4501641000,,,3696004960,148731000.0,-6068000.0,0.0,-221562000.0,-42892000.0,-284939000.0,405645000.0,54730000.0,28025000.0,0.0,63706000.0,47569000.0,47569000.0,-11446000.0,1083000.0,0.123,40475000.0,118854000.0,69369000,0.0,1.251,75.854,86.059,6428826000,16137000.0,14.63,2.554,2.552,196842000,-1529847000,386886000.0,386886000.0,0.0,,,,,0.0,11197000.0,1.0,252631918,252406000,258837000.0,1.533,7527491000,0,0.0,88782000,29.823,
42,DRE,ARQ,2010-12-31,2011-02-25,2010-12-31,2021-07-30,-1432000,7644276000,,,,,11.676,7999000.0,18384000,18384000,165821000.0,25819000.0,,1.58,4207079000,,,4207079000,0,69706000.0,50450000,0.05,0.34,82405000.0,152111000.0,0.499,152111000.0,82405000.0,25793000.0,0.04,0.04,0.04,2945610000,,2945610000,7602774972,25.0,13.22,156303000.0,0.62,1.0,138978000.0,0.456,0,56612000.0,11832971000,,0,394287000,,,4654373000,,,3414079972,-2465000.0,-4784000.0,108000.0,-103425000.0,-42899000.0,-168948000.0,18179000.0,18222000.0,148304000.0,0.0,25793000.0,9483000.0,9483000.0,-11725000.0,26000.0,0.031,67009000.0,71969000.0,44782000,8.5,1.159,-241.996,-193.143,6326334000,16310000.0,13.52,2.45,2.318,155181000,-1533740000,304799000.0,304799000.0,0.0,,,,,0.0,10158000.0,1.0,252520708,252276000,252276000.0,1.208,7644276000,0,0.0,83615000,30.301,
43,DRE,ARQ,2010-09-30,2010-11-05,2010-09-30,2021-07-30,-2184000,7559788000,,,,,11.829,-255906000.0,20849000,20849000,209319000.0,57435000.0,,1.522,4115599000,,,4115599000,0,71116000.0,40819000,0.053,0.17,119365000.0,190481000.0,0.513,190481000.0,119365000.0,55316000.0,0.13,0.13,0.13,2979321000,,2979321000,7354695619,26.0,13.236,-161452000.0,-0.641,1.0,161952000.0,0.436,0,64049000.0,11654538000,,0,0,,,4535529000,,,3259945619,-235416000.0,-31833000.0,-252000.0,73906000.0,-42857000.0,-44675000.0,-285195000.0,0.0,94454000.0,0.0,56442000.0,34064000.0,34064000.0,-11054000.0,993000.0,0.092,110723000.0,51229000.0,38197000,1.308,1.094,-120.631,-143.667,6589979000,22378000.0,12.93,2.28,2.278,184255000,-1499605000,371271000.0,371271000.0,0.0,,,,,0.0,8476000.0,1.0,252122631,251866000,257383000.0,1.474,7559788000,0,-1126000.0,126702000,30.015,
44,DRE,ARQ,2010-06-30,2010-08-06,2010-06-30,2021-07-30,-2888000,7301687000,,,,,13.387,-19378000.0,256265000,256265000,237502000.0,-20640000.0,,1.388,3734536000,,,3734536000,0,64263000.0,38989000,0.056,0.17,41101000.0,105364000.0,0.274,105364000.0,41101000.0,-19536000.0,-0.19,-0.19,-0.19,3039871000,,3039871000,6532290010,-93.0,33.494,108823000.0,0.479,1.0,146432000.0,0.381,0,60637000.0,10779958000,,0,0,,,4220387000,,,3054019010,225266000.0,-4694000.0,298148000.0,-24187000.0,-38137000.0,154689000.0,-57624000.0,0.0,128201000.0,0.0,-19536000.0,-42391000.0,-42391000.0,-3638000.0,-1104000.0,-0.11,96520000.0,49912000.0,73165000,-0.895,1.005,-7.954,-7.313,6202269000,22855000.0,12.14,2.208,1.993,211858000,-1490099000,383934000.0,383934000.0,0.0,,,,,0.0,9151000.0,1.0,251566640,227082000,227082000.0,1.691,7301687000,0,0.0,90049000,32.154,
45,DRE,ARQ,2010-03-31,2010-05-06,2010-03-31,2021-07-30,-4906000,7092268000,,,,,12.832,55735000.0,30999000,30999000,191144000.0,2648000.0,,1.451,3740333000,,,3740333000,0,65973000.0,35947000,0.052,0.0,62120000.0,128093000.0,0.382,128093000.0,62120000.0,3099000.0,-0.07,-0.07,-0.07,2876431000,,2876431000,6627719806,-90.0,33.884,75932000.0,0.339,1.0,144517000.0,0.431,0,59021000.0,10801602000,,0,0,,,4175080000,,,2918385806,-116323000.0,-11883000.0,0.0,-114517000.0,-38122000.0,-172370000.0,35850000.0,3897000.0,20197000.0,0.0,3099000.0,-15264000.0,-15264000.0,-9890000.0,-451000.0,-0.045,97464000.0,47053000.0,58568000,0.0,1.015,-7.803,-7.982,6245513000,18363000.0,13.01,2.159,2.157,194918000,-1409048000,335661000.0,335661000.0,0.0,,,,,0.0,13544000.0,1.0,224318663,224153000,224153000.0,1.497,7092268000,0,0.0,80986000,31.64,
46,DRE,ARQ,2009-12-31,2010-03-01,2009-12-31,2021-07-30,-5630000,7304279000,,,,,13.044,55569000.0,147322000,147322000,188702000.0,15172000.0,,1.482,3854032000,,,3854032000,0,66433000.0,44258000,0.061,0.34,65299000.0,131732000.0,0.389,131732000.0,65299000.0,6806000.0,0.04,0.04,0.04,2925345000,,2925345000,6222756953,-135.0,28.18,152283000.0,0.679,1.0,150262000.0,0.443,0,58493000.0,11010989000,,0,0,,,4336419000,,,2516046953,-8592000.0,-5939000.0,-458000.0,-79164000.0,-38082000.0,-148760000.0,43454000.0,0.0,96714000.0,0.0,14929000.0,-3433000.0,-3433000.0,-1143000.0,243000.0,-0.01,88468000.0,61794000.0,43147000,8.5,0.86,-7.542,-6.719,6343528000,18362000.0,11.22,1.872,1.68,171293000,-1355086000,338964000.0,338964000.0,0.0,,,,,0.0,13224000.0,1.0,224246609,224264000,224264000.0,1.511,7304279000,0,-8123000.0,84347000,32.57,
47,DRE,ARQ,2009-09-30,2009-11-09,2009-09-30,2021-07-30,-6440000,7438946000,,,,,13.238,-76549000.0,155914000,155914000,176258000.0,-314151000.0,,1.495,3932603000,,,3932603000,0,68692000.0,37142000,0.092,0.17,-238853000.0,-170161000.0,-0.524,-170161000.0,-238853000.0,-296572000.0,-1.44,-1.44,-1.44,2964592000,,2964592000,6406471447,-79.0,34.447,39453000.0,0.176,1.0,148635000.0,0.457,0,57719000.0,11215635000,,0,0,,,4431006000,,,2629782447,129215000.0,-11231000.0,-37000.0,188688000.0,-38075000.0,118008000.0,-104795000.0,0.0,116002000.0,0.0,-304519000.0,-322882000.0,-322882000.0,0.0,-9632000.0,-0.994,386649000.0,-238014000.0,66790000,-0.118,0.887,-8.474,-9.031,6452707000,18363000.0,11.74,2.219,2.218,189089000,-1313103000,324893000.0,324893000.0,0.0,,,,,0.0,11233000.0,1.0,224001912,223952000,223952000.0,1.451,7438946000,0,7947000.0,114529000,33.217,
48,DRE,ARQ,2009-06-30,2009-08-06,2009-06-30,2021-07-30,-7149000,7595396000,,,,,16.022,-62077000.0,26699000,26699000,86025000.0,-15098000.0,,1.27,3737896000,,,3737896000,0,67954000.0,32285000,0.121,0.17,37982000.0,105936000.0,0.301,105936000.0,37982000.0,-14043000.0,-0.16,-0.16,-0.16,3321144000,,3321144000,6280117175,33.0,14.041,77251000.0,0.373,1.0,266204000.0,0.756,0,52025000.0,11306593000,,0,0,,,4218441000,,,2568920175,4528000.0,-2448000.0,551605000.0,-594635000.0,-38051000.0,-102722000.0,-32078000.0,0.0,139328000.0,0.0,-14043000.0,-32406000.0,-32406000.0,826000.0,-1055000.0,-0.092,120156000.0,146048000.0,96632000,-1.062,0.774,100.301,49.87,6681617000,18363000.0,11.47,2.322,2.149,218453000,-953216000,352229000.0,352229000.0,0.0,,,,,0.0,13600000.0,1.0,223968629,207290000,207290000.0,1.699,7595396000,0,0.0,91577000,36.641,
49,DRE,ARQ,2009-03-31,2009-05-08,2009-03-31,2021-07-30,-8036000,7676419000,,,,,19.082,-45689000.0,22171000,22171000,172060000.0,42587000.0,,1.689,4332910000,,,4332910000,0,63724000.0,35381000,0.174,0.0,93678000.0,157402000.0,0.662,157402000.0,93678000.0,41610000.0,0.15,0.15,0.15,2833377000,,2833377000,6502013554,35.0,14.857,2739000.0,0.018,1.0,65837000.0,0.277,0,52068000.0,11987158000,,0,0,,,4784323000,,,2191274554,-361000.0,-3863000.0,26000.0,89228000.0,-37125000.0,33740000.0,-82529000.0,0.0,48428000.0,0.0,41610000.0,23247000.0,23247000.0,-5332000.0,977000.0,0.098,12226000.0,53611000.0,100361000,0.0,0.773,28.903,19.196,6766477000,18363000.0,9.79,2.2,1.459,220841000,-882357000,237897000.0,237897000.0,0.0,,,,,0.0,9880000.0,1.0,223827840,148488000,155747000.0,1.602,7676419000,0,0.0,80763000,51.697,
50,DRE,ARQ,2008-12-31,2009-02-25,2008-12-31,2021-07-30,-8652000,7690883000,,,,,19.115,-86310000.0,22532000,22532000,222351000.0,26059000.0,,1.705,4298478000,,,4298478000,0,66742000.0,41348000,0.236,0.735,26059000.0,92801000.0,0.344,92801000.0,26059000.0,26059000.0,0.15,0.14,0.15,2821758000,,2821758000,5343646814,47.0,14.825,227273000.0,1.54,1.0,47779000.0,0.177,0,0.0,11966829000,,0,18131000,,,4812396000,,,1067700814,19062000.0,-53484000.0,3080000.0,-99026000.0,-71477000.0,-200605000.0,-93916000.0,29839000.0,313583000.0,0.0,26059000.0,21717000.0,21717000.0,-4693000.0,0.0,0.08,11813000.0,35966000.0,105227000,4.9,0.378,18.859,18.436,6773209000,4342000.0,7.19,1.072,1.06,226283000,-855541000,270130000.0,270130000.0,0.0,,,,,0.0,10008000.0,1.0,148498027,147620000,154849000.0,1.83,7690883000,0,0.0,78113000,52.099,
51,DRE,ARQ,2008-09-30,2008-11-07,2008-09-30,2021-07-30,-7902000,7842864000,,,,,19.633,-119530000.0,3470000,3470000,208613000.0,31920000.0,,1.693,4399743000,,,4399743000,0,59215000.0,28082000,0.146,0.485,31920000.0,91135000.0,0.371,91135000.0,31920000.0,31920000.0,0.09,0.09,0.09,2885430000,,2885430000,6338538692,39.0,16.011,91877000.0,0.625,1.0,37322000.0,0.152,0,0.0,12239137000,,0,197287000,,,4885617000,,,1942265692,-14234000.0,-57518000.0,5090000.0,36770000.0,-71265000.0,-52477000.0,-173164000.0,19873000.0,211407000.0,0.0,31920000.0,13054000.0,13054000.0,-1070000.0,0.0,0.053,12922000.0,24400000.0,125157000,5.389,0.673,20.758,20.594,6736511000,18866000.0,13.18,1.96,1.955,236192000,-804744000,245935000.0,245935000.0,0.0,,,,,0.0,10448000.0,1.0,147364620,146966000,155344000.0,1.673,7842864000,0,0.0,100521000,53.365,
52,DRE,ARQ,2008-06-30,2008-08-06,2008-06-30,2021-07-30,-8472000,7833069000,,,,,20.001,-89283000.0,17704000,17704000,209897000.0,36663000.0,,1.643,4346822000,,,4346822000,0,59634000.0,35256000,0.075,0.0,36663000.0,96297000.0,0.398,96297000.0,36663000.0,36663000.0,0.12,0.12,0.12,2935021000,,2935021000,8099700616,41.0,18.87,26351000.0,0.18,1.0,32335000.0,0.133,0,0.0,12162187000,,0,198496000,,,4823155000,,,3770582616,2175000.0,-946000.0,3129000.0,80300000.0,-70422000.0,-12225000.0,-101234000.0,6927000.0,115634000.0,0.0,36663000.0,17797000.0,17797000.0,-8756000.0,0.0,0.073,8879000.0,23456000.0,139110000,0.0,1.285,28.16,27.309,6715261000,18866000.0,25.67,3.893,3.889,232067000,-746203000,242232000.0,242232000.0,0.0,,,,,0.0,6888000.0,1.0,146886740,146741000,155064000.0,1.651,7833069000,0,0.0,81879000,53.38,
53,DRE,ARQ,2008-03-31,2008-05-12,2008-03-31,2021-07-30,-9719000,7760243000,,,,,20.362,-160400000.0,15529000,15529000,216181000.0,19354000.0,,1.579,4262139000,,,4262139000,0,60850000.0,38085000,0.074,0.48,19354000.0,80204000.0,0.33,80204000.0,19354000.0,19354000.0,0.03,0.03,0.03,2979653000,,2979653000,8032586965,37.0,18.33,-158177000.0,-1.081,1.0,26496000.0,0.109,0,0.0,12006853000,,0,144077000,,,4703971000,,,3785976965,-32483000.0,-20296000.0,5801000.0,-72531000.0,-70211000.0,119572000.0,-154278000.0,38753000.0,2223000.0,0.0,19354000.0,4048000.0,4048000.0,-880000.0,0.0,0.017,12162000.0,14334000.0,129631000,16.0,1.271,24.716,23.679,6704966000,15306000.0,25.81,4.002,3.992,214038000,-693194000,242677000.0,242677000.0,0.0,,,,,0.0,12162000.0,1.0,146686438,146331000,154596000.0,1.658,7760243000,0,0.0,72559000,53.032,
54,DRE,ARQ,2007-12-31,2008-02-29,2007-12-31,2021-07-30,-1279000,7661981000,,,,,18.876,-263648000.0,48012000,48012000,196907000.0,74762000.0,,1.756,4316460000,,,4316460000,0,53490000.0,34535000,0.084,0.96,74762000.0,128252000.0,0.493,128252000.0,74762000.0,74762000.0,0.4,0.4,0.4,2750033000,,2750033000,7621718994,27.0,15.43,-75031000.0,-0.515,1.0,63236000.0,0.243,0,0.0,11930429000,,0,273591000,,,4828265000,,,3353270994,29588000.0,-37869000.0,237913000.0,116759000.0,-69899000.0,130626000.0,-289655000.0,28209000.0,188617000.0,0.0,74762000.0,58666000.0,58666000.0,-11291000.0,0.0,0.226,9768000.0,53468000.0,142655000,2.4,1.219,15.404,14.692,6448383000,16096000.0,22.92,3.632,3.457,206671000,-626765000,260143000.0,260143000.0,0.0,,,,,0.0,9768000.0,1.0,146303272,145690000,154498000.0,1.786,7661981000,0,0.0,63796000,52.591,
55,DRE,ARQ,2007-09-30,2007-11-05,2007-09-30,2021-07-30,6053000,7416842000,,,,,19.241,-45225000.0,18424000,18424000,196926000.0,68614000.0,,1.768,4165682000,,,4165682000,0,55873000.0,28251000,0.064,0.48,68614000.0,124487000.0,0.557,124487000.0,68614000.0,68614000.0,0.39,0.39,0.39,2647079000,,2647079000,8500657366,31.0,17.601,8606000.0,0.063,1.0,26561000.0,0.119,0,0.0,11564100000,,0,351259000,,,4679239000,,,4353399366,-27032000.0,-35111000.0,2753000.0,87011000.0,-65749000.0,13866000.0,-94729000.0,12118000.0,53831000.0,0.0,68614000.0,53387000.0,53387000.0,-38925000.0,0.0,0.239,3847000.0,22714000.0,140679000,1.231,1.645,20.808,19.416,6180911000,15227000.0,29.9,4.737,4.476,193217000,-615200000,223487000.0,223487000.0,0.0,,,,,0.0,3847000.0,1.0,145598641,137576000,147651000.0,1.624,7416842000,0,0.0,88182000,53.911,
56,DRE,ARQ,2007-06-30,2007-08-07,2007-06-30,2021-07-30,16784000,7302898000,,,,,19.097,-148854000.0,45456000,45456000,180355000.0,52302000.0,,1.749,4078902000,,,4078902000,0,52971000.0,33353000,0.059,0.475,52302000.0,105273000.0,0.479,105273000.0,52302000.0,52302000.0,0.27,0.27,0.27,2614743000,,2614743000,8408841594,30.0,17.269,-78185000.0,-0.571,1.0,39338000.0,0.179,0,0.0,11336344000,,0,374573000,,,4573572000,,,4375395594,35964000.0,-36075000.0,136000.0,110215000.0,-65046000.0,25427000.0,-60132000.0,141927000.0,70669000.0,0.0,52302000.0,37076000.0,37076000.0,-19859000.0,0.0,0.169,10606000.0,28732000.0,126397000,1.759,1.673,20.11,19.845,6084603000,15226000.0,31.95,4.706,4.705,176240000,-602381000,219693000.0,219693000.0,0.0,,,,,0.0,10606000.0,1.0,136945089,136921000,148129000.0,1.605,7302898000,0,0.0,70632000,53.337,
57,DRE,ARQ,2007-03-31,2007-05-08,2007-03-31,2021-07-30,5703000,7272485000,,,,,19.213,465000.0,9492000,9492000,197109000.0,83789000.0,,1.722,3968802000,,,3968802000,0,52143000.0,34163000,0.044,0.0,83789000.0,135932000.0,0.591,135932000.0,83789000.0,83789000.0,0.5,0.49,0.5,2628764000,,2628764000,9822242127,38.0,20.942,11279000.0,0.082,1.0,32759000.0,0.143,0,0.0,11231795000,,0,498249000,,,4526999000,,,5862932127,-58991000.0,-33275000.0,0.0,6805000.0,-65004000.0,-79502000.0,9697000.0,53500000.0,10814000.0,0.0,83789000.0,68563000.0,68563000.0,-49488000.0,0.0,0.298,13467000.0,19292000.0,118735000,0.0,2.23,28.994,28.547,5931317000,15226000.0,42.82,6.299,6.295,184971000,-574201000,229868000.0,229868000.0,0.0,,,,,0.0,13467000.0,1.0,136920414,136823000,149465000.0,1.68,7272485000,0,0.0,63881000,53.153,
58,DRE,ARQ,2006-12-31,2007-03-01,2006-12-31,2021-07-30,5435000,7238595000,,,,,18.592,-146919000.0,68483000,68483000,177257000.0,65422000.0,,1.829,3961845000,,,3961845000,0,51843000.0,31121000,0.043,0.95,65422000.0,117265000.0,0.477,117265000.0,65422000.0,65422000.0,0.38,0.37,0.38,2503583000,,2503583000,9877926854,48.0,24.025,24139000.0,0.179,1.0,68723000.0,0.279,0,0.0,11131957000,,0,512925000,,,4578159000,,,5984564854,43483000.0,-55047000.0,-89063000.0,33896000.0,-64246000.0,-182303000.0,54728000.0,275335000.0,171058000.0,0.0,65422000.0,50196000.0,50196000.0,-4709000.0,0.0,0.204,8119000.0,60604000.0,136508000,2.5,2.39,41.246,40.491,5914454000,15226000.0,43.73,6.585,6.49,194205000,-575829000,245980000.0,245980000.0,0.0,,,,,0.0,8119000.0,1.0,136852615,134661000,149156000.0,1.827,7238595000,0,0.0,59276000,53.754,
59,DRE,ARQ,2006-09-30,2006-11-08,2006-09-30,2021-07-30,4840000,7273542000,,,,,19.231,-152190000.0,25000000,25000000,195147000.0,76960000.0,,1.733,4075683000,,,4075683000,0,51498000.0,32309000,0.074,0.475,76960000.0,128458000.0,0.548,128458000.0,76960000.0,76960000.0,0.46,0.45,0.46,2598456000,,2598456000,9400191002,52.0,24.565,-131848000.0,-0.976,1.0,39072000.0,0.167,0,0.0,11324225000,,0,838556000,,,4502856000,,,5349508002,17961000.0,-456000.0,729000.0,230672000.0,-64181000.0,139290000.0,-141671000.0,0.0,20342000.0,0.0,76960000.0,61734000.0,61734000.0,-39761000.0,0.0,0.264,6804000.0,32268000.0,125381000,1.033,2.059,42.812,42.085,5752846000,15226000.0,39.56,6.18,6.175,189958000,-561636000,234219000.0,234219000.0,0.0,,,,,0.0,6804000.0,1.0,135225177,135117000,150947000.0,1.733,7273542000,0,0.0,78255000,53.831,
60,DRE,ARQ,2006-06-30,2006-08-08,2006-06-30,2021-07-30,20496000,7014473000,,,,,19.368,-834279000.0,7039000,7039000,185351000.0,34972000.0,,1.618,3833934000,,,3833934000,0,52387000.0,37265000,0.079,0.0,34972000.0,87359000.0,0.396,87359000.0,34972000.0,34972000.0,0.16,0.16,0.16,2614048000,,2614048000,8809256428,27.0,16.545,-778756000.0,-5.77,1.0,35326000.0,0.16,0,0.0,10841368000,,0,835282000,,,4229781000,,,4982361428,7039000.0,15132000.0,840000.0,139380000.0,-63392000.0,163246000.0,-211730000.0,0.0,55523000.0,0.0,34972000.0,21717000.0,21717000.0,-5945000.0,0.0,0.098,6965000.0,28361000.0,88864000,0.0,1.906,18.015,18.626,5508618000,13255000.0,36.88,5.993,5.988,167454000,-558961000,220677000.0,220677000.0,0.0,,,,,0.0,6965000.0,1.0,135096568,134969000,149364000.0,1.635,7014473000,0,0.0,72610000,51.971,
61,DRE,ARQ,2006-03-31,2006-05-10,2006-03-31,2021-07-30,9805000,6704019000,,,,,18.748,-292531000.0,0,0,173834000.0,26793000.0,,1.583,3621649000,,,3621649000,0,51271000.0,37062000,0.083,0.47,26793000.0,78064000.0,0.368,78064000.0,26793000.0,26793000.0,0.08,0.08,0.08,2526929000,,2526929000,8364038660,24.0,15.223,-263731000.0,-1.957,1.0,38176000.0,0.18,0,0.0,10325668000,,0,621953000,,,3999556000,,,4742389660,-26732000.0,11427000.0,-7116000.0,888621000.0,-63683000.0,882689000.0,-938221000.0,0.0,28800000.0,0.0,26793000.0,11448000.0,11448000.0,-49000.0,0.0,0.054,13947000.0,24229000.0,93160000,5.875,1.877,16.068,16.743,5440361000,15345000.0,35.16,5.649,5.645,173020000,-517168000,212010000.0,212010000.0,0.0,,,,,0.0,13947000.0,1.0,134880252,134781000,149265000.0,1.573,6704019000,0,0.0,66426000,49.74,
62,DRE,ARQ,2005-12-31,2006-03-07,2005-12-31,2021-07-30,-7118000,5647560000,,,,,17.929,-103842000.0,26732000,26732000,158210000.0,41675000.0,,1.228,2600651000,,,2600651000,0,47117000.0,34924000,0.082,0.47,41675000.0,88792000.0,0.447,88792000.0,41675000.0,41675000.0,0.24,0.23,0.24,2452798000,,2452798000,7382933098,21.0,13.183,-23485000.0,-0.172,1.0,40530000.0,0.204,0,0.0,8221479000,,0,0,,,3012196000,,,4809014098,-98135000.0,-22393000.0,-191405000.0,381606000.0,-208221000.0,-51291000.0,-127201000.0,0.0,80357000.0,0.0,41675000.0,30055000.0,30055000.0,-3137000.0,0.0,0.151,8774000.0,31756000.0,93918000,1.958,1.961,15.554,16.288,5034422000,11620000.0,35.67,6.102,6.405,177325000,-464885000,198740000.0,198740000.0,0.0,,,,,0.0,8774000.0,1.0,134819571,136804000,151149000.0,1.453,5647560000,0,0.0,60883000,41.282,
63,DRE,ARQ,2005-09-30,2005-10-09,2005-09-30,2021-07-30,-11753000,5657032000,,,,,19.813,890409000.0,124867000,124867000,166805000.0,224967000.0,,0.93,2219304000,,,2219304000,0,53247000.0,35083000,0.057,0.47,224967000.0,278214000.0,1.392,278214000.0,224967000.0,224967000.0,1.5,1.48,1.5,2826629000,,2826629000,6602909471,18.0,11.542,1019993000.0,7.15,1.0,33081000.0,0.165,0,0.0,7751469000,,0,0,,,2628684000,,,4508472471,118380000.0,-1104000.0,-95824000.0,-655873000.0,-67420000.0,-837143000.0,825939000.0,0.0,129584000.0,0.0,224967000.0,213348000.0,213348000.0,-196465000.0,0.0,1.067,5250000.0,27831000.0,100512000,0.313,1.595,14.077,14.578,4919733000,11619000.0,32.8,5.191,5.388,184079000,-286274000,199886000.0,199886000.0,0.0,,,,,0.0,5250000.0,1.0,137453429,142663000,158468000.0,1.401,5657032000,0,0.0,78738000,39.653,
64,DRE,ARQ,2005-06-30,2005-08-09,2005-06-30,2021-07-30,-25232000,6204145000,,,,,19.231,-6806000.0,6487000,6487000,176593000.0,51919000.0,,1.18,2875508000,,,2875508000,0,52450000.0,37059000,0.059,0.0,51919000.0,104369000.0,0.456,104369000.0,51919000.0,51919000.0,0.28,0.28,0.28,2759282000,,2759282000,7379332205,39.0,18.636,122661000.0,0.855,1.0,52321000.0,0.229,0,0.0,9073166000,,0,0,,,3256481000,,,4510311205,2808000.0,-1661000.0,709000.0,240289000.0,-66719000.0,156370000.0,-283029000.0,0.0,129467000.0,0.0,51919000.0,40299000.0,40299000.0,-5204000.0,0.0,0.176,6280000.0,46041000.0,77034000,0.0,1.635,30.178,29.952,5595138000,11620000.0,31.45,5.119,5.122,186246000,-432159000,228914000.0,228914000.0,0.0,,,,,0.0,6280000.0,1.0,143412121,143480000,157696000.0,1.595,6204145000,0,0.0,67365000,43.24,
65,DRE,ARQ,2005-03-31,2005-05-10,2005-03-31,2021-07-30,-8226000,5945877000,,,,,19.571,-66720000.0,3679000,3679000,176020000.0,37101000.0,,1.055,2623753000,,,2623753000,0,51563000.0,37984000,0.075,0.465,37101000.0,88664000.0,0.407,88664000.0,37101000.0,37101000.0,0.18,0.18,0.18,2800374000,,2800374000,7057336556,39.0,18.603,-1869000.0,-0.013,1.0,41911000.0,0.192,0,0.0,8565951000,,0,0,,,2954648000,,,4437262556,-1910000.0,-6441000.0,633000.0,105303000.0,-66456000.0,20886000.0,-87647000.0,0.0,64851000.0,0.0,37101000.0,25481000.0,25481000.0,-3740000.0,0.0,0.117,7581000.0,34330000.0,66894000,2.583,1.585,30.841,30.624,5400554000,11620000.0,30.93,5.192,5.179,181433000,-405699000,217931000.0,217931000.0,0.0,,,,,0.0,7581000.0,1.0,143461447,143089000,157720000.0,1.523,5945877000,0,0.0,60398000,41.554,
66,DRE,ARQ,2004-12-31,2005-03-04,2004-12-31,2021-07-30,-6547000,5896643000,,,,,19.799,-57478000.0,5589000,5589000,170089000.0,50606000.0,,1.018,2518704000,,,2518704000,0,50246000.0,39827000,0.057,0.465,50606000.0,100852000.0,0.455,100852000.0,50606000.0,50606000.0,0.29,0.29,0.29,2825869000,,2825869000,7126457812,38.0,18.862,47170000.0,0.33,1.0,51713000.0,0.233,0,0.0,8409758000,,0,0,,,2875661000,,,4613342812,5589000.0,-705000.0,1916000.0,-140666000.0,-66313000.0,-27434000.0,-71625000.0,0.0,104648000.0,0.0,50606000.0,41150000.0,41150000.0,-6137000.0,0.0,0.186,5460000.0,46253000.0,68266000,1.603,1.633,30.496,30.168,5379186000,9456000.0,32.28,5.515,5.456,165966000,-364724000,221802000.0,221802000.0,0.0,,,,,0.0,5460000.0,1.0,142916444,142726000,157380000.0,1.554,5896643000,0,0.0,55748000,41.314,
67,DRE,ARQ,2004-09-30,2004-11-09,2004-09-30,2021-07-30,132000,5882080000,,,,,18.656,-4030000.0,0,0,170337000.0,50847000.0,,1.141,2659629000,,,2659629000,0,51239000.0,32765000,0.068,0.93,50847000.0,102086000.0,0.481,102086000.0,50847000.0,50847000.0,0.3,0.3,0.3,2654227000,,2654227000,7470707170,38.0,19.616,105583000.0,0.742,1.0,42068000.0,0.198,0,0.0,8541709000,,0,0,,,3027830000,,,4811078170,-10791000.0,-410000.0,1081000.0,95779000.0,-66132000.0,-9769000.0,-110635000.0,65000000.0,109613000.0,0.0,50847000.0,42527000.0,42527000.0,-14524000.0,0.0,0.2,6892000.0,35176000.0,83030000,3.1,1.813,30.099,29.596,5376841000,8320000.0,33.74,5.842,5.829,153109000,-339561000,212405000.0,212405000.0,0.0,,,,,0.0,6892000.0,1.0,142592714,142273000,157105000.0,1.493,5882080000,0,0.0,78184000,41.344,
68,DRE,ARQ,2004-06-30,2004-08-09,2004-06-30,2021-07-30,-2465000,5735114000,,,,,18.746,-90857000.0,10791000,10791000,152179000.0,43148000.0,,1.077,2529674000,,,2529674000,0,44622000.0,36899000,0.058,0.46,43148000.0,87770000.0,0.433,87770000.0,43148000.0,43148000.0,0.24,0.24,0.24,2663891000,,2663891000,7041233027,36.0,18.998,4742000.0,0.033,1.0,50292000.0,0.248,0,0.0,8253997000,,0,0,,,2869287000,,,4522350027,-1108000.0,-1217000.0,728000.0,127164000.0,-65357000.0,46844000.0,-143551000.0,0.0,95599000.0,0.0,43148000.0,34716000.0,34716000.0,-552000.0,0.0,0.171,5718000.0,44574000.0,68771000,1.917,1.698,28.714,27.895,5219552000,8432000.0,31.8,5.597,5.593,149927000,-315956000,202471000.0,202471000.0,0.0,,,,,0.0,5718000.0,1.0,142212265,142104000,156828000.0,1.425,5735114000,0,0.0,60818000,40.359,
69,DRE,ARQ,2004-03-31,2004-05-10,2004-03-31,2021-07-30,-118000,5626464000,,,,,19.458,-11508000.0,11899000,11899000,156757000.0,44100000.0,,1.013,2402670000,,,2402670000,0,43012000.0,43849000,0.064,0.0,44100000.0,87112000.0,0.43,87112000.0,44100000.0,44100000.0,0.24,0.23,0.24,2692951000,,2692951000,6476728905,33.0,17.633,57407000.0,0.415,1.0,46028000.0,0.227,0,0.0,8017235000,,0,0,,,2727705000,,,4085957905,-733000.0,-701000.0,8534000.0,67293000.0,-63259000.0,35026000.0,-104674000.0,-65000000.0,68915000.0,0.0,44100000.0,32886000.0,32886000.0,-3545000.0,0.0,0.162,8323000.0,37705000.0,57129000,0.0,1.517,25.972,24.793,5133107000,11214000.0,28.76,5.11,4.978,135322000,-285315000,202785000.0,202785000.0,0.0,,,,,0.0,8323000.0,1.0,142070859,138398000,156913000.0,1.465,5626464000,0,0.0,59886000,40.654,
70,DRE,ARQ,2003-12-31,2004-03-05,2003-12-31,2021-07-30,0,5561249000,,,,,19.592,33949000.0,12632000,12632000,149546000.0,60113000.0,,1.006,2335536000,,,2335536000,0,43768000.0,37975000,0.054,0.46,60113000.0,103881000.0,0.504,103881000.0,60113000.0,60113000.0,0.36,0.37,0.36,2666749000,,2666749000,6980930385,35.0,18.96,167804000.0,1.233,1.0,56382000.0,0.274,0,0.0,7884153000,,0,0,,,2681706000,,,4658026385,11701000.0,7813000.0,4141000.0,128144000.0,-62594000.0,-64558000.0,-57596000.0,0.0,133855000.0,0.0,60113000.0,49711000.0,49711000.0,-8029000.0,0.0,0.241,5898000.0,50484000.0,63057000,1.278,1.747,28.769,28.378,5147085000,10402000.0,33.77,5.897,5.797,132169000,-254942000,205928000.0,205928000.0,0.0,,,,,0.0,5898000.0,1.0,137933858,136111000,151669000.0,1.513,5561249000,0,0.0,52958000,40.858,
71,DRE,ARQ,2003-09-30,2003-11-12,2003-09-30,2021-07-30,0,5554955000,,,,,19.595,-16928000.0,931000,931000,142401000.0,49600000.0,,0.978,2256552000,,,2256552000,0,42276000.0,34812000,0.06,0.46,49600000.0,91876000.0,0.467,91876000.0,49600000.0,49600000.0,0.3,0.3,0.3,2659147000,,2659147000,6371866185,36.0,18.648,55807000.0,0.411,1.0,54414000.0,0.276,0,0.0,7810576000,,0,0,,,2601421000,,,4116245185,-10740000.0,-11928000.0,3183000.0,-72272000.0,-62408000.0,42909000.0,-126384000.0,0.0,72735000.0,0.0,49600000.0,40185000.0,40185000.0,-3171000.0,0.0,0.204,4892000.0,49522000.0,66702000,1.533,1.548,29.298,29.106,5152908000,9415000.0,30.27,5.344,5.333,134165000,-242059000,196815000.0,196815000.0,0.0,,,,,0.0,4892000.0,1.0,135984314,135706000,151244000.0,1.45,5554955000,0,0.0,72443000,40.934,
72,DRE,ARQ,2003-06-30,2003-08-12,2003-06-30,2021-07-30,-9852000,5430926000,,,,,18.95,-71424000.0,11671000,11671000,143056000.0,43290000.0,,1.0,2234877000,,,2234877000,0,41144000.0,35626000,0.066,0.46,43290000.0,84434000.0,0.435,84434000.0,43290000.0,43290000.0,0.26,0.25,0.26,2565595000,,2565595000,5981679752,34.0,17.608,31732000.0,0.234,1.0,51007000.0,0.263,0,0.0,7654132000,,0,0,,,2566817000,,,3758473752,-838000.0,-53000.0,3872000.0,52387000.0,-61596000.0,-28604000.0,-75390000.0,0.0,103156000.0,0.0,43290000.0,34538000.0,34538000.0,-323000.0,0.0,0.178,5081000.0,45926000.0,52666000,1.769,1.465,26.946,26.893,5057442000,8752000.0,27.7,4.898,4.887,108234000,-210309000,194063000.0,194063000.0,0.0,,,,,0.0,5081000.0,1.0,135684973,135386000,151019000.0,1.433,5430926000,0,0.0,60698000,40.114,
73,DRE,ARQ,2003-03-31,2003-05-13,2003-03-31,2021-07-30,-3271000,5381023000,,,,,19.212,4370000.0,12509000,12509000,148781000.0,46229000.0,,0.955,2181635000,,,2181635000,0,41771000.0,39985000,0.065,0.455,46229000.0,88000000.0,0.453,88000000.0,46229000.0,46229000.0,0.28,0.28,0.28,2596867000,,2596867000,5966721223,31.0,16.84,63252000.0,0.468,1.0,45652000.0,0.235,0,0.0,7550149000,,0,0,,,2480761000,,,3797595223,-4905000.0,-1313000.0,2830000.0,76539000.0,-61502000.0,-2461000.0,-61326000.0,0.0,58882000.0,0.0,46229000.0,37477000.0,37477000.0,-2304000.0,0.0,0.193,6272000.0,39380000.0,38291000,1.625,1.462,24.745,24.832,5026643000,8752000.0,28.06,4.938,4.931,96820000,-183251000,194433000.0,194433000.0,0.0,,,,,0.0,6272000.0,1.0,135338390,135170000,150627000.0,1.438,5381023000,0,0.0,56888000,39.809,
74,DRE,ARQ,2002-12-31,2003-03-25,2002-12-31,2021-07-30,-2111000,5348823000,,,,,19.387,-67291000.0,17414000,17414000,133004000.0,37379000.0,,0.927,2106285000,,,2106285000,0,39996000.0,33710000,0.067,0.455,37379000.0,77375000.0,0.418,77375000.0,37379000.0,37379000.0,0.2,0.21,0.2,2616180000,,2616180000,5737073349,28.0,15.897,24487000.0,0.181,1.0,51942000.0,0.281,0,0.0,7437694000,,0,0,,,2424002000,,,3648202349,-25623000.0,-1200000.0,927000.0,242419000.0,-61388000.0,12439000.0,-129840000.0,0.0,91778000.0,0.0,37379000.0,28294000.0,28294000.0,-2038000.0,0.0,0.153,4087000.0,47855000.0,43780000,2.275,1.394,22.621,22.492,5018377000,9085000.0,26.99,4.677,4.636,90658000,-159226000,184946000.0,184946000.0,0.0,,,,,0.0,4087000.0,1.0,135168668,134947000,150716000.0,1.371,5348823000,0,0.0,51474000,39.636,
75,DRE,ARQ,2002-09-30,2002-11-13,2002-09-30,2021-07-30,-48000,5299464000,,,,,20.765,-42133000.0,43037000,43037000,135376000.0,50925000.0,,0.781,1864109000,,,1864109000,0,38985000.0,34425000,0.074,0.455,50925000.0,89910000.0,0.464,89910000.0,50925000.0,50925000.0,0.29,0.29,0.29,2799494000,,2799494000,5120581148,23.0,13.625,61490000.0,0.456,1.0,58601000.0,0.302,0,0.0,7120536000,,0,0,,,2186108000,,,3299509148,40532000.0,8294000.0,3706000.0,129159000.0,-61348000.0,-4831000.0,-58260000.0,0.0,103623000.0,0.0,50925000.0,39172000.0,39172000.0,0.0,0.0,0.202,6804000.0,51797000.0,45300000,1.569,1.179,18.599,18.53,4930432000,11753000.0,24.46,4.197,4.195,98273000,-124132000,193977000.0,193977000.0,0.0,,,,,0.0,6804000.0,1.0,134894078,134818000,151256000.0,1.439,5299464000,0,0.0,71267000,39.308,
76,DRE,ARQ,2002-06-30,2002-08-13,2002-06-30,2021-07-30,-96000,5235891000,,,,,21.131,-41002000.0,2505000,2505000,128088000.0,60635000.0,,0.722,1735217000,,,1735217000,0,38398000.0,28513000,0.091,0.455,60635000.0,99033000.0,0.506,99033000.0,60635000.0,60635000.0,0.36,0.36,0.36,2835689000,,2835689000,5060304899,19.0,12.343,124791000.0,0.93,1.0,67670000.0,0.346,0,0.0,6968603000,,0,0,,,2048239000,,,3327592899,-11005000.0,-9430000.0,11178000.0,-1641000.0,-60441000.0,-72281000.0,-104517000.0,0.0,165793000.0,0.0,60635000.0,48528000.0,48528000.0,-3317000.0,0.0,0.248,7224000.0,60446000.0,39718000,1.264,1.173,15.454,15.235,4919766000,12107000.0,24.68,4.201,4.181,90032000,-101956000,195758000.0,195758000.0,0.0,,,,,0.0,7224000.0,1.0,134829534,134196000,151092000.0,1.459,5235891000,0,0.0,57280000,39.017,
77,DRE,ARQ,2002-03-31,2002-05-14,2002-03-31,2021-07-30,-144000,5243468000,,,,,21.307,-24370000.0,13510000,13510000,134439000.0,57386000.0,,0.733,1737787000,,,1737787000,0,37186000.0,37125000,0.069,0.45,57386000.0,94572000.0,0.463,94572000.0,57386000.0,57386000.0,0.34,0.34,0.34,2811080000,,2811080000,5229436713,20.0,12.823,184032000.0,1.395,1.0,69758000.0,0.342,0,0.0,6967745000,,0,0,,,2060035000,,,3505159713,4027000.0,-8794000.0,7023000.0,-84585000.0,-59298000.0,-159020000.0,-45355000.0,0.0,208402000.0,0.0,57386000.0,45278000.0,45278000.0,-1200000.0,0.0,0.222,7237000.0,62521000.0,43060000,1.324,1.247,16.192,15.818,4949147000,12108000.0,26.1,4.372,4.295,86020000,-90043000,204197000.0,204197000.0,0.0,,,,,0.0,7237000.0,1.0,134297307,131932000,150270000.0,1.548,5243468000,0,0.0,56724000,39.744,
78,DRE,ARQ,2001-12-31,2002-03-15,2001-12-31,2021-07-30,-192000,5330033000,,,,,21.262,-53508000.0,9483000,9483000,125010000.0,56528000.0,,0.772,1814856000,,,1814856000,0,35779000.0,34644000,0.069,0.45,56528000.0,92307000.0,0.48,92307000.0,56528000.0,56528000.0,0.33,0.33,0.33,2785009000,,2785009000,5198679520,18.0,12.345,12576000.0,0.096,1.0,67238000.0,0.35,0,0.0,7135406000,,0,0,,,2149834000,,,3393306520,-21000.0,16196000.0,2545000.0,41160000.0,-58839000.0,-38157000.0,-27948000.0,-21286000.0,66084000.0,0.0,56528000.0,44420000.0,44420000.0,0.0,0.0,0.231,5407000.0,61831000.0,57009000,1.364,1.218,14.756,14.548,5027428000,12108000.0,25.75,4.222,4.154,95970000,-76023000,192248000.0,192248000.0,0.0,,,,,0.0,5407000.0,1.0,131778894,130983000,151971000.0,1.468,5330033000,0,0.0,51462000,40.693,
79,DRE,ARQ,2001-09-30,2001-11-14,2001-09-30,2021-07-30,-240000,5304002000,,,,,21.313,102724000.0,9504000,9504000,125528000.0,90349000.0,,0.763,1763950000,,,1763950000,0,33721000.0,29178000,0.091,0.45,90349000.0,124070000.0,0.621,124070000.0,90349000.0,90349000.0,0.59,0.58,0.59,2772851000,,2772851000,4902285575,16.0,10.929,250682000.0,1.927,1.0,74347000.0,0.372,0,0.0,7058448000,,0,0,,,2115662000,,,3147839575,-93523000.0,-13652000.0,3290000.0,-139539000.0,-58566000.0,-296626000.0,55145000.0,-431000.0,147958000.0,0.0,90349000.0,77102000.0,77102000.0,0.0,0.0,0.386,1437000.0,72910000.0,79630000,0.763,1.135,12.155,11.931,4958154000,13247000.0,24.1,3.904,3.889,104278000,-61604000,199875000.0,199875000.0,0.0,,,,,0.0,1437000.0,1.0,130615750,130104000,158594000.0,1.536,5304002000,0,0.0,64623000,40.767,
80,DRE,ARQ,2001-06-30,2001-08-14,2001-06-30,2021-07-30,-836000,5490486000,,,,,21.85,-31883000.0,103027000,103027000,128868000.0,63490000.0,,0.793,1903770000,,,1903770000,0,33363000.0,35223000,0.086,0.45,63490000.0,96853000.0,0.472,96853000.0,63490000.0,63490000.0,0.39,0.38,0.39,2821528000,,2821528000,5070255836,18.0,12.118,94390000.0,0.731,1.0,76527000.0,0.373,0,0.0,7291229000,,0,0,,,2237436000,,,3269512836,64136000.0,-4792000.0,16765000.0,-22141000.0,-55475000.0,-85940000.0,23803000.0,53089000.0,126273000.0,0.0,63490000.0,49675000.0,49675000.0,0.0,0.0,0.242,4688000.0,71839000.0,74929000,1.154,1.159,14.402,14.045,5047642000,13815000.0,25.14,4.016,3.988,116829000,-79572000,205395000.0,205395000.0,0.0,,,,,0.0,4688000.0,1.0,130052221,129131000,149572000.0,1.591,5490486000,0,0.0,55193000,42.519,
81,DRE,ARQ,2001-03-31,2001-05-15,2001-03-31,2021-07-30,-638000,5479442000,,,,,21.86,-38105000.0,38891000,38891000,131586000.0,72042000.0,,0.797,1926189000,,,1926189000,0,35860000.0,37176000,0.094,0.43,72042000.0,107902000.0,0.523,107902000.0,72042000.0,72042000.0,0.46,0.45,0.46,2806863000,,2806863000,4824836936,18.0,11.626,55236000.0,0.43,1.0,74704000.0,0.362,0,0.0,7366740000,,0,0,,,2238130000,,,2937538936,-300000.0,2248000.0,13883000.0,-53125000.0,-55159000.0,-50192000.0,-43449000.0,6810000.0,93341000.0,0.0,72042000.0,58770000.0,58770000.0,0.0,0.0,0.285,4027000.0,70677000.0,65973000,0.935,1.047,13.181,12.955,5110140000,13272000.0,22.8,3.617,3.605,94905000,-73772000,206290000.0,206290000.0,0.0,,,,,0.0,4027000.0,1.0,128839427,128399000,151031000.0,1.607,5479442000,0,0.0,53516000,42.675,
82,DRE,ARQ,2000-12-31,2001-03-28,2000-12-31,2021-07-30,0,5460036000,,,,,21.251,49963000.0,39191000,39191000,126107000.0,85662000.0,,0.852,1973215000,,,1973215000,0,34083000.0,34208000,0.093,0.86,85662000.0,119745000.0,0.615,119745000.0,85662000.0,85662000.0,0.58,0.57,0.58,2712890000,,2712890000,4844254476,18.0,11.993,198038000.0,1.551,1.0,68607000.0,0.352,0,0.0,7394060000,,0,0,,,2311829000,,,2910230476,-2096000.0,0.0,8367000.0,-227247000.0,-54847000.0,-295980000.0,145809000.0,134472000.0,148075000.0,0.0,85662000.0,73425000.0,73425000.0,0.0,0.0,0.377,5645000.0,62962000.0,74417000,1.483,1.073,13.666,13.452,5074435000,12237000.0,22.6,3.662,3.607,99360000,-77383000,194714000.0,194714000.0,0.0,,,,,0.0,5645000.0,1.0,128771260,127661000,148110000.0,1.525,5460036000,0,0.0,51328000,42.77,
83,DRE,ARQ,2000-09-30,2000-11-13,2000-09-30,2021-07-30,0,5625895000,,,,,21.149,-60859000.0,41287000,41287000,140825000.0,57392000.0,,0.931,2200765000,,,2200765000,0,36528000.0,33629000,0.088,0.86,57392000.0,93920000.0,0.452,93920000.0,57392000.0,57392000.0,0.36,0.35,0.36,2686168000,,2686168000,5085135167,22.0,13.718,66054000.0,0.52,1.0,66838000.0,0.322,0,0.0,7785373000,,0,0,,,2501634000,,,2925657167,-430000.0,0.0,8857000.0,-70781000.0,-54595000.0,-141764000.0,14421000.0,-8239000.0,126913000.0,0.0,57392000.0,45149000.0,45149000.0,0.0,0.0,0.217,5825000.0,61013000.0,92985000,2.389,1.089,16.189,15.931,5272035000,12243000.0,22.94,3.734,3.719,102905000,-95961000,207663000.0,207663000.0,0.0,,,,,0.0,5825000.0,1.0,127535186,127010000,147916000.0,1.635,5625895000,0,0.0,66922000,44.295,
84,DRE,ARQ,2000-06-30,2000-08-11,2000-06-30,2021-07-30,0,5729836000,,,,,21.184,-71236000.0,41717000,41717000,137435000.0,57774000.0,,0.974,2349696000,,,2349696000,0,35664000.0,36261000,0.046,0.0,57774000.0,93438000.0,0.459,93438000.0,57774000.0,57774000.0,0.36,0.36,0.36,2681859000,,2681859000,5541139224,25.0,15.374,25371000.0,0.2,1.0,66014000.0,0.324,0,0.0,8037815000,,0,0,,,2612426000,,,3233160224,3804000.0,9120000.0,3434000.0,73639000.0,-49374000.0,4518000.0,-97321000.0,-16652000.0,96607000.0,0.0,57774000.0,45525000.0,45525000.0,0.0,0.0,0.224,4510000.0,61504000.0,68873000,0.0,1.206,18.263,17.832,5302166000,12249000.0,25.5,4.302,4.295,92626000,-86515000,203449000.0,203449000.0,0.0,,,,,0.0,4510000.0,1.0,126790597,126597000,147181000.0,1.607,5729836000,0,0.0,56698000,45.26,
85,DRE,ARQ,2000-03-31,2000-05-15,2000-03-31,2021-07-30,0,5646440000,,,,,21.258,-34472000.0,37913000,37913000,128511000.0,61111000.0,,0.943,2276447000,,,2276447000,0,35714000.0,38797000,0.071,0.39,61111000.0,96825000.0,0.513,96825000.0,61111000.0,61111000.0,0.39,0.39,0.39,2679988000,,2679988000,5021285092,24.0,15.468,43063000.0,0.342,1.0,60288000.0,0.319,0,0.0,7884974000,,0,0,,,2528497000,,,2782751092,19148000.0,-9120000.0,10432000.0,163358000.0,-49093000.0,102274000.0,-160661000.0,0.0,77535000.0,0.0,61111000.0,48859000.0,48859000.0,0.0,0.0,0.259,5164000.0,55124000.0,75774000,1.0,1.038,17.273,15.714,5243808000,12252000.0,22.0,4.19,4.176,81273000,-82666000,188799000.0,188799000.0,0.0,,,,,0.0,5164000.0,1.0,126488686,126070000,146326000.0,1.498,5646440000,0,0.0,54884000,44.788,
86,DRE,ARQ,1999-12-31,2000-03-30,1999-12-31,2021-07-30,0,5486238000,,,,,21.24,-34021000.0,18765000,18765000,118928000.0,53438000.0,,0.893,2113476000,,,2113476000,0,33070000.0,36156000,0.081,0.39,53438000.0,86508000.0,0.471,86508000.0,53438000.0,53438000.0,0.33,0.32,0.33,2668596000,,2668596000,4441330105,24.0,15.732,50940000.0,0.405,1.0,64696000.0,0.352,0,0.0,7580949000,,0,0,,,2383897000,,,2346619105,-26517000.0,-16241000.0,11413000.0,147820000.0,-48842000.0,85653000.0,-197131000.0,13246000.0,84961000.0,0.0,53438000.0,41184000.0,41184000.0,0.0,0.0,0.224,4819000.0,59877000.0,93164000,1.182,0.879,16.805,13.955,5192396000,12254000.0,18.56,3.98,3.302,86151000,-82432000,183624000.0,183624000.0,0.0,,,,,0.0,4819000.0,1.0,126434219,125638000,120511000.0,1.462,5486238000,0,0.0,47604000,43.667,
87,DRE,ARQ,1999-09-30,1999-11-15,1999-09-30,2021-07-30,0,5334662000,,,,,22.427,-287405000.0,45282000,45282000,111732000.0,53716000.0,,0.84,1964857000,,,1964857000,0,29944000.0,33845000,0.056,0.0,53716000.0,83660000.0,0.476,83660000.0,53716000.0,53716000.0,0.35,0.35,0.35,2664806000,,2664806000,4313626184,27.0,17.737,-112172000.0,-0.944,1.0,63943000.0,0.364,0,0.0,7254237000,,0,0,,,2237760000,,,2394051184,-127462000.0,-16802000.0,165456000.0,-147764000.0,-45715000.0,-50873000.0,-251822000.0,-229000.0,175233000.0,0.0,53716000.0,41462000.0,41462000.0,0.0,0.0,0.236,4626000.0,59317000.0,96841000,0.0,0.898,19.663,14.938,5053372000,12254000.0,19.12,4.722,4.481,77899000,-74774000,175675000.0,175675000.0,0.0,,,,,0.0,4626000.0,1.0,125211882,118820000,138923000.0,1.478,5334662000,0,0.0,60174000,44.897,
88,DRE,ARQ,1999-06-30,1999-08-16,1999-06-30,2021-07-30,0,3427712000,,,,,19.795,-41402000.0,172744000,172744000,72550000.0,38850000.0,,0.897,1390556000,,,1390556000,0,18789000.0,18973000,0.065,0.39,38850000.0,57639000.0,0.497,57639000.0,38850000.0,38850000.0,0.33,0.33,0.33,1748962000,,1748962000,3752075667,28.0,18.452,8758000.0,0.099,1.0,43491000.0,0.375,0,0.0,4645524000,,0,0,,,1569502000,,,2534263667,137748000.0,0.0,24052000.0,259926000.0,-30163000.0,238329000.0,-150741000.0,-5024000.0,50160000.0,0.0,38850000.0,29596000.0,29596000.0,0.0,0.0,0.255,3496000.0,39995000.0,64687000,1.182,1.449,24.429,17.721,3015723000,9254000.0,21.62,5.908,4.453,109644000,-70521000,116041000.0,116041000.0,0.0,,,,,0.0,3496000.0,1.0,117218486,88353000,98855000.0,1.313,3427712000,0,0.0,39348000,38.796,
89,DRE,ARQ,1999-03-31,1999-05-14,1999-03-31,2021-07-30,0,3068855000,,,,,19.449,-165230000.0,34996000,34996000,73119000.0,36236000.0,,0.763,1113560000,,,1113560000,0,18260000.0,22005000,0.058,0.34,36236000.0,54496000.0,0.477,54496000.0,36236000.0,36236000.0,0.32,0.32,0.32,1679808000,,1679808000,3158013128,26.0,16.888,-132904000.0,-1.539,1.0,41135000.0,0.36,0,0.0,4147419000,,0,0,,,1281618000,,,2079449128,28046000.0,16802000.0,13857000.0,97127000.0,-29349000.0,163340000.0,-167620000.0,-7993000.0,32326000.0,0.0,36236000.0,27394000.0,27394000.0,0.0,0.0,0.24,3615000.0,37520000.0,52475000,1.062,1.238,21.66,20.207,2833070000,8842000.0,23.44,5.16,5.023,88159000,-69954000,114254000.0,114254000.0,0.0,,,,,0.0,3615000.0,1.0,88713700,86370000,98094000.0,1.323,3068855000,0,0.0,39750000,35.531,
90,DRE,ARQ,1998-12-31,1999-03-29,1998-12-31,2021-07-30,0,2853653000,,,,,18.596,-216354000.0,6950000,6950000,65462000.0,29027000.0,,0.75,1007317000,,,1007317000,0,18375000.0,18534000,0.063,0.34,29027000.0,47402000.0,0.469,47402000.0,29027000.0,29027000.0,0.28,0.28,0.28,1570112000,,1570112000,2826068698,26.0,16.419,-144275000.0,-1.709,1.0,35570000.0,0.352,0,0.0,3854020000,,0,0,,,1176812000,,,1825701698,-15083000.0,0.0,74817000.0,-19728000.0,-28576000.0,145851000.0,-233013000.0,-14639000.0,72079000.0,0.0,29027000.0,23302000.0,23302000.0,0.0,0.0,0.231,3338000.0,32232000.0,59848000,1.214,1.163,20.091,18.637,2682499000,5725000.0,21.06,4.89,4.552,59135000,-67999000,101032000.0,101032000.0,0.0,,,,,0.0,3338000.0,1.0,86690489,84433000,96116000.0,1.197,2853653000,0,0.0,36075000,33.798,
91,DRE,ARQ,1998-09-30,1998-11-12,1998-09-30,2021-07-30,0,2651009000,,,,,16.798,-298873000.0,22033000,22033000,63929000.0,28151000.0,,0.855,1027045000,,,1027045000,0,15654000.0,17411000,0.055,0.34,28151000.0,43805000.0,0.449,43805000.0,28151000.0,28151000.0,0.29,0.29,0.29,1370651000,,1370651000,2950918006,,,-250075000.0,-3.065,1.0,33703000.0,0.345,0,0.0,3656021000,,0,0,,,1171655000,,,1945906006,-346000.0,0.0,33749000.0,73461000.0,-27554000.0,70169000.0,-119313000.0,1373000.0,48798000.0,0.0,28151000.0,23449000.0,23449000.0,0.0,0.0,0.24,2792000.0,30911000.0,47755000,1.172,1.42,,,2480860000,4702000.0,23.25,,,58369000,-62725000,97632000.0,97632000.0,0.0,,,,,0.0,2792000.0,1.0,83694882,81594000,93279000.0,1.197,2651009000,0,0.0,36559000,32.49,
92,DRE,ARQ,1998-06-30,1998-08-13,1998-06-30,2021-07-30,0,2530801000,,,,,16.745,-64518000.0,22379000,22379000,57965000.0,26561000.0,,0.806,953584000,,,953584000,0,14735000.0,18242000,0.059,0.34,26561000.0,41296000.0,0.458,41296000.0,26561000.0,26561000.0,0.27,0.27,0.27,1340948000,,1340948000,2637281686,,,-3258000.0,-0.041,1.0,32136000.0,0.357,0,0.0,3462006000,,0,0,,,1080629000,,,1706076686,-6790000.0,0.0,60352000.0,148291000.0,-24214000.0,174389000.0,-242439000.0,-8598000.0,61260000.0,0.0,26561000.0,21858000.0,21858000.0,0.0,0.0,0.243,3103000.0,29033000.0,38475000,1.259,1.272,,,2389790000,4703000.0,21.06,,,41933000,-58620000,90101000.0,90101000.0,0.0,,,,,0.0,3103000.0,1.0,81010289,80080000,91830000.0,1.125,2530801000,0,0.0,28775000,31.603,
93,DRE,ARQ,1998-03-31,1998-05-15,1998-03-31,2021-07-30,0,2298853000,,,,,16.661,-58453000.0,29169000,29169000,52823000.0,26965000.0,,0.716,803898000,,,803898000,0,12650000.0,17050000,0.052,0.3,26965000.0,39615000.0,0.468,39615000.0,26965000.0,26965000.0,0.29,0.29,0.29,1277177000,,1277177000,2640487129,,,-19402000.0,-0.253,1.0,31753000.0,0.375,0,0.0,3073582000,,0,0,,,913903000,,,1865758129,18816000.0,0.0,42560000.0,75979000.0,-22879000.0,88814000.0,-109049000.0,-6870000.0,39051000.0,0.0,26965000.0,22262000.0,22262000.0,0.0,0.0,0.263,2340000.0,29413000.0,34990000,1.034,1.461,,,2161790000,4703000.0,23.12,,,42360000,-56264000,84576000.0,84576000.0,0.0,,,,,0.0,2340000.0,1.0,80698881,76655000,88596000.0,1.103,2298853000,0,0.0,27997000,29.99,
94,DRE,ARQ,1997-12-31,1998-03-20,1997-12-31,2021-07-30,0,2176214000,,,,,18.587,,10353000,10353000,,,,0.676,720119000,,,720119000,0,,14268000,0.049,0.3,,,,,,,,,,1234681000,,1234681000,2504593344,32.0,21.18,,,1.0,,,0,,2885980000,,0,0,,,834169000,,,1794827344,,,,,,,,,,,,,,,,,,,42128000,,1.454,27.195,23.485,2060463000,,23.25,7.12,6.127,43378000,-55647000,,,,,,,,,,1.0,77196875,66427000,,,2176214000,0,,25203000,32.761,
0,DRE,ART,2021-06-30,2021-07-30,2021-06-30,2021-07-30,-29789000,9844160000,9248506500.0,,,0.118,14.43,-1040782000.0,11054000,11054000,329758000.0,500740000.0,,0.798,3714152000,,,3714152000,0,309706000.0,59294000,0.02,1.0,590458000.0,900164000.0,0.826,900164000.0,590458000.0,499772000.0,1.33,1.32,1.33,5425846000,5196999000.0,5425846000,22953058112,39.0,25.499,-423554000.0,-1.126,1.0,759544000.0,0.697,0,90686000.0,13547258000,12672936500.0,0,435606000,,,4329251000,,,19249960112,-5423000.0,11002000.0,298358000.0,590440000.0,-373238000.0,495131000.0,-1117782000.0,0.0,617228000.0,0.0,495818000.0,495818000.0,495818000.0,-40000.0,4922000.0,0.455,202438000.0,557106000.0,128406000,0.752,3.548,38.825,38.256,8452513000,0.0,50.88,17.672,17.563,226512000,-469076000,1089302000.0,1089302000.0,0.0,0.054,0.095,0.047,0.542,0.0,67131000.0,1.0,378340411,376020000,381621000.0,2.897,9844160000,0,3954000.0,80634000,26.18,
1,DRE,ART,2021-03-31,2021-04-30,2021-03-31,2021-07-30,-30679000,9295447000,8929218750.0,,,0.118,13.865,-840487000.0,9009000,9009000,320535000.0,363304000.0,,0.779,3532891000,,,3532891000,0,304638000.0,60150000,0.021,0.98,452408000.0,757046000.0,0.717,757046000.0,452408000.0,359953000.0,0.97,0.96,0.97,5180959000,5087492500.0,5180959000,20968196760,46.0,27.697,-238459000.0,-0.638,1.0,735586000.0,0.696,0,92455000.0,12819329000,12189203250.0,0,0,,,4036306000,,,17444314760,-168272000.0,550000.0,212772000.0,311210000.0,-364035000.0,137520000.0,-907820000.0,0.0,602028000.0,0.0,359821000.0,359821000.0,359821000.0,-63000.0,3483000.0,0.341,295368000.0,440218000.0,88811000,1.01,3.367,48.481,47.959,8430337000,0.0,46.52,16.517,16.459,206344000,-548843000,1056121000.0,1056121000.0,0.0,0.04,0.071,0.037,0.428,0.0,64858000.0,1.0,374985270,373667000,377744000.0,2.826,9295447000,0,132000.0,80909000,24.876,
2,DRE,ART,2020-12-31,2021-02-19,2020-12-31,2021-07-30,-31568000,9111394000,8748928000.0,,,0.114,13.952,-910473000.0,53991000,53991000,283910000.0,302760000.0,,0.751,3385051000,,,3385051000,0,297158000.0,57153000,0.024,0.98,388245000.0,685403000.0,0.69,685403000.0,388245000.0,294803000.0,0.81,0.8,0.81,5162972000,5032213500.0,5162972000,18651722232,48.0,27.213,-344037000.0,-0.93,1.0,709288000.0,0.714,0,93442000.0,12442454000,11867704000.0,0,67946000,,,3876946000,,,15320662232,-54208000.0,-5335000.0,187856000.0,418035000.0,-355287000.0,235577000.0,-856221000.0,0.0,566436000.0,0.0,299915000.0,299915000.0,299915000.0,-111000.0,2845000.0,0.302,303386000.0,405902000.0,62332000,1.21,2.967,51.083,50.605,8204578000,0.0,40.99,15.426,15.273,199730000,-532519000,993198000.0,993198000.0,0.0,0.034,0.06,0.033,0.391,0.0,62404000.0,1.0,373765851,370057000,374156000.0,2.684,9111394000,0,-5112000.0,76501000,24.622,
3,DRE,ART,2020-09-30,2020-10-29,2020-09-30,2021-07-30,-32457000,8743025000,8576220000.0,,,0.112,13.523,-935075000.0,6748000,6748000,272002000.0,219918000.0,,0.728,3146428000,,,3146428000,0,289855000.0,47292000,0.025,0.94,309860000.0,599715000.0,0.626,599715000.0,309860000.0,218956000.0,0.58,0.59,0.58,5018219000,4995999250.0,5018219000,17210592799,56.0,28.698,-394322000.0,-1.063,1.0,685381000.0,0.716,0,90904000.0,11882705000,11562781250.0,0,0,,,3654378000,,,14070912799,-237134000.0,-10210000.0,169854000.0,322448000.0,-346810000.0,90865000.0,-868752000.0,0.0,540753000.0,0.0,217901000.0,217901000.0,217901000.0,-190000.0,2017000.0,0.228,370778000.0,314603000.0,83047000,1.621,2.804,64.575,65.224,7936350000,0.0,37.83,14.697,14.663,205026000,-606182000,957383000.0,957383000.0,0.0,0.025,0.044,0.027,0.324,0.0,58574000.0,1.0,371951171,371082000,374834000.0,2.58,8743025000,0,1055000.0,101846000,23.561,
4,DRE,ART,2020-06-30,2020-07-31,2020-06-30,2021-07-30,-33346000,8567009000,8456202250.0,,,0.111,13.523,-634413000.0,29870000,29870000,264677000.0,375933000.0,,0.704,3075186000,,,3075186000,0,284466000.0,45931000,0.023,0.92,464568000.0,749034000.0,0.8,749034000.0,464568000.0,374119000.0,1.01,1.02,1.01,4987820000,4980927750.0,4987820000,17938194139,39.0,23.948,-125149000.0,-0.339,1.0,672007000.0,0.717,0,90449000.0,11612325000,11289620750.0,0,0,,,3509593000,,,14892878139,41569000.0,-7082000.0,307311000.0,174924000.0,-337283000.0,89755000.0,-557450000.0,0.0,509264000.0,0.0,372644000.0,372644000.0,372644000.0,-262000.0,3289000.0,0.398,200353000.0,471654000.0,111844000,0.911,2.986,39.965,39.792,7771520000,0.0,40.19,15.9,15.826,208889000,-590435000,936684000.0,936684000.0,0.0,0.044,0.075,0.041,0.496,0.0,60855000.0,1.0,370561785,368836000,372573000.0,2.54,8567009000,0,1475000.0,79204000,23.227,
5,DRE,ART,2020-03-31,2020-05-01,2020-03-31,2021-07-30,-34235000,8574284000,8317981750.0,,,0.112,13.471,-675322000.0,187563000,187563000,273112000.0,407381000.0,,0.715,3146611000,,,3146611000,0,281581000.0,43074000,0.027,0.9,503236000.0,784817000.0,0.839,784817000.0,503236000.0,412118000.0,1.1,1.11,1.1,4959843000,4894122000.0,4959843000,15226173961,30.0,19.401,-169433000.0,-0.46,1.0,662087000.0,0.708,0,91118000.0,11533332000,11097649000.0,0,0,,,3547222000,,,12267125961,168315000.0,-4103000.0,273734000.0,276856000.0,-328027000.0,169875000.0,-507449000.0,0.0,505889000.0,0.0,403877000.0,403877000.0,403877000.0,-338000.0,3504000.0,0.432,169380000.0,492707000.0,89635000,0.818,2.473,30.373,30.273,7661983000,0.0,33.3,13.117,13.11,179960000,-543412000,935199000.0,935199000.0,0.0,0.049,0.083,0.045,0.538,0.0,60669000.0,1.0,368382161,368190000,371870000.0,2.54,8574284000,0,8241000.0,67421000,23.288,
6,DRE,ART,2019-12-31,2020-02-25,2019-12-31,2021-07-30,-35036000,8420562000,8165030750.0,,,0.119,13.853,-660114000.0,112564000,112564000,316670000.0,432644000.0,,0.666,2914765000,,,2914765000,0,272422000.0,48907000,0.025,0.9,527414000.0,799836000.0,0.821,799836000.0,527414000.0,437658000.0,1.18,1.18,1.18,5018115000,4809563750.0,5018115000,16257767429,31.0,20.326,-154216000.0,-0.426,1.0,657089000.0,0.675,0,89756000.0,11222763000,10907818250.0,0,128463000,,,3340302000,,,13455566429,95914000.0,-8224000.0,272761000.0,251095000.0,-318702000.0,145090000.0,-555074000.0,0.0,505898000.0,0.0,428972000.0,428972000.0,428972000.0,-445000.0,3672000.0,0.441,163734000.0,493355000.0,68840000,0.763,2.681,31.367,30.958,7451453000,0.0,36.53,13.818,13.589,175300000,-475992000,973759000.0,973759000.0,0.0,0.053,0.089,0.048,0.542,0.0,60889000.0,1.0,368342908,362234000,367339000.0,2.688,8420562000,0,8686000.0,69042000,23.246,
7,DRE,ART,2019-09-30,2019-11-01,2019-09-30,2021-07-30,-42104000,8262954000,8010896250.0,,,0.127,13.68,-597384000.0,240473000,240473000,367529000.0,409548000.0,,0.654,2767582000,,,2767582000,0,268051000.0,44167000,0.024,0.86,502979000.0,771030000.0,0.76,771030000.0,502979000.0,411864000.0,1.12,1.12,1.12,4957933000,4719585250.0,4957933000,15517056548,31.0,20.125,-80539000.0,-0.222,1.0,646612000.0,0.638,0,91115000.0,10790063000,10713283500.0,0,151289000,,,3241682000,,,12989947548,-22269000.0,-2534000.0,226994000.0,72213000.0,-309362000.0,-30440000.0,-508674000.0,0.0,516845000.0,0.0,406066000.0,406066000.0,406066000.0,-1001000.0,3482000.0,0.4,173059000.0,473553000.0,70310000,0.768,2.62,31.99,31.554,7152469000,0.0,35.34,12.809,12.629,168324000,-476136000,1014141000.0,1014141000.0,0.0,0.051,0.086,0.047,0.496,0.0,61900000.0,1.0,367570672,362416000,367271000.0,2.798,8262954000,0,5798000.0,85684000,22.8,
8,DRE,ART,2019-06-30,2019-08-02,2019-06-30,2021-07-30,-28717000,8014127000,7901360250.0,,,0.127,12.902,-1021788000.0,8664000,8664000,375941000.0,234540000.0,,0.714,2838975000,,,2838975000,0,262089000.0,43136000,0.026,0.845,327935000.0,590024000.0,0.587,590024000.0,327935000.0,237962000.0,0.65,0.65,0.65,4640597000,4648217250.0,4640597000,14718203765,45.0,24.945,-510207000.0,-1.418,1.0,628769000.0,0.626,0,89973000.0,10844438000,10565263750.0,0,163022000,,,3312006000,,,11887892765,-225615000.0,-3571000.0,75665000.0,455221000.0,-303245000.0,200860000.0,-938056000.0,0.0,511581000.0,0.0,232525000.0,232525000.0,232525000.0,-1110000.0,2015000.0,0.231,335607000.0,293162000.0,67062000,1.3,2.562,51.125,50.6,7148064000,0.0,32.89,11.832,11.774,163834000,-624674000,1004710000.0,1004710000.0,0.0,0.029,0.05,0.031,0.326,0.0,57139000.0,1.0,361443988,359681000,362926000.0,2.793,8014127000,0,5437000.0,76085000,22.281,
9,DRE,ART,2019-03-31,2019-04-26,2019-03-31,2021-07-30,-14018000,7962480000,7773533000.0,,,0.126,12.869,-858449000.0,15295000,15295000,365998000.0,358543000.0,,0.71,2826824000,,,2826824000,0,254729000.0,45426000,0.027,0.83,441339000.0,696068000.0,0.712,696068000.0,441339000.0,354201000.0,0.99,0.99,0.99,4621610000,4653191000.0,4621610000,13917856734,32.0,19.995,-372645000.0,-1.038,1.0,612244000.0,0.626,0,87138000.0,10774009000,10276103750.0,0,239490000,,,3281309000,,,11106327734,-206195000.0,1335000.0,38699000.0,355972000.0,-297341000.0,70401000.0,-762400000.0,0.0,485804000.0,0.0,355317000.0,355317000.0,355317000.0,-3931000.0,3226000.0,0.363,206869000.0,405375000.0,76380000,0.838,2.403,31.258,31.212,7026939000,0.0,30.9,11.353,11.344,153801000,-618123000,978242000.0,978242000.0,0.0,0.046,0.076,0.043,0.451,0.0,57178000.0,1.0,359428082,359139000,362362000.0,2.724,7962480000,0,-1116000.0,67460000,22.171,
10,DRE,ART,2018-12-31,2019-02-22,2018-12-31,2021-07-30,-4676000,7804024000,7639831500.0,,,0.124,13.027,-711835000.0,17901000,17901000,352253000.0,387268000.0,,0.664,2658501000,,,2658501000,0,256250000.0,45048000,0.028,0.83,477563000.0,733813000.0,0.774,733813000.0,477563000.0,392557000.0,1.07,1.07,1.07,4658201000,4631164750.0,4658201000,13450239743,28.0,18.329,-227428000.0,-0.636,1.0,595617000.0,0.628,0,85006000.0,10444624000,10008619750.0,0,273632000,,,3090781000,,,10809639743,-168110000.0,17213000.0,34913000.0,218488000.0,-291502000.0,-58087000.0,-594430000.0,0.0,484407000.0,0.0,383729000.0,383729000.0,383729000.0,-3900000.0,3539000.0,0.405,156705000.0,438912000.0,92288000,0.776,2.321,28.17,28.121,6852943000,0.0,30.09,11.404,11.351,164803000,-585087000,947870000.0,947870000.0,0.0,0.05,0.083,0.048,0.504,0.0,56218000.0,1.0,359243594,357569000,363297000.0,2.651,7804024000,0,8828000.0,73358000,21.825,
11,DRE,ART,2018-09-30,2018-10-31,2018-09-30,2021-07-30,0,7824810000,7535874500.0,,,0.118,13.055,-847644000.0,261002000,261002000,318508000.0,513008000.0,,0.663,2634176000,,,2634176000,0,253148000.0,38773000,0.06,1.65,593211000.0,846359000.0,0.948,846359000.0,593211000.0,509472000.0,1.41,1.42,1.41,4672461000,4599825500.0,4672461000,12252037266,21.0,14.476,-388378000.0,-1.085,1.0,574124000.0,0.643,0,83739000.0,10197984000,9804243750.0,0,330397000,,,3099886000,,,9878863266,119421000.0,131081000.0,36665000.0,544141000.0,-588525000.0,-38807000.0,-301038000.0,-105332000.0,459266000.0,0.0,508252000.0,508252000.0,508252000.0,-130733000.0,4756000.0,0.569,145801000.0,428323000.0,100323000,1.17,2.114,19.437,19.553,6586469000,0.0,27.57,11.067,11.054,155673000,-571617000,892632000.0,892632000.0,0.0,0.067,0.11,0.061,0.665,0.0,57220000.0,1.0,358319306,357898000,361410000.0,2.494,7824810000,0,1220000.0,89671000,21.863,
12,DRE,ART,2018-06-30,2018-07-27,2018-06-30,2021-07-30,0,7502818000,7404039750.0,,,0.116,13.053,-797642000.0,232449000,232449000,304019000.0,625112000.0,,0.599,2417429000,,,2417429000,0,243762000.0,41562000,0.057,1.64,706084000.0,949846000.0,1.11,949846000.0,706084000.0,622972000.0,1.72,1.73,1.72,4660492000,4609306250.0,4660492000,12431486353,18.0,13.088,-350355000.0,-0.981,1.0,551543000.0,0.645,0,83112000.0,9687798000,9477126750.0,0,276766000,,,2793848000,,,10246506353,40251000.0,129455000.0,10612000.0,121295000.0,-584508000.0,-487825000.0,80789000.0,-109518000.0,447287000.0,0.0,620496000.0,620496000.0,620496000.0,-254130000.0,4616000.0,0.725,115969000.0,435574000.0,93515000,0.953,2.199,16.513,16.674,6366076000,0.0,28.68,11.976,11.969,129919000,-552685000,855562000.0,855562000.0,0.0,0.084,0.135,0.075,0.825,0.0,58336000.0,1.0,357270096,357054000,362741000.0,2.396,7502818000,0,2476000.0,75768000,21.013,
13,DRE,ART,2018-03-31,2018-05-04,2018-03-31,2021-07-30,0,7427674000,7357727500.0,,,0.113,12.708,800235000.0,220057000,220057000,304583000.0,1657208000.0,,0.628,2496456000,,,2496456000,0,240378000.0,44610000,0.058,1.63,1729150000.0,1969528000.0,2.36,1969528000.0,1729150000.0,1645033000.0,4.58,4.57,4.58,4533505000,4597720500.0,4533505000,12244680509,7.0,6.217,1251570000.0,3.508,1.0,529833000.0,0.635,0,84117000.0,9704073000,9225738000.0,0,408529000,,,2846490000,,,9968281509,88909000.0,124037000.0,12846000.0,-628270000.0,-580676000.0,-1231313000.0,868887000.0,-4561000.0,451335000.0,0.0,1637194000.0,1637194000.0,1637194000.0,-1359783000.0,20014000.0,1.962,219829000.0,310004000.0,53339000,0.356,2.199,6.089,6.096,6192808000,0.0,27.92,11.946,11.937,135897000,-674920000,834416000.0,834416000.0,0.0,0.223,0.356,0.187,2.072,0.0,56735000.0,1.0,357030140,356740000,360400000.0,2.339,7427674000,0,7839000.0,71234000,20.821,
14,DRE,ART,2017-12-31,2018-02-16,2017-12-31,2021-07-30,0,7388196000,7240436500.0,,,0.108,12.741,692517000.0,183967000,183967000,263003000.0,1654341000.0,,0.621,2422891000,,,2422891000,0,242606000.0,39109000,0.063,1.63,1721077000.0,1963683000.0,2.515,1963683000.0,1721077000.0,1634074000.0,4.58,4.56,4.58,4532844000,4331144500.0,4532844000,11477814667,7.0,5.845,1140633000.0,3.206,1.0,517931000.0,0.663,0,87003000.0,9627120000,9306065500.0,0,444207000,,,2813818000,,,9238890667,54923000.0,114633000.0,12926000.0,-489861000.0,-576832000.0,-1089526000.0,696333000.0,0.0,448116000.0,0.0,1634431000.0,1634431000.0,1634431000.0,-1363749000.0,19910000.0,2.093,212627000.0,305304000.0,54545000,0.356,2.038,5.653,5.651,6154543000,0.0,25.88,11.831,11.79,125912000,-676036000,780934000.0,780934000.0,0.0,0.226,0.377,0.185,2.204,0.0,54944000.0,1.0,356989593,355762000,362011000.0,2.195,7388196000,0,-357000.0,67374000,20.767,
15,DRE,ART,2017-09-30,2017-10-27,2017-09-30,2021-07-30,0,7297471000,7086388000.0,,,0.118,13.235,957756000.0,539835000,539835000,271831000.0,1512355000.0,,0.54,2131880000,,,2131880000,0,243783000.0,36285000,0.027,0.76,1606344000.0,1850127000.0,2.213,1850127000.0,1606344000.0,1501268000.0,4.2,4.17,4.2,4710384000,4064388000.0,4710384000,11784796127,7.0,6.37,1421019000.0,3.993,1.0,564250000.0,0.675,0,105076000.0,8889516000,9316245500.0,0,490282000,,,2544096000,,,10192751127,-82896000.0,0.0,9597000.0,-889862000.0,-270164000.0,-1174560000.0,628401000.0,175808000.0,463263000.0,0.0,1493767000.0,1493767000.0,1493767000.0,-1232972000.0,18588000.0,1.787,226347000.0,337903000.0,70432000,0.181,2.164,6.824,6.814,5676390000,0.0,28.62,12.191,12.183,121993000,-488328000,836081000.0,836081000.0,0.0,0.211,0.368,0.172,1.921,0.0,54338000.0,1.0,356140850,355905000,362102000.0,2.349,7297471000,0,7501000.0,83152000,20.504,
16,DRE,ART,2017-06-30,2017-08-02,2017-06-30,2021-07-30,0,7317569000,6977540500.0,,,0.124,12.974,1282724000.0,915454000,915454000,277950000.0,1459887000.0,,0.575,2280128000,,,2280128000,0,253708000.0,38195000,0.026,0.75,1566142000.0,1819850000.0,2.098,1819850000.0,1566142000.0,1447295000.0,4.06,4.03,4.06,4614149000,3757202750.0,4614149000,11645329638,7.0,6.399,1772934000.0,4.985,1.0,589502000.0,0.68,0,118847000.0,8682243000,9529596750.0,0,637600000,,,2654113000,,,10280655638,-15374000.0,0.0,124104000.0,-962680000.0,-265759000.0,-1116508000.0,610924000.0,192282000.0,490210000.0,0.0,1440512000.0,1440512000.0,1440512000.0,-1110050000.0,19375000.0,1.661,184894000.0,404608000.0,73749000,0.185,2.228,7.137,7.118,5169529000,0.0,28.9,11.852,11.849,119678000,-585592000,867452000.0,867452000.0,0.0,0.206,0.383,0.164,1.805,0.0,56797000.0,1.0,355732029,355647000,361981000.0,2.439,7317569000,0,6783000.0,65551000,20.575,
17,DRE,ART,2017-03-31,2017-04-28,2017-03-31,2021-07-30,426000,6958510000,6864404500.0,,,0.132,9.759,-284382000.0,13389000,13389000,292073000.0,342303000.0,,0.998,3080262000,,,3080262000,0,259471000.0,43385000,0.027,0.74,474587000.0,734058000.0,0.811,734058000.0,474587000.0,340236000.0,0.97,0.96,0.97,3467201000,3432262750.0,3467201000,12927472408,27.0,17.611,208987000.0,0.588,1.0,612531000.0,0.677,0,134351000.0,10025383000,9851812500.0,0,81563000,,,3460630000,,,9860599408,-2251000.0,0.0,220496000.0,-313939000.0,-260571000.0,-372243000.0,-123377000.0,66483000.0,493369000.0,0.0,339036000.0,339036000.0,339036000.0,-1856000.0,3267000.0,0.375,199136000.0,413395000.0,67004000,0.763,2.844,29.084,28.588,6117932000,0.0,27.73,10.9,10.891,140173000,-1728170000,904604000.0,904604000.0,0.0,0.049,0.099,0.048,0.525,0.0,56523000.0,1.0,355593199,355282000,360700000.0,2.546,6958510000,0,1200000.0,69823000,19.586,
18,DRE,ART,2016-12-31,2017-02-17,2016-12-31,2021-07-30,682000,6772002000,6849017000.0,,,0.132,9.904,-191952000.0,12639000,12639000,306531000.0,315278000.0,,0.946,2908477000,,,2908477000,0,255419000.0,39820000,0.029,0.74,453130000.0,708549000.0,0.785,708549000.0,453130000.0,311554000.0,0.89,0.88,0.89,3465818000,3356820250.0,3465818000,11859444012,26.0,16.738,258183000.0,0.738,1.0,595713000.0,0.66,0,141576000.0,9667840000,9911061750.0,0,51627000,,,3278709000,,,8963606012,-9894000.0,0.0,220258000.0,-440548000.0,-255279000.0,-484933000.0,24904000.0,68137000.0,450135000.0,0.0,312143000.0,312143000.0,312143000.0,-2007000.0,3135000.0,0.346,223131000.0,372582000.0,53742000,0.831,2.586,28.716,28.326,5980962000,0.0,25.21,9.935,9.778,146736000,-1730423000,902244000.0,902244000.0,0.0,0.046,0.093,0.046,0.502,0.0,55389000.0,1.0,355557557,349942000,357076000.0,2.578,6772002000,0,-589000.0,73190000,19.352,
19,DRE,ART,2016-09-30,2016-10-28,2016-09-30,2021-07-30,938000,6862081000,6885294750.0,,,0.131,9.895,-95836000.0,110211000,110211000,308986000.0,291617000.0,,0.963,2991051000,,,2991051000,0,253102000.0,41292000,0.036,0.92,437166000.0,690268000.0,0.768,690268000.0,437166000.0,288648000.0,0.81,0.82,0.81,3481643000,3285848750.0,3481643000,11886507863,27.0,17.22,352698000.0,1.002,1.0,590294000.0,0.656,0,148518000.0,9742921000,10053181500.0,0,18184000,,,3353159000,,,9005667863,-65663000.0,0.0,217451000.0,-440716000.0,-319087000.0,-552377000.0,38180000.0,-19656000.0,448534000.0,0.0,288640000.0,288640000.0,288640000.0,-8716000.0,2977000.0,0.321,225505000.0,364789000.0,51339000,1.136,2.587,31.2,31.346,6000523000,0.0,25.39,10.014,9.934,153302000,-1710215000,899280000.0,899280000.0,0.0,0.042,0.088,0.043,0.486,0.0,53199000.0,1.0,354693496,351856000,358981000.0,2.556,6862081000,0,8000.0,93722000,19.503,
20,DRE,ART,2016-06-30,2016-08-03,2016-06-30,2021-07-30,1216000,6865025000,6954751750.0,,,0.131,9.539,-56093000.0,91700000,91700000,321940000.0,255666000.0,,1.063,3197781000,,,3197781000,0,251653000.0,41607000,0.032,0.91,405649000.0,657302000.0,0.724,657302000.0,405649000.0,250122000.0,0.71,0.72,0.71,3314389000,3237254250.0,3314389000,13043041003,32.0,19.843,339008000.0,0.976,1.0,585678000.0,0.645,0,155527000.0,9971106000,10219965000.0,0,3462000,,,3524816000,,,9936960003,71446000.0,0.0,99618000.0,-243956000.0,-314546000.0,-467894000.0,144239000.0,-34845000.0,395101000.0,0.0,253060000.0,253060000.0,253060000.0,-8088000.0,2606000.0,0.279,234329000.0,351349000.0,46100000,1.282,2.998,39.267,39.901,6044417000,0.0,28.33,10.948,10.846,154972000,-1758547000,907618000.0,907618000.0,0.0,0.036,0.078,0.04,0.447,0.0,52005000.0,1.0,350757501,347464000,354433000.0,2.612,6865025000,0,-2938000.0,78117000,19.758,
21,DRE,ART,2016-03-31,2016-04-29,2016-03-31,2021-07-30,1511000,6896960000,7017125750.0,,,0.129,9.158,1057429000.0,15640000,15640000,323614000.0,599648000.0,,1.171,3381060000,,,3381060000,0,248968000.0,36534000,0.041,0.9,749623000.0,998591000.0,1.101,998591000.0,749623000.0,588304000.0,1.7,1.71,1.7,3165431000,3224767250.0,3165431000,10931229561,15.0,10.947,1460841000.0,4.226,1.0,583337000.0,0.643,0,161319000.0,10262380000,10365941000.0,0,64161000,,,3706843000,,,7565809561,-2166000.0,0.0,196000.0,-1173424000.0,-310824000.0,-1486880000.0,1081302000.0,50318000.0,403412000.0,0.0,593373000.0,593373000.0,593373000.0,-403879000.0,6275000.0,0.654,156293000.0,427044000.0,55121000,0.529,2.39,12.751,12.865,5941591000,0.0,21.87,8.342,8.335,155294000,-1804765000,906951000.0,906951000.0,0.0,0.085,0.184,0.072,0.827,0.0,59659000.0,1.0,345944653,345665000,349674000.0,2.624,6896960000,0,-5069000.0,71197000,19.953,
22,DRE,ART,2015-12-31,2016-02-19,2015-12-31,2021-07-30,1806000,6917113000,7225511750.0,,,0.131,9.221,1174594000.0,22533000,22533000,357715000.0,621861000.0,,1.167,3341739000,,,3341739000,0,253683000.0,40506000,0.044,0.9,784956000.0,1038639000.0,1.094,1038639000.0,784956000.0,611382000.0,1.77,1.77,1.77,3181932000,3151834000.0,3181932000,10347922651,13.0,9.963,1553975000.0,4.504,1.0,591717000.0,0.623,0,173574000.0,10236319000,10839612500.0,0,45801000,,,3712312000,,,7028716651,4611000.0,0.0,4530000.0,-1190416000.0,-307169000.0,-1496069000.0,1121299000.0,-3422000.0,379381000.0,0.0,615310000.0,615310000.0,615310000.0,-432656000.0,6551000.0,0.648,140017000.0,451700000.0,54921000,0.508,2.209,11.423,11.48,5912672000,0.0,20.32,7.403,7.385,152086000,-1785250000,949432000.0,949432000.0,0.0,0.085,0.195,0.072,0.827,0.0,58565000.0,1.0,345901410,345057000,352197000.0,2.752,6917113000,0,-3928000.0,71617000,20.046,
23,DRE,ART,2015-09-30,2015-11-04,2015-09-30,2021-07-30,2066000,7139909000,7434943250.0,,,0.135,9.521,1152808000.0,175874000,175874000,388799000.0,610142000.0,,1.165,3446020000,,,3446020000,0,265451000.0,39830000,0.033,0.68,786661000.0,1052112000.0,1.047,1052112000.0,786661000.0,596326000.0,1.69,1.69,1.69,3287265000,3071432250.0,3287265000,10475812671,13.0,9.957,1554514000.0,4.502,1.0,616512000.0,0.613,0,190335000.0,10410055000,11328112750.0,0,8920000,,,3828466000,,,7205666671,109742000.0,0.0,37752000.0,-841410000.0,-234277000.0,-1392555000.0,1100591000.0,29892000.0,401706000.0,0.0,603874000.0,588047000.0,588047000.0,-425160000.0,6268000.0,0.585,190428000.0,426084000.0,66709000,0.402,2.192,12.254,12.349,5977284000,15827000.0,20.87,7.168,7.167,162446000,-1677314000,1005311000.0,1005311000.0,0.0,0.079,0.191,0.069,0.783,0.0,61312000.0,1.0,345264335,345256000,352150000.0,2.912,7139909000,0,-7548000.0,91252000,20.68,
24,DRE,ART,2015-06-30,2015-08-05,2015-06-30,2021-07-30,2340000,7114521000,7621014750.0,,,0.139,9.459,1027973000.0,20254000,20254000,424972000.0,604491000.0,,1.171,3460743000,,,3460743000,0,274285000.0,36480000,0.034,0.68,795619000.0,1069904000.0,1.008,1069904000.0,795619000.0,593556000.0,1.65,1.65,1.65,3264441000,3050167750.0,3264441000,10286841415,13.0,9.615,1444082000.0,4.185,1.0,636863000.0,0.6,0,202063000.0,10555010000,11732251500.0,0,72384000,,,3822678000,,,6846352415,-971000.0,0.0,102771000.0,-769242000.0,-233582000.0,-1358378000.0,941298000.0,60845000.0,416109000.0,0.0,598241000.0,573146000.0,573146000.0,-426231000.0,6250000.0,0.54,231675000.0,405188000.0,63396000,0.412,2.097,11.945,12.018,5998691000,25095000.0,19.83,6.448,6.445,148433000,-1694574000,1061835000.0,1061835000.0,0.0,0.075,0.188,0.068,0.749,0.0,60545000.0,1.0,345252265,345098000,349161000.0,3.077,7114521000,0,-4685000.0,73556000,20.616,
25,DRE,ART,2015-03-31,2015-05-01,2015-03-31,2021-07-30,2739000,7730504000,7808010500.0,,,0.146,8.339,-147092000.0,17806000,17806000,481152000.0,286853000.0,,1.683,4444368000,,,4444368000,0,285721000.0,38063000,0.034,0.68,495521000.0,781242000.0,0.686,781242000.0,495521000.0,281562000.0,0.73,0.73,0.73,2873698000,3040281000.0,2873698000,11334433891,23.0,14.508,280936000.0,0.815,1.0,657816000.0,0.578,0,213959000.0,12157066000,12087290000.0,0,840018000,,,4836321000,,,6907871891,-1668000.0,0.0,270221000.0,159047000.0,-231238000.0,-274959000.0,-154737000.0,30526000.0,428028000.0,0.0,283595000.0,251454000.0,251454000.0,-32693000.0,3258000.0,0.221,289809000.0,368007000.0,46723000,0.932,2.404,27.472,27.425,6033325000,32141000.0,20.02,6.065,6.057,184456000,-2084810000,1138968000.0,1138968000.0,0.0,0.032,0.083,0.041,0.435,0.0,51672000.0,1.0,345048546,344597000,348653000.0,3.305,7730504000,0,-2033000.0,70130000,22.433,
26,DRE,ART,2014-12-31,2015-02-20,2014-12-31,2021-07-30,3026000,7754839000,7817225250.0,,,0.149,8.519,-245709000.0,17922000,17922000,497232000.0,246455000.0,,1.704,4453403000,,,4453403000,0,290279000.0,51953000,0.032,0.68,462357000.0,752636000.0,0.646,752636000.0,462357000.0,242744000.0,0.6,0.6,0.6,2860325000,3068284500.0,2860325000,11833734216,26.0,15.723,198778000.0,0.592,1.0,667472000.0,0.573,0,219613000.0,12190320000,12065798250.0,0,71525000,,,4874959000,,,7398253216,-1353000.0,0.0,289122000.0,198335000.0,-228227000.0,-238809000.0,-207031000.0,80177000.0,444487000.0,0.0,243588000.0,204893000.0,204893000.0,-20486000.0,2867000.0,0.176,316915000.0,350557000.0,72839000,1.133,2.587,36.108,35.767,6792930000,38695000.0,21.46,6.352,6.187,193864000,-2090942000,1164704000.0,1164704000.0,0.0,0.026,0.067,0.038,0.397,0.0,49362000.0,1.0,344746189,335777000,340446000.0,3.469,7754839000,0,-844000.0,78092000,23.095,
27,DRE,ART,2014-09-30,2014-10-31,2014-09-30,2021-07-30,3313000,7884195000,7816669000.0,,,0.146,9.386,-48197000.0,66132000,66132000,493651000.0,314912000.0,,1.454,4208547000,,,4208547000,0,291428000.0,48392000,0.036,0.68,526079000.0,817507000.0,0.717,817507000.0,526079000.0,309717000.0,0.84,0.84,0.84,3202207000,3106514000.0,3202207000,10621320214,20.0,12.992,390854000.0,1.146,1.0,646166000.0,0.567,0,216362000.0,12026610000,12015147000.0,0,35414000,,,4654985000,,,6478905214,42020000.0,0.0,273121000.0,-231291000.0,-225403000.0,-344506000.0,-52525000.0,44271000.0,439051000.0,0.0,307701000.0,277478000.0,277478000.0,-54295000.0,7211000.0,0.243,243744000.0,402422000.0,93080000,0.81,2.023,23.349,22.571,6896127000,30223000.0,18.96,5.684,5.675,194071000,-2029080000,1139817000.0,1139817000.0,0.0,0.035,0.089,0.044,0.462,0.0,45080000.0,1.0,341714410,341165000,345826000.0,3.341,7884195000,0,2016000.0,103573000,23.11,
28,DRE,ART,2014-06-30,2014-08-01,2014-06-30,2021-07-30,3600000,7862504000,7817330000.0,,,0.146,9.721,-96480000.0,21225000,21225000,502675000.0,244692000.0,,1.43,4133885000,,,4133885000,0,291848000.0,49080000,0.037,0.68,457266000.0,749114000.0,0.657,749114000.0,457266000.0,236147000.0,0.64,0.64,0.64,3224894000,3050872500.0,3224894000,10318397853,23.0,13.774,345021000.0,1.04,1.0,637771000.0,0.559,0,221119000.0,11975164000,12082979000.0,0,29780000,,,4610644000,,,6205737853,-177000.0,0.0,238870000.0,-252064000.0,-222662000.0,-301631000.0,-140047000.0,7589000.0,441501000.0,0.0,238189000.0,209878000.0,209878000.0,-62498000.0,6503000.0,0.184,293041000.0,344730000.0,101792000,1.062,1.924,29.568,28.422,6884965000,28311000.0,18.19,5.442,5.291,200299000,-2031957000,1140446000.0,1140446000.0,0.0,0.027,0.069,0.038,0.401,0.0,44880000.0,1.0,341162059,331753000,336414000.0,3.438,7862504000,0,-2042000.0,84634000,23.7,
29,DRE,ART,2014-03-31,2014-05-02,2014-03-31,2021-07-30,3832000,7767363000,7822679500.0,,,0.142,9.128,-275632000.0,19474000,19474000,482867000.0,177997000.0,,1.591,4323210000,,,4323210000,0,289428000.0,50264000,0.039,0.68,395441000.0,684869000.0,0.615,684869000.0,395441000.0,169898000.0,0.45,0.45,0.45,2985712000,2996740250.0,2985712000,10056620278,25.0,14.684,145747000.0,0.446,1.0,630007000.0,0.566,0,225543000.0,12071099000,12154007250.0,0,34826000,,,4750701000,,,5752884278,-287693000.0,0.0,98788000.0,-162148000.0,-221215000.0,-346112000.0,-362960000.0,-34827000.0,421379000.0,0.0,172304000.0,143684000.0,143684000.0,-143553000.0,5693000.0,0.129,368387000.0,261620000.0,72695000,1.511,1.927,40.038,38.8,6828050000,28620000.0,17.46,5.169,5.132,188882000,-2100245000,1112874000.0,1112874000.0,0.0,0.018,0.048,0.033,0.355,0.0,44222000.0,1.0,329489363,327106000,331716000.0,3.402,7767363000,0,-2406000.0,77169000,23.746,
30,DRE,ART,2013-12-31,2014-02-21,2013-12-31,2021-07-30,4119000,7752614000,7831363500.0,,,0.138,9.354,-301283000.0,19275000,19275000,460588000.0,196549000.0,,1.562,4254376000,,,4254376000,0,288583000.0,44550000,0.041,0.68,414407000.0,702990000.0,0.65,702990000.0,414407000.0,185512000.0,0.47,0.47,0.47,3013243000,2992956500.0,3013243000,9654105714,23.0,13.733,134393000.0,0.417,1.0,621202000.0,0.574,0,228895000.0,11987715000,12108564750.0,0,57466000,,,4707985000,,,5419004714,-14614000.0,0.0,649690000.0,-332100000.0,-220297000.0,-130908000.0,-319382000.0,47438000.0,435676000.0,0.0,190592000.0,153044000.0,153044000.0,-135003000.0,5957000.0,0.141,379318000.0,241884000.0,69380000,1.447,1.798,35.408,35.255,6791221000,37548000.0,16.57,5.009,4.934,163633000,-2062787000,1081790000.0,1081790000.0,0.0,0.02,0.051,0.034,0.383,0.0,42673000.0,1.0,327037098,322133000,326712000.0,3.358,7752614000,0,-5080000.0,74696000,24.067,
31,DRE,ART,2013-09-30,2013-11-01,2013-09-30,2021-07-30,3780000,7886839000,7783235250.0,,,0.142,9.171,-905309000.0,24112000,24112000,474619000.0,92811000.0,,1.636,4435211000,,,4435211000,0,283464000.0,45702000,0.041,0.68,326220000.0,609684000.0,0.553,609684000.0,326220000.0,87202000.0,0.14,0.14,0.14,2979641000,2887499250.0,2979641000,9796415221,30.0,16.068,-490064000.0,-1.508,1.0,627679000.0,0.569,0,239018000.0,12297938000,12104731500.0,0,57790000,,,4873895000,,,5385316221,-89040000.0,19262000.0,711525000.0,113933000.0,-211620000.0,385248000.0,-889533000.0,39101000.0,415245000.0,0.0,91702000.0,50427000.0,50427000.0,-103208000.0,1109000.0,0.046,451822000.0,175857000.0,78376000,4.857,1.807,106.794,118.071,6885964000,41275000.0,16.53,4.886,4.872,173297000,-2076299000,1102298000.0,1102298000.0,0.0,0.006,0.017,0.027,0.296,0.0,47282000.0,1.0,325790455,324895000,324895000.0,3.393,7886839000,0,-4500000.0,104144000,24.275,
32,DRE,ART,2013-06-30,2013-08-02,2013-06-30,2021-07-30,3950000,7883902000,7609054750.0,,,0.146,9.329,-979634000.0,21402000,21402000,497943000.0,73925000.0,,1.609,4396777000,,,4396777000,0,276696000.0,42755000,0.043,0.68,315618000.0,592314000.0,0.532,592314000.0,315618000.0,73161000.0,0.05,0.05,0.05,3008365000,2789814750.0,3008365000,9556436327,30.0,16.134,-622718000.0,-1.931,1.0,615554000.0,0.553,0,242457000.0,12259277000,11834524500.0,0,57046000,,,4841436000,,,5181061327,-85163000.0,16431000.0,765964000.0,183350000.0,-202227000.0,505146000.0,-947225000.0,52621000.0,356916000.0,0.0,73264000.0,28264000.0,28264000.0,-95360000.0,661000.0,0.025,444983000.0,170571000.0,87730000,13.6,1.722,183.31,318.8,6891125000,45000000.0,15.94,4.653,4.617,175336000,-2014399000,1113497000.0,1113497000.0,0.0,0.004,0.01,0.027,0.283,0.0,45843000.0,1.0,325035215,322489000,327098000.0,3.453,7883902000,0,-103000.0,86528000,24.447,
33,DRE,ART,2013-03-31,2013-05-03,2013-03-31,2021-07-30,3228000,7802099000,7405101750.0,,,0.149,9.432,-895094000.0,307167000,307167000,502737000.0,-13635000.0,,1.615,4394397000,,,4394397000,0,269513000.0,43665000,0.038,0.68,231293000.0,500806000.0,0.453,500806000.0,231293000.0,-13088000.0,-0.25,-0.25,-0.25,2970577000,2682908000.0,2970577000,9896572573,43.0,19.761,-547846000.0,-1.74,1.0,603917000.0,0.546,0,244381000.0,11889329000,11519247250.0,0,105505000,,,4797518000,,,5809342573,292427000.0,3521000.0,743011000.0,497783000.0,-192648000.0,806548000.0,-861369000.0,61035000.0,347248000.0,0.0,-12985000.0,-61712000.0,-61712000.0,-14519000.0,-650000.0,-0.056,437888000.0,166029000.0,81044000,-2.72,1.956,-94.136,-72.24,6528076000,48727000.0,18.06,5.249,5.14,170097000,-2020455000,1106654000.0,1106654000.0,0.0,-0.008,-0.023,0.02,0.209,0.0,47730000.0,1.0,321669024,314936000,319571000.0,3.514,7802099000,0,-103000.0,78524000,24.774,
34,DRE,ART,2012-12-31,2013-02-22,2012-12-31,2021-07-30,2691000,7560101000,7172678250.0,,,0.155,9.673,-920992000.0,33889000,33889000,521648000.0,-75868000.0,,1.904,4446170000,,,4446170000,0,262825000.0,42731000,0.043,0.68,171090000.0,433915000.0,0.391,433915000.0,171090000.0,-74080000.0,-0.48,-0.48,-0.48,2591414000,2603172250.0,2591414000,9462440717,55.0,21.807,-621835000.0,-2.321,1.0,587792000.0,0.53,0,245170000.0,11972382000,11215548750.0,0,30937000,,,4933983000,,,5050159717,-179920000.0,0.0,315295000.0,583182000.0,-181892000.0,488539000.0,-967616000.0,-23356000.0,299157000.0,0.0,-73977000.0,-126145000.0,-126145000.0,-11918000.0,-1891000.0,-0.114,431507000.0,156285000.0,84679000,-1.417,1.949,-40.035,-32.708,6607953000,52168000.0,15.7,4.552,3.791,182340000,-1993206000,1109440000.0,1109440000.0,0.0,-0.018,-0.048,0.015,0.154,0.0,46424000.0,1.0,321666224,267900000,267900000.0,4.141,7560101000,0,-103000.0,74565000,28.22,
35,DRE,ART,2012-09-30,2012-11-02,2012-09-30,2021-07-30,2177000,7190117000,7033762250.0,,,0.144,9.578,158717000.0,113152000,113152000,503992000.0,6860000.0,,1.763,4140145000,,,4140145000,0,256567000.0,40248000,0.048,0.68,214481000.0,471048000.0,0.466,471048000.0,214481000.0,6852000.0,-0.19,-0.19,-0.19,2588903000,2633990250.0,2588903000,7935105469,37.0,16.846,452706000.0,1.675,1.0,505950000.0,0.501,0,207629000.0,11217110000,10872507500.0,0,0,,,4565076000,,,3908112469,96970000.0,-25506000.0,236301000.0,-142872000.0,-178080000.0,-317475000.0,120456000.0,9412000.0,293989000.0,0.0,6955000.0,-48137000.0,-48137000.0,-94038000.0,-95000.0,-0.048,386616000.0,119334000.0,80934000,-3.579,1.51,-81.187,-74.789,6209222000,55092000.0,14.21,3.87,3.803,183166000,-1912802000,1009942000.0,1009942000.0,0.0,-0.007,-0.018,0.02,0.212,0.0,46243000.0,1.0,275025508,270289000,270289000.0,3.737,7190117000,0,-103000.0,102646000,26.602,
36,DRE,ART,2012-06-30,2012-08-03,2012-06-30,2021-07-30,1767000,7068090000,7112398250.0,,,0.15,9.675,172305000.0,106565000,106565000,552217000.0,9540000.0,,1.724,4036643000,,,4036643000,0,258895000.0,42078000,0.046,0.68,222831000.0,481726000.0,0.451,481726000.0,222831000.0,9866000.0,-0.21,-0.21,-0.21,2580738000,2664221750.0,2580738000,7902679060,35.0,16.405,505996000.0,1.897,1.0,516099000.0,0.483,0,212965000.0,10998168000,11008430500.0,0,11733000,,,4448712000,,,3972601060,-11080000.0,-34120000.0,151258000.0,-100620000.0,-175190000.0,-460540000.0,115769000.0,4522000.0,333691000.0,0.0,10060000.0,-51983000.0,-51983000.0,-94596000.0,-520000.0,-0.049,390856000.0,125243000.0,60931000,-3.238,1.539,-76.421,-70.143,6116817000,62043000.0,14.73,3.719,3.678,164842000,-1833088000,1068316000.0,1068316000.0,0.0,-0.007,-0.02,0.02,0.209,0.0,46802000.0,1.0,269694573,266748000,266748000.0,4.005,7068090000,0,-194000.0,85779000,26.497,
37,DRE,ART,2012-03-31,2012-05-04,2012-03-31,2021-07-30,1506000,6872405000,7227147000.0,,,0.161,10.263,266000000.0,14740000,14740000,635241000.0,13410000.0,,1.579,3816870000,,,3816870000,0,264019000.0,46383000,0.046,0.68,232789000.0,496808000.0,0.427,496808000.0,232789000.0,14198000.0,-0.22,-0.22,-0.22,2651634000,2740402750.0,2651634000,7745544890,33.0,15.591,600855000.0,2.326,1.0,527530000.0,0.454,0,218591000.0,10674535000,11139130250.0,0,19395000,,,4186935000,,,3943414890,-152375000.0,-32059000.0,146969000.0,-325554000.0,-172844000.0,-694945000.0,207715000.0,4522000.0,334855000.0,0.0,14392000.0,-52543000.0,-52543000.0,-94619000.0,-982000.0,-0.045,394881000.0,132649000.0,51309000,-3.091,1.487,-75.051,-67.273,5991350000,66935000.0,14.8,3.391,3.289,168417000,-1758467000,1162771000.0,1162771000.0,0.0,-0.007,-0.019,0.021,0.2,0.0,43749000.0,1.0,266446952,258365000,258365000.0,4.5,6872405000,0,-194000.0,76263000,26.6,
38,DRE,ART,2011-12-31,2012-02-24,2011-12-31,2021-07-30,987000,7004437000,7390918500.0,,,0.172,10.743,751853000.0,213809000,213809000,731377000.0,96309000.0,,1.556,3809589000,,,3809589000,0,267222000.0,38355000,0.049,0.68,318424000.0,585646000.0,0.46,585646000.0,318424000.0,95371000.0,0.11,0.11,0.11,2714686000,2816043000.0,2714686000,7212037604,23.0,12.315,1089390000.0,4.311,1.0,542897000.0,0.426,0,223053000.0,10600217000,11328466250.0,0,55580000,,,4224779000,,,3616257604,195425000.0,-34606000.0,0.0,-536210000.0,-171814000.0,-893047000.0,750935000.0,59252000.0,337537000.0,0.0,95565000.0,31416000.0,31416000.0,-100346000.0,744000.0,0.025,328110000.0,214787000.0,55775000,6.182,1.332,115.109,126.909,5892768000,64149000.0,13.96,2.838,2.768,168402000,-1677328000,1274274000.0,1274274000.0,0.0,0.004,0.011,0.028,0.25,0.0,43107000.0,1.0,259044241,252694000,259598000.0,5.043,7004437000,0,-194000.0,69272000,27.719,
39,DRE,ART,2011-09-30,2011-11-04,2011-09-30,2021-07-30,493000,7504661000,7550878250.0,,,0.188,10.719,132407000.0,16182000,16182000,801426000.0,61881000.0,,1.745,4272323000,,,4272323000,0,273840000.0,59551000,0.056,0.68,318608000.0,592448000.0,0.418,592448000.0,318608000.0,62193000.0,-0.02,-0.02,-0.02,2709829000,2873774000.0,2709829000,7334198308,23.0,12.379,525795000.0,2.08,1.0,614592000.0,0.434,0,256415000.0,11760802000,11636654750.0,0,21992000,,,4729718000,,,3078057308,-4667000.0,-33146000.0,108000.0,-183365000.0,-171716000.0,-541560000.0,143505000.0,72952000.0,393388000.0,0.0,62387000.0,-4066000.0,-4066000.0,-28092000.0,-506000.0,-0.003,328227000.0,286365000.0,66786000,-34.0,1.136,-757.023,-608.5,6528085000,66453000.0,12.17,2.174,2.173,206842000,-1678484000,1416018000.0,1416018000.0,0.0,-0.001,-0.001,0.027,0.225,0.0,39389000.0,1.0,252921718,252802000,252802000.0,5.601,7504661000,0,-194000.0,123524000,29.686,
40,DRE,ART,2011-06-30,2011-08-05,2011-06-30,2021-07-30,56000,7527085000,7564660000.0,,,0.189,11.421,30596000.0,117645000,117645000,806466000.0,134185000.0,,1.585,4111527000,,,4111527000,0,276631000.0,53391000,0.059,0.68,385336000.0,661967000.0,0.464,661967000.0,385336000.0,131747000.0,0.24,0.24,0.24,2885462000,2941147000.0,2885462000,6908516963,18.0,10.436,417646000.0,1.653,1.0,619560000.0,0.434,0,253589000.0,11520967000,11610088750.0,0,0,,,4572313000,,,2914634963,-138620000.0,-53534000.0,-144000.0,-255581000.0,-171599000.0,-564312000.0,38642000.0,72952000.0,387050000.0,0.0,132873000.0,62074000.0,62074000.0,-37094000.0,1312000.0,0.044,328792000.0,290768000.0,67757000,2.833,1.01,46.954,48.042,6473926000,70799000.0,11.53,2.044,2.043,209175000,-1602634000,1426026000.0,1426026000.0,0.0,0.008,0.021,0.033,0.27,0.0,38372000.0,1.0,252787074,252640000,252640000.0,5.644,7527085000,0,-1126000.0,102695000,29.794,
41,DRE,ART,2011-03-31,2011-05-06,2011-03-31,2021-07-30,-661000,7527491000,7508310500.0,,,0.193,11.704,93154000.0,167115000,167115000,840199000.0,127403000.0,,1.524,4071503000,,,4071503000,0,272148000.0,56597000,0.046,0.68,372659000.0,644807000.0,0.446,644807000.0,372659000.0,125279000.0,0.17,0.17,0.17,2954195000,2979749250.0,2954195000,7600392960,20.0,11.787,492138000.0,1.95,1.0,606691000.0,0.419,0,247380000.0,11431879000,11424836500.0,0,0,,,4501641000,,,3696004960,136116000.0,-47379000.0,298004000.0,-275268000.0,-166785000.0,-343873000.0,81005000.0,72952000.0,398984000.0,0.0,126405000.0,48725000.0,48725000.0,-37863000.0,998000.0,0.034,314727000.0,291964000.0,69369000,4.0,1.251,75.854,86.059,6428826000,77680000.0,14.63,2.554,2.552,196842000,-1529847000,1446890000.0,1446890000.0,0.0,0.006,0.016,0.033,0.258,0.0,38982000.0,1.0,252631918,252406000,258837000.0,5.732,7527491000,0,-1126000.0,88782000,29.823,
42,DRE,ART,2010-12-31,2011-02-25,2010-12-31,2021-07-30,-1432000,7644276000,7399504750.0,,,0.188,12.329,-211550000.0,18384000,18384000,802856000.0,65262000.0,,1.58,4207079000,,,4207079000,0,271058000.0,50450000,0.05,0.68,304055000.0,575113000.0,0.413,575113000.0,304055000.0,64672000.0,-0.07,-0.07,-0.07,2945610000,2960308250.0,2945610000,7602774972,25.0,13.22,179606000.0,0.752,1.0,590747000.0,0.424,0,239383000.0,11832971000,11267267250.0,0,394287000,,,4654373000,,,3414079972,-128938000.0,-53194000.0,298004000.0,-168223000.0,-162015000.0,-231304000.0,-288790000.0,22119000.0,391156000.0,0.0,65798000.0,-14108000.0,-14108000.0,-35786000.0,-536000.0,-0.01,370999000.0,219748000.0,44782000,-9.714,1.159,-241.996,-193.143,6326334000,79906000.0,13.52,2.45,2.318,155181000,-1533740000,1393603000.0,1393603000.0,0.0,-0.002,-0.005,0.027,0.218,0.0,41329000.0,1.0,252520708,238920000,238920000.0,5.833,7644276000,0,-1126000.0,83615000,31.995,
43,DRE,ART,2010-09-30,2010-11-05,2010-09-30,2021-07-30,-2184000,7559788000,7314505500.0,,,0.195,11.829,-163980000.0,20849000,20849000,826667000.0,54615000.0,,1.522,4115599000,,,4115599000,0,267785000.0,40819000,0.053,0.68,287885000.0,555670000.0,0.389,555670000.0,287885000.0,45685000.0,-0.09,-0.09,-0.09,2979321000,2955242000.0,2979321000,7354695619,26.0,13.236,175586000.0,0.697,1.0,603163000.0,0.422,0,242200000.0,11654538000,11061771750.0,0,0,,,4535529000,,,3259945619,-135065000.0,-54349000.0,297438000.0,-143962000.0,-157198000.0,-211116000.0,-263515000.0,3897000.0,339566000.0,0.0,54934000.0,-27024000.0,-27024000.0,-25725000.0,-319000.0,-0.019,393175000.0,209988000.0,38197000,-7.556,1.094,-120.631,-143.667,6589979000,81958000.0,12.93,2.28,2.278,184255000,-1499605000,1429830000.0,1429830000.0,0.0,-0.004,-0.009,0.026,0.201,0.0,44395000.0,1.0,252122631,251866000,257383000.0,5.677,7559788000,0,-9249000.0,126702000,30.015,
44,DRE,ART,2010-06-30,2010-08-06,2010-06-30,2021-07-30,-2888000,7301687000,7284295000.0,,,0.19,13.387,15377000.0,256265000,256265000,793606000.0,-316971000.0,,1.388,3734536000,,,3734536000,0,265361000.0,38989000,0.056,0.68,-70333000.0,195028000.0,0.141,195028000.0,-70333000.0,-306203000.0,-1.66,-1.66,-1.66,3039871000,2951559750.0,3039871000,6532290010,-93.0,33.494,376491000.0,1.658,1.0,589846000.0,0.426,0,235870000.0,10779958000,10952046000.0,0,0,,,4220387000,,,3054019010,229566000.0,-33747000.0,297653000.0,-29180000.0,-152416000.0,-48433000.0,-83115000.0,3897000.0,361114000.0,0.0,-306027000.0,-383970000.0,-383970000.0,-14671000.0,-10944000.0,-0.278,669101000.0,-79255000.0,73165000,-0.41,1.005,-7.954,-7.313,6202269000,77943000.0,12.14,2.208,1.993,211858000,-1490099000,1383452000.0,1383452000.0,0.0,-0.053,-0.13,-0.006,-0.051,0.0,47152000.0,1.0,251566640,227082000,227082000.0,6.092,7301687000,0,-176000.0,90049000,32.154,
45,DRE,ART,2010-03-31,2010-05-06,2010-03-31,2021-07-30,-4906000,7092268000,7357722250.0,,,0.184,12.832,-27322000.0,30999000,30999000,642129000.0,-311429000.0,,1.451,3740333000,,,3740333000,0,269052000.0,35947000,0.052,0.68,-73452000.0,195600000.0,0.145,195600000.0,-73452000.0,-300710000.0,-1.63,-1.63,-1.63,2876431000,3021878000.0,2876431000,6627719806,-90.0,33.884,344919000.0,1.539,1.0,709618000.0,0.525,0,227258000.0,10801602000,11083704750.0,0,0,,,4175080000,,,2918385806,8828000.0,-31501000.0,551110000.0,-599628000.0,-152330000.0,-305844000.0,-57569000.0,3897000.0,372241000.0,0.0,-300534000.0,-373985000.0,-373985000.0,-10207000.0,-10895000.0,-0.277,692737000.0,16881000.0,58568000,-0.417,1.015,-7.803,-7.982,6245513000,73451000.0,13.01,2.159,2.157,194918000,-1409048000,1351747000.0,1351747000.0,0.0,-0.051,-0.124,-0.007,-0.054,0.0,51601000.0,1.0,224318663,224153000,224153000.0,6.03,7092268000,0,-176000.0,80986000,31.64,
46,DRE,ART,2009-12-31,2010-03-01,2009-12-31,2021-07-30,-5630000,7304279000,7503760000.0,,,0.179,14.539,-128746000.0,147322000,147322000,750316000.0,-271490000.0,,1.482,3854032000,,,3854032000,0,266803000.0,44258000,0.061,0.68,-45981000.0,220822000.0,0.164,220822000.0,-45981000.0,-266220000.0,-1.67,-1.67,-1.67,2925345000,3011114500.0,2925345000,6222756953,-135.0,28.18,271726000.0,1.35,1.0,593773000.0,0.442,0,220239000.0,11010989000,11380093750.0,0,0,,,4336419000,,,2516046953,124790000.0,-23481000.0,551136000.0,-395883000.0,-151333000.0,-99734000.0,-175948000.0,0.0,400472000.0,0.0,-260150000.0,-333601000.0,-333601000.0,-5575000.0,-11340000.0,-0.248,687789000.0,-94016000.0,43147000,-0.407,0.86,-7.542,-6.719,6343528000,73451000.0,11.22,1.872,1.68,171293000,-1355086000,1344089000.0,1344089000.0,0.0,-0.044,-0.111,-0.004,-0.034,0.0,47937000.0,1.0,224246609,201206000,201206000.0,6.68,7304279000,0,-6070000.0,84347000,36.302,
47,DRE,ART,2009-09-30,2009-11-09,2009-09-30,2021-07-30,-6440000,7438946000,7600411000.0,,,0.156,13.238,-270625000.0,155914000,155914000,656694000.0,-260603000.0,,1.495,3932603000,,,3932603000,0,267112000.0,37142000,0.092,1.075,-81134000.0,185978000.0,0.157,185978000.0,-81134000.0,-242946000.0,-1.3,-1.31,-1.3,2964592000,2985217750.0,2964592000,6406471447,-79.0,34.447,346716000.0,1.548,1.0,528455000.0,0.446,0,161812000.0,11215635000,11619053750.0,0,0,,,4431006000,,,2629782447,152444000.0,-71026000.0,554674000.0,-415745000.0,-184728000.0,-151579000.0,-313318000.0,29839000.0,617341000.0,0.0,-250893000.0,-310324000.0,-310324000.0,-9199000.0,-9710000.0,-0.262,530844000.0,-2389000.0,66790000,-0.827,0.887,-8.474,-9.031,6452707000,59431000.0,11.74,2.219,2.218,189089000,-1313103000,1185149000.0,1185149000.0,0.0,-0.041,-0.104,-0.007,-0.068,0.0,44721000.0,1.0,224001912,223952000,223952000.0,5.292,7438946000,0,7947000.0,114529000,33.217,
48,DRE,ART,2009-06-30,2009-08-06,2009-06-30,2021-07-30,-7149000,7595396000,7701390500.0,,,0.144,16.022,-313606000.0,26699000,26699000,689049000.0,85468000.0,,1.27,3737896000,,,3737896000,0,257635000.0,32285000,0.121,1.39,189639000.0,447274000.0,0.404,447274000.0,189639000.0,85546000.0,0.23,0.22,0.23,3321144000,2965427250.0,3321144000,6280117175,33.0,14.041,399140000.0,1.926,1.0,417142000.0,0.377,0,104093000.0,11306593000,11874929250.0,0,0,,,4218441000,,,2568920175,8995000.0,-117313000.0,559801000.0,-567663000.0,-217918000.0,-322064000.0,-381687000.0,49712000.0,712746000.0,0.0,85546000.0,25612000.0,25612000.0,-10269000.0,-78000.0,0.023,157117000.0,260025000.0,96632000,6.043,0.774,100.301,49.87,6681617000,59934000.0,11.47,2.322,2.149,218453000,-953216000,1106191000.0,1106191000.0,0.0,0.003,0.009,0.016,0.171,0.0,43936000.0,1.0,223968629,207290000,207290000.0,5.336,7595396000,0,0.0,91577000,36.641,
49,DRE,ART,2009-03-31,2009-05-08,2009-03-31,2021-07-30,-8036000,7676419000,7760808750.0,,,0.128,19.082,-340812000.0,22171000,22171000,812921000.0,137229000.0,,1.689,4332910000,,,4332910000,0,249315000.0,35381000,0.174,1.7,188320000.0,437635000.0,0.439,437635000.0,188320000.0,136252000.0,0.51,0.5,0.51,2833377000,2868896500.0,2833377000,6502013554,35.0,14.857,348240000.0,2.345,1.0,183273000.0,0.184,0,52068000.0,11987158000,12088827750.0,0,0,,,4784323000,,,2191274554,6642000.0,-115811000.0,11325000.0,107272000.0,-250289000.0,-231567000.0,-450843000.0,56639000.0,689052000.0,0.0,136252000.0,75815000.0,75815000.0,-19851000.0,977000.0,0.076,45840000.0,137433000.0,100361000,3.333,0.773,28.903,19.196,6766477000,60437000.0,9.79,2.2,1.459,220841000,-882357000,996194000.0,996194000.0,0.0,0.01,0.026,0.016,0.189,0.0,37224000.0,1.0,223827840,148488000,155747000.0,6.709,7676419000,0,0.0,80763000,51.697,
50,DRE,ART,2008-12-31,2009-02-25,2008-12-31,2021-07-30,-8652000,7690883000,7781764750.0,,,0.128,19.207,-455523000.0,22532000,22532000,854579000.0,113996000.0,,1.705,4298478000,,,4298478000,0,246441000.0,41348000,0.236,1.7,113996000.0,360437000.0,0.362,360437000.0,113996000.0,113996000.0,0.39,0.38,0.39,2821758000,2905465500.0,2821758000,5343646814,47.0,14.825,187324000.0,1.275,1.0,141508000.0,0.142,0,0.0,11966829000,12093751500.0,0,18131000,,,4812396000,,,1067700814,-25480000.0,-132244000.0,17100000.0,-54487000.0,-283375000.0,-145735000.0,-522592000.0,95392000.0,642847000.0,0.0,113996000.0,56616000.0,56616000.0,-17698000.0,0.0,0.057,46584000.0,94924000.0,105227000,4.359,0.378,18.859,18.436,6773209000,57380000.0,7.19,1.072,1.06,226283000,-855541000,996087000.0,996087000.0,0.0,0.007,0.019,0.009,0.114,0.0,39506000.0,1.0,148498027,146915000,155041000.0,6.78,7690883000,0,0.0,78113000,52.349,
51,DRE,ART,2008-09-30,2008-11-07,2008-09-30,2021-07-30,-7902000,7842864000,7774539250.0,,,0.127,19.633,-632861000.0,3470000,3470000,831598000.0,162699000.0,,1.693,4399743000,,,4399743000,0,233189000.0,28082000,0.146,1.925,162699000.0,395888000.0,0.399,395888000.0,162699000.0,162699000.0,0.64,0.64,0.64,2885430000,2887534250.0,2885430000,6338538692,39.0,16.011,-114980000.0,-0.782,1.0,159389000.0,0.161,0,0.0,12239137000,12084651500.0,0,197287000,,,4885617000,,,1942265692,-14954000.0,-116629000.0,251933000.0,161298000.0,-281797000.0,185496000.0,-718331000.0,93762000.0,517881000.0,0.0,162699000.0,93565000.0,93565000.0,-21997000.0,0.0,0.094,43731000.0,115658000.0,125157000,3.008,0.673,20.758,20.594,6736511000,69134000.0,13.18,1.96,1.955,236192000,-804744000,990987000.0,990987000.0,0.0,0.012,0.032,0.013,0.164,0.0,39266000.0,1.0,147364620,146966000,155344000.0,6.743,7842864000,0,0.0,100521000,53.365,
52,DRE,ART,2008-06-30,2008-08-06,2008-06-30,2021-07-30,-8472000,7833069000,7668033750.0,,,0.126,20.001,-558556000.0,17704000,17704000,819911000.0,199393000.0,,1.643,4346822000,,,4346822000,0,229847000.0,35256000,0.075,1.92,199393000.0,429240000.0,0.443,429240000.0,199393000.0,199393000.0,0.94,0.94,0.94,2935021000,2827946500.0,2935021000,8099700616,41.0,18.87,-198251000.0,-1.351,1.0,148628000.0,0.153,0,0.0,12162187000,11915892250.0,0,198496000,,,4823155000,,,3770582616,-27752000.0,-94222000.0,249596000.0,211539000.0,-276281000.0,251839000.0,-639896000.0,86007000.0,360305000.0,0.0,199393000.0,133898000.0,133898000.0,-59852000.0,0.0,0.138,34656000.0,113972000.0,139110000,2.043,1.285,28.16,27.309,6715261000,65495000.0,25.67,3.893,3.889,232067000,-746203000,968539000.0,968539000.0,0.0,0.017,0.047,0.017,0.206,0.0,32665000.0,1.0,146886740,146741000,155064000.0,6.6,7833069000,0,0.0,81879000,53.38,
53,DRE,ART,2008-03-31,2008-05-12,2008-03-31,2021-07-30,-9719000,7760243000,7535491000.0,,,0.126,20.362,-618127000.0,15529000,15529000,790369000.0,215032000.0,,1.579,4262139000,,,4262139000,0,223184000.0,38085000,0.074,1.92,215032000.0,438216000.0,0.463,438216000.0,215032000.0,215032000.0,1.09,1.09,1.09,2979653000,2747877000.0,2979653000,8032586965,37.0,18.33,-302787000.0,-2.069,1.0,155631000.0,0.165,0,0.0,12006853000,11709431500.0,0,144077000,,,4703971000,,,3785976965,6037000.0,-129351000.0,246603000.0,241454000.0,-270905000.0,289491000.0,-598794000.0,221007000.0,315340000.0,0.0,215032000.0,153177000.0,153177000.0,-70955000.0,0.0,0.162,36383000.0,119248000.0,129631000,1.761,1.271,24.716,23.679,6704966000,61855000.0,25.81,4.002,3.992,214038000,-693194000,946000000.0,946000000.0,0.0,0.02,0.056,0.018,0.227,0.0,36383000.0,1.0,146686438,146331000,154596000.0,6.465,7760243000,0,0.0,72559000,53.032,
54,DRE,ART,2007-12-31,2008-02-29,2007-12-31,2021-07-30,-1279000,7661981000,7413551500.0,,,0.125,19.748,-457262000.0,48012000,48012000,762114000.0,279467000.0,,1.756,4316460000,,,4316460000,0,214477000.0,34535000,0.084,1.915,279467000.0,493944000.0,0.535,493944000.0,279467000.0,279467000.0,1.56,1.55,1.56,2750033000,2660154750.0,2750033000,7621718994,27.0,15.43,-133331000.0,-0.957,1.0,161113000.0,0.175,0,0.0,11930429000,11515667000.0,0,273591000,,,4828265000,,,3353270994,-20471000.0,-142330000.0,240802000.0,320790000.0,-265698000.0,90417000.0,-434819000.0,235754000.0,323931000.0,0.0,279467000.0,217692000.0,217692000.0,-120271000.0,0.0,0.236,37680000.0,123433000.0,142655000,1.228,1.219,15.404,14.692,6448383000,61775000.0,22.92,3.632,3.457,206671000,-626765000,923227000.0,923227000.0,0.0,0.029,0.082,0.024,0.303,0.0,37680000.0,1.0,146303272,139255000,149614000.0,6.63,7661981000,0,0.0,63796000,55.021,
55,DRE,ART,2007-09-30,2007-11-05,2007-09-30,2021-07-30,6053000,7416842000,7307705000.0,,,0.126,19.241,-340533000.0,18424000,18424000,751647000.0,270127000.0,,1.768,4165682000,,,4165682000,0,212830000.0,28251000,0.064,1.905,270127000.0,482957000.0,0.526,482957000.0,270127000.0,270127000.0,1.54,1.52,1.54,2647079000,2598542250.0,2647079000,8500657366,31.0,17.601,-34161000.0,-0.248,1.0,167381000.0,0.182,0,0.0,11564100000,11316049000.0,0,351259000,,,4679239000,,,4353399366,-6576000.0,-159508000.0,-86174000.0,237927000.0,-260045000.0,-222512000.0,-90436000.0,482880000.0,306372000.0,0.0,270127000.0,209222000.0,209222000.0,-112981000.0,0.0,0.228,36039000.0,131342000.0,140679000,1.237,1.645,20.808,19.416,6180911000,60905000.0,29.9,4.737,4.476,193217000,-615200000,919028000.0,919028000.0,0.0,0.029,0.081,0.024,0.294,0.0,36039000.0,1.0,145598641,137576000,147651000.0,6.68,7416842000,0,0.0,88182000,53.911,
56,DRE,ART,2007-06-30,2007-08-07,2007-06-30,2021-07-30,16784000,7302898000,7271880000.0,,,0.128,19.097,-447498000.0,45456000,45456000,749868000.0,278473000.0,,1.749,4078902000,,,4078902000,0,208455000.0,33353000,0.059,1.9,278473000.0,486928000.0,0.524,486928000.0,278473000.0,278473000.0,1.61,1.58,1.61,2614743000,2586386500.0,2614743000,8408841594,30.0,17.269,-174615000.0,-1.275,1.0,179892000.0,0.193,0,0.0,11336344000,11256080250.0,0,374573000,,,4573572000,,,4375395594,38417000.0,-124853000.0,-88198000.0,381588000.0,-258477000.0,-97088000.0,-137378000.0,470762000.0,272883000.0,0.0,278473000.0,217569000.0,217569000.0,-113817000.0,0.0,0.234,38996000.0,140896000.0,126397000,1.18,1.673,20.11,19.845,6084603000,60904000.0,31.95,4.706,4.705,176240000,-602381000,929760000.0,929760000.0,0.0,0.03,0.084,0.025,0.3,0.0,38996000.0,1.0,136945089,136921000,148129000.0,6.79,7302898000,0,0.0,70632000,53.337,
57,DRE,ART,2007-03-31,2007-05-08,2007-03-31,2021-07-30,5703000,7272485000,7199773750.0,,,0.129,19.213,-1132923000.0,9492000,9492000,754864000.0,261143000.0,,1.722,3968802000,,,3968802000,0,207871000.0,34163000,0.044,1.895,261143000.0,469014000.0,0.504,469014000.0,261143000.0,261143000.0,1.5,1.47,1.5,2628764000,2586212750.0,2628764000,9822242127,38.0,20.942,-875186000.0,-6.396,1.0,175880000.0,0.189,0,0.0,11231795000,11132336250.0,0,498249000,,,4526999000,,,5862932127,9492000.0,-73646000.0,-87494000.0,410753000.0,-256823000.0,40731000.0,-288976000.0,328835000.0,257737000.0,0.0,261143000.0,202210000.0,202210000.0,-99903000.0,0.0,0.217,35355000.0,140525000.0,118735000,1.263,2.23,28.994,28.547,5931317000,58933000.0,42.82,6.299,6.295,184971000,-574201000,930744000.0,930744000.0,0.0,0.028,0.078,0.023,0.281,0.0,35355000.0,1.0,136920414,136823000,149465000.0,6.803,7272485000,0,0.0,63881000,53.153,
58,DRE,ART,2006-12-31,2007-03-01,2006-12-31,2021-07-30,5435000,7238595000,7057657250.0,,,0.129,18.561,-1425919000.0,68483000,68483000,727615000.0,204147000.0,,1.829,3961845000,,,3961845000,0,206999000.0,31121000,0.043,1.895,204147000.0,411146000.0,0.452,411146000.0,204147000.0,204147000.0,1.08,1.07,1.08,2503583000,2560754000.0,2503583000,9877926854,48.0,24.025,-1150196000.0,-8.527,1.0,181185000.0,0.199,0,0.0,11131957000,10905804500.0,0,512925000,,,4578159000,,,5984564854,41751000.0,-28944000.0,-94610000.0,1292569000.0,-255502000.0,1002922000.0,-1236894000.0,275335000.0,275723000.0,0.0,204147000.0,145095000.0,145095000.0,-50562000.0,0.0,0.16,35834000.0,145351000.0,136508000,1.755,2.39,41.246,40.491,5914454000,59052000.0,43.73,6.585,6.49,194205000,-575829000,908800000.0,908800000.0,0.0,0.021,0.057,0.019,0.225,0.0,35834000.0,1.0,136852615,134883000,149393000.0,6.738,7238595000,0,0.0,59276000,53.666,
59,DRE,ART,2006-09-30,2006-11-08,2006-09-30,2021-07-30,4840000,7273542000,6659898500.0,,,0.13,19.231,-1382842000.0,25000000,25000000,712542000.0,180400000.0,,1.733,4075683000,,,4075683000,0,202273000.0,32309000,0.074,2.935,180400000.0,382673000.0,0.442,382673000.0,180400000.0,180400000.0,0.94,0.92,0.94,2598456000,2548057750.0,2598456000,9400191002,52.0,24.565,-1197820000.0,-8.865,1.0,153104000.0,0.177,0,0.0,11324225000,10178185000.0,0,838556000,,,4502856000,,,5349508002,-99867000.0,3710000.0,-196952000.0,1640279000.0,-399477000.0,1133934000.0,-1418823000.0,0.0,185022000.0,0.0,180400000.0,124954000.0,124954000.0,-48892000.0,0.0,0.144,36490000.0,116614000.0,125381000,3.122,2.059,42.812,42.085,5752846000,55446000.0,39.56,6.18,6.175,189958000,-561636000,865646000.0,865646000.0,0.0,0.019,0.049,0.018,0.208,0.0,36490000.0,1.0,135225177,135117000,150947000.0,6.407,7273542000,0,0.0,78255000,53.831,
60,DRE,ART,2006-06-30,2006-08-08,2006-06-30,2021-07-30,20496000,7014473000,6255771000.0,,,0.133,19.368,-340243000.0,7039000,7039000,684200000.0,328407000.0,,1.618,3833934000,,,3833934000,0,204022000.0,37265000,0.079,2.93,328407000.0,532429000.0,0.64,532429000.0,328407000.0,328407000.0,1.98,1.95,1.98,2614048000,2605101000.0,2614048000,8809256428,27.0,16.545,-45979000.0,-0.341,1.0,147113000.0,0.177,0,0.0,10841368000,9284996000.0,0,835282000,,,4229781000,,,4982361428,552000.0,3062000.0,-293505000.0,753734000.0,-402716000.0,157501000.0,-451213000.0,0.0,294264000.0,0.0,328407000.0,276568000.0,276568000.0,-205596000.0,0.0,0.333,34936000.0,112177000.0,88864000,1.48,1.906,18.015,18.626,5508618000,51839000.0,36.88,5.993,5.988,167454000,-558961000,831313000.0,831313000.0,0.0,0.044,0.106,0.035,0.395,0.0,34936000.0,1.0,135096568,134969000,149364000.0,6.159,7014473000,0,0.0,72610000,51.971,
61,DRE,ART,2006-03-31,2006-05-10,2006-03-31,2021-07-30,9805000,6704019000,6053189000.0,,,0.139,18.748,487230000.0,0,0,675442000.0,345354000.0,,1.583,3621649000,,,3621649000,0,204085000.0,37062000,0.083,2.93,345354000.0,549439000.0,0.654,549439000.0,345354000.0,345354000.0,2.1,2.07,2.1,2526929000,2641409500.0,2526929000,8364038660,24.0,15.223,855438000.0,6.347,1.0,164108000.0,0.195,0,0.0,10325668000,8842945500.0,0,621953000,,,3999556000,,,4742389660,-3679000.0,-13731000.0,-293636000.0,854643000.0,-406043000.0,150625000.0,-522512000.0,0.0,368208000.0,0.0,345354000.0,295150000.0,295150000.0,-204855000.0,0.0,0.352,34251000.0,129857000.0,93160000,1.395,1.877,16.068,16.743,5440361000,50204000.0,35.16,5.649,5.645,173020000,-517168000,839550000.0,839550000.0,0.0,0.049,0.112,0.039,0.411,0.0,34251000.0,1.0,134880252,134781000,149265000.0,6.229,6704019000,0,0.0,66426000,49.74,
62,DRE,ART,2005-12-31,2006-03-07,2005-12-31,2021-07-30,-7118000,5647560000,5863653500.0,,,0.134,17.333,713041000.0,26732000,26732000,628558000.0,355662000.0,,1.228,2600651000,,,2600651000,0,204377000.0,34924000,0.082,2.925,355662000.0,560039000.0,0.711,560039000.0,355662000.0,355662000.0,2.19,2.17,2.19,2452798000,2709770750.0,2452798000,7382933098,21.0,13.183,1117300000.0,7.896,1.0,159566000.0,0.202,0,0.0,8221479000,8403016250.0,0,0,,,3012196000,,,4809014098,21143000.0,-31599000.0,-285887000.0,71325000.0,-408816000.0,-711178000.0,328062000.0,0.0,404259000.0,0.0,355662000.0,309183000.0,309183000.0,-215909000.0,0.0,0.392,27835000.0,131731000.0,93918000,1.336,1.961,15.554,16.288,5034422000,46479000.0,35.67,6.102,6.405,177325000,-464885000,788124000.0,788124000.0,0.0,0.053,0.114,0.042,0.451,0.0,27835000.0,1.0,134819571,141508000,155877000.0,5.569,5647560000,0,0.0,60883000,39.91,
63,DRE,ART,2005-09-30,2005-10-09,2005-09-30,2021-07-30,-11753000,5657032000,5925924250.0,,,0.147,19.813,759405000.0,124867000,124867000,689507000.0,364593000.0,,0.93,2219304000,,,2219304000,0,207506000.0,35083000,0.057,1.865,364593000.0,572099000.0,0.659,572099000.0,364593000.0,364593000.0,2.25,2.23,2.25,2826629000,2803038500.0,2826629000,6602909471,18.0,11.542,1187955000.0,8.327,1.0,179026000.0,0.206,0,0.0,7751469000,8450086000.0,0,0,,,2628684000,,,4508472471,124867000.0,-9911000.0,-92566000.0,-450947000.0,-266908000.0,-687321000.0,383638000.0,0.0,428550000.0,0.0,364593000.0,320278000.0,320278000.0,-211546000.0,0.0,0.369,24571000.0,154455000.0,100512000,0.829,1.595,14.077,14.578,4919733000,44315000.0,32.8,5.191,5.388,184079000,-286274000,868533000.0,868533000.0,0.0,0.054,0.114,0.043,0.42,0.0,24571000.0,1.0,137453429,142663000,158468000.0,6.088,5657032000,0,0.0,78738000,39.653,
64,DRE,ART,2005-06-30,2005-08-09,2005-06-30,2021-07-30,-25232000,6204145000,5982186250.0,,,0.147,19.231,-135034000.0,6487000,6487000,693039000.0,190473000.0,,1.18,2875508000,,,2875508000,0,205498000.0,37059000,0.059,1.86,190473000.0,395971000.0,0.449,395971000.0,190473000.0,190473000.0,1.05,1.05,1.05,2759282000,2759938000.0,2759282000,7379332205,39.0,18.636,273545000.0,1.907,1.0,188013000.0,0.213,0,0.0,9073166000,8647646000.0,0,0,,,3256481000,,,4510311205,-4304000.0,-9217000.0,4339000.0,300705000.0,-265620000.0,140053000.0,-552936000.0,65000000.0,408579000.0,0.0,190473000.0,149457000.0,149457000.0,-29605000.0,0.0,0.17,26213000.0,161800000.0,77034000,1.771,1.635,30.178,29.952,5595138000,41016000.0,31.45,5.119,5.122,186246000,-432159000,881052000.0,881052000.0,0.0,0.025,0.054,0.022,0.216,0.0,26213000.0,1.0,143412121,143480000,157696000.0,6.141,6204145000,0,0.0,67365000,43.24,
65,DRE,ART,2005-03-31,2005-05-10,2005-03-31,2021-07-30,-8226000,5945877000,5864928500.0,,,0.146,19.571,-219085000.0,3679000,3679000,668625000.0,181702000.0,,1.055,2623753000,,,2623753000,0,197670000.0,37984000,0.075,2.32,181702000.0,379372000.0,0.444,379372000.0,181702000.0,181702000.0,1.01,1.01,1.01,2800374000,2736090250.0,2800374000,7057336556,39.0,18.603,155626000.0,1.088,1.0,185984000.0,0.218,0,0.0,8565951000,8442853750.0,0,0,,,2954648000,,,4437262556,-8220000.0,-8773000.0,4358000.0,187580000.0,-264258000.0,30527000.0,-413458000.0,65000000.0,374711000.0,0.0,181702000.0,143874000.0,143874000.0,-24953000.0,0.0,0.168,25651000.0,160333000.0,66894000,2.297,1.585,30.841,30.624,5400554000,37828000.0,30.93,5.192,5.179,181433000,-405699000,854609000.0,854609000.0,0.0,0.025,0.053,0.022,0.213,0.0,25651000.0,1.0,143461447,143089000,157720000.0,5.973,5945877000,0,0.0,60398000,41.554,
66,DRE,ART,2004-12-31,2005-03-04,2004-12-31,2021-07-30,-6547000,5896643000,5785075250.0,,,0.145,19.988,-163873000.0,5589000,5589000,647033000.0,188701000.0,,1.018,2518704000,,,2518704000,0,189119000.0,39827000,0.057,1.855,188701000.0,377820000.0,0.452,377820000.0,188701000.0,188701000.0,1.07,1.06,1.07,2825869000,2709234500.0,2825869000,7126457812,38.0,18.862,214902000.0,1.52,1.0,189421000.0,0.226,0,0.0,8409758000,8305674750.0,0,0,,,2875661000,,,4613342812,-7043000.0,-3033000.0,12259000.0,149570000.0,-261061000.0,44667000.0,-430485000.0,0.0,378775000.0,0.0,188701000.0,151279000.0,151279000.0,-25500000.0,0.0,0.181,26390000.0,163031000.0,68266000,1.734,1.633,30.496,30.168,5379186000,37422000.0,32.28,5.515,5.456,165966000,-364724000,836454000.0,836454000.0,0.0,0.026,0.056,0.023,0.226,0.0,26390000.0,1.0,142916444,141379000,157062000.0,5.916,5896643000,0,0.0,55748000,41.708,
67,DRE,ART,2004-09-30,2004-11-09,2004-09-30,2021-07-30,132000,5882080000,5701226750.0,,,0.144,18.656,-72446000.0,0,0,628819000.0,198208000.0,,1.141,2659629000,,,2659629000,0,182641000.0,32765000,0.068,2.31,198208000.0,380849000.0,0.462,380849000.0,198208000.0,198208000.0,1.14,1.14,1.14,2654227000,2669454500.0,2654227000,7470707170,38.0,19.616,335536000.0,2.358,1.0,194770000.0,0.236,0,0.0,8541709000,8174273500.0,0,0,,,3027830000,,,4811078170,-931000.0,5485000.0,14484000.0,418380000.0,-257342000.0,7543000.0,-416456000.0,0.0,407982000.0,0.0,198208000.0,159840000.0,159840000.0,-26650000.0,0.0,0.194,26831000.0,167939000.0,83030000,2.026,1.813,30.099,29.596,5376841000,38368000.0,33.74,5.842,5.829,153109000,-339561000,823589000.0,823589000.0,0.0,0.028,0.06,0.024,0.241,0.0,26831000.0,1.0,142592714,142273000,157105000.0,5.789,5882080000,0,0.0,78184000,41.344,
68,DRE,ART,2004-06-30,2004-08-09,2004-06-30,2021-07-30,-2465000,5735114000,5619445500.0,,,0.144,18.746,-85344000.0,10791000,10791000,600883000.0,196961000.0,,1.077,2529674000,,,2529674000,0,173678000.0,36899000,0.058,1.84,196961000.0,370639000.0,0.459,370639000.0,196961000.0,196961000.0,1.14,1.14,1.14,2663891000,2670684500.0,2663891000,7041233027,36.0,18.998,285760000.0,2.011,1.0,207116000.0,0.256,0,0.0,8253997000,7991490250.0,0,0,,,2869287000,,,4522350027,-880000.0,-6033000.0,16586000.0,250329000.0,-253618000.0,60221000.0,-432205000.0,-65000000.0,371104000.0,0.0,196961000.0,157498000.0,157498000.0,-15297000.0,0.0,0.195,24831000.0,182285000.0,68771000,1.614,1.698,28.714,27.895,5219552000,39463000.0,31.8,5.597,5.593,149927000,-315956000,807999000.0,807999000.0,0.0,0.028,0.059,0.025,0.244,0.0,24831000.0,1.0,142212265,142104000,156828000.0,5.686,5735114000,0,0.0,60818000,40.359,
69,DRE,ART,2004-03-31,2004-05-10,2004-03-31,2021-07-30,-118000,5626464000,5543398500.0,,,0.144,19.458,-65911000.0,11899000,11899000,591760000.0,197103000.0,,1.013,2402670000,,,2402670000,0,170200000.0,43849000,0.064,1.835,197103000.0,367303000.0,0.459,367303000.0,197103000.0,197103000.0,1.16,1.15,1.16,2692951000,2646110500.0,2692951000,6476728905,33.0,17.633,312750000.0,2.26,1.0,207831000.0,0.26,0,0.0,8017235000,7841524000.0,0,0,,,2727705000,,,4085957905,-610000.0,-4869000.0,19730000.0,175552000.0,-249857000.0,-15227000.0,-364044000.0,-65000000.0,378661000.0,0.0,197103000.0,157320000.0,157320000.0,-15068000.0,0.0,0.197,24194000.0,183637000.0,57129000,1.582,1.517,25.972,24.793,5133107000,39783000.0,28.76,5.11,4.978,135322000,-285315000,799591000.0,799591000.0,0.0,0.028,0.059,0.025,0.247,0.0,24194000.0,1.0,142070859,138398000,156913000.0,5.777,5626464000,0,0.0,59886000,40.654,
70,DRE,ART,2003-12-31,2004-03-05,2003-12-31,2021-07-30,0,5561249000,5482038250.0,,,0.144,19.667,-50033000.0,12632000,12632000,583033000.0,199232000.0,,1.006,2335536000,,,2335536000,0,168959000.0,37975000,0.054,1.835,199232000.0,368191000.0,0.466,368191000.0,199232000.0,199232000.0,1.19,1.19,1.19,2666749000,2622089500.0,2666749000,6980930385,35.0,18.96,318595000.0,2.35,1.0,206833000.0,0.262,0,0.0,7884153000,7724752500.0,0,0,,,2681706000,,,4658026385,-4782000.0,-5481000.0,14026000.0,184798000.0,-248100000.0,-52714000.0,-320696000.0,0.0,368628000.0,0.0,199232000.0,161911000.0,161911000.0,-14390000.0,0.0,0.205,22144000.0,184689000.0,63057000,1.542,1.747,28.769,28.378,5147085000,37321000.0,33.77,5.897,5.797,132169000,-254942000,789866000.0,789866000.0,0.0,0.03,0.062,0.026,0.252,0.0,22144000.0,1.0,137933858,135595000,151141000.0,5.825,5561249000,0,0.0,52958000,41.014,
71,DRE,ART,2003-09-30,2003-11-12,2003-09-30,2021-07-30,0,5554955000,5428931750.0,,,0.142,19.595,-151273000.0,931000,931000,567242000.0,176498000.0,,0.978,2256552000,,,2256552000,0,165187000.0,34812000,0.06,1.83,176498000.0,341685000.0,0.444,341685000.0,176498000.0,176498000.0,1.04,1.04,1.04,2659147000,2609447250.0,2659147000,6371866185,36.0,18.648,175278000.0,1.292,1.0,203015000.0,0.264,0,0.0,7810576000,7613137750.0,0,0,,,2601421000,,,4116245185,-42106000.0,-14494000.0,10812000.0,299073000.0,-246894000.0,24283000.0,-392940000.0,0.0,326551000.0,0.0,176498000.0,140494000.0,140494000.0,-7836000.0,0.0,0.182,20332000.0,182683000.0,66702000,1.76,1.548,29.298,29.106,5152908000,36004000.0,30.27,5.344,5.333,134165000,-242059000,770257000.0,770257000.0,0.0,0.026,0.054,0.023,0.229,0.0,20332000.0,1.0,135984314,135706000,151244000.0,5.676,5554955000,0,0.0,72443000,40.934,
72,DRE,ART,2003-06-30,2003-08-12,2003-06-30,2021-07-30,-9852000,5430926000,5365059000.0,,,0.143,18.95,-176478000.0,11671000,11671000,560217000.0,177823000.0,,1.0,2234877000,,,2234877000,0,161896000.0,35626000,0.066,1.825,177823000.0,339719000.0,0.443,339719000.0,177823000.0,177823000.0,1.03,1.03,1.03,2565595000,2644534000.0,2565595000,5981679752,34.0,17.608,180961000.0,1.337,1.0,207202000.0,0.27,0,0.0,7654132000,7440627750.0,0,0,,,2566817000,,,3758473752,9166000.0,5728000.0,11335000.0,500504000.0,-245834000.0,-23457000.0,-324816000.0,0.0,357439000.0,0.0,177823000.0,139481000.0,139481000.0,-4665000.0,0.0,0.182,22244000.0,184958000.0,52666000,1.772,1.465,26.946,26.893,5057442000,38342000.0,27.7,4.898,4.887,108234000,-210309000,767419000.0,767419000.0,0.0,0.026,0.053,0.024,0.232,0.0,22244000.0,1.0,135684973,135386000,151019000.0,5.668,5430926000,0,0.0,60698000,40.114,
73,DRE,ART,2003-03-31,2003-05-13,2003-03-31,2021-07-30,-3271000,5381023000,5316300250.0,,,0.145,19.212,-146056000.0,12509000,12509000,545249000.0,195168000.0,,0.955,2181635000,,,2181635000,0,159150000.0,39985000,0.065,1.82,195168000.0,354318000.0,0.461,354318000.0,195168000.0,195168000.0,1.13,1.14,1.13,2596867000,2712057500.0,2596867000,5966721223,31.0,16.84,274020000.0,2.027,1.0,223865000.0,0.291,0,0.0,7550149000,7269245500.0,0,0,,,2480761000,,,3797595223,-1001000.0,-3649000.0,18641000.0,446476000.0,-244679000.0,-67134000.0,-353943000.0,0.0,420076000.0,0.0,195168000.0,153471000.0,153471000.0,-7659000.0,0.0,0.2,24387000.0,199478000.0,38291000,1.611,1.462,24.745,24.832,5026643000,41697000.0,28.06,4.938,4.931,96820000,-183251000,769114000.0,769114000.0,0.0,0.029,0.057,0.027,0.254,0.0,24387000.0,1.0,135338390,135170000,150627000.0,5.69,5381023000,0,0.0,56888000,39.809,
74,DRE,ART,2002-12-31,2003-03-25,2002-12-31,2021-07-30,-2111000,5348823000,5281911500.0,,,0.148,19.527,-174796000.0,17414000,17414000,530725000.0,206325000.0,,0.927,2106285000,,,2106285000,0,154565000.0,33710000,0.067,1.815,206325000.0,360890000.0,0.463,360890000.0,206325000.0,206325000.0,1.2,1.19,1.2,2616180000,2765610750.0,2616180000,5737073349,28.0,15.897,394800000.0,2.947,1.0,249346000.0,0.32,0,0.0,7437694000,7123644500.0,0,0,,,2424002000,,,3648202349,7931000.0,-11130000.0,22834000.0,285352000.0,-242475000.0,-223693000.0,-337972000.0,0.0,569596000.0,0.0,206325000.0,161272000.0,161272000.0,-5319000.0,0.0,0.207,25353000.0,223993000.0,43780000,1.512,1.394,22.621,22.492,5018377000,45053000.0,26.99,4.677,4.636,90658000,-159226000,780071000.0,780071000.0,0.0,0.031,0.058,0.029,0.264,0.0,25353000.0,1.0,135168668,133981000,150839000.0,5.822,5348823000,0,0.0,51474000,39.922,
75,DRE,ART,2002-09-30,2002-11-13,2002-09-30,2021-07-30,-48000,5299464000,5277214000.0,,,0.149,20.765,-161013000.0,43037000,43037000,522913000.0,225474000.0,,0.781,1864109000,,,1864109000,0,150348000.0,34425000,0.074,1.81,225474000.0,375822000.0,0.478,375822000.0,225474000.0,225474000.0,1.32,1.32,1.32,2799494000,2807818000.0,2799494000,5120581148,23.0,13.625,382889000.0,2.84,1.0,263267000.0,0.335,0,0.0,7120536000,7048072500.0,0,0,,,2186108000,,,3299509148,33533000.0,6266000.0,24452000.0,84093000.0,-239926000.0,-274289000.0,-236080000.0,-21286000.0,543902000.0,0.0,225474000.0,177398000.0,177398000.0,-4517000.0,0.0,0.226,26672000.0,236595000.0,45300000,1.371,1.179,18.599,18.53,4930432000,48076000.0,24.46,4.197,4.195,98273000,-124132000,786180000.0,786180000.0,0.0,0.034,0.063,0.032,0.287,0.0,26672000.0,1.0,134894078,134818000,151256000.0,5.831,5299464000,0,0.0,71267000,39.308,
76,DRE,ART,2002-06-30,2002-08-13,2002-06-30,2021-07-30,-96000,5235891000,5278348500.0,,,0.15,21.131,-16156000.0,2505000,2505000,513065000.0,264898000.0,,0.722,1735217000,,,1735217000,0,145084000.0,28513000,0.091,2.255,264898000.0,409982000.0,0.518,409982000.0,264898000.0,264898000.0,1.62,1.61,1.62,2835689000,2801157250.0,2835689000,5060304899,19.0,12.343,572081000.0,4.263,1.0,279013000.0,0.352,0,0.0,6968603000,7032550500.0,0,0,,,2048239000,,,3327592899,-100522000.0,-15680000.0,24036000.0,-184605000.0,-237144000.0,-566084000.0,-122675000.0,-21717000.0,588237000.0,0.0,264898000.0,215328000.0,215328000.0,-4517000.0,0.0,0.272,21305000.0,257708000.0,39718000,1.392,1.173,15.454,15.235,4919766000,49570000.0,24.68,4.201,4.181,90032000,-101956000,792078000.0,792078000.0,0.0,0.041,0.077,0.038,0.334,0.0,21305000.0,1.0,134829534,134196000,151092000.0,5.902,5235891000,0,0.0,57280000,39.017,
77,DRE,ART,2002-03-31,2002-05-14,2002-03-31,2021-07-30,-144000,5243468000,5341997250.0,,,0.15,21.307,-7037000.0,13510000,13510000,513845000.0,267753000.0,,0.733,1737787000,,,1737787000,0,140049000.0,37125000,0.069,1.8,267753000.0,407802000.0,0.509,407802000.0,267753000.0,267753000.0,1.65,1.63,1.65,2811080000,2797617000.0,2811080000,5229436713,20.0,12.823,541680000.0,4.106,1.0,287870000.0,0.359,0,0.0,6967745000,7113207000.0,0,0,,,2060035000,,,3505159713,-25381000.0,-11042000.0,29623000.0,-205105000.0,-232178000.0,-579743000.0,5645000.0,31372000.0,548717000.0,0.0,267753000.0,216475000.0,216475000.0,-1200000.0,0.0,0.27,18769000.0,269101000.0,43060000,1.091,1.247,16.192,15.818,4949147000,51278000.0,26.1,4.372,4.295,86020000,-90043000,801715000.0,801715000.0,0.0,0.041,0.077,0.038,0.334,0.0,18769000.0,1.0,134297307,131932000,150270000.0,6.077,5243468000,0,0.0,56724000,39.744,
78,DRE,ART,2001-12-31,2002-03-15,2001-12-31,2021-07-30,-192000,5330033000,5400990750.0,,,0.149,21.479,-20772000.0,9483000,9483000,510992000.0,282409000.0,,0.772,1814856000,,,1814856000,0,138723000.0,34644000,0.069,1.78,282409000.0,421132000.0,0.524,421132000.0,282409000.0,282409000.0,1.77,1.75,1.77,2785009000,2796562750.0,2785009000,5198679520,18.0,12.345,412884000.0,3.184,1.0,292816000.0,0.364,0,0.0,7135406000,7212955750.0,0,0,,,2149834000,,,3393306520,-29708000.0,0.0,36483000.0,-173645000.0,-228039000.0,-470915000.0,7551000.0,38182000.0,433656000.0,0.0,282409000.0,229967000.0,229967000.0,0.0,0.0,0.286,15559000.0,277257000.0,57009000,1.006,1.218,14.756,14.548,5027428000,52442000.0,25.75,4.222,4.154,95970000,-76023000,803808000.0,803808000.0,0.0,0.043,0.082,0.039,0.351,0.0,15559000.0,1.0,131778894,129660000,151710000.0,6.199,5330033000,0,0.0,51462000,41.108,
79,DRE,ART,2001-09-30,2001-11-14,2001-09-30,2021-07-30,-240000,5304002000,5433491500.0,,,0.148,21.313,82699000.0,9504000,9504000,512089000.0,311543000.0,,0.763,1763950000,,,1763950000,0,137027000.0,29178000,0.091,2.19,311543000.0,448570000.0,0.556,448570000.0,311543000.0,311543000.0,2.02,1.98,2.02,2772851000,2778533000.0,2772851000,4902285575,16.0,10.929,598346000.0,4.599,1.0,294185000.0,0.365,0,0.0,7058448000,7277619250.0,0,0,,,2115662000,,,3147839575,-31783000.0,-16196000.0,42305000.0,-442052000.0,-224047000.0,-728738000.0,181308000.0,193940000.0,515647000.0,0.0,311543000.0,258972000.0,258972000.0,0.0,0.0,0.321,15797000.0,278388000.0,79630000,1.084,1.135,12.155,11.931,4958154000,52571000.0,24.1,3.904,3.889,104278000,-61604000,806274000.0,806274000.0,0.0,0.048,0.093,0.043,0.386,0.0,15797000.0,1.0,130615750,130104000,158594000.0,6.197,5304002000,0,0.0,64623000,40.767,
80,DRE,ART,2001-06-30,2001-08-14,2001-06-30,2021-07-30,-836000,5490486000,5513964750.0,,,0.148,21.85,-80884000.0,103027000,103027000,527386000.0,278586000.0,,0.793,1903770000,,,1903770000,0,139834000.0,35223000,0.086,2.17,278586000.0,418420000.0,0.514,418420000.0,278586000.0,278586000.0,1.79,1.75,1.79,2821528000,2756862250.0,2821528000,5070255836,18.0,12.118,413718000.0,3.204,1.0,286676000.0,0.352,0,0.0,7291229000,7459350500.0,0,0,,,2237436000,,,3269512836,61310000.0,-2544000.0,47872000.0,-373294000.0,-220076000.0,-573876000.0,140584000.0,186132000.0,494602000.0,0.0,278586000.0,227019000.0,227019000.0,0.0,0.0,0.279,20185000.0,266491000.0,74929000,1.212,1.159,14.402,14.045,5047642000,51567000.0,25.14,4.016,3.988,116829000,-79572000,814062000.0,814062000.0,0.0,0.041,0.082,0.037,0.342,0.0,20185000.0,1.0,130052221,129131000,149572000.0,6.304,5490486000,0,0.0,55193000,42.519,
81,DRE,ART,2001-03-31,2001-05-15,2001-03-31,2021-07-30,-638000,5479442000,5573802250.0,,,0.146,21.86,-120237000.0,38891000,38891000,535953000.0,272870000.0,,0.797,1926189000,,,1926189000,0,142135000.0,37176000,0.094,2.15,272870000.0,415005000.0,0.511,415005000.0,272870000.0,272870000.0,1.76,1.73,1.76,2806863000,2721945000.0,2806863000,4824836936,18.0,11.626,344699000.0,2.685,1.0,276163000.0,0.34,0,0.0,7366740000,7645997000.0,0,0,,,2238130000,,,2937538936,978000.0,11368000.0,34541000.0,-277514000.0,-213975000.0,-483418000.0,19460000.0,116391000.0,464936000.0,0.0,272870000.0,222869000.0,222869000.0,0.0,0.0,0.274,20007000.0,256156000.0,65973000,1.222,1.047,13.181,12.955,5110140000,50001000.0,22.8,3.617,3.605,94905000,-73772000,812116000.0,812116000.0,0.0,0.04,0.082,0.036,0.336,0.0,20007000.0,1.0,128839427,128399000,151031000.0,6.325,5479442000,0,0.0,53516000,42.675,
82,DRE,ART,2000-12-31,2001-03-28,2000-12-31,2021-07-30,0,5460036000,5615551750.0,,,0.142,21.389,-116604000.0,39191000,39191000,532878000.0,261939000.0,,0.852,1973215000,,,1973215000,0,141989000.0,34208000,0.093,2.11,261939000.0,403928000.0,0.508,403928000.0,261939000.0,261939000.0,1.68,1.66,1.68,2712890000,2690226250.0,2712890000,4844254476,18.0,11.993,332526000.0,2.622,1.0,261747000.0,0.329,0,0.0,7394060000,7775555500.0,0,0,,,2311829000,,,2910230476,20426000.0,0.0,31090000.0,-61031000.0,-207909000.0,-330952000.0,-97752000.0,109581000.0,449130000.0,0.0,261939000.0,212958000.0,212958000.0,0.0,0.0,0.268,21144000.0,240603000.0,74417000,1.256,1.073,13.666,13.452,5074435000,48981000.0,22.6,3.662,3.607,99360000,-77383000,794625000.0,794625000.0,0.0,0.038,0.079,0.034,0.33,0.0,21144000.0,1.0,128771260,126836000,147441000.0,6.265,5460036000,0,0.0,51328000,43.048,
83,DRE,ART,2000-09-30,2000-11-13,2000-09-30,2021-07-30,0,5625895000,5622102250.0,,,0.139,21.149,-200588000.0,41287000,41287000,525699000.0,229715000.0,,0.931,2200765000,,,2200765000,0,140976000.0,33629000,0.088,2.03,229715000.0,370691000.0,0.473,370691000.0,229715000.0,229715000.0,1.44,1.42,1.44,2686168000,2679152750.0,2686168000,5085135167,22.0,13.718,185428000.0,1.46,1.0,257836000.0,0.329,0,0.0,7785373000,7822277750.0,0,0,,,2501634000,,,2925657167,-3995000.0,-16241000.0,34136000.0,314036000.0,-201904000.0,50681000.0,-440692000.0,-11645000.0,386016000.0,0.0,229715000.0,180717000.0,180717000.0,0.0,0.0,0.231,20318000.0,237518000.0,92985000,1.41,1.089,16.189,15.931,5272035000,48998000.0,22.94,3.734,3.719,102905000,-95961000,783535000.0,783535000.0,0.0,0.032,0.067,0.029,0.293,0.0,20318000.0,1.0,127535186,127010000,147916000.0,6.169,5625895000,0,0.0,66922000,44.295,
84,DRE,ART,2000-06-30,2000-08-11,2000-06-30,2021-07-30,0,5729836000,5549294000.0,,,0.135,21.184,-427134000.0,41717000,41717000,496606000.0,226039000.0,,0.974,2349696000,,,2349696000,0,134392000.0,36261000,0.046,1.17,226039000.0,360431000.0,0.48,360431000.0,226039000.0,226039000.0,1.43,1.42,1.43,2681859000,2673812250.0,2681859000,5541139224,25.0,15.374,7202000.0,0.057,1.0,254941000.0,0.339,0,0.0,8037815000,7689493750.0,0,0,,,2612426000,,,3233160224,-131027000.0,-33043000.0,190735000.0,237053000.0,-193024000.0,141572000.0,-706935000.0,-3635000.0,434336000.0,0.0,226039000.0,177030000.0,177030000.0,0.0,0.0,0.236,19119000.0,235822000.0,68873000,0.818,1.206,18.263,17.832,5302166000,49009000.0,25.5,4.302,4.295,92626000,-86515000,751547000.0,751547000.0,0.0,0.032,0.066,0.029,0.301,0.0,19119000.0,1.0,126790597,126597000,147181000.0,5.937,5729836000,0,0.0,56698000,45.26,
85,DRE,ART,2000-03-31,2000-05-15,2000-03-31,2021-07-30,0,5646440000,4973763000.0,,,0.134,21.258,-397300000.0,37913000,37913000,431721000.0,207115000.0,,0.943,2276447000,,,2276447000,0,117517000.0,38797000,0.071,1.56,207115000.0,324632000.0,0.489,324632000.0,207115000.0,207115000.0,1.4,1.39,1.4,2679988000,2440588000.0,2679988000,5021285092,24.0,15.468,-9411000.0,-0.075,1.0,232418000.0,0.35,0,0.0,7884974000,6841421000.0,0,0,,,2528497000,,,2782751092,2917000.0,-42163000.0,211353000.0,423340000.0,-173813000.0,375383000.0,-760355000.0,7993000.0,387889000.0,0.0,207115000.0,161101000.0,161101000.0,0.0,0.0,0.243,18105000.0,214313000.0,75774000,1.114,1.038,17.273,15.714,5243808000,46014000.0,22.0,4.19,4.176,81273000,-82666000,664139000.0,664139000.0,0.0,0.032,0.066,0.03,0.312,0.0,18105000.0,1.0,126488686,126070000,146326000.0,5.268,5646440000,0,0.0,54884000,44.788,
86,DRE,ART,1999-12-31,2000-03-30,1999-12-31,2021-07-30,0,5486238000,4329366750.0,,,0.136,25.443,-528058000.0,18765000,18765000,376329000.0,182240000.0,,0.893,2113476000,,,2113476000,0,100063000.0,36156000,0.081,1.51,182240000.0,282303000.0,0.479,282303000.0,182240000.0,182240000.0,1.33,1.32,1.33,2668596000,2190543000.0,2668596000,4441330105,24.0,15.732,-185378000.0,-1.767,1.0,213265000.0,0.362,0,0.0,7580949000,5907032250.0,0,0,,,2383897000,,,2346619105,11815000.0,-16241000.0,214778000.0,357109000.0,-154069000.0,436449000.0,-767314000.0,0.0,342680000.0,0.0,182240000.0,139636000.0,139636000.0,0.0,0.0,0.237,16556000.0,196709000.0,93164000,1.135,0.879,16.805,13.955,5192396000,42604000.0,18.56,3.98,3.302,86151000,-82432000,589594000.0,589594000.0,0.0,0.032,0.064,0.031,0.309,0.0,16556000.0,1.0,126434219,104884000,120511000.0,5.621,5486238000,0,0.0,47604000,52.308,
87,DRE,ART,1999-09-30,1999-11-15,1999-09-30,2021-07-30,0,5334662000,3671220500.0,,,0.138,22.427,-710391000.0,45282000,45282000,322863000.0,157829000.0,,0.84,1964857000,,,1964857000,0,85368000.0,33845000,0.056,1.07,157829000.0,243197000.0,0.48,243197000.0,157829000.0,157829000.0,1.28,1.28,1.28,2664806000,1915922000.0,2664806000,4313626184,27.0,17.737,-380593000.0,-3.203,1.0,184139000.0,0.363,0,0.0,7254237000,4975300000.0,0,0,,,2237760000,,,2394051184,23249000.0,0.0,278182000.0,189561000.0,-133803000.0,496647000.0,-803196000.0,-27885000.0,329798000.0,0.0,157829000.0,121754000.0,121754000.0,0.0,0.0,0.24,15075000.0,169064000.0,96841000,0.836,0.898,19.663,14.938,5053372000,36075000.0,19.12,4.722,4.481,77899000,-74774000,507002000.0,507002000.0,0.0,0.033,0.064,0.032,0.311,0.0,15075000.0,1.0,125211882,118820000,138923000.0,4.267,5334662000,0,0.0,60174000,44.897,
88,DRE,ART,1999-06-30,1999-08-16,1999-06-30,2021-07-30,0,3427712000,3000307250.0,,,0.143,19.795,-721859000.0,172744000,172744000,275060000.0,132264000.0,,0.897,1390556000,,,1390556000,0,71078000.0,18973000,0.065,1.41,132264000.0,203342000.0,0.474,203342000.0,132264000.0,132264000.0,1.22,1.22,1.22,1748962000,1592383250.0,1748962000,3752075667,28.0,18.452,-518496000.0,-5.868,1.0,153899000.0,0.359,0,0.0,4645524000,4075746000.0,0,0,,,1569502000,,,2534263667,150365000.0,16802000.0,146475000.0,410786000.0,-115642000.0,617689000.0,-670687000.0,-26283000.0,203363000.0,0.0,132264000.0,103741000.0,103741000.0,0.0,0.0,0.242,13241000.0,140658000.0,64687000,1.156,1.449,24.429,17.721,3015723000,28523000.0,21.62,5.908,4.453,109644000,-70521000,428959000.0,428959000.0,0.0,0.035,0.065,0.032,0.308,0.0,13241000.0,1.0,117218486,88353000,98855000.0,4.855,3427712000,0,0.0,39348000,38.796,
89,DRE,ART,1999-03-31,1999-05-14,1999-03-31,2021-07-30,0,3068855000,2776079500.0,,,0.145,19.449,-744975000.0,34996000,34996000,260475000.0,119975000.0,,0.763,1113560000,,,1113560000,0,67024000.0,22005000,0.058,1.36,119975000.0,186999000.0,0.464,186999000.0,119975000.0,119975000.0,1.16,1.16,1.16,1679808000,1490379750.0,1679808000,3158013128,26.0,16.888,-530512000.0,-6.142,1.0,142544000.0,0.354,0,0.0,4147419000,3779866500.0,0,0,,,1281618000,,,2079449128,5827000.0,16802000.0,182775000.0,299151000.0,-109693000.0,553749000.0,-762385000.0,-29857000.0,214463000.0,0.0,119975000.0,96003000.0,96003000.0,0.0,0.0,0.238,12848000.0,129696000.0,52475000,1.172,1.238,21.66,20.207,2833070000,23972000.0,23.44,5.16,5.023,88159000,-69954000,403019000.0,403019000.0,0.0,0.035,0.064,0.032,0.298,0.0,12848000.0,1.0,88713700,86370000,98094000.0,4.666,3068855000,0,0.0,39750000,35.531,
90,DRE,ART,1998-12-31,1999-03-29,1998-12-31,2021-07-30,0,2853653000,2583579000.0,,,0.145,19.455,-638198000.0,6950000,6950000,240179000.0,110704000.0,,0.75,1007317000,,,1007317000,0,61414000.0,18534000,0.063,1.32,110704000.0,172118000.0,0.461,172118000.0,110704000.0,110704000.0,1.13,1.12,1.13,1570112000,1389722000.0,1570112000,2826068698,26.0,16.419,-417010000.0,-5.167,1.0,133162000.0,0.357,0,0.0,3854020000,3511407250.0,0,0,,,1176812000,,,1825701698,-3403000.0,0.0,211478000.0,278003000.0,-103223000.0,479223000.0,-703814000.0,-28734000.0,221188000.0,0.0,110704000.0,90871000.0,90871000.0,0.0,0.0,0.243,11573000.0,121589000.0,59848000,1.168,1.163,20.091,18.637,2682499000,19833000.0,21.06,4.89,4.552,59135000,-67999000,373341000.0,373341000.0,0.0,0.035,0.065,0.032,0.297,0.0,11573000.0,1.0,86690489,80704000,92468000.0,4.626,2853653000,0,0.0,36075000,35.359,
91,DRE,ART,1998-09-30,1998-11-12,1998-09-30,2021-07-30,0,2651009000,2414219250.0,,,,16.798,,22033000,22033000,,,,0.855,1027045000,,,1027045000,0,,17411000,0.055,1.28,,,,,,,,,,1370651000,1305864250.0,1370651000,2950918006,,,,,1.0,,,0,,3656021000,3269397250.0,0,0,,,1171655000,,,1945906006,,,,,,,,,,,,,,,,,,,47755000,,1.42,,,2480860000,,23.25,,,58369000,-62725000,,,,,,,,,,1.0,83694882,81594000,,,2651009000,0,,36559000,32.49,
92,DRE,ART,1998-06-30,1998-08-13,1998-06-30,2021-07-30,0,2530801000,,,,,16.745,,22379000,22379000,,,,0.806,953584000,,,953584000,0,,18242000,0.059,1.24,,,,,,,,,,1340948000,,1340948000,2637281686,,,,,1.0,,,0,,3462006000,,0,0,,,1080629000,,,1706076686,,,,,,,,,,,,,,,,,,,38475000,,1.272,,,2389790000,,21.06,,,41933000,-58620000,,,,,,,,,,1.0,81010289,80080000,,,2530801000,0,,28775000,31.603,
93,DRE,ART,1998-03-31,1998-05-15,1998-03-31,2021-07-30,0,2298853000,,,,,16.661,,29169000,29169000,,,,0.716,803898000,,,803898000,0,,17050000,0.052,1.195,,,,,,,,,,1277177000,,1277177000,2640487129,,,,,1.0,,,0,,3073582000,,0,0,,,913903000,,,1865758129,,,,,,,,,,,,,,,,,,,34990000,,1.461,,,2161790000,,23.12,,,42360000,-56264000,,,,,,,,,,1.0,80698881,76655000,,,2298853000,0,,27997000,29.99,
94,DRE,ART,1997-12-31,1998-03-20,1997-12-31,2021-07-30,0,2176214000,,,,,18.587,-272944000.0,10353000,10353000,161187000.0,78484000.0,,0.676,720119000,,,720119000,0,39771000.0,14268000,0.049,1.15,78484000.0,118255000.0,0.469,118255000.0,78484000.0,78484000.0,0.99,0.98,0.99,1234681000,,1234681000,2504593344,32.0,21.18,-113749000.0,-1.712,1.0,90893000.0,0.361,0,0.0,2885980000,,0,0,,,834169000,,,1794827344,5019000.0,60000000.0,321239000.0,76001000.0,-73183000.0,443148000.0,-597324000.0,-32226000.0,159195000.0,0.0,78484000.0,65999000.0,65999000.0,0.0,0.0,0.262,6530000.0,84363000.0,42128000,1.162,1.454,27.195,23.485,2060463000,12485000.0,23.25,7.12,6.127,43378000,-55647000,252080000.0,252080000.0,0.0,,,,0.311,0.0,6530000.0,1.0,77196875,66427000,74993000.0,3.795,2176214000,0,0.0,25203000,32.761,
