None,ticker,dimension,calendardate,datekey,reportperiod,lastupdated,accoci,assets,assetsavg,assetsc,assetsnc,assetturnover,bvps,capex,cashneq,cashnequsd,cor,consolinc,currentratio,de,debt,debtc,debtnc,debtusd,deferredrev,depamor,deposits,divyield,dps,ebit,ebitda,ebitdamargin,ebitdausd,ebitusd,ebt,eps,epsdil,epsusd,equity,equityavg,equityusd,ev,evebit,evebitda,fcf,fcfps,fxusd,gp,grossmargin,intangibles,intexp,invcap,invcapavg,inventory,investments,investmentsc,investmentsnc,liabilities,liabilitiesc,liabilitiesnc,marketcap,ncf,ncfbus,ncfcommon,ncfdebt,ncfdiv,ncff,ncfi,ncfinv,ncfo,ncfx,netinc,netinccmn,netinccmnusd,netincdis,netincnci,netmargin,opex,opinc,payables,payoutratio,pb,pe,pe1,ppnenet,prefdivis,price,ps,ps1,receivables,retearn,revenue,revenueusd,rnd,roa,roe,roic,ros,sbcomp,sgna,sharefactor,sharesbas,shareswa,shareswadil,sps,tangibles,taxassets,taxexp,taxliabilities,tbvps,workingcapital
0,ENPH,MRY,2020-12-31,2020-12-31,2020-12-31,2021-07-27,434000.0,1200102000.0,1080289000.0,933064000.0,267038000.0,0.717,3.855,-20558000.0,679379000.0,679379000.0,428444000.0,133995000.0,1.747,1.48,330865000.0,325967000.0,4898000.0,330865000.0,173138000.0,18103000.0,0.0,0.0,0.0,140411000.0,158514000.0,0.205,158514000.0,140411000.0,119410000.0,1.07,0.95,1.07,483993000.0,396645500.0,483993000.0,21865905531.0,156.0,137.943,195776000.0,1.559,1.0,345981000.0,0.447,53591000.0,21001000.0,263954000.0,440299500.0,41764000.0,0.0,0.0,0.0,716109000.0,534043000.0,182066000.0,22167575531.0,383270000.0,0.0,8395000.0,269117000.0,0.0,191678000.0,-25568000.0,-5010000.0,216334000.0,826000.0,133995000.0,133995000.0,133995000.0,0.0,0.0,0.173,159542000.0,186439000.0,72609000.0,0.0,45.801,165.436,163.991,60668000.0,0.0,175.47,28.625,28.45,182165000.0,-51186000.0,774425000.0,774425000.0,55921000.0,0.124,0.338,0.319,0.181,42503000.0,103621000.0,1.0,126332567.0,125561000,141918000.0,6.168,1146511000.0,92904000.0,-14585000.0,0.0,9.131,399021000.0
1,ENPH,MRY,2019-12-31,2019-12-31,2019-12-31,2021-07-27,-923000.0,713223000.0,509415500.0,499657000.0,213566000.0,1.226,2.332,-14788000.0,296109000.0,296109000.0,403088000.0,161148000.0,2.507,1.62,105543000.0,2884000.0,102659000.0,105543000.0,181987000.0,14119000.0,0.0,0.0,0.0,99805000.0,113924000.0,0.182,113924000.0,99805000.0,90114000.0,1.38,1.23,1.38,272212000.0,138974000.0,272212000.0,3098956301.0,31.0,27.202,124279000.0,1.065,1.0,221245000.0,0.354,55362000.0,9691000.0,267984000.0,197090500.0,32056000.0,0.0,0.0,0.0,441011000.0,199311000.0,241700000.0,3197940301.0,189872000.0,0.0,4985000.0,81558000.0,0.0,65850000.0,-14788000.0,0.0,139067000.0,-257000.0,161148000.0,161148000.0,161148000.0,0.0,0.0,0.258,118516000.0,102729000.0,57474000.0,0.0,11.748,19.845,18.935,39053000.0,0.0,26.13,5.122,4.885,145413000.0,-185181000.0,624333000.0,624333000.0,40381000.0,0.316,1.16,0.506,0.16,20176000.0,75536000.0,1.0,122385775.0,116713000,131644000.0,5.349,657861000.0,74531000.0,-71034000.0,0.0,5.637,300346000.0
2,ENPH,MRY,2018-12-31,2018-12-31,2018-12-31,2021-07-27,742000.0,339937000.0,274275250.0,222302000.0,117635000.0,1.153,0.078,-4151000.0,106237000.0,106237000.0,221714000.0,-11627000.0,1.511,42.716,109783000.0,28155000.0,81628000.0,109783000.0,110030000.0,9667000.0,0.0,0.0,0.0,464000.0,10131000.0,0.032,10131000.0,464000.0,-10229000.0,-0.12,-0.12,-0.12,7776000.0,-12333500.0,7776000.0,498799946.0,1075.0,49.235,11981000.0,0.12,1.0,94445000.0,0.299,60089000.0,10693000.0,136233000.0,114502000.0,16267000.0,0.0,0.0,0.0,332161000.0,147161000.0,185000000.0,502931946.0,77093000.0,-15000000.0,22566000.0,58048000.0,0.0,80614000.0,-19151000.0,0.0,16132000.0,-502000.0,-11627000.0,-11627000.0,-11627000.0,0.0,0.0,-0.037,92849000.0,1596000.0,48794000.0,0.0,64.677,-43.256,-39.417,20998000.0,0.0,4.73,1.591,1.49,78938000.0,-346302000.0,316159000.0,316159000.0,32587000.0,-0.042,0.943,0.004,0.001,11432000.0,56133000.0,1.0,106328107.0,99619000,99619000.0,3.174,279848000.0,0.0,1398000.0,0.0,2.809,75141000.0
3,ENPH,MRY,2017-12-31,2017-12-31,2017-12-31,2021-07-27,-656000.0,169147000.0,169353250.0,130446000.0,38701000.0,1.69,-0.11,-4121000.0,29144000.0,29144000.0,230123000.0,-45192000.0,1.422,-19.535,49751000.0,17429000.0,32322000.0,49751000.0,45632000.0,9004000.0,0.0,0.0,0.0,-37129000.0,-28125000.0,-0.098,-28125000.0,-37129000.0,-45341000.0,-0.54,-0.54,-0.54,-9126000.0,-2960250.0,-9126000.0,224865371.0,-6.0,-7.995,-32563000.0,-0.393,1.0,56043000.0,0.196,4179000.0,8212000.0,93834000.0,109405250.0,25999000.0,0.0,0.0,0.0,178273000.0,91741000.0,86532000.0,206133371.0,11380000.0,0.0,26955000.0,16342000.0,0.0,43297000.0,-4121000.0,0.0,-28442000.0,646000.0,-45192000.0,-45192000.0,-45192000.0,0.0,0.0,-0.158,95421000.0,-39378000.0,28747000.0,0.0,-22.587,-4.561,-4.463,26483000.0,0.0,2.41,0.72,0.698,65346000.0,-295727000.0,286166000.0,286166000.0,33157000.0,-0.267,15.266,-0.339,-0.13,6727000.0,45347000.0,1.0,85532519.0,82939000,82939000.0,3.45,164968000.0,0.0,-149000.0,0.0,1.989,38705000.0
4,ENPH,MRY,2016-12-31,2016-12-31,2016-12-31,2021-07-27,-292000.0,163576000.0,162758250.0,117864000.0,45712000.0,1.982,0.026,-12167000.0,17764000.0,17764000.0,264583000.0,-67462000.0,1.424,124.828,33900000.0,13132000.0,20768000.0,33900000.0,40304000.0,10638000.0,0.0,0.0,0.0,-63214000.0,-52576000.0,-0.163,-52576000.0,-63214000.0,-65987000.0,-1.34,-1.34,-1.34,1300000.0,12386500.0,1300000.0,74871441.0,-1.0,-1.424,-45120000.0,-0.893,1.0,58008000.0,0.18,4609000.0,2773000.0,92331000.0,84099750.0,31960000.0,0.0,0.0,0.0,162276000.0,82772000.0,79504000.0,62528441.0,-10688000.0,1050000.0,17286000.0,17089000.0,0.0,34375000.0,-11795000.0,0.0,-32953000.0,-315000.0,-67462000.0,-67462000.0,-67462000.0,0.0,0.0,-0.209,120708000.0,-62700000.0,31696000.0,0.0,48.099,-0.927,-0.754,31440000.0,0.0,1.01,0.194,0.158,61019000.0,-250535000.0,322591000.0,322591000.0,50703000.0,-0.414,-5.446,-0.752,-0.196,10326000.0,66228000.0,1.0,61909348.0,50519000,50519000.0,6.386,158967000.0,0.0,1475000.0,0.0,3.147,35092000.0
5,ENPH,MRY,2015-12-31,2015-12-31,2015-12-31,2021-07-27,-210000.0,165528000.0,170819750.0,121768000.0,43760000.0,2.091,0.929,-12525000.0,28452000.0,28452000.0,249032000.0,-22082000.0,1.672,2.994,17000000.0,17000000.0,0.0,17000000.0,29030000.0,10539000.0,0.0,0.0,0.0,-20202000.0,-9663000.0,-0.027,-9663000.0,-20202000.0,-20703000.0,-0.49,-0.49,-0.49,41449000.0,46786000.0,41449000.0,153628725.0,-8.0,-15.899,-33685000.0,-0.755,1.0,108217000.0,0.303,5965000.0,501000.0,75263000.0,76091500.0,40800000.0,0.0,0.0,0.0,124079000.0,72848000.0,51231000.0,159119725.0,-13580000.0,0.0,4014000.0,16850000.0,0.0,20564000.0,-12462000.0,0.0,-21160000.0,-522000.0,-22082000.0,-22082000.0,-22082000.0,0.0,0.0,-0.062,127526000.0,-19309000.0,25569000.0,0.0,3.839,-7.206,-7.163,32118000.0,0.0,3.51,0.445,0.439,46099000.0,-183073000.0,357249000.0,357249000.0,50819000.0,-0.129,-0.472,-0.265,-0.057,12696000.0,76707000.0,1.0,45333255.0,44632000,44632000.0,8.004,159563000.0,0.0,1379000.0,0.0,3.575,48920000.0
6,ENPH,MRY,2014-12-31,2014-12-31,2014-12-31,2021-07-27,-79000.0,152192000.0,135539750.0,114896000.0,37296000.0,2.537,1.094,-13249000.0,42032000.0,42032000.0,230861000.0,-8052000.0,1.957,2.241,0.0,0.0,0.0,0.0,19359000.0,8259000.0,0.0,0.0,0.0,-5423000.0,2836000.0,0.008,2836000.0,-5423000.0,-7286000.0,-0.19,-0.19,-0.19,46952000.0,40751500.0,46952000.0,584719120.0,-108.0,206.177,10973000.0,0.256,1.0,113043000.0,0.329,5556000.0,1863000.0,45898000.0,47496750.0,21590000.0,0.0,0.0,0.0,105240000.0,58706000.0,46534000.0,623395120.0,3842000.0,-2235000.0,5366000.0,-8708000.0,0.0,-3342000.0,-16534000.0,0.0,24222000.0,-504000.0,-8052000.0,-8052000.0,-8052000.0,0.0,0.0,-0.023,117472000.0,-4429000.0,22316000.0,0.0,13.277,-77.421,-75.211,30824000.0,0.0,14.29,1.813,1.783,45119000.0,-160991000.0,343904000.0,343904000.0,45386000.0,-0.059,-0.198,-0.114,-0.016,9740000.0,72086000.0,1.0,43624571.0,42903000,42903000.0,8.016,146636000.0,0.0,766000.0,0.0,3.418,56190000.0
7,ENPH,MRY,2013-12-31,2013-12-31,2013-12-31,2021-07-27,229000.0,116669000.0,115848000.0,90509000.0,26160000.0,2.01,0.965,-6257000.0,38190000.0,38190000.0,165430000.0,-25913000.0,2.713,1.902,8677000.0,3507000.0,5170000.0,8677000.0,14057000.0,6981000.0,0.0,0.0,0.0,-22995000.0,-16014000.0,-0.069,-16014000.0,-22995000.0,-25050000.0,-0.62,-0.62,-0.62,40206000.0,43248750.0,40206000.0,244059638.0,-11.0,-15.24,-7129000.0,-0.171,1.0,67416000.0,0.29,286000.0,2055000.0,53505000.0,55055500.0,16580000.0,0.0,0.0,0.0,76463000.0,33365000.0,43098000.0,266544638.0,-7104000.0,0.0,2429000.0,-2487000.0,0.0,-58000.0,-6257000.0,0.0,-872000.0,83000.0,-25913000.0,-25913000.0,-25913000.0,0.0,0.0,-0.111,89574000.0,-22158000.0,7363000.0,0.0,6.629,-10.286,-10.226,24853000.0,0.0,6.34,1.145,1.134,32084000.0,-152939000.0,232846000.0,232846000.0,34524000.0,-0.224,-0.599,-0.418,-0.099,6849000.0,55050000.0,1.0,42041741.0,41647000,41647000.0,5.591,116383000.0,0.0,863000.0,0.0,2.795,57144000.0
8,ENPH,MRY,2012-12-31,2012-12-31,2012-12-31,2021-07-27,52000.0,122291000.0,121563500.0,94998000.0,27293000.0,1.782,1.843,-12990000.0,45294000.0,45294000.0,161390000.0,-38218000.0,2.806,1.159,11061000.0,2384000.0,8677000.0,11061000.0,8470000.0,5568000.0,0.0,0.0,0.0,-31131000.0,-25563000.0,-0.118,-25563000.0,-31131000.0,-37567000.0,-1.24,-1.24,-1.24,56655000.0,48453500.0,56655000.0,119258317.0,-4.0,-4.665,-57635000.0,-1.875,1.0,55288000.0,0.255,0.0,6436000.0,54203000.0,48816000.0,19843000.0,0.0,0.0,0.0,65636000.0,33855000.0,31781000.0,149028317.0,-6230000.0,0.0,58864000.0,-5230000.0,0.0,51436000.0,-12990000.0,0.0,-44645000.0,-31000.0,-38218000.0,-38218000.0,-38218000.0,0.0,0.0,-0.176,86449000.0,-31161000.0,11272000.0,0.0,2.63,-3.899,-2.944,25541000.0,0.0,3.65,0.688,0.518,27743000.0,-127026000.0,216678000.0,216678000.0,35601000.0,-0.314,-0.789,-0.638,-0.144,4766000.0,50848000.0,1.0,40829676.0,30740000,30740000.0,7.049,122291000.0,0.0,651000.0,0.0,3.978,61143000.0
9,ENPH,MRY,2011-12-31,2011-12-31,2011-12-31,2021-07-27,83000.0,106242000.0,82873000.0,81787000.0,24455000.0,1.804,11.135,-14662000.0,51524000.0,51524000.0,120454000.0,-32290000.0,1.562,6.603,33879000.0,4529000.0,29350000.0,33879000.0,27084000.0,3032000.0,0.0,,0.0,-29284000.0,-26252000.0,-0.176,-26252000.0,-29284000.0,-32290000.0,-25.73,-25.73,-25.73,13974000.0,26227500.0,13974000.0,,,,-15029000.0,-11.975,1.0,29069000.0,0.194,0.0,3006000.0,36227000.0,24719000.0,11228000.0,0.0,0.0,0.0,92268000.0,52370000.0,39898000.0,,11531000.0,0.0,2048000.0,27293000.0,0.0,26482000.0,-14662000.0,0.0,-367000.0,78000.0,-32290000.0,-32290000.0,-32290000.0,0.0,0.0,-0.216,57781000.0,-28712000.0,12928000.0,0.0,,,,18411000.0,0.0,,,,17771000.0,-88808000.0,149523000.0,149523000.0,25099000.0,-0.39,-1.231,-1.185,-0.196,2120000.0,32682000.0,1.0,37328347.0,1255000,1255000.0,119.142,106242000.0,0.0,0.0,0.0,84.655,29417000.0
10,ENPH,MRY,2010-12-31,2010-12-31,2010-12-31,2021-07-27,0.0,59504000.0,,52956000.0,6548000.0,,51.172,-3262000.0,39993000.0,39993000.0,55159000.0,-21777000.0,4.011,0.546,6903000.0,2567000.0,4336000.0,6903000.0,1639000.0,1550000.0,0.0,,0.0,-20863000.0,-19313000.0,-0.313,-19313000.0,-20863000.0,-21777000.0,-28.96,-28.96,-28.96,38481000.0,,38481000.0,,,,-21114000.0,-28.077,1.0,6502000.0,0.105,0.0,914000.0,13211000.0,,4521000.0,0.0,0.0,0.0,21023000.0,13203000.0,7820000.0,,31351000.0,0.0,61000.0,6667000.0,0.0,52465000.0,-3262000.0,0.0,-17852000.0,0.0,-21777000.0,-21777000.0,-21777000.0,0.0,0.0,-0.353,27219000.0,-20717000.0,6521000.0,0.0,,,,6103000.0,0.0,,,,8024000.0,-56518000.0,61661000.0,61661000.0,14296000.0,,,,-0.338,829000.0,12923000.0,1.0,,752000,752000.0,81.996,59504000.0,0.0,0.0,0.0,79.128,39753000.0
11,ENPH,MRY,2009-12-31,2009-12-31,2009-12-31,2021-07-27,,,,,,,,-2134000.0,,,23223000.0,-16925000.0,,,,,,,,803000.0,,,0.0,-16569000.0,-15766000.0,-0.781,-15766000.0,-16569000.0,-16925000.0,-25.92,-25.92,-25.92,,,,,,,-21021000.0,-32.191,1.0,-3029000.0,-0.15,,356000.0,,,,,,,,,,,4506000.0,0.0,31000.0,1270000.0,0.0,25515000.0,-2122000.0,-55000.0,-18887000.0,0.0,-16925000.0,-16925000.0,-16925000.0,0.0,0.0,-0.838,13665000.0,-16694000.0,,0.0,,,,,0.0,,,,,,20194000.0,20194000.0,8411000.0,,,,-0.82,180000.0,5254000.0,1.0,,653000,653000.0,30.925,,,0.0,,,
0,ENPH,MRQ,2021-06-30,2021-06-30,2021-06-30,2021-07-27,1924000.0,2100656000.0,,1665919000.0,434737000.0,,4.326,-16428000.0,1312261000.0,1312261000.0,188256000.0,39351000.0,4.672,2.595,1014140000.0,85125000.0,929015000.0,1014140000.0,220729000.0,7596000.0,0.0,0.0,0.0,58852000.0,66448000.0,0.21,66448000.0,58852000.0,46346000.0,0.29,0.28,0.29,584399000.0,,584399000.0,24431605987.0,127.0,113.173,49232000.0,0.364,1.0,127801000.0,0.404,106730000.0,12506000.0,1339212000.0,,37756000.0,0.0,0.0,0.0,1516257000.0,356593000.0,1159664000.0,24918386987.0,-176749000.0,0.0,-196572000.0,-1372000.0,0.0,-205757000.0,-36428000.0,-20000000.0,65660000.0,-224000.0,39351000.0,39351000.0,39351000.0,0.0,0.0,0.125,68401000.0,59400000.0,82141000.0,0.0,42.639,135.868,129.317,78904000.0,0.0,183.63,23.482,23.378,281154000.0,-180137000.0,316057000.0,316057000.0,22708000.0,,,,,15312000.0,45693000.0,1.0,135698889.0,135094000,141533000.0,2.34,1993926000.0,130571000.0,6995000.0,0.0,14.76,1309326000.0
1,ENPH,MRQ,2021-03-31,2021-03-31,2021-03-31,2021-07-27,640000.0,2194199000.0,,1791362000.0,402837000.0,,5.581,-9940000.0,1489010000.0,1489010000.0,178805000.0,31698000.0,5.2,1.994,1002229000.0,84356000.0,917873000.0,1002229000.0,192103000.0,5558000.0,0.0,0.0,0.0,5663000.0,11221000.0,0.037,11221000.0,5663000.0,-1666000.0,0.24,0.22,0.24,732841000.0,,732841000.0,20573581792.0,240.0,194.7,65901000.0,0.502,1.0,122949000.0,0.407,108955000.0,7329000.0,1253990000.0,,34876000.0,0.0,0.0,0.0,1461358000.0,344473000.0,1116885000.0,20922095792.0,809631000.0,-55239000.0,214000.0,899077000.0,0.0,824671000.0,-90179000.0,-25000000.0,75841000.0,-702000.0,31698000.0,31698000.0,31698000.0,0.0,0.0,0.105,61563000.0,61386000.0,81524000.0,0.0,28.549,216.233,216.213,70336000.0,0.0,162.16,24.031,24.456,236090000.0,-19488000.0,301754000.0,301754000.0,21818000.0,,,,,14844000.0,39745000.0,1.0,129021311.0,131303000,146442000.0,2.298,2085244000.0,132231000.0,-33364000.0,0.0,15.881,1446889000.0
2,ENPH,MRQ,2020-12-31,2020-12-31,2020-12-31,2021-07-27,434000.0,1200102000.0,,933064000.0,267038000.0,,3.811,-8851000.0,679379000.0,679379000.0,142901000.0,72991000.0,1.747,1.48,330865000.0,325967000.0,4898000.0,330865000.0,173138000.0,5353000.0,0.0,0.0,0.0,77253000.0,82606000.0,0.312,82606000.0,77253000.0,71352000.0,0.58,0.51,0.58,483993000.0,,483993000.0,21865905531.0,156.0,137.943,75329000.0,0.593,1.0,121938000.0,0.46,53591000.0,5901000.0,263954000.0,,41764000.0,0.0,0.0,0.0,716109000.0,534043000.0,182066000.0,22167575531.0,17587000.0,0.0,3687000.0,-41034000.0,0.0,-53635000.0,-13861000.0,-5010000.0,84180000.0,903000.0,72991000.0,72991000.0,72991000.0,0.0,0.0,0.276,42824000.0,79114000.0,72609000.0,0.0,45.801,165.436,163.991,60668000.0,0.0,175.47,28.625,28.45,182165000.0,-51186000.0,264839000.0,264839000.0,15801000.0,,,,,8289000.0,27023000.0,1.0,126332567.0,126992000,147051000.0,2.085,1146511000.0,92904000.0,-1639000.0,0.0,9.028,399021000.0
3,ENPH,MRQ,2020-09-30,2020-09-30,2020-09-30,2021-07-27,-356000.0,1092340000.0,,850234000.0,242106000.0,,3.3,-3903000.0,661792000.0,661792000.0,83522000.0,39362000.0,3.315,1.625,360122000.0,103670000.0,256452000.0,360122000.0,157495000.0,4765000.0,0.0,0.0,0.0,50838000.0,55603000.0,0.311,55603000.0,50838000.0,44845000.0,0.31,0.28,0.31,416206000.0,,416206000.0,10155141258.0,92.0,81.111,63598000.0,0.504,1.0,94981000.0,0.532,51622000.0,5993000.0,482529000.0,,37535000.0,0.0,0.0,0.0,676134000.0,256519000.0,419615000.0,10406950258.0,54538000.0,0.0,-138000.0,-636000.0,0.0,-9164000.0,-3903000.0,0.0,67501000.0,104000.0,39362000.0,39362000.0,39362000.0,0.0,0.0,0.221,43222000.0,51759000.0,48148000.0,0.0,25.004,58.575,55.804,49674000.0,0.0,82.59,14.462,14.473,122386000.0,-124177000.0,178503000.0,178503000.0,15052000.0,,,,,14399000.0,28170000.0,1.0,126007389.0,126109000,141820000.0,1.415,1040718000.0,88812000.0,5483000.0,0.0,8.253,593715000.0
4,ENPH,MRQ,2020-06-30,2020-06-30,2020-06-30,2021-07-27,-1153000.0,997927000.0,,757201000.0,240726000.0,,2.947,-4451000.0,607254000.0,607254000.0,77151000.0,-47294000.0,3.388,1.696,355445000.0,102271000.0,253174000.0,355445000.0,151233000.0,4141000.0,0.0,0.0,0.0,-47903000.0,-43762000.0,-0.349,-43762000.0,-47903000.0,-53855000.0,-0.38,-0.38,-0.38,370176000.0,,370176000.0,5758253337.0,62.0,53.76,20980000.0,0.167,1.0,48387000.0,0.385,52869000.0,5952000.0,469726000.0,,31186000.0,0.0,0.0,0.0,627751000.0,223523000.0,404228000.0,5956314337.0,13410000.0,0.0,2867000.0,-1076000.0,0.0,-7594000.0,-4451000.0,0.0,25431000.0,24000.0,-47294000.0,-47294000.0,-47294000.0,0.0,0.0,-0.377,37533000.0,10854000.0,24135000.0,0.0,16.09,35.16,33.5,44434000.0,0.0,47.57,8.259,8.285,89504000.0,-163539000.0,125538000.0,125538000.0,13192000.0,,,,,12300000.0,24341000.0,1.0,125211569.0,125603000,125603000.0,0.999,945058000.0,93872000.0,-6561000.0,0.0,7.524,533678000.0
5,ENPH,MRQ,2020-03-31,2020-03-31,2020-03-31,2021-07-27,-1091000.0,1030787000.0,,751697000.0,279090000.0,,2.56,-3353000.0,593844000.0,593844000.0,124870000.0,68936000.0,3.218,2.26,395783000.0,100567000.0,295216000.0,395783000.0,145227000.0,3844000.0,0.0,0.0,0.0,60223000.0,64067000.0,0.312,64067000.0,60223000.0,57068000.0,0.56,0.5,0.56,316207000.0,,316207000.0,3786892661.0,25.0,22.601,35869000.0,0.29,1.0,80675000.0,0.392,54115000.0,3155000.0,544989000.0,,34617000.0,0.0,0.0,0.0,714580000.0,233622000.0,480958000.0,3977458661.0,297735000.0,0.0,1979000.0,311863000.0,0.0,262071000.0,-3353000.0,0.0,39222000.0,-205000.0,68936000.0,68936000.0,68936000.0,0.0,0.0,0.335,35963000.0,44712000.0,34538000.0,0.0,12.579,17.497,17.085,42486000.0,0.0,32.29,5.451,5.466,95484000.0,-116245000.0,205545000.0,205545000.0,11876000.0,,,,,7515000.0,24087000.0,1.0,123179271.0,123531000,138104000.0,1.664,976672000.0,86806000.0,-11868000.0,0.0,7.906,518075000.0
6,ENPH,MRQ,2019-12-31,2019-12-31,2019-12-31,2021-07-27,-923000.0,713223000.0,,499657000.0,213566000.0,,2.219,-7420000.0,296109000.0,296109000.0,132151000.0,116666000.0,2.507,1.62,105543000.0,2884000.0,102659000.0,105543000.0,181987000.0,2568000.0,0.0,0.0,0.0,46724000.0,49292000.0,0.235,49292000.0,46724000.0,44421000.0,0.99,0.88,0.99,272212000.0,,272212000.0,3098956301.0,31.0,27.202,94851000.0,0.773,1.0,77881000.0,0.371,55362000.0,2303000.0,267984000.0,,32056000.0,0.0,0.0,0.0,441011000.0,199311000.0,241700000.0,3197940301.0,93063000.0,0.0,2060000.0,-265000.0,0.0,-1966000.0,-7420000.0,0.0,102271000.0,178000.0,116666000.0,116666000.0,116666000.0,0.0,0.0,0.555,33439000.0,44442000.0,57474000.0,0.0,11.748,19.845,18.935,39053000.0,0.0,26.13,5.122,4.885,145413000.0,-185181000.0,210032000.0,210032000.0,11168000.0,,,,,6176000.0,21140000.0,1.0,122385775.0,122692000,133234000.0,1.712,657861000.0,74531000.0,-72245000.0,0.0,5.362,300346000.0
7,ENPH,MRQ,2019-09-30,2019-09-30,2019-09-30,2021-07-27,569000.0,523669000.0,,391517000.0,132152000.0,,1.247,-4192000.0,203046000.0,203046000.0,115351000.0,31099000.0,2.667,2.439,104062000.0,3084000.0,100978000.0,104062000.0,120041000.0,3857000.0,0.0,0.0,0.0,33657000.0,37514000.0,0.208,37514000.0,33657000.0,31371000.0,0.25,0.23,0.25,152289000.0,,152289000.0,2608476138.0,45.0,36.366,769000.0,0.006,1.0,64706000.0,0.359,56544000.0,2286000.0,221322000.0,,30231000.0,0.0,0.0,0.0,371380000.0,146819000.0,224561000.0,2711502138.0,-2913000.0,0.0,303000.0,-1095000.0,0.0,-3140000.0,-4192000.0,0.0,4961000.0,-542000.0,31099000.0,31099000.0,31099000.0,0.0,0.0,0.173,31000000.0,33706000.0,60692000.0,0.0,17.805,60.001,58.5,34939000.0,0.0,22.23,5.352,5.359,133689000.0,-301847000.0,180057000.0,180057000.0,11085000.0,,,,,5776000.0,19446000.0,1.0,121974905.0,122123000,133611000.0,1.474,467125000.0,0.0,272000.0,0.0,3.825,244698000.0
8,ENPH,MRQ,2019-06-30,2019-06-30,2019-06-30,2021-07-27,414000.0,481518000.0,,349851000.0,131667000.0,,1.032,-2518000.0,205959000.0,205959000.0,88775000.0,10618000.0,2.436,3.106,102933000.0,3043000.0,99890000.0,102933000.0,115865000.0,4122000.0,0.0,0.0,0.0,12560000.0,16682000.0,0.124,16682000.0,12560000.0,11209000.0,0.09,0.08,0.09,117271000.0,,117271000.0,1999737251.0,86.0,55.144,12254000.0,0.108,1.0,45319000.0,0.338,57726000.0,1351000.0,177153000.0,,20094000.0,0.0,0.0,0.0,364247000.0,143613000.0,220634000.0,2009433251.0,127872000.0,0.0,958000.0,127649000.0,0.0,115378000.0,-2518000.0,0.0,14772000.0,240000.0,10618000.0,10618000.0,10618000.0,0.0,0.0,0.079,27872000.0,17447000.0,65989000.0,0.0,17.135,189.177,182.3,33836000.0,0.0,18.23,4.967,5.123,97537000.0,-332946000.0,134094000.0,134094000.0,9604000.0,,,,,4934000.0,17637000.0,1.0,110226728.0,113677000,130737000.0,1.18,423792000.0,0.0,591000.0,0.0,3.728,206238000.0
9,ENPH,MRQ,2019-03-31,2019-03-31,2019-03-31,2021-07-27,663000.0,319252000.0,,195442000.0,123810000.0,,0.131,-658000.0,78087000.0,78087000.0,66811000.0,2765000.0,1.518,21.604,68391000.0,2985000.0,65406000.0,68391000.0,111309000.0,3572000.0,0.0,0.0,0.0,6864000.0,10436000.0,0.104,10436000.0,6864000.0,3113000.0,0.03,0.02,0.03,14124000.0,,14124000.0,1005181890.0,102.0,48.328,16405000.0,0.152,1.0,33339000.0,0.333,58907000.0,3751000.0,121903000.0,,12971000.0,0.0,0.0,0.0,305128000.0,128746000.0,176382000.0,1001635890.0,-28150000.0,0.0,1664000.0,-44731000.0,0.0,-44422000.0,-658000.0,0.0,17063000.0,-133000.0,2765000.0,2765000.0,2765000.0,0.0,0.0,0.028,26205000.0,7134000.0,52489000.0,0.0,70.917,-268.247,-307.667,28141000.0,0.0,9.23,2.892,2.883,81715000.0,-343563000.0,100150000.0,100150000.0,8524000.0,,,,,3290000.0,17313000.0,1.0,108519598.0,108195000,115863000.0,0.926,260345000.0,0.0,348000.0,0.0,2.406,66696000.0
10,ENPH,MRQ,2018-12-31,2018-12-31,2018-12-31,2021-07-27,742000.0,339937000.0,,222302000.0,117635000.0,,0.073,-1767000.0,106237000.0,106237000.0,64125000.0,709000.0,1.511,42.716,109783000.0,28155000.0,81628000.0,109783000.0,110030000.0,2717000.0,0.0,0.0,0.0,4380000.0,7097000.0,0.077,7097000.0,4380000.0,1286000.0,0.01,0.01,0.01,7776000.0,,7776000.0,498799946.0,1075.0,49.235,108000.0,0.001,1.0,28164000.0,0.305,60089000.0,3094000.0,136233000.0,,16267000.0,0.0,0.0,0.0,332161000.0,147161000.0,185000000.0,502931946.0,-9927000.0,-6000000.0,644000.0,-4640000.0,0.0,-3996000.0,-7767000.0,0.0,1875000.0,-39000.0,709000.0,709000.0,709000.0,0.0,0.0,0.008,23161000.0,5003000.0,48794000.0,0.0,64.677,-43.256,-39.417,20998000.0,0.0,4.73,1.591,1.49,78938000.0,-346302000.0,92289000.0,92289000.0,7340000.0,,,,,1521000.0,14280000.0,1.0,106328107.0,106705000,106705000.0,0.865,279848000.0,0.0,577000.0,0.0,2.623,75141000.0
11,ENPH,MRQ,2018-09-30,2018-09-30,2018-09-30,2021-07-27,-7000.0,326510000.0,,209798000.0,116712000.0,,0.04,-909000.0,116164000.0,116164000.0,52738000.0,-3470000.0,1.555,77.564,112032000.0,24125000.0,87907000.0,112032000.0,106080000.0,2481000.0,0.0,0.0,0.0,-432000.0,2049000.0,0.026,2049000.0,-432000.0,-3222000.0,-0.03,-0.03,-0.03,4156000.0,,4156000.0,463232463.0,-82.0,131.302,5907000.0,0.057,1.0,25264000.0,0.324,60861000.0,2790000.0,126595000.0,,17886000.0,0.0,0.0,0.0,322354000.0,134922000.0,187432000.0,469715463.0,57693000.0,-9000000.0,629000.0,60237000.0,0.0,60866000.0,-9909000.0,0.0,6816000.0,-80000.0,-3470000.0,-3470000.0,-3470000.0,0.0,0.0,-0.044,25638000.0,-374000.0,28103000.0,0.0,113.021,-30.749,-32.333,20331000.0,0.0,4.85,1.547,1.642,54117000.0,-347011000.0,78002000.0,78002000.0,8165000.0,,,,,4051000.0,14885000.0,1.0,96848549.0,102798000,102798000.0,0.759,265649000.0,0.0,248000.0,0.0,2.584,74876000.0
12,ENPH,MRQ,2018-06-30,2018-06-30,2018-06-30,2021-07-27,-353000.0,218536000.0,,155379000.0,63157000.0,,-0.309,-432000.0,58471000.0,58471000.0,53195000.0,-3738000.0,1.355,-8.257,51988000.0,18429000.0,33559000.0,51988000.0,110061000.0,2193000.0,0.0,0.0,0.0,-976000.0,1217000.0,0.016,1217000.0,-976000.0,-3399000.0,-0.04,-0.04,-0.04,-30115000.0,,-30115000.0,649262735.0,-62.0,-401.027,3648000.0,0.037,1.0,22701000.0,0.299,4027000.0,2423000.0,93378000.0,,17471000.0,0.0,0.0,0.0,248651000.0,114648000.0,134003000.0,651790735.0,5216000.0,0.0,1101000.0,913000.0,0.0,2014000.0,-432000.0,0.0,4080000.0,-446000.0,-3738000.0,-3738000.0,-3738000.0,0.0,0.0,-0.049,23259000.0,-558000.0,21895000.0,0.0,-21.643,-34.93,-33.65,23100000.0,0.0,6.73,2.154,2.165,58696000.0,-343541000.0,75896000.0,75896000.0,9462000.0,,,,,4289000.0,13797000.0,1.0,96848549.0,97321000,97321000.0,0.78,214509000.0,0.0,339000.0,0.0,2.204,40731000.0
13,ENPH,MRQ,2018-03-31,2018-03-31,2018-03-31,2021-07-27,-368000.0,212118000.0,,147853000.0,64265000.0,,-0.341,-1043000.0,53255000.0,53255000.0,51657000.0,-5128000.0,1.426,-7.809,50727000.0,14268000.0,36459000.0,50727000.0,115673000.0,2276000.0,0.0,0.0,0.0,-2601000.0,-325000.0,-0.005,-325000.0,-2601000.0,-4893000.0,-0.06,-0.06,-0.06,-31151000.0,,-31151000.0,409615612.0,-22.0,-42.055,2318000.0,0.025,1.0,18315000.0,0.262,4103000.0,2292000.0,101802000.0,,18541000.0,0.0,0.0,0.0,243269000.0,103685000.0,139584000.0,390883612.0,24111000.0,0.0,20192000.0,1538000.0,0.0,21730000.0,-1043000.0,0.0,3361000.0,63000.0,-5128000.0,-5128000.0,-5128000.0,0.0,0.0,-0.073,20790000.0,-2475000.0,14087000.0,0.0,-12.548,-14.469,-15.233,24926000.0,0.0,4.57,1.297,1.386,55622000.0,-339803000.0,69972000.0,69972000.0,7620000.0,,,,,1571000.0,13170000.0,1.0,85532519.0,91422000,91422000.0,0.765,208015000.0,0.0,235000.0,0.0,2.275,44168000.0
14,ENPH,MRQ,2017-12-31,2017-12-31,2017-12-31,2021-07-27,-656000.0,169147000.0,,130446000.0,38701000.0,,-0.106,-512000.0,29144000.0,29144000.0,60685000.0,-2940000.0,1.422,-19.535,49751000.0,17429000.0,32322000.0,49751000.0,45632000.0,2241000.0,0.0,0.0,0.0,-1654000.0,587000.0,0.007,587000.0,-1654000.0,-3887000.0,-0.02,-0.02,-0.02,-9126000.0,,-9126000.0,224865371.0,-6.0,-7.995,-2426000.0,-0.028,1.0,18989000.0,0.238,4179000.0,2233000.0,93834000.0,,25999000.0,0.0,0.0,0.0,178273000.0,91741000.0,86532000.0,206133371.0,266000.0,0.0,356000.0,2202000.0,0.0,2558000.0,-512000.0,0.0,-1914000.0,134000.0,-2940000.0,-2940000.0,-2940000.0,0.0,0.0,-0.037,21121000.0,-2132000.0,28747000.0,0.0,-22.587,-4.561,-4.463,26483000.0,0.0,2.41,0.72,0.698,65346000.0,-295727000.0,79674000.0,79674000.0,8208000.0,,,,,1450000.0,10923000.0,1.0,85532519.0,85777000,85777000.0,0.929,164968000.0,0.0,-947000.0,0.0,1.923,38705000.0
15,ENPH,MRQ,2017-09-30,2017-09-30,2017-09-30,2021-07-27,-465000.0,177081000.0,,136317000.0,40764000.0,,-0.092,-94000.0,28878000.0,28878000.0,60577000.0,-6854000.0,1.595,-23.697,47610000.0,10552000.0,37058000.0,47610000.0,45341000.0,2180000.0,0.0,0.0,0.0,-5278000.0,-3098000.0,-0.04,-3098000.0,-5278000.0,-7038000.0,-0.08,-0.08,-0.08,-7802000.0,,-7802000.0,144946150.0,-3.0,-3.878,-2297000.0,-0.027,1.0,16461000.0,0.214,4255000.0,1760000.0,106069000.0,,25316000.0,0.0,0.0,0.0,184883000.0,85489000.0,99394000.0,128563150.0,-2075000.0,0.0,4000.0,0.0,0.0,4000.0,-94000.0,0.0,-2203000.0,218000.0,-6854000.0,-6854000.0,-6854000.0,0.0,0.0,-0.089,22362000.0,-5901000.0,34620000.0,0.0,-16.478,-2.319,-2.171,28191000.0,0.0,1.52,0.433,0.434,68869000.0,-292787000.0,77038000.0,77038000.0,7397000.0,,,,,1727000.0,10894000.0,1.0,84581020.0,84862000,84862000.0,0.908,172826000.0,0.0,-184000.0,0.0,2.037,50828000.0
16,ENPH,MRQ,2017-06-30,2017-06-30,2017-06-30,2021-07-27,-169000.0,163678000.0,,121502000.0,42176000.0,,-0.028,-49000.0,30953000.0,30953000.0,61157000.0,-12093000.0,1.918,-69.657,47336000.0,5951000.0,41385000.0,47336000.0,43924000.0,2255000.0,0.0,0.0,0.0,-9159000.0,-6904000.0,-0.092,-6904000.0,-9159000.0,-11239000.0,-0.14,-0.14,-0.14,-2384000.0,,-2384000.0,90246496.0,-2.0,-1.842,137000.0,0.002,1.0,13547000.0,0.181,4332000.0,2080000.0,112384000.0,,20839000.0,0.0,0.0,0.0,166062000.0,63345000.0,102717000.0,73320496.0,998000.0,0.0,71000.0,78000.0,0.0,149000.0,-49000.0,0.0,186000.0,712000.0,-12093000.0,-12093000.0,-12093000.0,0.0,0.0,-0.162,22794000.0,-9247000.0,15425000.0,0.0,-30.755,-1.089,-0.853,29351000.0,0.0,0.87,0.237,0.238,56403000.0,-285933000.0,74704000.0,74704000.0,7947000.0,,,,,1621000.0,11238000.0,1.0,84276432.0,84434000,84434000.0,0.885,159346000.0,0.0,854000.0,0.0,1.887,58157000.0
17,ENPH,MRQ,2017-03-31,2017-03-31,2017-03-31,2021-07-27,-631000.0,167507000.0,,122799000.0,44708000.0,,0.097,-3466000.0,29955000.0,29955000.0,47703000.0,-23305000.0,2.248,21.421,46881000.0,1497000.0,45384000.0,46881000.0,41699000.0,2328000.0,0.0,0.0,0.0,-21035000.0,-18707000.0,-0.342,-18707000.0,-21035000.0,-23174000.0,-0.3,-0.3,-0.3,7471000.0,,7471000.0,129195662.0,-2.0,-2.326,-27977000.0,-0.365,1.0,7048000.0,0.129,4470000.0,2139000.0,125334000.0,,33808000.0,0.0,0.0,0.0,160036000.0,54629000.0,105407000.0,113059662.0,12191000.0,0.0,26524000.0,14062000.0,0.0,40586000.0,-3466000.0,0.0,-24511000.0,-418000.0,-23305000.0,-23305000.0,-23305000.0,0.0,0.0,-0.426,29143000.0,-22095000.0,15858000.0,0.0,15.133,-1.571,-1.105,30905000.0,0.0,1.37,0.361,0.335,48903000.0,-273840000.0,54751000.0,54751000.0,9605000.0,,,,,1929000.0,12291000.0,1.0,82525301.0,76651000,76651000.0,0.714,163037000.0,0.0,131000.0,0.0,2.127,68170000.0
18,ENPH,MRQ,2016-12-31,2016-12-31,2016-12-31,2021-07-27,-292000.0,163576000.0,,117864000.0,45712000.0,,0.026,-2560000.0,17764000.0,17764000.0,74368000.0,-13188000.0,1.424,124.828,33900000.0,13132000.0,20768000.0,33900000.0,40304000.0,2599000.0,0.0,0.0,0.0,-11262000.0,-8663000.0,-0.096,-8663000.0,-11262000.0,-12437000.0,-0.18,-0.18,-0.18,1300000.0,,1300000.0,74871441.0,-1.0,-1.424,-6925000.0,-0.137,1.0,16233000.0,0.179,4609000.0,1175000.0,92331000.0,,31960000.0,0.0,0.0,0.0,162276000.0,82772000.0,79504000.0,62528441.0,-6348000.0,1050000.0,1841000.0,-2135000.0,0.0,-265000.0,-1510000.0,0.0,-4365000.0,-208000.0,-13188000.0,-13188000.0,-13188000.0,0.0,0.0,-0.146,26326000.0,-10093000.0,31696000.0,0.0,48.099,-0.927,-0.754,31440000.0,0.0,1.01,0.194,0.158,61019000.0,-250535000.0,90601000.0,90601000.0,11377000.0,,,,,2087000.0,13889000.0,1.0,61909348.0,50519000,50519000.0,1.793,158967000.0,0.0,751000.0,0.0,3.147,35092000.0
19,ENPH,MRQ,2016-09-30,2016-09-30,2016-09-30,2021-07-27,-254000.0,176428000.0,,129882000.0,46546000.0,,0.216,-2097000.0,24112000.0,24112000.0,72805000.0,-18756000.0,1.518,16.248,36455000.0,13647000.0,22808000.0,36455000.0,37769000.0,2651000.0,0.0,0.0,0.0,-17378000.0,-14727000.0,-0.166,-14727000.0,-17378000.0,-18612000.0,-0.4,-0.4,-0.4,10229000.0,,10229000.0,59365914.0,-1.0,-1.06,-22694000.0,-0.48,1.0,15879000.0,0.179,5414000.0,1234000.0,97789000.0,,39101000.0,0.0,0.0,0.0,166199000.0,85568000.0,80631000.0,55158914.0,15869000.0,0.0,14636000.0,23904000.0,0.0,38540000.0,-2097000.0,0.0,-20597000.0,23000.0,-18756000.0,-18756000.0,-18756000.0,0.0,0.0,-0.211,33610000.0,-17731000.0,32551000.0,0.0,5.392,-0.787,-0.776,32453000.0,0.0,1.18,0.185,0.187,59482000.0,-237347000.0,88684000.0,88684000.0,13169000.0,,,,,2532000.0,17724000.0,1.0,46744842.0,47278000,47278000.0,1.876,171014000.0,0.0,144000.0,0.0,3.617,44314000.0
20,ENPH,MRQ,2016-06-30,2016-06-30,2016-06-30,2021-07-27,-200000.0,152509000.0,,104436000.0,48073000.0,,0.267,-4162000.0,8243000.0,8243000.0,65049000.0,-16723000.0,1.234,11.243,12450000.0,12450000.0,0.0,12450000.0,35587000.0,2708000.0,0.0,0.0,0.0,-16167000.0,-13459000.0,-0.17,-13459000.0,-16167000.0,-16379000.0,-0.36,-0.36,-0.36,12457000.0,,12457000.0,99909522.0,-2.0,-2.662,3096000.0,0.066,1.0,14136000.0,0.179,5597000.0,212000.0,66502000.0,,39295000.0,0.0,0.0,0.0,140052000.0,84617000.0,55435000.0,92925522.0,-4773000.0,0.0,708000.0,-7625000.0,0.0,-6946000.0,-4840000.0,0.0,7258000.0,-245000.0,-16723000.0,-16723000.0,-16723000.0,0.0,0.0,-0.211,29924000.0,-15788000.0,37610000.0,0.0,7.46,-1.834,-1.793,34591000.0,0.0,1.99,0.298,0.298,48973000.0,-218591000.0,79185000.0,79185000.0,13091000.0,,,,,2708000.0,16833000.0,1.0,46696242.0,46620000,46620000.0,1.699,146912000.0,0.0,344000.0,0.0,3.151,19819000.0
21,ENPH,MRQ,2016-03-31,2016-03-31,2016-03-31,2021-07-27,-404000.0,158520000.0,,112885000.0,45635000.0,,0.553,-3348000.0,13016000.0,13016000.0,52361000.0,-18795000.0,1.412,5.202,20000000.0,20000000.0,0.0,20000000.0,33298000.0,2680000.0,0.0,0.0,0.0,-18407000.0,-15727000.0,-0.245,-15727000.0,-18407000.0,-18559000.0,-0.41,-0.41,-0.41,25560000.0,,25560000.0,96575193.0,-3.0,-4.421,-18597000.0,-0.402,1.0,11760000.0,0.183,5781000.0,152000.0,79777000.0,,45576000.0,0.0,0.0,0.0,132960000.0,79946000.0,53014000.0,108027193.0,-15436000.0,0.0,101000.0,2945000.0,0.0,3046000.0,-3348000.0,0.0,-15249000.0,115000.0,-18795000.0,-18795000.0,-18795000.0,0.0,0.0,-0.293,30848000.0,-19088000.0,24293000.0,0.0,4.226,-3.126,-3.066,32963000.0,0.0,2.33,0.323,0.322,47056000.0,-201868000.0,64121000.0,64121000.0,13066000.0,,,,,2999000.0,17782000.0,1.0,46363602.0,46209000,46209000.0,1.388,152739000.0,0.0,236000.0,0.0,3.305,32939000.0
22,ENPH,MRQ,2015-12-31,2015-12-31,2015-12-31,2021-07-27,-210000.0,165528000.0,,121768000.0,43760000.0,,0.911,-2843000.0,28452000.0,28452000.0,49929000.0,-15783000.0,1.672,2.994,17000000.0,17000000.0,0.0,17000000.0,29030000.0,2835000.0,0.0,0.0,0.0,-14912000.0,-12077000.0,-0.184,-12077000.0,-14912000.0,-15108000.0,-0.35,-0.35,-0.35,41449000.0,,41449000.0,153628725.0,-8.0,-15.899,5306000.0,0.117,1.0,15700000.0,0.239,5965000.0,196000.0,75263000.0,,40800000.0,0.0,0.0,0.0,124079000.0,72848000.0,51231000.0,159119725.0,5961000.0,0.0,1148000.0,-150000.0,0.0,698000.0,-2780000.0,0.0,8149000.0,-106000.0,-15783000.0,-15783000.0,-15783000.0,0.0,0.0,-0.24,30871000.0,-15171000.0,25569000.0,0.0,3.839,-7.206,-7.163,32118000.0,0.0,3.51,0.445,0.439,46099000.0,-183073000.0,65629000.0,65629000.0,12544000.0,,,,,3117000.0,18327000.0,1.0,45333255.0,45511000,45511000.0,1.442,159563000.0,0.0,675000.0,0.0,3.506,48920000.0
23,ENPH,MRQ,2015-09-30,2015-09-30,2015-09-30,2021-07-27,-211000.0,182963000.0,,141610000.0,41353000.0,,1.184,-3422000.0,22491000.0,22491000.0,71408000.0,624000.0,1.789,2.454,17000000.0,17000000.0,0.0,17000000.0,26535000.0,2650000.0,0.0,0.0,0.0,1075000.0,3725000.0,0.036,3725000.0,1075000.0,935000.0,0.01,0.01,0.01,52966000.0,,52966000.0,149973556.0,-38.0,24.756,-9460000.0,-0.211,1.0,31466000.0,0.306,5234000.0,140000.0,93099000.0,,36717000.0,0.0,0.0,0.0,129997000.0,79139000.0,50858000.0,164860556.0,-9396000.0,0.0,122000.0,0.0,0.0,122000.0,-3422000.0,0.0,-6038000.0,-58000.0,624000.0,624000.0,624000.0,0.0,0.0,0.006,29687000.0,1779000.0,32707000.0,0.0,3.113,-27.957,-28.462,31240000.0,0.0,3.7,0.415,0.417,75322000.0,-167290000.0,102874000.0,102874000.0,12059000.0,,,,,3283000.0,17628000.0,1.0,44556907.0,44734000,47996000.0,2.3,177729000.0,0.0,311000.0,0.0,3.973,62471000.0
24,ENPH,MRQ,2015-06-30,2015-06-30,2015-06-30,2021-07-27,-400000.0,181298000.0,,141332000.0,39966000.0,,1.1,-2649000.0,31887000.0,31887000.0,69066000.0,-603000.0,1.689,2.719,17000000.0,17000000.0,0.0,17000000.0,24408000.0,2522000.0,0.0,0.0,0.0,-290000.0,2232000.0,0.022,2232000.0,-290000.0,-377000.0,-0.01,-0.01,-0.01,48748000.0,,48748000.0,308898562.0,-84.0,53.9,-14422000.0,-0.325,1.0,33027000.0,0.323,5341000.0,87000.0,77382000.0,,34054000.0,0.0,0.0,0.0,132550000.0,83688000.0,48862000.0,336025562.0,4760000.0,0.0,2067000.0,17000000.0,0.0,19067000.0,-2649000.0,0.0,-11773000.0,115000.0,-603000.0,-603000.0,-603000.0,0.0,0.0,-0.006,33396000.0,-369000.0,34467000.0,0.0,6.893,-58.869,-63.417,31633000.0,0.0,7.61,0.855,0.858,67315000.0,-167914000.0,102093000.0,102093000.0,12786000.0,,,,,3308000.0,20610000.0,1.0,44155790.0,44319000,44319000.0,2.304,175957000.0,0.0,226000.0,0.0,3.97,57644000.0
25,ENPH,MRQ,2015-03-31,2015-03-31,2015-03-31,2021-07-27,-395000.0,153490000.0,,114830000.0,38660000.0,,1.001,-3611000.0,27127000.0,27127000.0,58629000.0,-6320000.0,1.843,2.49,0.0,0.0,0.0,0.0,21775000.0,2532000.0,0.0,0.0,0.0,-6075000.0,-3543000.0,-0.041,-3543000.0,-6075000.0,-6153000.0,-0.14,-0.14,-0.14,43981000.0,,43981000.0,537203262.0,-92.0,175.499,-15109000.0,-0.344,1.0,28024000.0,0.323,5449000.0,78000.0,58622000.0,,34746000.0,0.0,0.0,0.0,109509000.0,62292000.0,47217000.0,579235262.0,-14905000.0,0.0,677000.0,0.0,0.0,677000.0,-3611000.0,0.0,-11498000.0,-473000.0,-6320000.0,-6320000.0,-6320000.0,0.0,0.0,-0.073,33572000.0,-5548000.0,30954000.0,0.0,13.17,-71.194,-73.278,31197000.0,0.0,13.19,1.553,1.554,45870000.0,-167311000.0,86653000.0,86653000.0,13430000.0,,,,,2988000.0,20142000.0,1.0,43914728.0,43950000,43950000.0,1.972,148041000.0,0.0,167000.0,0.0,3.368,52538000.0
26,ENPH,MRQ,2014-12-31,2014-12-31,2014-12-31,2021-07-27,-79000.0,152192000.0,,114896000.0,37296000.0,,1.076,-3413000.0,42032000.0,42032000.0,70172000.0,402000.0,1.957,2.241,0.0,0.0,0.0,0.0,19359000.0,2255000.0,0.0,0.0,0.0,1389000.0,3644000.0,0.035,3644000.0,1389000.0,817000.0,0.01,0.01,0.01,46952000.0,,46952000.0,584719120.0,-108.0,206.177,5467000.0,0.125,1.0,35035000.0,0.333,5556000.0,572000.0,45898000.0,,21590000.0,0.0,0.0,0.0,105240000.0,58706000.0,46534000.0,623395120.0,-2505000.0,-2235000.0,1408000.0,-5861000.0,0.0,-4453000.0,-6698000.0,0.0,8880000.0,-234000.0,402000.0,402000.0,402000.0,0.0,0.0,0.004,33084000.0,1951000.0,22316000.0,0.0,13.277,-77.421,-75.211,30824000.0,0.0,14.29,1.813,1.783,45119000.0,-160991000.0,105207000.0,105207000.0,13040000.0,,,,,2703000.0,20044000.0,1.0,43624571.0,43620000,43620000.0,2.412,146636000.0,0.0,415000.0,0.0,3.362,56190000.0
27,ENPH,MRQ,2014-09-30,2014-09-30,2014-09-30,2021-07-27,-56000.0,144724000.0,,114489000.0,30235000.0,,0.985,-5503000.0,44537000.0,44537000.0,66592000.0,813000.0,1.976,2.408,5861000.0,2888000.0,2973000.0,5861000.0,17757000.0,2102000.0,0.0,0.0,0.0,1296000.0,3398000.0,0.034,3398000.0,1296000.0,940000.0,0.02,0.02,0.02,42462000.0,,42462000.0,612611449.0,-72.0,-910.27,5705000.0,0.132,1.0,32521000.0,0.328,0.0,356000.0,48095000.0,,15488000.0,0.0,0.0,0.0,102262000.0,57953000.0,44309000.0,643701449.0,6916000.0,0.0,2257000.0,-670000.0,0.0,1587000.0,-5503000.0,0.0,11208000.0,-376000.0,813000.0,813000.0,813000.0,0.0,0.0,0.008,30628000.0,1893000.0,21992000.0,0.0,15.159,-57.147,-57.654,28825000.0,0.0,14.99,2.105,2.114,49270000.0,-161393000.0,99113000.0,99113000.0,12112000.0,,,,,2530000.0,18516000.0,1.0,42942058.0,43128000,48786000.0,2.298,144724000.0,0.0,127000.0,0.0,3.356,56536000.0
28,ENPH,MRQ,2014-06-30,2014-06-30,2014-06-30,2021-07-27,236000.0,132083000.0,,105470000.0,26613000.0,,0.871,-2161000.0,37621000.0,37621000.0,55172000.0,-3031000.0,2.03,2.555,6531000.0,2805000.0,3726000.0,6531000.0,15580000.0,1992000.0,0.0,0.0,0.0,-2430000.0,-438000.0,-0.005,-438000.0,-2430000.0,-2916000.0,-0.07,-0.07,-0.07,37154000.0,,37154000.0,332233270.0,-21.0,-41.317,-2308000.0,-0.054,1.0,26832000.0,0.327,0.0,486000.0,49037000.0,,15724000.0,0.0,0.0,0.0,94929000.0,51956000.0,42973000.0,364341270.0,-2314000.0,0.0,1247000.0,-1311000.0,0.0,-64000.0,-2161000.0,0.0,-147000.0,58000.0,-3031000.0,-3031000.0,-3031000.0,0.0,0.0,-0.037,29320000.0,-2488000.0,19509000.0,0.0,9.806,-19.825,-19.884,25127000.0,0.0,8.55,1.356,1.357,46537000.0,-162206000.0,82004000.0,82004000.0,11148000.0,,,,,2494000.0,18172000.0,1.0,42613014.0,42648000,42648000.0,1.923,132083000.0,0.0,115000.0,0.0,3.097,53514000.0
29,ENPH,MRQ,2014-03-31,2014-03-31,2014-03-31,2021-07-27,230000.0,113160000.0,,86781000.0,26379000.0,,0.863,-2172000.0,39935000.0,39935000.0,38925000.0,-6236000.0,2.545,2.106,7827000.0,3370000.0,4457000.0,7827000.0,13964000.0,1910000.0,0.0,0.0,0.0,-5678000.0,-3768000.0,-0.065,-3768000.0,-5678000.0,-6127000.0,-0.15,-0.15,-0.15,36438000.0,,36438000.0,281350282.0,-15.0,-24.084,2109000.0,0.05,1.0,18655000.0,0.324,0.0,449000.0,46957000.0,,14113000.0,0.0,0.0,0.0,76722000.0,34095000.0,42627000.0,310863282.0,1745000.0,0.0,454000.0,-866000.0,0.0,-412000.0,-2172000.0,0.0,4281000.0,48000.0,-6236000.0,-6236000.0,-6236000.0,0.0,0.0,-0.108,24440000.0,-5785000.0,9353000.0,0.0,8.531,-14.297,-14.431,24809000.0,0.0,7.36,1.27,1.269,28450000.0,-159175000.0,57580000.0,57580000.0,9086000.0,,,,,2013000.0,15354000.0,1.0,42236859.0,42205000,42205000.0,1.364,113160000.0,0.0,109000.0,0.0,2.681,52686000.0
30,ENPH,MRQ,2013-12-31,2013-12-31,2013-12-31,2021-07-27,229000.0,116669000.0,,90509000.0,26160000.0,,0.956,-1371000.0,38190000.0,38190000.0,45560000.0,-2810000.0,2.713,1.902,8677000.0,3507000.0,5170000.0,8677000.0,14057000.0,1859000.0,0.0,0.0,0.0,-1724000.0,135000.0,0.002,135000.0,-1724000.0,-2394000.0,-0.06,-0.06,-0.06,40206000.0,,40206000.0,244059638.0,-11.0,-15.24,6208000.0,0.148,1.0,21496000.0,0.321,286000.0,670000.0,53505000.0,,16580000.0,0.0,0.0,0.0,76463000.0,33365000.0,43098000.0,266544638.0,6412000.0,0.0,757000.0,-632000.0,0.0,125000.0,-1371000.0,0.0,7579000.0,79000.0,-2810000.0,-2810000.0,-2810000.0,0.0,0.0,-0.042,23107000.0,-1611000.0,7363000.0,0.0,6.629,-10.286,-10.226,24853000.0,0.0,6.34,1.145,1.134,32084000.0,-152939000.0,67056000.0,67056000.0,8721000.0,,,,,1894000.0,14386000.0,1.0,42041741.0,42037000,42037000.0,1.595,116383000.0,0.0,416000.0,0.0,2.769,57144000.0
31,ENPH,MRQ,2013-09-30,2013-09-30,2013-09-30,2021-07-27,197000.0,120310000.0,,94067000.0,26243000.0,,0.965,-1419000.0,31778000.0,31778000.0,44611000.0,-6301000.0,2.217,1.983,9293000.0,3432000.0,5861000.0,9293000.0,13305000.0,1753000.0,0.0,0.0,0.0,-5723000.0,-3970000.0,-0.064,-3970000.0,-5723000.0,-6160000.0,-0.15,-0.15,-0.15,40333000.0,,40333000.0,315016998.0,-11.0,-15.05,-1908000.0,-0.046,1.0,17435000.0,0.281,0.0,437000.0,55401000.0,,24392000.0,0.0,0.0,0.0,79977000.0,42424000.0,37553000.0,339096998.0,-2198000.0,0.0,138000.0,-619000.0,0.0,-481000.0,-1419000.0,0.0,-489000.0,191000.0,-6301000.0,-6301000.0,-6301000.0,0.0,0.0,-0.102,22780000.0,-5345000.0,15103000.0,0.0,8.407,-10.994,-11.941,24823000.0,0.0,8.12,1.518,1.519,34744000.0,-150129000.0,62046000.0,62046000.0,8293000.0,,,,,2045000.0,14487000.0,1.0,41760714.0,41777000,41777000.0,1.485,120310000.0,0.0,141000.0,0.0,2.88,51643000.0
32,ENPH,MRQ,2013-06-30,2013-06-30,2013-06-30,2021-07-27,93000.0,113348000.0,,86694000.0,26654000.0,,1.066,-1785000.0,33976000.0,33976000.0,41883000.0,-6396000.0,2.551,1.556,9896000.0,3365000.0,6531000.0,9896000.0,10561000.0,1709000.0,0.0,0.0,0.0,-5788000.0,-4079000.0,-0.07,-4079000.0,-5788000.0,-6272000.0,-0.15,-0.15,-0.15,44347000.0,,44347000.0,295771724.0,-10.0,-12.467,-2775000.0,-0.067,1.0,16284000.0,0.28,0.0,484000.0,55285000.0,,17906000.0,0.0,0.0,0.0,69001000.0,33983000.0,35018000.0,321719724.0,-2458000.0,0.0,931000.0,-605000.0,0.0,326000.0,-1785000.0,0.0,-990000.0,-9000.0,-6396000.0,-6396000.0,-6396000.0,0.0,0.0,-0.11,21775000.0,-5491000.0,10012000.0,0.0,7.255,-9.618,-10.307,25141000.0,0.0,7.73,1.448,1.448,32104000.0,-143828000.0,58167000.0,58167000.0,8484000.0,,,,,1475000.0,13291000.0,1.0,41619628.0,41617000,41617000.0,1.398,113348000.0,0.0,124000.0,0.0,2.724,52711000.0
33,ENPH,MRQ,2013-03-31,2013-03-31,2013-03-31,2021-07-27,-126000.0,113065000.0,,86143000.0,26922000.0,,1.169,-1682000.0,36434000.0,36434000.0,33376000.0,-10406000.0,2.771,1.35,10486000.0,2440000.0,8046000.0,10486000.0,9446000.0,1660000.0,0.0,0.0,0.0,-9760000.0,-8100000.0,-0.178,-8100000.0,-9760000.0,-10224000.0,-0.25,-0.25,-0.25,48109000.0,,48109000.0,221351510.0,-7.0,-8.478,-8654000.0,-0.21,1.0,12201000.0,0.268,0.0,464000.0,56031000.0,,22309000.0,0.0,0.0,0.0,64956000.0,31086000.0,33870000.0,255584510.0,-8860000.0,0.0,603000.0,-631000.0,0.0,-28000.0,-1682000.0,0.0,-6972000.0,-178000.0,-10406000.0,-10406000.0,-10406000.0,0.0,0.0,-0.228,21912000.0,-9711000.0,9057000.0,0.0,5.313,-6.649,-6.966,25281000.0,0.0,6.2,1.164,1.161,24908000.0,-137432000.0,45577000.0,45577000.0,9026000.0,,,,,1435000.0,12886000.0,1.0,41223308.0,41149000,41149000.0,1.108,113065000.0,0.0,182000.0,0.0,2.748,55057000.0
34,ENPH,MRQ,2012-12-31,2012-12-31,2012-12-31,2021-07-27,52000.0,122291000.0,,94998000.0,27293000.0,,1.843,-1936000.0,45294000.0,45294000.0,41512000.0,-7742000.0,2.806,1.159,11061000.0,2384000.0,8677000.0,11061000.0,8470000.0,1630000.0,0.0,0.0,0.0,-6412000.0,-4782000.0,-0.083,-4782000.0,-6412000.0,-7437000.0,-0.13,-0.13,-0.13,56655000.0,,56655000.0,119258317.0,-4.0,-4.665,5693000.0,0.185,1.0,16056000.0,0.279,0.0,1025000.0,54203000.0,,19843000.0,0.0,0.0,0.0,65636000.0,33855000.0,31781000.0,149028317.0,3577000.0,0.0,208000.0,-2212000.0,0.0,-2170000.0,-1936000.0,0.0,7629000.0,54000.0,-7742000.0,-7742000.0,-7742000.0,0.0,0.0,-0.134,22235000.0,-6179000.0,11272000.0,0.0,2.63,-3.899,-2.944,25541000.0,0.0,3.65,0.688,0.518,27743000.0,-127026000.0,57568000.0,57568000.0,8533000.0,,,,,1607000.0,13702000.0,1.0,40829676.0,30740000,30740000.0,1.873,122291000.0,0.0,305000.0,0.0,3.978,61143000.0
35,ENPH,MRQ,2012-09-30,2012-09-30,2012-09-30,2021-07-27,-2000.0,124099000.0,,98131000.0,25968000.0,,1.534,-3041000.0,41717000.0,41717000.0,44489000.0,-8907000.0,2.573,0.985,11947000.0,6844000.0,5103000.0,11947000.0,6920000.0,1487000.0,0.0,0.0,0.0,-8250000.0,-6763000.0,-0.111,-6763000.0,-8250000.0,-8777000.0,-0.22,-0.22,-0.22,62528000.0,,62528000.0,115081866.0,-4.0,-4.81,-23470000.0,-0.576,1.0,16324000.0,0.268,0.0,527000.0,56188000.0,,16650000.0,0.0,0.0,0.0,61571000.0,38141000.0,23430000.0,168723866.0,-25252000.0,0.0,3000.0,-1479000.0,0.0,-1680000.0,-3041000.0,0.0,-20429000.0,-102000.0,-8907000.0,-8907000.0,-8907000.0,0.0,0.0,-0.146,24521000.0,-8197000.0,15197000.0,0.0,2.698,-4.685,-0.485,24926000.0,0.0,4.14,0.78,0.78,32734000.0,-119284000.0,60813000.0,60813000.0,10571000.0,,,,,1451000.0,13950000.0,1.0,40754557.0,40755000,40755000.0,1.492,124099000.0,0.0,130000.0,0.0,3.045,59990000.0
36,ENPH,MRQ,2012-06-30,2012-06-30,2012-06-30,2021-07-27,100000.0,136489000.0,,110477000.0,26012000.0,,1.776,-3408000.0,66969000.0,66969000.0,42096000.0,-11385000.0,2.446,0.948,13327000.0,6488000.0,6839000.0,13327000.0,5682000.0,1366000.0,0.0,0.0,0.0,-7829000.0,-6463000.0,-0.116,-6463000.0,-7829000.0,-11234000.0,-0.29,-0.29,-0.29,70083000.0,,70083000.0,255418458.0,-9.0,-11.279,-21182000.0,-0.537,1.0,13601000.0,0.244,0.0,3405000.0,37681000.0,,30966000.0,0.0,0.0,0.0,66406000.0,45166000.0,21240000.0,253446458.0,35066000.0,0.0,58629000.0,-821000.0,0.0,56259000.0,-3408000.0,0.0,-17774000.0,-11000.0,-11385000.0,-11385000.0,-11385000.0,0.0,0.0,-0.204,21106000.0,-7505000.0,25551000.0,0.0,3.616,-7.393,-0.476,24652000.0,0.0,6.22,1.266,1.226,9961000.0,-110377000.0,55697000.0,55697000.0,8655000.0,,,,,1002000.0,12451000.0,1.0,40747019.0,39461000,39461000.0,1.411,136489000.0,0.0,151000.0,0.0,3.459,65311000.0
37,ENPH,MRQ,2012-03-31,2012-03-31,2012-03-31,2021-07-27,111000.0,103375000.0,,73319000.0,30056000.0,,2.666,-4605000.0,31903000.0,31903000.0,33293000.0,-10184000.0,1.261,21.73,33875000.0,5437000.0,28438000.0,33875000.0,20892000.0,1085000.0,0.0,0.0,0.0,-8640000.0,-7555000.0,-0.177,-7555000.0,-8640000.0,-10119000.0,-5.97,-5.97,-5.97,4548000.0,,4548000.0,256345067.0,-9.0,-10.115,-18676000.0,-10.947,1.0,9307000.0,0.218,0.0,1479000.0,47192000.0,,25661000.0,0.0,0.0,0.0,98827000.0,58155000.0,40672000.0,273990067.0,-19621000.0,0.0,24000.0,-718000.0,0.0,-973000.0,-4605000.0,0.0,-14071000.0,28000.0,-10184000.0,-10184000.0,-10184000.0,0.0,0.0,-0.239,18587000.0,-9280000.0,24797000.0,0.0,60.244,-8.256,-0.323,22736000.0,0.0,7.34,1.574,0.072,13447000.0,-98992000.0,42600000.0,42600000.0,7842000.0,,,,,706000.0,10745000.0,1.0,37328347.0,1706000,1706000.0,24.971,103375000.0,0.0,65000.0,0.0,60.595,15164000.0
38,ENPH,MRQ,2011-12-31,2011-12-31,2011-12-31,2021-07-27,83000.0,106242000.0,,81787000.0,24455000.0,,11.135,-5073000.0,51524000.0,51524000.0,44063000.0,-5537000.0,1.562,6.603,33879000.0,4529000.0,29350000.0,33879000.0,27084000.0,1012000.0,0.0,,0.0,-4157000.0,-3145000.0,-0.055,-3145000.0,-4157000.0,-5537000.0,-2.05,-2.05,-2.05,13974000.0,,13974000.0,,,,17789000.0,14.175,1.0,13071000.0,0.229,0.0,1380000.0,36227000.0,,11228000.0,0.0,0.0,0.0,92268000.0,52370000.0,39898000.0,,25002000.0,0.0,769000.0,7056000.0,0.0,7041000.0,-5073000.0,0.0,22862000.0,172000.0,-5537000.0,-5537000.0,-5537000.0,0.0,0.0,-0.097,16901000.0,-3830000.0,12928000.0,0.0,,,,18411000.0,0.0,,,,17771000.0,-88808000.0,57134000.0,57134000.0,7180000.0,,,,,681000.0,9721000.0,1.0,37328347.0,1255000,1255000.0,45.525,106242000.0,0.0,0.0,0.0,84.655,29417000.0
39,ENPH,MRQ,2011-09-30,2011-09-30,2011-09-30,2021-07-27,,,,,,,,-2979000.0,,,36185000.0,-7176000.0,,,,,,,,808000.0,,,0.0,-6290000.0,-5482000.0,-0.123,-5482000.0,-6290000.0,-7176000.0,-4.77,-4.77,-4.77,,,,,,,-10007000.0,-6.658,1.0,8543000.0,0.191,,886000.0,,,,,,,,,,,-9046000.0,0.0,20000.0,2693000.0,0.0,1065000.0,-2979000.0,0.0,-7028000.0,-104000.0,-7176000.0,-7176000.0,-7176000.0,0.0,0.0,-0.16,14978000.0,-6435000.0,,0.0,,,,,0.0,,,,,,44728000.0,44728000.0,6431000.0,,,,,583000.0,8547000.0,1.0,,1503000,1503000.0,29.759,,,0.0,,,
40,ENPH,MRQ,2011-06-30,2011-06-30,2011-06-30,2021-07-27,,,,,,,,-4292000.0,,,24785000.0,-10288000.0,,,,,,,,668000.0,,,0.0,-9828000.0,-9160000.0,-0.31,-9160000.0,-9828000.0,-10288000.0,-9.95,-9.95,-9.95,,,,,,,-11486000.0,-11.108,1.0,4807000.0,0.162,,460000.0,,,,,,,,,,,5044000.0,0.0,1245000.0,15607000.0,0.0,16520000.0,-4292000.0,0.0,-7194000.0,10000.0,-10288000.0,-10288000.0,-10288000.0,0.0,0.0,-0.348,14297000.0,-9490000.0,,0.0,,,,,0.0,,,,,,29592000.0,29592000.0,6143000.0,,,,,481000.0,8154000.0,1.0,,1034000,1034000.0,28.619,,,0.0,,,
41,ENPH,MRQ,2011-03-31,2011-03-31,2011-03-31,2021-07-27,,,,,,,,-2318000.0,,,15421000.0,-9289000.0,,,,,,,,544000.0,,,0.0,-9009000.0,-8465000.0,-0.468,-8465000.0,-9009000.0,-9289000.0,-10.95,-10.95,-10.95,,,,,,,-11325000.0,-13.355,1.0,2648000.0,0.147,,280000.0,,,,,,,,,,,-9469000.0,0.0,14000.0,1937000.0,0.0,1856000.0,-2318000.0,0.0,-9007000.0,0.0,-9289000.0,-9289000.0,-9289000.0,0.0,0.0,-0.514,11605000.0,-8957000.0,,0.0,,,,,0.0,,,,,,18069000.0,18069000.0,5345000.0,,,,,375000.0,6260000.0,1.0,,848000,848000.0,21.308,,,0.0,,,
42,ENPH,MRQ,2010-12-31,2010-12-31,2010-12-31,2021-07-27,0.0,59504000.0,,52956000.0,6548000.0,,51.172,,39993000.0,39993000.0,,,4.011,0.546,6903000.0,2567000.0,4336000.0,6903000.0,1639000.0,,0.0,,0.0,,,,,,,,,,38481000.0,,38481000.0,,,,,,1.0,,,0.0,,13211000.0,,4521000.0,0.0,0.0,0.0,21023000.0,13203000.0,7820000.0,,,,,,,,,,,,,,,,,,,,6521000.0,,,,,6103000.0,,,,,8024000.0,-56518000.0,,,,,,,,,,1.0,,752000,,,59504000.0,0.0,,0.0,79.128,39753000.0
0,ENPH,MRT,2021-06-30,2021-06-30,2021-06-30,2021-07-27,1924000.0,2100656000.0,1646824250.0,1665919000.0,434737000.0,0.644,4.326,-39122000.0,1312261000.0,1312261000.0,593484000.0,183402000.0,4.672,2.595,1014140000.0,85125000.0,929015000.0,1014140000.0,220729000.0,23272000.0,0.0,0.0,0.0,192606000.0,215878000.0,0.203,215878000.0,192606000.0,160877000.0,1.42,1.29,1.42,584399000.0,554359750.0,584399000.0,24431605987.0,127.0,113.173,254060000.0,1.881,1.0,467669000.0,0.441,106730000.0,31729000.0,1339212000.0,834921250.0,37756000.0,0.0,0.0,0.0,1516257000.0,356593000.0,1159664000.0,24918386987.0,705007000.0,-55239000.0,-192809000.0,856035000.0,0.0,556115000.0,-144371000.0,-50010000.0,293182000.0,81000.0,183402000.0,183402000.0,183402000.0,0.0,0.0,0.173,216010000.0,251659000.0,82141000.0,0.0,42.639,135.868,129.317,78904000.0,0.0,183.63,23.482,23.378,281154000.0,-180137000.0,1061153000.0,1061153000.0,75379000.0,0.111,0.331,0.231,0.182,52844000.0,140631000.0,1.0,135698889.0,135094000,141533000.0,7.855,1993926000.0,130571000.0,-22525000.0,0.0,14.76,1309326000.0
1,ENPH,MRT,2021-03-31,2021-03-31,2021-03-31,2021-07-27,640000.0,2194199000.0,1371142000.0,1791362000.0,402837000.0,0.635,5.581,-27145000.0,1489010000.0,1489010000.0,482379000.0,96757000.0,5.2,1.994,1002229000.0,84356000.0,917873000.0,1002229000.0,192103000.0,19817000.0,0.0,0.0,0.0,85851000.0,105668000.0,0.121,105668000.0,85851000.0,60676000.0,0.75,0.63,0.75,732841000.0,500804000.0,732841000.0,20573581792.0,240.0,194.7,225808000.0,1.72,1.0,388255000.0,0.446,108955000.0,25175000.0,1253990000.0,617549750.0,34876000.0,0.0,0.0,0.0,1461358000.0,344473000.0,1116885000.0,20922095792.0,895166000.0,-55239000.0,6630000.0,856331000.0,0.0,754278000.0,-112394000.0,-30010000.0,252953000.0,329000.0,96757000.0,96757000.0,96757000.0,0.0,0.0,0.111,185142000.0,203113000.0,81524000.0,0.0,28.549,216.233,216.213,70336000.0,0.0,162.16,24.031,24.456,236090000.0,-19488000.0,870634000.0,870634000.0,65863000.0,0.071,0.193,0.139,0.099,49832000.0,119279000.0,1.0,129021311.0,131303000,146442000.0,6.631,2085244000.0,132231000.0,-36081000.0,0.0,15.881,1446889000.0
2,ENPH,MRT,2020-12-31,2020-12-31,2020-12-31,2021-07-27,434000.0,1200102000.0,1080289000.0,933064000.0,267038000.0,0.717,3.855,-20558000.0,679379000.0,679379000.0,428444000.0,133995000.0,1.747,1.48,330865000.0,325967000.0,4898000.0,330865000.0,173138000.0,18103000.0,0.0,0.0,0.0,140411000.0,158514000.0,0.205,158514000.0,140411000.0,119410000.0,1.07,0.95,1.07,483993000.0,396645500.0,483993000.0,21865905531.0,156.0,137.943,195776000.0,1.559,1.0,345981000.0,0.447,53591000.0,21001000.0,263954000.0,440299500.0,41764000.0,0.0,0.0,0.0,716109000.0,534043000.0,182066000.0,22167575531.0,383270000.0,0.0,8395000.0,269117000.0,0.0,191678000.0,-25568000.0,-5010000.0,216334000.0,826000.0,133995000.0,133995000.0,133995000.0,0.0,0.0,0.173,159542000.0,186439000.0,72609000.0,0.0,45.801,165.436,163.991,60668000.0,0.0,175.47,28.625,28.45,182165000.0,-51186000.0,774425000.0,774425000.0,55921000.0,0.124,0.338,0.319,0.181,42503000.0,103621000.0,1.0,126332567.0,125561000,141918000.0,6.168,1146511000.0,92904000.0,-14585000.0,0.0,9.131,399021000.0
3,ENPH,MRT,2020-09-30,2020-09-30,2020-09-30,2021-07-27,-356000.0,1092340000.0,958569250.0,850234000.0,242106000.0,0.751,3.3,-19127000.0,661792000.0,661792000.0,417694000.0,177670000.0,3.315,1.625,360122000.0,103670000.0,256452000.0,360122000.0,157495000.0,15318000.0,0.0,0.0,0.0,109882000.0,125200000.0,0.174,125200000.0,109882000.0,92479000.0,1.48,1.28,1.48,416206000.0,343700250.0,416206000.0,10155141258.0,92.0,81.111,215298000.0,1.707,1.0,301924000.0,0.42,51622000.0,17403000.0,482529000.0,441307000.0,37535000.0,0.0,0.0,0.0,676134000.0,256519000.0,419615000.0,10406950258.0,458746000.0,0.0,6768000.0,309886000.0,0.0,243347000.0,-19127000.0,0.0,234425000.0,101000.0,177670000.0,177670000.0,177670000.0,0.0,0.0,0.247,150157000.0,151767000.0,48148000.0,0.0,25.004,58.575,55.804,49674000.0,0.0,82.59,14.462,14.473,122386000.0,-124177000.0,719618000.0,719618000.0,51288000.0,0.185,0.517,0.249,0.153,40390000.0,97738000.0,1.0,126007389.0,126109000,141820000.0,5.706,1040718000.0,88812000.0,-85191000.0,0.0,8.253,593715000.0
4,ENPH,MRT,2020-06-30,2020-06-30,2020-06-30,2021-07-27,-1153000.0,997927000.0,816401500.0,757201000.0,240726000.0,0.883,2.947,-19416000.0,607254000.0,607254000.0,449523000.0,169407000.0,3.388,1.696,355445000.0,102271000.0,253174000.0,355445000.0,151233000.0,14410000.0,0.0,0.0,0.0,92701000.0,107111000.0,0.149,107111000.0,92701000.0,79005000.0,1.42,1.23,1.42,370176000.0,277721000.0,370176000.0,5758253337.0,62.0,53.76,152469000.0,1.214,1.0,271649000.0,0.377,52869000.0,13696000.0,469726000.0,376005250.0,31186000.0,0.0,0.0,0.0,627751000.0,223523000.0,404228000.0,5956314337.0,401295000.0,0.0,7209000.0,309427000.0,0.0,249371000.0,-19416000.0,0.0,171885000.0,-545000.0,169407000.0,169407000.0,169407000.0,0.0,0.0,0.235,137935000.0,133714000.0,24135000.0,0.0,16.09,35.16,33.5,44434000.0,0.0,47.57,8.259,8.285,89504000.0,-163539000.0,721172000.0,721172000.0,47321000.0,0.208,0.61,0.247,0.129,31767000.0,89014000.0,1.0,125211569.0,125603000,125603000.0,5.742,945058000.0,93872000.0,-90402000.0,0.0,7.524,533678000.0
5,ENPH,MRT,2020-03-31,2020-03-31,2020-03-31,2021-07-27,-1091000.0,1030787000.0,687299250.0,751697000.0,279090000.0,1.062,2.56,-17483000.0,593844000.0,593844000.0,461147000.0,227319000.0,3.218,2.26,395783000.0,100567000.0,295216000.0,395783000.0,145227000.0,14391000.0,0.0,0.0,0.0,153164000.0,167555000.0,0.23,167555000.0,153164000.0,144069000.0,1.89,1.69,1.89,316207000.0,214494750.0,316207000.0,3786892661.0,25.0,22.601,143743000.0,1.164,1.0,268581000.0,0.368,54115000.0,9095000.0,544989000.0,302862000.0,34617000.0,0.0,0.0,0.0,714580000.0,233622000.0,480958000.0,3977458661.0,515757000.0,0.0,5300000.0,438152000.0,0.0,372343000.0,-17483000.0,0.0,161226000.0,-329000.0,227319000.0,227319000.0,227319000.0,0.0,0.0,0.312,128274000.0,140307000.0,34538000.0,0.0,12.579,17.497,17.085,42486000.0,0.0,32.29,5.451,5.466,95484000.0,-116245000.0,729728000.0,729728000.0,43733000.0,0.331,1.06,0.506,0.21,24401000.0,82310000.0,1.0,123179271.0,123531000,138104000.0,5.907,976672000.0,86806000.0,-83250000.0,0.0,7.906,518075000.0
6,ENPH,MRT,2019-12-31,2019-12-31,2019-12-31,2021-07-27,-923000.0,713223000.0,509415500.0,499657000.0,213566000.0,1.226,2.332,-14788000.0,296109000.0,296109000.0,403088000.0,161148000.0,2.507,1.62,105543000.0,2884000.0,102659000.0,105543000.0,181987000.0,14119000.0,0.0,0.0,0.0,99805000.0,113924000.0,0.182,113924000.0,99805000.0,90114000.0,1.38,1.23,1.38,272212000.0,138974000.0,272212000.0,3098956301.0,31.0,27.202,124279000.0,1.065,1.0,221245000.0,0.354,55362000.0,9691000.0,267984000.0,197090500.0,32056000.0,0.0,0.0,0.0,441011000.0,199311000.0,241700000.0,3197940301.0,189872000.0,0.0,4985000.0,81558000.0,0.0,65850000.0,-14788000.0,0.0,139067000.0,-257000.0,161148000.0,161148000.0,161148000.0,0.0,0.0,0.258,118516000.0,102729000.0,57474000.0,0.0,11.748,19.845,18.935,39053000.0,0.0,26.13,5.122,4.885,145413000.0,-185181000.0,624333000.0,624333000.0,40381000.0,0.316,1.16,0.506,0.16,20176000.0,75536000.0,1.0,122385775.0,116713000,131644000.0,5.349,657861000.0,74531000.0,-71034000.0,0.0,5.637,300346000.0
7,ENPH,MRT,2019-09-30,2019-09-30,2019-09-30,2021-07-27,569000.0,523669000.0,416094000.0,391517000.0,132152000.0,1.217,1.247,-9135000.0,203046000.0,203046000.0,335062000.0,45191000.0,2.667,2.439,104062000.0,3084000.0,100978000.0,104062000.0,120041000.0,14268000.0,0.0,0.0,0.0,57461000.0,71729000.0,0.142,71729000.0,57461000.0,46979000.0,0.38,0.34,0.38,152289000.0,72865000.0,152289000.0,2608476138.0,45.0,36.366,29536000.0,0.242,1.0,171528000.0,0.339,56544000.0,10482000.0,221322000.0,164152750.0,30231000.0,0.0,0.0,0.0,371380000.0,146819000.0,224561000.0,2711502138.0,86882000.0,-6000000.0,3569000.0,77183000.0,0.0,63820000.0,-15135000.0,0.0,38671000.0,-474000.0,45191000.0,45191000.0,45191000.0,0.0,0.0,0.089,108238000.0,63290000.0,60692000.0,0.0,17.805,60.001,58.5,34939000.0,0.0,22.23,5.352,5.359,133689000.0,-301847000.0,506590000.0,506590000.0,36553000.0,0.109,0.62,0.35,0.113,15521000.0,68676000.0,1.0,121974905.0,122123000,133611000.0,4.148,467125000.0,0.0,1788000.0,0.0,3.825,244698000.0
8,ENPH,MRT,2019-06-30,2019-06-30,2019-06-30,2021-07-27,414000.0,481518000.0,366804250.0,349851000.0,131667000.0,1.103,1.032,-5852000.0,205959000.0,205959000.0,272449000.0,10622000.0,2.436,3.106,102933000.0,3043000.0,99890000.0,102933000.0,115865000.0,12892000.0,0.0,0.0,0.0,23372000.0,36264000.0,0.09,36264000.0,23372000.0,12386000.0,0.1,0.08,0.1,117271000.0,35831750.0,117271000.0,1999737251.0,86.0,55.144,34674000.0,0.305,1.0,132086000.0,0.327,57726000.0,10986000.0,177153000.0,140471000.0,20094000.0,0.0,0.0,0.0,364247000.0,143613000.0,220634000.0,2009433251.0,147488000.0,-15000000.0,3895000.0,138515000.0,0.0,127826000.0,-20852000.0,0.0,40526000.0,-12000.0,10622000.0,10622000.0,10622000.0,0.0,0.0,0.026,102876000.0,29210000.0,65989000.0,0.0,17.135,189.177,182.3,33836000.0,0.0,18.23,4.967,5.123,97537000.0,-332946000.0,404535000.0,404535000.0,33633000.0,0.029,0.296,0.166,0.058,13796000.0,64115000.0,1.0,110226728.0,113677000,130737000.0,3.559,423792000.0,0.0,1764000.0,0.0,3.728,206238000.0
9,ENPH,MRT,2019-03-31,2019-03-31,2019-03-31,2021-07-27,663000.0,319252000.0,301058750.0,195442000.0,123810000.0,1.15,0.131,-3766000.0,78087000.0,78087000.0,236869000.0,-3734000.0,1.518,21.604,68391000.0,2985000.0,65406000.0,68391000.0,111309000.0,10963000.0,0.0,0.0,0.0,9836000.0,20799000.0,0.06,20799000.0,9836000.0,-2222000.0,-0.03,-0.04,-0.03,14124000.0,-1014750.0,14124000.0,1005181890.0,102.0,48.328,26068000.0,0.241,1.0,109468000.0,0.316,58907000.0,12058000.0,121903000.0,119527250.0,12971000.0,0.0,0.0,0.0,305128000.0,128746000.0,176382000.0,1001635890.0,24832000.0,-15000000.0,4038000.0,11779000.0,0.0,14462000.0,-18766000.0,0.0,29834000.0,-698000.0,-3734000.0,-3734000.0,-3734000.0,0.0,0.0,-0.011,98263000.0,11205000.0,52489000.0,0.0,70.917,-268.247,-307.667,28141000.0,0.0,9.23,2.892,2.883,81715000.0,-343563000.0,346337000.0,346337000.0,33491000.0,-0.012,3.68,0.082,0.028,13151000.0,60275000.0,1.0,108519598.0,108195000,115863000.0,3.201,260345000.0,0.0,1512000.0,0.0,2.406,66696000.0
10,ENPH,MRT,2018-12-31,2018-12-31,2018-12-31,2021-07-27,742000.0,339937000.0,274275250.0,222302000.0,117635000.0,1.153,0.078,-4151000.0,106237000.0,106237000.0,221714000.0,-11627000.0,1.511,42.716,109783000.0,28155000.0,81628000.0,109783000.0,110030000.0,9667000.0,0.0,0.0,0.0,464000.0,10131000.0,0.032,10131000.0,464000.0,-10229000.0,-0.12,-0.12,-0.12,7776000.0,-12333500.0,7776000.0,498799946.0,1075.0,49.235,11981000.0,0.12,1.0,94445000.0,0.299,60089000.0,10693000.0,136233000.0,114502000.0,16267000.0,0.0,0.0,0.0,332161000.0,147161000.0,185000000.0,502931946.0,77093000.0,-15000000.0,22566000.0,58048000.0,0.0,80614000.0,-19151000.0,0.0,16132000.0,-502000.0,-11627000.0,-11627000.0,-11627000.0,0.0,0.0,-0.037,92849000.0,1596000.0,48794000.0,0.0,64.677,-43.256,-39.417,20998000.0,0.0,4.73,1.591,1.49,78938000.0,-346302000.0,316159000.0,316159000.0,32587000.0,-0.042,0.943,0.004,0.001,11432000.0,56133000.0,1.0,106328107.0,99619000,99619000.0,3.174,279848000.0,0.0,1398000.0,0.0,2.809,75141000.0
11,ENPH,MRT,2018-09-30,2018-09-30,2018-09-30,2021-07-27,-7000.0,326510000.0,231577750.0,209798000.0,116712000.0,1.311,0.04,-2896000.0,116164000.0,116164000.0,218275000.0,-15276000.0,1.555,77.564,112032000.0,24125000.0,87907000.0,112032000.0,106080000.0,9191000.0,0.0,0.0,0.0,-5663000.0,3528000.0,0.012,3528000.0,-5663000.0,-15401000.0,-0.15,-0.15,-0.15,4156000.0,-16559000.0,4156000.0,463232463.0,-82.0,131.302,9447000.0,0.092,1.0,85269000.0,0.281,60861000.0,9738000.0,126595000.0,103902250.0,17886000.0,0.0,0.0,0.0,322354000.0,134922000.0,187432000.0,469715463.0,87286000.0,-9000000.0,22278000.0,64890000.0,0.0,87168000.0,-11896000.0,0.0,12343000.0,-329000.0,-15276000.0,-15276000.0,-15276000.0,0.0,0.0,-0.05,90808000.0,-5539000.0,28103000.0,0.0,113.021,-30.749,-32.333,20331000.0,0.0,4.85,1.547,1.642,54117000.0,-347011000.0,303544000.0,303544000.0,33455000.0,-0.066,0.923,-0.055,-0.019,11361000.0,52775000.0,1.0,96848549.0,102798000,102798000.0,2.953,265649000.0,0.0,-125000.0,0.0,2.584,74876000.0
12,ENPH,MRT,2018-06-30,2018-06-30,2018-06-30,2021-07-27,-353000.0,218536000.0,194220500.0,155379000.0,63157000.0,1.558,-0.309,-2081000.0,58471000.0,58471000.0,226114000.0,-18660000.0,1.355,-8.257,51988000.0,18429000.0,33559000.0,51988000.0,110061000.0,8890000.0,0.0,0.0,0.0,-10509000.0,-1619000.0,-0.005,-1619000.0,-10509000.0,-19217000.0,-0.2,-0.2,-0.2,-30115000.0,-19548500.0,-30115000.0,649262735.0,-62.0,-401.027,1243000.0,0.013,1.0,76466000.0,0.253,4027000.0,8708000.0,93378000.0,98770750.0,17471000.0,0.0,0.0,0.0,248651000.0,114648000.0,134003000.0,651790735.0,27518000.0,0.0,21653000.0,4653000.0,0.0,26306000.0,-2081000.0,0.0,3324000.0,-31000.0,-18660000.0,-18660000.0,-18660000.0,0.0,0.0,-0.062,87532000.0,-11066000.0,21895000.0,0.0,-21.643,-34.93,-33.65,23100000.0,0.0,6.73,2.154,2.165,58696000.0,-343541000.0,302580000.0,302580000.0,32687000.0,-0.096,0.955,-0.106,-0.035,9037000.0,48784000.0,1.0,96848549.0,97321000,97321000.0,3.109,214509000.0,0.0,-557000.0,0.0,2.204,40731000.0
13,ENPH,MRT,2018-03-31,2018-03-31,2018-03-31,2021-07-27,-368000.0,212118000.0,180506000.0,147853000.0,64265000.0,1.67,-0.341,-1698000.0,53255000.0,53255000.0,234076000.0,-27015000.0,1.426,-7.809,50727000.0,14268000.0,36459000.0,50727000.0,115673000.0,8952000.0,0.0,0.0,0.0,-18692000.0,-9740000.0,-0.032,-9740000.0,-18692000.0,-27057000.0,-0.3,-0.3,-0.3,-31151000.0,-12615750.0,-31151000.0,409615612.0,-22.0,-42.055,-2268000.0,-0.025,1.0,67312000.0,0.223,4103000.0,8365000.0,101802000.0,103522250.0,18541000.0,0.0,0.0,0.0,243269000.0,103685000.0,139584000.0,390883612.0,23300000.0,0.0,20623000.0,3818000.0,0.0,24441000.0,-1698000.0,0.0,-570000.0,1127000.0,-27015000.0,-27015000.0,-27015000.0,0.0,0.0,-0.09,87067000.0,-19755000.0,14087000.0,0.0,-12.548,-14.469,-15.233,24926000.0,0.0,4.57,1.297,1.386,55622000.0,-339803000.0,301388000.0,301388000.0,31172000.0,-0.15,2.141,-0.181,-0.062,6369000.0,46225000.0,1.0,85532519.0,91422000,91422000.0,3.297,208015000.0,0.0,-42000.0,0.0,2.275,44168000.0
14,ENPH,MRT,2017-12-31,2017-12-31,2017-12-31,2021-07-27,-656000.0,169147000.0,169353250.0,130446000.0,38701000.0,1.69,-0.11,-4121000.0,29144000.0,29144000.0,230123000.0,-45192000.0,1.422,-19.535,49751000.0,17429000.0,32322000.0,49751000.0,45632000.0,9004000.0,0.0,0.0,0.0,-37129000.0,-28125000.0,-0.098,-28125000.0,-37129000.0,-45341000.0,-0.54,-0.54,-0.54,-9126000.0,-2960250.0,-9126000.0,224865371.0,-6.0,-7.995,-32563000.0,-0.393,1.0,56043000.0,0.196,4179000.0,8212000.0,93834000.0,109405250.0,25999000.0,0.0,0.0,0.0,178273000.0,91741000.0,86532000.0,206133371.0,11380000.0,0.0,26955000.0,16342000.0,0.0,43297000.0,-4121000.0,0.0,-28442000.0,646000.0,-45192000.0,-45192000.0,-45192000.0,0.0,0.0,-0.158,95421000.0,-39378000.0,28747000.0,0.0,-22.587,-4.561,-4.463,26483000.0,0.0,2.41,0.72,0.698,65346000.0,-295727000.0,286166000.0,286166000.0,33157000.0,-0.267,15.266,-0.339,-0.13,6727000.0,45347000.0,1.0,85532519.0,82939000,82939000.0,3.45,164968000.0,0.0,-149000.0,0.0,1.989,38705000.0
15,ENPH,MRT,2017-09-30,2017-09-30,2017-09-30,2021-07-27,-465000.0,177081000.0,167960500.0,136317000.0,40764000.0,1.769,-0.092,-6169000.0,28878000.0,28878000.0,243805000.0,-55440000.0,1.595,-23.697,47610000.0,10552000.0,37058000.0,47610000.0,45341000.0,9362000.0,0.0,0.0,0.0,-46734000.0,-37372000.0,-0.126,-37372000.0,-46734000.0,-53888000.0,-0.7,-0.7,-0.7,-7802000.0,-353750.0,-7802000.0,144946150.0,-3.0,-3.878,-37062000.0,-0.437,1.0,53289000.0,0.179,4255000.0,7154000.0,106069000.0,109029500.0,25316000.0,0.0,0.0,0.0,184883000.0,85489000.0,99394000.0,128563150.0,4766000.0,1050000.0,28440000.0,12005000.0,0.0,40474000.0,-5119000.0,0.0,-30893000.0,304000.0,-55440000.0,-55440000.0,-55440000.0,0.0,0.0,-0.187,100625000.0,-47336000.0,34620000.0,0.0,-16.478,-2.319,-2.171,28191000.0,0.0,1.52,0.433,0.434,68869000.0,-292787000.0,297094000.0,297094000.0,36326000.0,-0.33,156.721,-0.429,-0.157,7364000.0,48312000.0,1.0,84581020.0,84862000,84862000.0,3.501,172826000.0,0.0,1552000.0,0.0,2.037,50828000.0
16,ENPH,MRT,2017-06-30,2017-06-30,2017-06-30,2021-07-27,-169000.0,163678000.0,167797250.0,121502000.0,42176000.0,1.84,-0.028,-8172000.0,30953000.0,30953000.0,256033000.0,-67342000.0,1.918,-69.657,47336000.0,5951000.0,41385000.0,47336000.0,43924000.0,9833000.0,0.0,0.0,0.0,-58834000.0,-49001000.0,-0.159,-49001000.0,-58834000.0,-65462000.0,-1.02,-1.02,-1.02,-2384000.0,4154000.0,-2384000.0,90246496.0,-2.0,-1.842,-57459000.0,-0.681,1.0,52707000.0,0.171,4332000.0,6628000.0,112384000.0,106959500.0,20839000.0,0.0,0.0,0.0,166062000.0,63345000.0,102717000.0,73320496.0,22710000.0,1050000.0,43072000.0,35909000.0,0.0,79010000.0,-7122000.0,0.0,-49287000.0,109000.0,-67342000.0,-67342000.0,-67342000.0,0.0,0.0,-0.218,111873000.0,-59166000.0,15425000.0,0.0,-30.755,-1.089,-0.853,29351000.0,0.0,0.87,0.237,0.238,56403000.0,-285933000.0,308740000.0,308740000.0,42098000.0,-0.401,-16.211,-0.55,-0.191,8169000.0,55142000.0,1.0,84276432.0,84434000,84434000.0,3.657,159346000.0,0.0,1880000.0,0.0,1.887,58157000.0
17,ENPH,MRT,2017-03-31,2017-03-31,2017-03-31,2021-07-27,-631000.0,167507000.0,165005000.0,122799000.0,44708000.0,1.898,0.097,-12285000.0,29955000.0,29955000.0,259925000.0,-71972000.0,2.248,21.421,46881000.0,1497000.0,45384000.0,46881000.0,41699000.0,10286000.0,0.0,0.0,0.0,-65842000.0,-55556000.0,-0.177,-55556000.0,-65842000.0,-70602000.0,-1.24,-1.24,-1.24,7471000.0,7864250.0,7471000.0,129195662.0,-2.0,-2.326,-54500000.0,-0.711,1.0,53296000.0,0.17,4470000.0,4760000.0,125334000.0,95489000.0,33808000.0,0.0,0.0,0.0,160036000.0,54629000.0,105407000.0,113059662.0,16939000.0,1050000.0,43709000.0,28206000.0,0.0,71915000.0,-11913000.0,0.0,-42215000.0,-848000.0,-71972000.0,-71972000.0,-71972000.0,0.0,0.0,-0.23,119003000.0,-65707000.0,15858000.0,0.0,15.133,-1.571,-1.105,30905000.0,0.0,1.37,0.361,0.335,48903000.0,-273840000.0,313221000.0,313221000.0,47242000.0,-0.436,-9.152,-0.69,-0.21,9256000.0,60737000.0,1.0,82525301.0,76651000,76651000.0,4.086,163037000.0,0.0,1370000.0,0.0,2.127,68170000.0
18,ENPH,MRT,2016-12-31,2016-12-31,2016-12-31,2021-07-27,-292000.0,163576000.0,162758250.0,117864000.0,45712000.0,1.982,0.026,-12167000.0,17764000.0,17764000.0,264583000.0,-67462000.0,1.424,124.828,33900000.0,13132000.0,20768000.0,33900000.0,40304000.0,10638000.0,0.0,0.0,0.0,-63214000.0,-52576000.0,-0.163,-52576000.0,-63214000.0,-65987000.0,-1.34,-1.34,-1.34,1300000.0,12386500.0,1300000.0,74871441.0,-1.0,-1.424,-45120000.0,-0.893,1.0,58008000.0,0.18,4609000.0,2773000.0,92331000.0,84099750.0,31960000.0,0.0,0.0,0.0,162276000.0,82772000.0,79504000.0,62528441.0,-10688000.0,1050000.0,17286000.0,17089000.0,0.0,34375000.0,-11795000.0,0.0,-32953000.0,-315000.0,-67462000.0,-67462000.0,-67462000.0,0.0,0.0,-0.209,120708000.0,-62700000.0,31696000.0,0.0,48.099,-0.927,-0.754,31440000.0,0.0,1.01,0.194,0.158,61019000.0,-250535000.0,322591000.0,322591000.0,50703000.0,-0.414,-5.446,-0.752,-0.196,10326000.0,66228000.0,1.0,61909348.0,50519000,50519000.0,6.386,158967000.0,0.0,1475000.0,0.0,3.147,35092000.0
19,ENPH,MRT,2016-09-30,2016-09-30,2016-09-30,2021-07-27,-254000.0,176428000.0,163246250.0,129882000.0,46546000.0,1.823,0.216,-12450000.0,24112000.0,24112000.0,240144000.0,-70057000.0,1.518,16.248,36455000.0,13647000.0,22808000.0,36455000.0,37769000.0,10874000.0,0.0,0.0,0.0,-66864000.0,-55990000.0,-0.188,-55990000.0,-66864000.0,-68658000.0,-1.52,-1.52,-1.52,10229000.0,22423750.0,10229000.0,59365914.0,-1.0,-1.06,-32889000.0,-0.696,1.0,57475000.0,0.193,5414000.0,1794000.0,97789000.0,79832750.0,39101000.0,0.0,0.0,0.0,166199000.0,85568000.0,80631000.0,55158914.0,1621000.0,0.0,16593000.0,19074000.0,0.0,35338000.0,-13065000.0,0.0,-20439000.0,-213000.0,-70057000.0,-70057000.0,-70057000.0,0.0,0.0,-0.235,125253000.0,-67778000.0,32551000.0,0.0,5.392,-0.787,-0.776,32453000.0,0.0,1.18,0.185,0.187,59482000.0,-237347000.0,297619000.0,297619000.0,51870000.0,-0.429,-3.124,-0.838,-0.225,11356000.0,70666000.0,1.0,46744842.0,47278000,47278000.0,6.295,171014000.0,0.0,1399000.0,0.0,3.617,44314000.0
20,ENPH,MRT,2016-06-30,2016-06-30,2016-06-30,2021-07-27,-200000.0,152509000.0,164880000.0,104436000.0,48073000.0,1.891,0.267,-13775000.0,8243000.0,8243000.0,238747000.0,-50677000.0,1.234,11.243,12450000.0,12450000.0,0.0,12450000.0,35587000.0,10873000.0,0.0,0.0,0.0,-48411000.0,-37538000.0,-0.12,-37538000.0,-48411000.0,-49111000.0,-1.11,-1.11,-1.11,12457000.0,33108000.0,12457000.0,99909522.0,-2.0,-2.662,-19655000.0,-0.422,1.0,73062000.0,0.234,5597000.0,700000.0,66502000.0,78660250.0,39295000.0,0.0,0.0,0.0,140052000.0,84617000.0,55435000.0,92925522.0,-23644000.0,0.0,2079000.0,-4830000.0,0.0,-3080000.0,-14390000.0,0.0,-5880000.0,-294000.0,-50677000.0,-50677000.0,-50677000.0,0.0,0.0,-0.163,121330000.0,-48268000.0,37610000.0,0.0,7.46,-1.834,-1.793,34591000.0,0.0,1.99,0.298,0.298,48973000.0,-218591000.0,311809000.0,311809000.0,50760000.0,-0.307,-1.531,-0.615,-0.155,12107000.0,70570000.0,1.0,46696242.0,46620000,46620000.0,6.688,146912000.0,0.0,1566000.0,0.0,3.151,19819000.0
21,ENPH,MRT,2016-03-31,2016-03-31,2016-03-31,2021-07-27,-404000.0,158520000.0,172077250.0,112885000.0,45635000.0,1.945,0.553,-12262000.0,13016000.0,13016000.0,242764000.0,-34557000.0,1.412,5.202,20000000.0,20000000.0,0.0,20000000.0,33298000.0,10687000.0,0.0,0.0,0.0,-32534000.0,-21847000.0,-0.065,-21847000.0,-32534000.0,-33109000.0,-0.76,-0.76,-0.76,25560000.0,42180750.0,25560000.0,96575193.0,-3.0,-4.421,-37173000.0,-0.804,1.0,91953000.0,0.275,5781000.0,575000.0,79777000.0,81380250.0,45576000.0,0.0,0.0,0.0,132960000.0,79946000.0,53014000.0,108027193.0,-14111000.0,0.0,3438000.0,19795000.0,0.0,22933000.0,-12199000.0,0.0,-24911000.0,66000.0,-34557000.0,-34557000.0,-34557000.0,0.0,0.0,-0.103,124802000.0,-32849000.0,24293000.0,0.0,4.226,-3.126,-3.066,32963000.0,0.0,2.33,0.323,0.322,47056000.0,-201868000.0,334717000.0,334717000.0,50455000.0,-0.201,-0.819,-0.4,-0.097,12707000.0,74347000.0,1.0,46363602.0,46209000,46209000.0,7.244,152739000.0,0.0,1448000.0,0.0,3.305,32939000.0
22,ENPH,MRT,2015-12-31,2015-12-31,2015-12-31,2021-07-27,-210000.0,165528000.0,170819750.0,121768000.0,43760000.0,2.091,0.929,-12525000.0,28452000.0,28452000.0,249032000.0,-22082000.0,1.672,2.994,17000000.0,17000000.0,0.0,17000000.0,29030000.0,10539000.0,0.0,0.0,0.0,-20202000.0,-9663000.0,-0.027,-9663000.0,-20202000.0,-20703000.0,-0.49,-0.49,-0.49,41449000.0,46786000.0,41449000.0,153628725.0,-8.0,-15.899,-33685000.0,-0.755,1.0,108217000.0,0.303,5965000.0,501000.0,75263000.0,76091500.0,40800000.0,0.0,0.0,0.0,124079000.0,72848000.0,51231000.0,159119725.0,-13580000.0,0.0,4014000.0,16850000.0,0.0,20564000.0,-12462000.0,0.0,-21160000.0,-522000.0,-22082000.0,-22082000.0,-22082000.0,0.0,0.0,-0.062,127526000.0,-19309000.0,25569000.0,0.0,3.839,-7.206,-7.163,32118000.0,0.0,3.51,0.445,0.439,46099000.0,-183073000.0,357249000.0,357249000.0,50819000.0,-0.129,-0.472,-0.265,-0.057,12696000.0,76707000.0,1.0,45333255.0,44632000,44632000.0,8.004,159563000.0,0.0,1379000.0,0.0,3.575,48920000.0
23,ENPH,MRT,2015-09-30,2015-09-30,2015-09-30,2021-07-27,-211000.0,182963000.0,167485750.0,141610000.0,41353000.0,2.369,1.184,-13095000.0,22491000.0,22491000.0,269275000.0,-5897000.0,1.789,2.454,17000000.0,17000000.0,0.0,17000000.0,26535000.0,9959000.0,0.0,0.0,0.0,-3901000.0,6058000.0,0.015,6058000.0,-3901000.0,-4778000.0,-0.13,-0.13,-0.13,52966000.0,48161750.0,52966000.0,149973556.0,-38.0,24.756,-33524000.0,-0.749,1.0,127552000.0,0.321,5234000.0,877000.0,93099000.0,68750250.0,36717000.0,0.0,0.0,0.0,129997000.0,79139000.0,50858000.0,164860556.0,-22046000.0,-2235000.0,4274000.0,11139000.0,0.0,15413000.0,-16380000.0,0.0,-20429000.0,-650000.0,-5897000.0,-5897000.0,-5897000.0,0.0,0.0,-0.015,129739000.0,-2187000.0,32707000.0,0.0,3.113,-27.957,-28.462,31240000.0,0.0,3.7,0.415,0.417,75322000.0,-167290000.0,396827000.0,396827000.0,51315000.0,-0.035,-0.122,-0.057,-0.01,12282000.0,78424000.0,1.0,44556907.0,44734000,47996000.0,8.871,177729000.0,0.0,1119000.0,0.0,3.973,62471000.0
24,ENPH,MRT,2015-06-30,2015-06-30,2015-06-30,2021-07-27,-400000.0,181298000.0,157926000.0,141332000.0,39966000.0,2.489,1.1,-15176000.0,31887000.0,31887000.0,264459000.0,-5708000.0,1.689,2.719,17000000.0,17000000.0,0.0,17000000.0,24408000.0,9411000.0,0.0,0.0,0.0,-3680000.0,5731000.0,0.015,5731000.0,-3680000.0,-4773000.0,-0.12,-0.12,-0.12,48748000.0,45535750.0,48748000.0,308898562.0,-84.0,53.9,-18359000.0,-0.414,1.0,128607000.0,0.327,5341000.0,1093000.0,77382000.0,57499250.0,34054000.0,0.0,0.0,0.0,132550000.0,83688000.0,48862000.0,336025562.0,-5734000.0,-2235000.0,6409000.0,10469000.0,0.0,16878000.0,-18461000.0,0.0,-3183000.0,-968000.0,-5708000.0,-5708000.0,-5708000.0,0.0,0.0,-0.015,130680000.0,-2073000.0,34467000.0,0.0,6.893,-58.869,-63.417,31633000.0,0.0,7.61,0.855,0.858,67315000.0,-167914000.0,393066000.0,393066000.0,51368000.0,-0.036,-0.125,-0.064,-0.009,11529000.0,79312000.0,1.0,44155790.0,44319000,44319000.0,8.869,175957000.0,0.0,935000.0,0.0,3.97,57644000.0
25,ENPH,MRT,2015-03-31,2015-03-31,2015-03-31,2021-07-27,-395000.0,153490000.0,145622250.0,114830000.0,38660000.0,2.561,1.001,-14688000.0,27127000.0,27127000.0,250565000.0,-8136000.0,1.843,2.49,0.0,0.0,0.0,0.0,21775000.0,8881000.0,0.0,0.0,0.0,-5820000.0,3061000.0,0.008,3061000.0,-5820000.0,-7312000.0,-0.18,-0.18,-0.18,43981000.0,42637250.0,43981000.0,537203262.0,-92.0,175.499,-6245000.0,-0.142,1.0,122412000.0,0.328,5449000.0,1492000.0,58622000.0,50413000.0,34746000.0,0.0,0.0,0.0,109509000.0,62292000.0,47217000.0,579235262.0,-12808000.0,-2235000.0,5589000.0,-7842000.0,0.0,-2253000.0,-17973000.0,0.0,8443000.0,-1025000.0,-8136000.0,-8136000.0,-8136000.0,0.0,0.0,-0.022,126604000.0,-4192000.0,30954000.0,0.0,13.17,-71.194,-73.278,31197000.0,0.0,13.19,1.553,1.554,45870000.0,-167311000.0,372977000.0,372977000.0,49730000.0,-0.056,-0.191,-0.115,-0.016,10715000.0,76874000.0,1.0,43914728.0,43950000,43950000.0,8.486,148041000.0,0.0,824000.0,0.0,3.368,52538000.0
26,ENPH,MRT,2014-12-31,2014-12-31,2014-12-31,2021-07-27,-79000.0,152192000.0,135539750.0,114896000.0,37296000.0,2.537,1.094,-13249000.0,42032000.0,42032000.0,230861000.0,-8052000.0,1.957,2.241,0.0,0.0,0.0,0.0,19359000.0,8259000.0,0.0,0.0,0.0,-5423000.0,2836000.0,0.008,2836000.0,-5423000.0,-7286000.0,-0.19,-0.19,-0.19,46952000.0,40751500.0,46952000.0,584719120.0,-108.0,206.177,10973000.0,0.256,1.0,113043000.0,0.329,5556000.0,1863000.0,45898000.0,47496750.0,21590000.0,0.0,0.0,0.0,105240000.0,58706000.0,46534000.0,623395120.0,3842000.0,-2235000.0,5366000.0,-8708000.0,0.0,-3342000.0,-16534000.0,0.0,24222000.0,-504000.0,-8052000.0,-8052000.0,-8052000.0,0.0,0.0,-0.023,117472000.0,-4429000.0,22316000.0,0.0,13.277,-77.421,-75.211,30824000.0,0.0,14.29,1.813,1.783,45119000.0,-160991000.0,343904000.0,343904000.0,45386000.0,-0.059,-0.198,-0.114,-0.016,9740000.0,72086000.0,1.0,43624571.0,42903000,42903000.0,8.016,146636000.0,0.0,766000.0,0.0,3.418,56190000.0
27,ENPH,MRT,2014-09-30,2014-09-30,2014-09-30,2021-07-27,-56000.0,144724000.0,126659000.0,114489000.0,30235000.0,2.414,0.985,-11207000.0,44537000.0,44537000.0,206249000.0,-11264000.0,1.976,2.408,5861000.0,2888000.0,2973000.0,5861000.0,17757000.0,7863000.0,0.0,0.0,0.0,-8536000.0,-673000.0,-0.002,-673000.0,-8536000.0,-10497000.0,-0.26,-0.26,-0.26,42462000.0,39065000.0,42462000.0,612611449.0,-72.0,-910.27,11714000.0,0.272,1.0,99504000.0,0.325,0.0,1961000.0,48095000.0,49398500.0,15488000.0,0.0,0.0,0.0,102262000.0,57953000.0,44309000.0,643701449.0,12759000.0,0.0,4715000.0,-3479000.0,0.0,1236000.0,-11207000.0,0.0,22921000.0,-191000.0,-11264000.0,-11264000.0,-11264000.0,0.0,0.0,-0.037,107495000.0,-7991000.0,21992000.0,0.0,15.159,-57.147,-57.654,28825000.0,0.0,14.99,2.105,2.114,49270000.0,-161393000.0,305753000.0,305753000.0,41067000.0,-0.089,-0.288,-0.173,-0.028,8931000.0,66428000.0,1.0,42942058.0,43128000,48786000.0,7.089,144724000.0,0.0,767000.0,0.0,3.356,56536000.0
28,ENPH,MRT,2014-06-30,2014-06-30,2014-06-30,2021-07-27,236000.0,132083000.0,120555500.0,105470000.0,26613000.0,2.229,0.871,-7123000.0,37621000.0,37621000.0,184268000.0,-18378000.0,2.03,2.555,6531000.0,2805000.0,3726000.0,6531000.0,15580000.0,7514000.0,0.0,0.0,0.0,-15555000.0,-8041000.0,-0.03,-8041000.0,-15555000.0,-17597000.0,-0.43,-0.43,-0.43,37154000.0,38532750.0,37154000.0,332233270.0,-21.0,-41.317,4101000.0,0.096,1.0,84418000.0,0.314,0.0,2042000.0,49037000.0,51225000.0,15724000.0,0.0,0.0,0.0,94929000.0,51956000.0,42973000.0,364341270.0,3645000.0,0.0,2596000.0,-3428000.0,0.0,-832000.0,-7123000.0,0.0,11224000.0,376000.0,-18378000.0,-18378000.0,-18378000.0,0.0,0.0,-0.068,99647000.0,-15229000.0,19509000.0,0.0,9.806,-19.825,-19.884,25127000.0,0.0,8.55,1.356,1.357,46537000.0,-162206000.0,268686000.0,268686000.0,37248000.0,-0.152,-0.477,-0.304,-0.058,8446000.0,62399000.0,1.0,42613014.0,42648000,42648000.0,6.3,132083000.0,0.0,781000.0,0.0,3.097,53514000.0
29,ENPH,MRT,2014-03-31,2014-03-31,2014-03-31,2021-07-27,230000.0,113160000.0,115871750.0,86781000.0,26379000.0,2.113,0.863,-6747000.0,39935000.0,39935000.0,170979000.0,-21743000.0,2.545,2.106,7827000.0,3370000.0,4457000.0,7827000.0,13964000.0,7231000.0,0.0,0.0,0.0,-18913000.0,-11682000.0,-0.048,-11682000.0,-18913000.0,-20953000.0,-0.51,-0.51,-0.51,36438000.0,40331000.0,36438000.0,281350282.0,-15.0,-24.084,3634000.0,0.086,1.0,73870000.0,0.302,0.0,2040000.0,46957000.0,52787000.0,14113000.0,0.0,0.0,0.0,76722000.0,34095000.0,42627000.0,310863282.0,3501000.0,0.0,2280000.0,-2722000.0,0.0,-442000.0,-6747000.0,0.0,10381000.0,309000.0,-21743000.0,-21743000.0,-21743000.0,0.0,0.0,-0.089,92102000.0,-18232000.0,9353000.0,0.0,8.531,-14.297,-14.431,24809000.0,0.0,7.36,1.27,1.269,28450000.0,-159175000.0,244849000.0,244849000.0,34584000.0,-0.188,-0.539,-0.358,-0.077,7427000.0,57518000.0,1.0,42236859.0,42205000,42205000.0,5.801,113160000.0,0.0,790000.0,0.0,2.681,52686000.0
30,ENPH,MRT,2013-12-31,2013-12-31,2013-12-31,2021-07-27,229000.0,116669000.0,115848000.0,90509000.0,26160000.0,2.01,0.965,-6257000.0,38190000.0,38190000.0,165430000.0,-25913000.0,2.713,1.902,8677000.0,3507000.0,5170000.0,8677000.0,14057000.0,6981000.0,0.0,0.0,0.0,-22995000.0,-16014000.0,-0.069,-16014000.0,-22995000.0,-25050000.0,-0.62,-0.62,-0.62,40206000.0,43248750.0,40206000.0,244059638.0,-11.0,-15.24,-7129000.0,-0.171,1.0,67416000.0,0.29,286000.0,2055000.0,53505000.0,55055500.0,16580000.0,0.0,0.0,0.0,76463000.0,33365000.0,43098000.0,266544638.0,-7104000.0,0.0,2429000.0,-2487000.0,0.0,-58000.0,-6257000.0,0.0,-872000.0,83000.0,-25913000.0,-25913000.0,-25913000.0,0.0,0.0,-0.111,89574000.0,-22158000.0,7363000.0,0.0,6.629,-10.286,-10.226,24853000.0,0.0,6.34,1.145,1.134,32084000.0,-152939000.0,232846000.0,232846000.0,34524000.0,-0.224,-0.599,-0.418,-0.099,6849000.0,55050000.0,1.0,42041741.0,41647000,41647000.0,5.591,116383000.0,0.0,863000.0,0.0,2.795,57144000.0
31,ENPH,MRT,2013-09-30,2013-09-30,2013-09-30,2021-07-27,197000.0,120310000.0,117253500.0,94067000.0,26243000.0,1.905,0.965,-6822000.0,31778000.0,31778000.0,161382000.0,-30845000.0,2.217,1.983,9293000.0,3432000.0,5861000.0,9293000.0,13305000.0,6752000.0,0.0,0.0,0.0,-27683000.0,-20931000.0,-0.094,-20931000.0,-27683000.0,-30093000.0,-0.68,-0.68,-0.68,40333000.0,47361000.0,40333000.0,315016998.0,-11.0,-15.05,-7644000.0,-0.183,1.0,61976000.0,0.277,0.0,2410000.0,55401000.0,55230000.0,24392000.0,0.0,0.0,0.0,79977000.0,42424000.0,37553000.0,339096998.0,-9939000.0,0.0,1880000.0,-4067000.0,0.0,-2353000.0,-6822000.0,0.0,-822000.0,58000.0,-30845000.0,-30845000.0,-30845000.0,0.0,0.0,-0.138,88702000.0,-26726000.0,15103000.0,0.0,8.407,-10.994,-11.941,24823000.0,0.0,8.12,1.518,1.519,34744000.0,-150129000.0,223358000.0,223358000.0,34336000.0,-0.263,-0.651,-0.501,-0.124,6562000.0,54366000.0,1.0,41760714.0,41777000,41777000.0,5.346,120310000.0,0.0,752000.0,0.0,2.88,51643000.0
32,ENPH,MRT,2013-06-30,2013-06-30,2013-06-30,2021-07-27,93000.0,113348000.0,118200750.0,86694000.0,26654000.0,1.879,1.066,-8444000.0,33976000.0,33976000.0,161260000.0,-33451000.0,2.551,1.556,9896000.0,3365000.0,6531000.0,9896000.0,10561000.0,6486000.0,0.0,0.0,0.0,-30210000.0,-23724000.0,-0.107,-23724000.0,-30210000.0,-32710000.0,-0.75,-0.75,-0.75,44347000.0,52909750.0,44347000.0,295771724.0,-10.0,-12.467,-29206000.0,-0.702,1.0,60865000.0,0.274,0.0,2500000.0,55285000.0,55426750.0,17906000.0,0.0,0.0,0.0,69001000.0,33983000.0,35018000.0,321719724.0,-32993000.0,0.0,1745000.0,-4927000.0,0.0,-3552000.0,-8444000.0,0.0,-20762000.0,-235000.0,-33451000.0,-33451000.0,-33451000.0,0.0,0.0,-0.151,90443000.0,-29578000.0,10012000.0,0.0,7.255,-9.618,-10.307,25141000.0,0.0,7.73,1.448,1.448,32104000.0,-143828000.0,222125000.0,222125000.0,36614000.0,-0.283,-0.632,-0.545,-0.136,5968000.0,53829000.0,1.0,41619628.0,41617000,41617000.0,5.337,113348000.0,0.0,741000.0,0.0,2.724,52711000.0
33,ENPH,MRT,2013-03-31,2013-03-31,2013-03-31,2021-07-27,-126000.0,113065000.0,123986000.0,86143000.0,26922000.0,1.772,1.169,-10067000.0,36434000.0,36434000.0,161473000.0,-38440000.0,2.771,1.35,10486000.0,2440000.0,8046000.0,10486000.0,9446000.0,6143000.0,0.0,0.0,0.0,-32251000.0,-26108000.0,-0.119,-26108000.0,-32251000.0,-37672000.0,-0.89,-0.89,-0.89,48109000.0,59343750.0,48109000.0,221351510.0,-7.0,-8.478,-47613000.0,-1.157,1.0,58182000.0,0.265,0.0,5421000.0,56031000.0,51025750.0,22309000.0,0.0,0.0,0.0,64956000.0,31086000.0,33870000.0,255584510.0,4531000.0,0.0,59443000.0,-5143000.0,0.0,52381000.0,-10067000.0,0.0,-37546000.0,-237000.0,-38440000.0,-38440000.0,-38440000.0,0.0,0.0,-0.175,89774000.0,-31592000.0,9057000.0,0.0,5.313,-6.649,-6.966,25281000.0,0.0,6.2,1.164,1.161,24908000.0,-137432000.0,219655000.0,219655000.0,36785000.0,-0.31,-0.648,-0.632,-0.147,5495000.0,52989000.0,1.0,41223308.0,41149000,41149000.0,5.338,113065000.0,0.0,768000.0,0.0,2.748,55057000.0
34,ENPH,MRT,2012-12-31,2012-12-31,2012-12-31,2021-07-27,52000.0,122291000.0,121563500.0,94998000.0,27293000.0,1.782,1.843,-12990000.0,45294000.0,45294000.0,161390000.0,-38218000.0,2.806,1.159,11061000.0,2384000.0,8677000.0,11061000.0,8470000.0,5568000.0,0.0,0.0,0.0,-31131000.0,-25563000.0,-0.118,-25563000.0,-31131000.0,-37567000.0,-1.24,-1.24,-1.24,56655000.0,48453500.0,56655000.0,119258317.0,-4.0,-4.665,-57635000.0,-1.875,1.0,55288000.0,0.255,0.0,6436000.0,54203000.0,48816000.0,19843000.0,0.0,0.0,0.0,65636000.0,33855000.0,31781000.0,149028317.0,-6230000.0,0.0,58864000.0,-5230000.0,0.0,51436000.0,-12990000.0,0.0,-44645000.0,-31000.0,-38218000.0,-38218000.0,-38218000.0,0.0,0.0,-0.176,86449000.0,-31161000.0,11272000.0,0.0,2.63,-3.899,-2.944,25541000.0,0.0,3.65,0.688,0.518,27743000.0,-127026000.0,216678000.0,216678000.0,35601000.0,-0.314,-0.789,-0.638,-0.144,4766000.0,50848000.0,1.0,40829676.0,30740000,30740000.0,7.049,122291000.0,0.0,651000.0,0.0,3.978,61143000.0
35,ENPH,MRT,2012-09-30,2012-09-30,2012-09-30,2021-07-27,-2000.0,124099000.0,117551250.0,98131000.0,25968000.0,1.84,1.534,-16127000.0,41717000.0,41717000.0,163941000.0,-36013000.0,2.573,0.985,11947000.0,6844000.0,5103000.0,11947000.0,6920000.0,4950000.0,0.0,0.0,0.0,-28876000.0,-23926000.0,-0.111,-23926000.0,-28876000.0,-35667000.0,-8.53,-8.53,-8.53,62528000.0,37783250.0,62528000.0,115081866.0,-4.0,-4.81,-45539000.0,-1.117,1.0,52303000.0,0.242,0.0,6791000.0,56188000.0,44322000.0,16650000.0,0.0,0.0,0.0,61571000.0,38141000.0,23430000.0,168723866.0,15195000.0,0.0,59425000.0,4038000.0,0.0,60647000.0,-16127000.0,0.0,-29412000.0,87000.0,-36013000.0,-36013000.0,-36013000.0,0.0,0.0,-0.167,81115000.0,-28812000.0,15197000.0,0.0,2.698,-4.685,-0.485,24926000.0,0.0,4.14,0.78,0.78,32734000.0,-119284000.0,216244000.0,216244000.0,34248000.0,-0.306,-0.953,-0.652,-0.134,3840000.0,46867000.0,1.0,40754557.0,40755000,40755000.0,5.306,124099000.0,0.0,346000.0,0.0,3.045,59990000.0
36,ENPH,MRT,2012-06-30,2012-06-30,2012-06-30,2021-07-27,100000.0,136489000.0,,110477000.0,26012000.0,,1.776,-16065000.0,66969000.0,66969000.0,155637000.0,-34282000.0,2.446,0.948,13327000.0,6488000.0,6839000.0,13327000.0,5682000.0,4271000.0,0.0,0.0,0.0,-26916000.0,-22645000.0,-0.113,-22645000.0,-26916000.0,-34066000.0,-13.08,-13.08,-13.08,70083000.0,,70083000.0,255418458.0,-9.0,-11.279,-32076000.0,-0.813,1.0,44522000.0,0.222,0.0,7150000.0,37681000.0,,30966000.0,0.0,0.0,0.0,66406000.0,45166000.0,21240000.0,253446458.0,31401000.0,0.0,59442000.0,8210000.0,0.0,63392000.0,-16065000.0,0.0,-16011000.0,85000.0,-34282000.0,-34282000.0,-34282000.0,0.0,0.0,-0.171,71572000.0,-27050000.0,25551000.0,0.0,3.616,-7.393,-0.476,24652000.0,0.0,6.22,1.266,1.226,9961000.0,-110377000.0,200159000.0,200159000.0,30108000.0,,,,-0.134,2972000.0,41464000.0,1.0,40747019.0,39461000,39461000.0,5.072,136489000.0,0.0,216000.0,0.0,3.459,65311000.0
37,ENPH,MRT,2012-03-31,2012-03-31,2012-03-31,2021-07-27,111000.0,103375000.0,,73319000.0,30056000.0,,2.666,-16949000.0,31903000.0,31903000.0,138326000.0,-33185000.0,1.261,21.73,33875000.0,5437000.0,28438000.0,33875000.0,20892000.0,3573000.0,0.0,0.0,0.0,-28915000.0,-25342000.0,-0.146,-25342000.0,-28915000.0,-33120000.0,-22.74,-22.74,-22.74,4548000.0,,4548000.0,256345067.0,-9.0,-10.115,-22380000.0,-13.118,1.0,35728000.0,0.205,0.0,4205000.0,47192000.0,,25661000.0,0.0,0.0,0.0,98827000.0,58155000.0,40672000.0,273990067.0,1379000.0,0.0,2058000.0,24638000.0,0.0,23653000.0,-16949000.0,0.0,-5431000.0,106000.0,-33185000.0,-33185000.0,-33185000.0,0.0,0.0,-0.191,64763000.0,-29035000.0,24797000.0,0.0,60.244,-8.256,-0.323,22736000.0,0.0,7.34,1.574,0.072,13447000.0,-98992000.0,174054000.0,174054000.0,27596000.0,,,,-0.166,2451000.0,37167000.0,1.0,37328347.0,1706000,1706000.0,102.025,103375000.0,0.0,65000.0,0.0,60.595,15164000.0
38,ENPH,MRT,2011-12-31,2011-12-31,2011-12-31,2021-07-27,83000.0,106242000.0,82873000.0,81787000.0,24455000.0,1.804,11.135,-14662000.0,51524000.0,51524000.0,120454000.0,-32290000.0,1.562,6.603,33879000.0,4529000.0,29350000.0,33879000.0,27084000.0,3032000.0,0.0,,0.0,-29284000.0,-26252000.0,-0.176,-26252000.0,-29284000.0,-32290000.0,-25.73,-25.73,-25.73,13974000.0,26227500.0,13974000.0,,,,-15029000.0,-11.975,1.0,29069000.0,0.194,0.0,3006000.0,36227000.0,24719000.0,11228000.0,0.0,0.0,0.0,92268000.0,52370000.0,39898000.0,,11531000.0,0.0,2048000.0,27293000.0,0.0,26482000.0,-14662000.0,0.0,-367000.0,78000.0,-32290000.0,-32290000.0,-32290000.0,0.0,0.0,-0.216,57781000.0,-28712000.0,12928000.0,0.0,,,,18411000.0,0.0,,,,17771000.0,-88808000.0,149523000.0,149523000.0,25099000.0,-0.39,-1.231,-1.185,-0.196,2120000.0,32682000.0,1.0,37328347.0,1255000,1255000.0,119.142,106242000.0,0.0,0.0,0.0,84.655,29417000.0
39,ENPH,MRT,2011-09-30,2011-09-30,2011-09-30,2021-07-27,,,,,,,,,,,,,,,,,,,,,,,0.0,,,,,,,,,,,,,,,,,,1.0,,,,,,,,,,,,,,,,,,,,,,,,,,,,,,,,,,,,,,,,,,,,,,,,,,,,,,1.0,,1503000,,,,,,,,
40,ENPH,MRT,2011-06-30,2011-06-30,2011-06-30,2021-07-27,,,,,,,,,,,,,,,,,,,,,,,0.0,,,,,,,,,,,,,,,,,,1.0,,,,,,,,,,,,,,,,,,,,,,,,,,,,,,,,,,,,,,,,,,,,,,,,,,,,,,1.0,,1034000,,,,,,,,
41,ENPH,MRT,2011-03-31,2011-03-31,2011-03-31,2021-07-27,,,,,,,,,,,,,,,,,,,,,,,0.0,,,,,,,,,,,,,,,,,,1.0,,,,,,,,,,,,,,,,,,,,,,,,,,,,,,,,,,,,,,,,,,,,,,,,,,,,,,1.0,,848000,,,,,,,,
42,ENPH,MRT,2010-12-31,2010-12-31,2010-12-31,2021-07-27,0.0,59504000.0,,52956000.0,6548000.0,,51.172,-3262000.0,39993000.0,39993000.0,55159000.0,-21777000.0,4.011,0.546,6903000.0,2567000.0,4336000.0,6903000.0,1639000.0,1550000.0,0.0,,0.0,-20863000.0,-19313000.0,-0.313,-19313000.0,-20863000.0,-21777000.0,-28.96,-28.96,-28.96,38481000.0,,38481000.0,,,,-21114000.0,-28.077,1.0,6502000.0,0.105,0.0,914000.0,13211000.0,,4521000.0,0.0,0.0,0.0,21023000.0,13203000.0,7820000.0,,31351000.0,0.0,61000.0,6667000.0,0.0,52465000.0,-3262000.0,0.0,-17852000.0,0.0,-21777000.0,-21777000.0,-21777000.0,0.0,0.0,-0.353,27219000.0,-20717000.0,6521000.0,0.0,,,,6103000.0,0.0,,,,8024000.0,-56518000.0,61661000.0,61661000.0,14296000.0,,,,-0.338,829000.0,12923000.0,1.0,,752000,752000.0,81.996,59504000.0,0.0,0.0,0.0,79.128,39753000.0
43,ENPH,MRT,2009-12-31,2009-12-31,2009-12-31,2021-07-27,,,,,,,,-2134000.0,,,23223000.0,-16925000.0,,,,,,,,803000.0,,,0.0,-16569000.0,-15766000.0,-0.781,-15766000.0,-16569000.0,-16925000.0,-25.92,-25.92,-25.92,,,,,,,-21021000.0,-32.191,1.0,-3029000.0,-0.15,,356000.0,,,,,,,,,,,4506000.0,0.0,31000.0,1270000.0,0.0,25515000.0,-2122000.0,-55000.0,-18887000.0,0.0,-16925000.0,-16925000.0,-16925000.0,0.0,0.0,-0.838,13665000.0,-16694000.0,,0.0,,,,,0.0,,,,,,20194000.0,20194000.0,8411000.0,,,,-0.82,180000.0,5254000.0,1.0,,653000,653000.0,30.925,,,0.0,,,
