None,ticker,dimension,calendardate,datekey,reportperiod,lastupdated,accoci,assets,assetsavg,assetsc,assetsnc,assetturnover,bvps,capex,cashneq,cashnequsd,cor,consolinc,currentratio,de,debt,debtc,debtnc,debtusd,deferredrev,depamor,deposits,divyield,dps,ebit,ebitda,ebitdamargin,ebitdausd,ebitusd,ebt,eps,epsdil,epsusd,equity,equityavg,equityusd,ev,evebit,evebitda,fcf,fcfps,fxusd,gp,grossmargin,intangibles,intexp,invcap,invcapavg,inventory,investments,investmentsc,investmentsnc,liabilities,liabilitiesc,liabilitiesnc,marketcap,ncf,ncfbus,ncfcommon,ncfdebt,ncfdiv,ncff,ncfi,ncfinv,ncfo,ncfx,netinc,netinccmn,netinccmnusd,netincdis,netincnci,netmargin,opex,opinc,payables,payoutratio,pb,pe,pe1,ppnenet,prefdivis,price,ps,ps1,receivables,retearn,revenue,revenueusd,rnd,roa,roe,roic,ros,sbcomp,sgna,sharefactor,sharesbas,shareswa,shareswadil,sps,tangibles,taxassets,taxexp,taxliabilities,tbvps,workingcapital
0,FLIR,MRY,2020-12-31,2020-12-31,2020-12-31,2021-05-06,-157986000.0,3252348000.0,3186198500.0,1228239000.0,2024109000.0,0.604,14.361,-57151000.0,297795000.0,297795000.0,976676000.0,212584000.0,2.803,0.727,738392000.0,13473000.0,724919000.0,738392000.0,25862000.0,94740000.0,0.0,0.016,0.68,312244000.0,406984000.0,0.212,406984000.0,312244000.0,285004000.0,1.61,1.6,1.61,1883374000.0,1786880250.0,1883374000.0,6221031654.0,20.0,15.286,255212000.0,1.946,1.0,947013000.0,0.492,1604000000.0,27240000.0,1650807000.0,1578772000.0,472237000.0,0.0,0.0,0.0,1368974000.0,438138000.0,930836000.0,5748063654.0,13203000.0,-26304000.0,-154330000.0,32046000.0,-89544000.0,-223102000.0,-83455000.0,0.0,312363000.0,7397000.0,212584000.0,212584000.0,212584000.0,0.0,0.0,0.111,629771000.0,317242000.0,157592000.0,0.422,3.052,27.039,27.224,267682000.0,0.0,43.83,2.988,2.988,353561000.0,2017097000.0,1923689000.0,1923689000.0,210166000.0,0.067,0.119,0.198,0.162,39164000.0,389130000.0,1.0,131144505.0,131144505.0,,14.668,1648348000.0,36210000.0,72420000.0,132897000.0,12.569,790101000.0
1,FLIR,MRY,2019-12-31,2019-12-31,2019-12-31,2021-05-06,-165945000.0,3137541000.0,3196604000.0,1108734000.0,2028807000.0,0.59,13.95,-44794000.0,284592000.0,284592000.0,957640000.0,171597000.0,2.684,0.677,676863000.0,28444000.0,648419000.0,676863000.0,28587000.0,103132000.0,0.0,0.013,0.68,269627000.0,372759000.0,0.198,372759000.0,269627000.0,241916000.0,1.27,1.26,1.27,1871433000.0,1888917250.0,1871433000.0,7434443355.0,28.0,19.944,325578000.0,2.427,1.0,929386000.0,0.493,1612110000.0,27711000.0,1504647000.0,1584162750.0,388762000.0,0.0,0.0,0.0,1266108000.0,413055000.0,853053000.0,6985350355.0,-227552000.0,-612957000.0,-96580000.0,254830000.0,-91694000.0,54040000.0,-651386000.0,0.0,370372000.0,-578000.0,171597000.0,171597000.0,171597000.0,0.0,0.0,0.091,656126000.0,273260000.0,158033000.0,0.535,3.733,40.708,41.0,255905000.0,0.0,52.07,3.702,3.702,318652000.0,2020686000.0,1887026000.0,1887026000.0,203611000.0,0.054,0.091,0.17,0.143,36689000.0,442416000.0,1.0,134153070.0,134153070.0,,14.066,1525431000.0,39983000.0,70319000.0,123793000.0,11.371,695679000.0
2,FLIR,MRY,2018-12-31,2018-12-31,2018-12-31,2021-05-06,-149092000.0,2781242000.0,2761800500.0,1292647000.0,1488595000.0,0.643,13.566,-30773000.0,512144000.0,512144000.0,874463000.0,282425000.0,4.09,0.482,421948000.0,0.0,421948000.0,421948000.0,32703000.0,66462000.0,0.0,0.015,0.64,323250000.0,389712000.0,0.219,389712000.0,323250000.0,307103000.0,2.05,2.01,2.05,1876786000.0,1849848250.0,1876786000.0,5851970923.0,18.0,15.016,343384000.0,2.482,1.0,901223000.0,0.508,1051416000.0,16147000.0,1323616000.0,1283449250.0,352107000.0,0.0,0.0,0.0,904456000.0,316014000.0,588442000.0,6023673923.0,-6946000.0,-16344000.0,-214582000.0,0.0,-88123000.0,-318944000.0,-44100000.0,0.0,374157000.0,-18059000.0,282425000.0,282425000.0,282425000.0,0.0,0.0,0.159,568909000.0,332314000.0,95496000.0,0.312,3.21,21.328,21.239,247407000.0,0.0,43.54,3.392,3.392,323746000.0,2024523000.0,1775686000.0,1775686000.0,174962000.0,0.102,0.153,0.252,0.182,34170000.0,389093000.0,1.0,138348046.0,138348046.0,,12.835,1729826000.0,100620000.0,24678000.0,113217000.0,12.503,976633000.0
3,FLIR,MRY,2017-12-31,2017-12-31,2017-12-31,2021-05-06,-113360000.0,2810026000.0,2727550000.0,1387219000.0,1422807000.0,0.66,13.239,-42109000.0,519090000.0,519090000.0,941658000.0,107223000.0,3.513,0.532,420684000.0,0.0,420684000.0,420684000.0,25614000.0,71010000.0,0.0,0.013,0.6,295869000.0,366879000.0,0.204,366879000.0,295869000.0,279065000.0,0.78,0.77,0.78,1834558000.0,1806069000.0,1834558000.0,6443738789.0,22.0,17.564,266143000.0,1.921,1.0,858776000.0,0.477,1077941000.0,16804000.0,1238746000.0,1291031000.0,372183000.0,0.0,0.0,0.0,975468000.0,394933000.0,580535000.0,6460330789.0,157741000.0,0.0,58241000.0,-97500000.0,-82605000.0,-132612000.0,-38423000.0,0.0,308252000.0,20524000.0,107223000.0,107223000.0,107223000.0,0.0,0.0,0.06,545227000.0,313549000.0,106389000.0,0.769,3.521,60.251,59.769,263996000.0,0.0,46.62,3.588,3.588,346687000.0,1856756000.0,1800434000.0,1800434000.0,170735000.0,0.039,0.059,0.229,0.164,31018000.0,373867000.0,1.0,138574234.0,138574234.0,,12.993,1732085000.0,21001000.0,171842000.0,164115000.0,12.499,992286000.0
4,FLIR,MRY,2016-12-31,2016-12-31,2016-12-31,2021-05-06,-165951000.0,2619706000.0,2603940000.0,1164657000.0,1455049000.0,0.638,12.329,-35940000.0,361349000.0,361349000.0,895046000.0,166626000.0,3.22,0.561,516921000.0,15000000.0,501921000.0,516921000.0,34420000.0,57513000.0,0.0,0.013,0.48,294028000.0,351541000.0,0.211,351541000.0,294028000.0,275957000.0,1.22,1.2,1.22,1678326000.0,1661826250.0,1678326000.0,4765459805.0,16.0,13.556,283811000.0,2.085,1.0,767121000.0,0.462,969866000.0,18071000.0,1443700000.0,1298295750.0,371371000.0,0.0,0.0,0.0,941380000.0,361712000.0,579668000.0,4926541805.0,-111436000.0,-419203000.0,-54091000.0,157125000.0,-65920000.0,31136000.0,-447812000.0,0.0,319751000.0,-14511000.0,166626000.0,166626000.0,166626000.0,0.0,0.0,0.1,471403000.0,295718000.0,114225000.0,0.393,2.935,29.566,29.664,271785000.0,0.0,36.19,2.964,2.964,352020000.0,1832138000.0,1662167000.0,1662167000.0,147537000.0,0.064,0.1,0.226,0.177,27797000.0,322435000.0,1.0,136129920.0,136129920.0,,12.21,1649840000.0,45243000.0,109331000.0,62991000.0,12.12,802945000.0
5,FLIR,MRY,2015-12-31,2015-12-31,2015-12-31,2021-05-06,-125126000.0,2406400000.0,2363319250.0,1287514000.0,1118886000.0,0.659,11.941,-68234000.0,472785000.0,472785000.0,803506000.0,241686000.0,2.2,0.459,358444000.0,264694000.0,93750000.0,358444000.0,31933000.0,49534000.0,0.0,0.016,0.44,319532000.0,369066000.0,0.237,369066000.0,319532000.0,305446000.0,1.73,1.72,1.73,1649515000.0,1624666500.0,1649515000.0,3714130012.0,12.0,10.064,225191000.0,1.63,1.0,753561000.0,0.484,737618000.0,14086000.0,969096000.0,1142802250.0,393092000.0,0.0,0.0,0.0,756885000.0,585345000.0,171540000.0,3877426012.0,-58589000.0,-92260000.0,-100694000.0,-15000000.0,-61399000.0,-184149000.0,-134845000.0,0.0,293425000.0,-33020000.0,241686000.0,241686000.0,241686000.0,0.0,0.0,0.155,447797000.0,305764000.0,139540000.0,0.254,2.351,16.043,16.225,272629000.0,0.0,28.07,2.49,2.49,326098000.0,1773267000.0,1557067000.0,1557067000.0,132892000.0,0.102,0.149,0.28,0.205,25748000.0,313544000.0,1.0,138134165.0,138134165.0,,11.272,1668782000.0,55429000.0,63760000.0,14281000.0,12.081,702169000.0
6,FLIR,MRY,2014-12-31,2014-12-31,2014-12-31,2021-05-06,-63409000.0,2349311000.0,2368664000.0,1300328000.0,1048983000.0,0.646,11.426,-61262000.0,531374000.0,531374000.0,780281000.0,200261000.0,4.201,0.459,372986000.0,15000000.0,357986000.0,372986000.0,27878000.0,57245000.0,0.0,0.012,0.4,264122000.0,321367000.0,0.21,321367000.0,264122000.0,249529000.0,1.42,1.39,1.42,1609773000.0,1631819500.0,1609773000.0,4363479148.0,17.0,13.578,164982000.0,1.171,1.0,750373000.0,0.49,686547000.0,14593000.0,1194819000.0,1174574500.0,320605000.0,0.0,0.0,0.0,739538000.0,309557000.0,429981000.0,4552230148.0,-11102000.0,0.0,-91657000.0,-15000000.0,-56513000.0,-152027000.0,-49262000.0,0.0,226244000.0,-36057000.0,200261000.0,200261000.0,200261000.0,0.0,0.0,0.131,491129000.0,259244000.0,98173000.0,0.282,2.828,22.731,22.754,247094000.0,0.0,32.31,2.974,2.974,354658000.0,1671786000.0,1530654000.0,1530654000.0,142751000.0,0.085,0.123,0.225,0.173,30788000.0,331995000.0,1.0,140892298.0,140892298.0,,10.864,1662764000.0,54102000.0,49268000.0,24875000.0,11.802,990771000.0
7,FLIR,MRY,2013-12-31,2013-12-31,2013-12-31,2021-05-06,26000000.0,2343359000.0,2258531500.0,1309731000.0,1033628000.0,0.663,11.39,-52061000.0,542476000.0,542476000.0,759362000.0,177015000.0,4.737,0.452,387528000.0,15000000.0,372528000.0,387528000.0,28844000.0,62796000.0,0.0,0.012,0.36,243077000.0,305873000.0,0.204,305873000.0,243077000.0,228986000.0,1.24,1.22,1.24,1613380000.0,1575402500.0,1613380000.0,4162779380.0,17.0,13.61,302904000.0,2.138,1.0,737010000.0,0.493,729896000.0,14091000.0,1182000000.0,1196436500.0,344719000.0,0.0,0.0,0.0,729979000.0,276515000.0,453464000.0,4263815380.0,220737000.0,-20073000.0,-153428000.0,138750000.0,-51404000.0,-66113000.0,-72134000.0,0.0,354965000.0,4019000.0,177015000.0,177015000.0,177015000.0,0.0,0.0,0.118,496267000.0,240743000.0,85730000.0,0.29,2.643,24.087,24.274,234041000.0,0.0,30.1,2.849,2.849,286573000.0,1544425000.0,1496372000.0,1496372000.0,147696000.0,0.078,0.112,0.203,0.162,27823000.0,322739000.0,1.0,141654996.0,141654996.0,,10.563,1613463000.0,56272000.0,51971000.0,32914000.0,11.39,1033216000.0
8,FLIR,MRY,2012-12-31,2012-12-31,2012-12-31,2021-05-06,9541000.0,2190655000.0,2154422000.0,1165246000.0,1025409000.0,0.652,10.664,-58089000.0,321739000.0,321739000.0,670174000.0,222398000.0,4.824,0.369,248319000.0,0.0,248319000.0,248319000.0,29465000.0,59715000.0,0.0,0.013,0.28,300613000.0,360328000.0,0.256,360328000.0,300613000.0,288954000.0,1.47,1.45,1.47,1599901000.0,1595501500.0,1599901000.0,3171650293.0,11.0,8.802,227456000.0,1.516,1.0,735184000.0,0.523,740129000.0,11659000.0,1135539000.0,1106900750.0,379080000.0,0.0,0.0,0.0,590754000.0,241567000.0,349187000.0,3347934293.0,-119107000.0,-105909000.0,-202997000.0,0.0,-42450000.0,-244329000.0,-167000000.0,-3002000.0,285545000.0,6677000.0,222398000.0,222398000.0,222398000.0,2958000.0,0.0,0.158,431854000.0,303330000.0,94156000.0,0.19,2.093,15.054,15.181,211615000.0,0.0,22.316,2.382,2.382,335163000.0,1418814000.0,1405358000.0,1405358000.0,137354000.0,0.103,0.139,0.272,0.214,26250000.0,292500000.0,1.0,150025959.0,150025959.0,,9.367,1450526000.0,63183000.0,66556000.0,53826000.0,9.669,923679000.0
9,FLIR,MRY,2011-12-31,2011-12-31,2011-12-31,2021-05-06,-11994000.0,2149114000.0,2028996500.0,1236080000.0,913034000.0,0.761,10.123,-41946000.0,440846000.0,440846000.0,714743000.0,221474000.0,5.243,0.361,247861000.0,0.0,247861000.0,247861000.0,28257000.0,77498000.0,0.0,0.01,0.24,315388000.0,392886000.0,0.254,392886000.0,315388000.0,309901000.0,1.4,1.38,1.4,1579029000.0,1586900500.0,1579029000.0,3783953652.0,12.0,9.631,201945000.0,1.295,1.0,829319000.0,0.537,662783000.0,5487000.0,1057605000.0,936915750.0,336051000.0,0.0,0.0,0.0,570085000.0,235741000.0,334344000.0,3910705652.0,247709000.0,-27182000.0,-138963000.0,247708000.0,-38037000.0,75445000.0,-67137000.0,1991000.0,243891000.0,-4490000.0,221474000.0,221474000.0,221474000.0,1178000.0,0.0,0.143,516124000.0,313195000.0,84190000.0,0.171,2.477,17.658,17.907,186269000.0,0.0,25.07,2.533,2.533,329581000.0,1238866000.0,1544062000.0,1544062000.0,147177000.0,0.109,0.14,0.337,0.204,24917000.0,368947000.0,1.0,155991450.0,155991450.0,,9.898,1486331000.0,59087000.0,88427000.0,36935000.0,9.528,1000339000.0
10,FLIR,MRY,2010-12-31,2010-12-31,2010-12-31,2021-05-06,1652000.0,1857352000.0,1673031750.0,954807000.0,902545000.0,0.83,9.6,-65748000.0,193137000.0,193137000.0,624796000.0,248126000.0,3.82,0.22,0.0,0.0,0.0,0.0,17867000.0,61297000.0,0.0,0.0,0.0,365336000.0,426633000.0,0.307,426633000.0,365336000.0,362452000.0,1.59,1.54,1.59,1522548000.0,1384714500.0,1522548000.0,4338297238.0,12.0,10.169,189503000.0,1.195,1.0,763641000.0,0.55,659404000.0,2884000.0,754860000.0,696621750.0,303156000.0,0.0,0.0,0.0,334804000.0,249951000.0,84853000.0,4718200238.0,-228910000.0,-402721000.0,-14256000.0,0.0,0.0,-6487000.0,-465389000.0,3080000.0,255251000.0,-12285000.0,248126000.0,248126000.0,248126000.0,248000.0,0.0,0.179,403330000.0,360311000.0,85881000.0,0.0,3.099,19.015,18.711,189119000.0,0.0,29.75,3.398,3.398,339723000.0,1055429000.0,1388437000.0,1388437000.0,116635000.0,0.148,0.179,0.524,0.263,25575000.0,286695000.0,1.0,158594966.0,158594966.0,,8.755,1197948000.0,45870000.0,114326000.0,41174000.0,7.554,704856000.0
11,FLIR,MRY,2009-12-31,2009-12-31,2009-12-31,2021-05-06,7130000.0,1494544000.0,1370107000.0,980028000.0,514516000.0,0.837,7.931,-38982000.0,422047000.0,422047000.0,488558000.0,230213000.0,5.244,0.242,57991000.0,0.0,57991000.0,57991000.0,20986000.0,42426000.0,0.0,0.0,0.0,347275000.0,389701000.0,0.34,389701000.0,347275000.0,340393000.0,1.54,1.45,1.54,1203749000.0,1081564500.0,1203749000.0,4624715268.0,13.0,11.867,232778000.0,1.534,1.0,658529000.0,0.574,321511000.0,6882000.0,622091000.0,608804000.0,216500000.0,0.0,0.0,0.0,290795000.0,186886000.0,103909000.0,4967835268.0,132605000.0,-73565000.0,-50844000.0,0.0,0.0,-43542000.0,-107697000.0,4850000.0,271760000.0,12084000.0,230213000.0,230213000.0,230213000.0,0.0,0.0,0.201,311242000.0,347287000.0,53319000.0,0.0,4.127,21.579,21.253,139112000.0,0.0,32.73,4.331,4.331,234974000.0,807303000.0,1147087000.0,1147087000.0,91301000.0,0.168,0.213,0.57,0.303,23955000.0,219941000.0,1.0,151782318.0,151782318.0,,7.557,1173033000.0,18553000.0,110180000.0,22276000.0,7.728,793142000.0
12,FLIR,MRY,2008-12-31,2008-12-31,2008-12-31,2021-05-06,-15214000.0,1241077000.0,1174101000.0,812502000.0,428575000.0,0.917,6.081,-27639000.0,289442000.0,289442000.0,470832000.0,200900000.0,4.716,0.469,182825000.0,0.0,182825000.0,182825000.0,27554000.0,45323000.0,0.0,0.0,0.0,304654000.0,349977000.0,0.325,349977000.0,304654000.0,290318000.0,1.45,1.28,1.45,844725000.0,764207250.0,844725000.0,4265681646.0,14.0,12.188,190677000.0,1.373,1.0,606142000.0,0.563,281859000.0,14336000.0,680326000.0,734711500.0,207487000.0,0.0,0.0,0.0,396352000.0,172275000.0,224077000.0,4262081646.0,85761000.0,-78762000.0,1324000.0,-22387000.0,0.0,2613000.0,-113954000.0,-7553000.0,218316000.0,-21214000.0,200900000.0,200900000.0,200900000.0,0.0,0.0,0.187,321651000.0,284491000.0,47823000.0,0.0,5.046,21.215,21.159,122304000.0,0.0,30.68,3.957,3.957,239183000.0,577090000.0,1076974000.0,1076974000.0,89964000.0,0.171,0.263,0.415,0.283,20974000.0,231687000.0,1.0,138920523.0,138920523.0,,7.752,959218000.0,18783000.0,89418000.0,11680000.0,6.905,640227000.0
13,FLIR,MRY,2007-12-31,2007-12-31,2007-12-31,2021-05-06,36734000.0,1024316000.0,910546000.0,655507000.0,368809000.0,0.856,4.59,-43955000.0,203681000.0,203681000.0,346167000.0,133572000.0,4.074,0.643,226896000.0,19007000.0,207889000.0,226896000.0,14371000.0,30987000.0,0.0,0.0,0.0,201383000.0,232370000.0,0.298,232370000.0,201383000.0,186074000.0,0.99,0.89,0.99,623275000.0,525672250.0,623275000.0,4287610437.0,21.0,18.452,72148000.0,0.531,1.0,433230000.0,0.556,229049000.0,15309000.0,657581000.0,613444000.0,179366000.0,0.0,0.0,0.0,401041000.0,160901000.0,240140000.0,4249874437.0,65058000.0,-41981000.0,39058000.0,-26507000.0,0.0,27145000.0,-87457000.0,-1521000.0,116103000.0,9267000.0,133572000.0,133572000.0,133572000.0,0.0,0.0,0.171,241398000.0,191832000.0,53990000.0,0.0,6.819,31.817,31.616,120873000.0,0.0,31.3,5.453,5.453,203371000.0,389033000.0,779397000.0,779397000.0,72458000.0,0.147,0.254,0.328,0.258,15316000.0,168940000.0,1.0,135778736.0,135778736.0,,5.74,795267000.0,13270000.0,52502000.0,9949000.0,5.857,494606000.0
14,FLIR,MRY,2006-12-31,2006-12-31,2006-12-31,2021-05-06,20340000.0,798148000.0,749200750.0,486470000.0,311678000.0,0.767,3.042,-42436000.0,138623000.0,138623000.0,260087000.0,100896000.0,2.855,1.002,252531000.0,45507000.0,207024000.0,252531000.0,13709000.0,20551000.0,0.0,0.0,0.0,141567000.0,162118000.0,0.282,162118000.0,141567000.0,132611000.0,0.74,0.66,0.74,398752000.0,387738750.0,398752000.0,2233339114.0,16.0,13.776,72719000.0,0.555,1.0,314913000.0,0.548,200719000.0,8956000.0,540964000.0,518777250.0,135928000.0,0.0,0.0,0.0,399396000.0,170373000.0,229023000.0,2085895114.0,31566000.0,0.0,-102434000.0,45444000.0,0.0,-55059000.0,-43429000.0,-993000.0,115155000.0,14899000.0,100896000.0,100896000.0,100896000.0,0.0,0.0,0.175,177958000.0,136955000.0,40608000.0,0.0,5.231,20.674,21.507,92156000.0,0.0,15.915,3.628,3.628,167502000.0,252322000.0,575000000.0,575000000.0,60584000.0,0.135,0.26,0.273,0.246,10853000.0,117374000.0,1.0,131064726.0,131064726.0,,4.387,597429000.0,15076000.0,31715000.0,19723000.0,4.558,316097000.0
15,FLIR,MRY,2005-12-31,2005-12-31,2005-12-31,2021-05-06,-6671000.0,689423000.0,657009500.0,408997000.0,280426000.0,0.774,2.573,-33786000.0,107057000.0,107057000.0,231867000.0,90765000.0,4.414,0.931,206211000.0,56000.0,206155000.0,206211000.0,10297000.0,15585000.0,0.0,0.0,0.0,130146000.0,145731000.0,0.287,145731000.0,130146000.0,122224000.0,0.65,0.58,0.65,356981000.0,345362000.0,356981000.0,1621263079.0,12.0,11.125,39353000.0,0.284,1.0,276694000.0,0.544,204966000.0,7922000.0,490949000.0,461336750.0,103837000.0,0.0,0.0,0.0,332442000.0,92662000.0,239780000.0,1549129079.0,-13635000.0,-17657000.0,-21155000.0,-105000.0,0.0,-21260000.0,-52943000.0,-500000.0,73139000.0,-12571000.0,90765000.0,90765000.0,90765000.0,0.0,0.0,0.178,150741000.0,125953000.0,34477000.0,0.0,4.34,17.067,17.177,59479000.0,0.0,11.165,3.046,3.046,142782000.0,151426000.0,508561000.0,508561000.0,51514000.0,0.138,0.263,0.282,0.256,11604000.0,99227000.0,1.0,138748686.0,138748686.0,,3.665,484457000.0,22168000.0,31459000.0,19170000.0,3.492,316335000.0
16,FLIR,MRY,2004-12-31,2004-12-31,2004-12-31,2021-05-06,21060000.0,630432000.0,554299750.0,367418000.0,263014000.0,0.871,2.29,-13433000.0,120692000.0,120692000.0,233492000.0,70644000.0,4.124,1.013,205440000.0,105000.0,205335000.0,205440000.0,7601000.0,14804000.0,0.0,0.0,0.0,106633000.0,121437000.0,0.252,121437000.0,106633000.0,98541000.0,0.525,0.465,0.525,313173000.0,253697750.0,313173000.0,2291502965.0,21.0,18.87,61617000.0,0.451,1.0,249159000.0,0.516,196655000.0,8092000.0,429438000.0,396410000.0,98258000.0,0.0,0.0,0.0,317259000.0,89087000.0,228172000.0,2181127965.0,-77301000.0,-159961000.0,15125000.0,-3767000.0,0.0,11358000.0,-175153000.0,-759000.0,75050000.0,11444000.0,70644000.0,70644000.0,70644000.0,0.0,0.0,0.146,141401000.0,107758000.0,32321000.0,0.0,6.965,30.875,30.376,34778000.0,0.0,15.947,4.519,4.519,116928000.0,72883000.0,482651000.0,482651000.0,45796000.0,0.127,0.278,0.269,0.221,18350000.0,95605000.0,1.0,136769272.0,136769272.0,,3.529,433777000.0,32661000.0,27897000.0,15943000.0,3.172,278331000.0
17,FLIR,MRY,2003-12-31,2003-12-31,2003-12-31,2021-05-06,7300000.0,450423000.0,383004750.0,382113000.0,68310000.0,0.815,1.253,-14598000.0,197993000.0,197993000.0,146454000.0,44693000.0,5.433,1.732,204369000.0,0.0,204369000.0,204369000.0,4540000.0,6262000.0,0.0,0.0,0.0,68709000.0,74971000.0,0.24,74971000.0,68709000.0,63848000.0,0.33,0.31,0.33,164842000.0,157750750.0,164842000.0,1201372994.0,17.0,16.025,12627000.0,0.096,1.0,165525000.0,0.531,16536000.0,4861000.0,369926000.0,294343250.0,75959000.0,0.0,0.0,0.0,285581000.0,70337000.0,215244000.0,1200137994.0,151387000.0,0.0,-67015000.0,203859000.0,0.0,136844000.0,-18250000.0,-1051000.0,27225000.0,5568000.0,44693000.0,44693000.0,44693000.0,0.0,0.0,0.143,95699000.0,69826000.0,26427000.0,0.0,7.281,26.853,27.652,22758000.0,0.0,9.125,3.847,3.847,79332000.0,1388000.0,311979000.0,311979000.0,30665000.0,0.117,0.283,0.233,0.22,5117000.0,65034000.0,1.0,131521972.0,131521972.0,,2.372,433887000.0,29978000.0,19155000.0,2742000.0,3.299,311776000.0
18,FLIR,MRY,2002-12-31,2002-12-31,2002-12-31,2021-05-06,-2420000.0,233822000.0,200903250.0,174105000.0,59717000.0,1.3,1.27,-6599000.0,46606000.0,46606000.0,124060000.0,41559000.0,3.308,0.357,0.0,0.0,0.0,0.0,4770000.0,6201000.0,0.0,0.0,0.0,50926000.0,57127000.0,0.219,57127000.0,50926000.0,48893000.0,0.31,0.29,0.31,172327000.0,139144250.0,172327000.0,800141621.0,16.0,14.006,48421000.0,0.357,1.0,137020000.0,0.525,16647000.0,2033000.0,117943000.0,109009750.0,50141000.0,0.0,0.0,0.0,61495000.0,52626000.0,8869000.0,827858621.0,31092000.0,0.0,8753000.0,-23900000.0,0.0,-18028000.0,-7118000.0,-519000.0,55020000.0,1218000.0,41559000.0,41559000.0,41559000.0,0.0,0.0,0.159,86489000.0,50531000.0,16465000.0,0.0,4.804,19.92,19.677,12678000.0,0.0,6.1,3.171,3.171,55798000.0,-43305000.0,261080000.0,261080000.0,26892000.0,0.207,0.299,0.467,0.195,13229000.0,59597000.0,1.0,135714528.0,135714528.0,,1.924,217175000.0,34864000.0,7334000.0,2558000.0,1.6,121479000.0
19,FLIR,MRY,2001-12-31,2001-12-31,2001-12-31,2021-05-06,-4791000.0,185038000.0,163438500.0,140421000.0,44617000.0,1.312,0.858,-4242000.0,15514000.0,15514000.0,97541000.0,25934000.0,1.978,0.765,23954000.0,23954000.0,0.0,23954000.0,5314000.0,7500000.0,0.0,0.0,0.0,38590000.0,46090000.0,0.215,46090000.0,38590000.0,28743000.0,0.215,0.203,0.215,104848000.0,56421000.0,104848000.0,632987650.0,16.0,13.734,23467000.0,0.192,1.0,116832000.0,0.545,16811000.0,9847000.0,105686000.0,131950000.0,46560000.0,0.0,0.0,0.0,80190000.0,70981000.0,9209000.0,579470650.0,3656000.0,249000.0,50056000.0,-70350000.0,0.0,-20294000.0,-3993000.0,0.0,27709000.0,234000.0,25934000.0,25934000.0,25934000.0,0.0,0.0,0.121,79096000.0,37736000.0,18428000.0,0.0,5.527,22.344,22.047,10806000.0,0.0,4.74,2.703,2.703,57965000.0,-84864000.0,214373000.0,214373000.0,27235000.0,0.159,0.46,0.292,0.18,0.0,51861000.0,1.0,122251192.0,122251192.0,,1.754,168227000.0,23921000.0,2809000.0,747000.0,1.376,69440000.0
20,FLIR,MRY,2000-12-31,2000-12-31,2000-12-31,2021-05-06,-4440000.0,166991000.0,178841750.0,124888000.0,42103000.0,1.042,0.25,-7279000.0,11858000.0,11858000.0,104116000.0,-26054000.0,2.212,4.753,94304000.0,18819000.0,75485000.0,94304000.0,1599000.0,9719000.0,0.0,0.0,0.0,-10307000.0,-588000.0,-0.003,-588000.0,-10307000.0,-22329000.0,-0.225,-0.225,-0.225,29025000.0,38290250.0,29025000.0,173715741.0,-17.0,-295.435,-3369000.0,-0.029,1.0,82241000.0,0.441,16635000.0,12022000.0,176333000.0,134478500.0,55495000.0,0.0,0.0,0.0,137966000.0,56469000.0,81497000.0,80660741.0,7603000.0,0.0,801000.0,10476000.0,0.0,11277000.0,-7279000.0,0.0,3910000.0,-305000.0,-26054000.0,-26054000.0,-26054000.0,0.0,0.0,-0.14,93066000.0,-10825000.0,16247000.0,0.0,2.779,-3.096,-3.091,12857000.0,0.0,0.695,0.433,0.433,39663000.0,-110798000.0,186357000.0,186357000.0,29150000.0,-0.146,-0.68,-0.077,-0.055,0.0,63916000.0,1.0,115996032.0,115996032.0,,1.607,150356000.0,23715000.0,3725000.0,2217000.0,1.296,68419000.0
21,FLIR,MRY,1999-12-31,1999-12-31,1999-12-31,2021-05-06,-2499000.0,196487000.0,211389500.0,139373000.0,57114000.0,0.845,0.49,-7470000.0,4255000.0,4255000.0,123228000.0,-54381000.0,1.033,2.495,83828000.0,82331000.0,1497000.0,83828000.0,0.0,9896000.0,0.0,0.0,0.0,-44243000.0,-34347000.0,-0.192,-34347000.0,-44243000.0,-52086000.0,-0.477,-0.477,-0.477,56219000.0,83451500.0,56219000.0,300269198.0,-7.0,-8.742,-23539000.0,-0.205,1.0,55328000.0,0.31,17932000.0,7843000.0,123236000.0,140965000.0,65074000.0,0.0,0.0,0.0,140268000.0,134892000.0,5376000.0,233151198.0,-538000.0,0.0,1152000.0,21894000.0,0.0,23046000.0,-7470000.0,0.0,-16069000.0,-45000.0,-54381000.0,-54381000.0,-54381000.0,0.0,0.0,-0.305,101643000.0,-46315000.0,22128000.0,0.0,4.147,-4.287,-4.258,20854000.0,0.0,2.031,1.306,1.306,56788000.0,-84744000.0,178556000.0,178556000.0,29443000.0,-0.257,-0.652,-0.314,-0.248,0.0,62899000.0,1.0,114782128.0,114782128.0,,1.556,178555000.0,23715000.0,2295000.0,3207000.0,1.556,4481000.0
22,FLIR,MRY,1998-12-31,1998-12-31,1998-12-31,2021-05-06,-2073000.0,236511000.0,195712250.0,173488000.0,63023000.0,0.906,1.216,-13421000.0,4793000.0,4793000.0,87384000.0,3590000.0,1.786,1.037,61934000.0,42638000.0,19296000.0,61934000.0,0.0,8477000.0,0.0,0.0,0.0,8558000.0,17035000.0,0.096,17035000.0,8558000.0,5396000.0,0.035,0.034,0.035,116113000.0,99297750.0,116113000.0,312920090.0,37.0,18.369,-43183000.0,-0.452,1.0,89870000.0,0.507,16424000.0,3162000.0,180086000.0,145603500.0,71416000.0,0.0,0.0,0.0,120398000.0,97142000.0,23256000.0,277615090.0,-2752000.0,0.0,32676000.0,8594000.0,0.0,43507000.0,-16301000.0,0.0,-29762000.0,-196000.0,3590000.0,3590000.0,3590000.0,0.0,0.0,0.02,81312000.0,8558000.0,24031000.0,0.0,2.391,77.33,83.036,26775000.0,0.0,2.906,1.566,1.566,84442000.0,-24124000.0,177254000.0,177254000.0,26958000.0,0.018,0.036,0.059,0.048,0.0,53045000.0,1.0,95523472.0,95523472.0,,1.856,220087000.0,22703000.0,1806000.0,3893000.0,2.304,76346000.0
23,FLIR,MRY,1997-12-31,1997-12-31,1997-12-31,2021-05-06,-411000.0,185278000.0,130191000.0,135494000.0,49784000.0,1.113,0.963,-12608000.0,7545000.0,7545000.0,86835000.0,-29188000.0,1.599,1.439,53340000.0,32706000.0,20634000.0,53340000.0,0.0,4165000.0,0.0,0.0,0.0,-36643000.0,-32478000.0,-0.224,-32478000.0,-36643000.0,-40736000.0,-0.461,-0.461,-0.461,75955000.0,62963000.0,75955000.0,,,,-18013000.0,-0.228,1.0,58099000.0,0.401,15056000.0,4093000.0,131297000.0,98891000.0,49014000.0,0.0,0.0,0.0,109323000.0,84720000.0,24603000.0,204541029.0,4749000.0,805000.0,0.0,20483000.0,0.0,22165000.0,-11803000.0,0.0,-5405000.0,-208000.0,-29188000.0,-29188000.0,-29188000.0,0.0,0.0,-0.201,95282000.0,-37183000.0,27539000.0,0.0,2.693,-7.008,-5.626,20535000.0,0.0,2.594,1.411,1.411,66999000.0,-31031000.0,144934000.0,144934000.0,17607000.0,-0.224,-0.464,-0.371,-0.253,0.0,41225000.0,1.0,78859192.0,78859192.0,,1.838,170222000.0,18472000.0,-11548000.0,1440000.0,2.159,50774000.0
24,FLIR,MRY,1996-12-31,1996-12-31,1996-12-31,2021-05-06,-173000.0,75104000.0,,64150000.0,10954000.0,,,-7428000.0,775000.0,775000.0,57864000.0,6593000.0,3.214,0.503,12915000.0,7742000.0,5173000.0,12915000.0,0.0,3178000.0,0.0,0.0,0.0,10786000.0,13964000.0,0.125,13964000.0,10786000.0,9316000.0,0.111,0.107,0.111,49971000.0,,49971000.0,,,,-16529000.0,,1.0,53921000.0,0.482,799000.0,1470000.0,66485000.0,,33513000.0,0.0,0.0,0.0,25133000.0,19960000.0,5173000.0,,-7955000.0,0.0,-20300000.0,28027000.0,0.0,8747000.0,-7428000.0,0.0,-9101000.0,-173000.0,6593000.0,6593000.0,6593000.0,830000.0,0.0,0.059,43563000.0,10358000.0,7756000.0,0.0,,,15.484,7137000.0,0.0,1.719,,,28311000.0,8257000.0,111785000.0,111785000.0,13574000.0,,,,0.096,0.0,29989000.0,1.0,,,,,74305000.0,2200000.0,2723000.0,1073000.0,,44190000.0
25,FLIR,MRY,1995-12-31,1995-12-31,1995-12-31,2021-05-06,,,,,,,,-3586000.0,,,22724000.0,3867000.0,,,,,,,,2360000.0,,0.0,0.0,5185000.0,7545000.0,0.151,7545000.0,5185000.0,4390000.0,0.092,0.087,0.092,,,,,,,-7490000.0,,1.0,27401000.0,0.547,,795000.0,,,,,,,,,,,-5029000.0,0.0,77000.0,2020000.0,0.0,2461000.0,-3586000.0,0.0,-3904000.0,0.0,3867000.0,3867000.0,3867000.0,0.0,0.0,0.077,22442000.0,4959000.0,,0.0,,,16.644,,0.0,1.531,,,,,50125000.0,50125000.0,7786000.0,,,,0.103,0.0,14656000.0,1.0,,,,,,,523000.0,,,
0,FLIR,MRQ,2021-03-31,2021-03-31,2021-03-31,2021-05-06,-158308000.0,3228802000.0,,1223209000.0,2005593000.0,,14.559,-14183000.0,277303000.0,277303000.0,258115000.0,38807000.0,2.993,0.691,725811000.0,12945000.0,712866000.0,725811000.0,28568000.0,23861000.0,0.0,0.012,0.17,56125000.0,79986000.0,0.171,79986000.0,56125000.0,50010000.0,0.3,0.29,0.3,1909874000.0,,1909874000.0,7851631989.0,23.0,18.15,10121000.0,0.077,1.0,209198000.0,0.448,1584479000.0,6115000.0,1684143000.0,,457007000.0,0.0,0.0,0.0,1318928000.0,408688000.0,910240000.0,7411034989.0,-20492000.0,0.0,1082000.0,-3285000.0,-22319000.0,-25355000.0,-14183000.0,0.0,24304000.0,-5258000.0,38807000.0,38807000.0,38807000.0,0.0,0.0,0.083,156736000.0,52462000.0,150541000.0,0.567,3.88,31.407,31.372,269269000.0,0.0,56.47,3.82,3.818,391331000.0,2033585000.0,467313000.0,467313000.0,52246000.0,,,,,9760000.0,103868000.0,1.0,131238445.0,131183000.0,132596000.0,3.562,1644323000.0,35610000.0,11203000.0,131710000.0,12.535,814521000.0
1,FLIR,MRQ,2020-12-31,2020-12-31,2020-12-31,2021-05-06,-157986000.0,3252348000.0,,1228239000.0,2024109000.0,,14.361,-20015000.0,297795000.0,297795000.0,277806000.0,75240000.0,2.803,0.727,738392000.0,13473000.0,724919000.0,738392000.0,25862000.0,23523000.0,0.0,0.016,0.17,106035000.0,129558000.0,0.247,129558000.0,106035000.0,99991000.0,0.57,0.57,0.57,1883374000.0,,1883374000.0,6221031654.0,20.0,15.286,96159000.0,0.733,1.0,246531000.0,0.47,1604000000.0,6044000.0,1650807000.0,,472237000.0,0.0,0.0,0.0,1368974000.0,438138000.0,930836000.0,5748063654.0,-22200000.0,-26608000.0,-11639000.0,-68327000.0,-22247000.0,-103253000.0,-46623000.0,0.0,116174000.0,11502000.0,75240000.0,75240000.0,75240000.0,0.0,0.0,0.143,144171000.0,102360000.0,157592000.0,0.298,3.052,27.039,27.224,267682000.0,0.0,43.83,2.988,2.988,353561000.0,2017097000.0,524337000.0,524337000.0,52459000.0,,,,,8617000.0,90016000.0,1.0,131144505.0,131144505.0,,3.998,1648348000.0,36210000.0,24751000.0,132897000.0,12.569,790101000.0
2,FLIR,MRQ,2020-09-30,2020-09-30,2020-09-30,2021-05-06,-176232000.0,3212912000.0,,1228686000.0,1984226000.0,,13.795,-9894000.0,319995000.0,319995000.0,237500000.0,60663000.0,2.522,0.776,792963000.0,77743000.0,715220000.0,792963000.0,25802000.0,23467000.0,0.0,0.019,0.17,87194000.0,110661000.0,0.237,110661000.0,87194000.0,79921000.0,0.46,0.46,0.46,1808866000.0,,1808866000.0,5214494445.0,20.0,14.74,72280000.0,0.551,1.0,228914000.0,0.491,1561853000.0,7273000.0,1636788000.0,,474845000.0,0.0,0.0,0.0,1404046000.0,487239000.0,916807000.0,4700722445.0,-12963000.0,0.0,0.0,-68492000.0,-22291000.0,-90946000.0,-9894000.0,0.0,82174000.0,5703000.0,60663000.0,60663000.0,60663000.0,0.0,0.0,0.13,142337000.0,86577000.0,148026000.0,0.37,2.599,33.811,33.821,255457000.0,0.0,35.85,2.489,2.489,310989000.0,1964104000.0,466414000.0,466414000.0,47848000.0,,,,,9660000.0,94196000.0,1.0,131121965.0,131125000.0,131683000.0,3.557,1651059000.0,37902000.0,19258000.0,147528000.0,12.591,741447000.0
3,FLIR,MRQ,2020-06-30,2020-06-30,2020-06-30,2021-05-06,-185809000.0,3157297000.0,,1186276000.0,1971021000.0,,13.381,-14525000.0,332958000.0,332958000.0,229815000.0,61257000.0,2.034,0.803,846730000.0,203465000.0,643265000.0,846730000.0,30319000.0,23525000.0,0.0,0.017,0.17,88856000.0,112381000.0,0.233,112381000.0,88856000.0,81894000.0,0.47,0.47,0.47,1750701000.0,,1750701000.0,5838855464.0,24.0,16.927,48624000.0,0.372,1.0,252200000.0,0.523,1563112000.0,6962000.0,1524790000.0,,433908000.0,0.0,0.0,0.0,1406596000.0,583167000.0,823429000.0,5308274464.0,24343000.0,304000.0,5850000.0,-3114000.0,-22278000.0,-28734000.0,-14221000.0,0.0,63149000.0,4149000.0,61257000.0,61257000.0,61257000.0,0.0,0.0,0.127,152390000.0,99810000.0,147487000.0,0.362,3.032,37.805,38.274,255770000.0,0.0,40.57,2.804,2.804,304981000.0,1925732000.0,482015000.0,482015000.0,56012000.0,,,,,13241000.0,88676000.0,1.0,130842358.0,130831000.0,131687000.0,3.684,1594185000.0,41393000.0,20637000.0,121921000.0,12.185,603109000.0
4,FLIR,MRQ,2020-03-31,2020-03-31,2020-03-31,2021-05-06,-183477000.0,3122237000.0,,1130534000.0,1991703000.0,,12.759,-12717000.0,308615000.0,308615000.0,231555000.0,15424000.0,1.918,0.832,839196000.0,202923000.0,636273000.0,839196000.0,30364000.0,24225000.0,0.0,0.021,0.17,30159000.0,54384000.0,0.121,54384000.0,30159000.0,23198000.0,0.12,0.11,0.12,1704580000.0,,1704580000.0,4680051537.0,21.0,14.173,38149000.0,0.286,1.0,219368000.0,0.486,1560781000.0,6961000.0,1502703000.0,,397526000.0,0.0,0.0,0.0,1417657000.0,589334000.0,828323000.0,4287780537.0,24023000.0,0.0,-148541000.0,171979000.0,-22728000.0,-169000.0,-12717000.0,0.0,50866000.0,-13957000.0,15424000.0,15424000.0,15424000.0,0.0,0.0,0.034,190873000.0,28495000.0,157971000.0,1.417,2.515,34.227,34.29,251421000.0,0.0,31.89,2.265,2.25,301998000.0,1886753000.0,450923000.0,450923000.0,53847000.0,,,,,7646000.0,116242000.0,1.0,134455332.0,133596000.0,134927000.0,3.375,1561456000.0,39458000.0,7774000.0,102908000.0,11.688,541200000.0
5,FLIR,MRQ,2019-12-31,2019-12-31,2019-12-31,2021-05-06,-165945000.0,3137541000.0,,1108734000.0,2028807000.0,,13.95,-12760000.0,284592000.0,284592000.0,256674000.0,1684000.0,2.684,0.677,676863000.0,28444000.0,648419000.0,676863000.0,28587000.0,27095000.0,0.0,0.013,0.17,49251000.0,76346000.0,0.156,76346000.0,49251000.0,41910000.0,0.01,0.02,0.01,1871433000.0,,1871433000.0,7434443355.0,28.0,19.944,80787000.0,0.602,1.0,232370000.0,0.475,1612110000.0,7341000.0,1504647000.0,,388762000.0,0.0,0.0,0.0,1266108000.0,413055000.0,853053000.0,6985350355.0,-10799000.0,-6030000.0,7640000.0,-74590000.0,-22842000.0,-91325000.0,-18790000.0,0.0,93547000.0,5769000.0,1684000.0,1684000.0,1684000.0,0.0,0.0,0.003,178317000.0,54053000.0,158033000.0,17.0,3.733,40.708,41.0,255905000.0,0.0,52.07,3.702,3.702,318652000.0,2020686000.0,489044000.0,489044000.0,53174000.0,,,,,9318000.0,120820000.0,1.0,134153070.0,134153070.0,,3.645,1525431000.0,39983000.0,40226000.0,123793000.0,11.371,695679000.0
6,FLIR,MRQ,2019-09-30,2019-09-30,2019-09-30,2021-05-06,-173535000.0,3197880000.0,,1117182000.0,2080698000.0,,13.876,-14253000.0,295391000.0,295391000.0,241501000.0,62047000.0,2.375,0.71,744484000.0,99604000.0,644880000.0,744484000.0,41631000.0,27122000.0,0.0,0.013,0.17,74708000.0,101830000.0,0.216,101830000.0,74708000.0,67126000.0,0.46,0.46,0.46,1869650000.0,,1869650000.0,7629989274.0,25.0,18.995,139271000.0,1.034,1.0,229747000.0,0.488,1616890000.0,7582000.0,1559695000.0,,397547000.0,0.0,0.0,0.0,1328230000.0,470388000.0,857842000.0,7131523274.0,26506000.0,529000.0,-71574000.0,-15539000.0,-22788000.0,-110016000.0,-10332000.0,0.0,153524000.0,-6670000.0,62047000.0,62047000.0,62047000.0,0.0,0.0,0.132,155359000.0,74388000.0,144284000.0,0.37,3.814,26.568,26.561,253338000.0,0.0,52.59,3.862,3.838,329552000.0,2041844000.0,471248000.0,471248000.0,49800000.0,,,,,10093000.0,103393000.0,1.0,135606071.0,134741000.0,136050000.0,3.497,1580990000.0,101211000.0,5079000.0,113027000.0,11.734,646794000.0
7,FLIR,MRQ,2019-06-30,2019-06-30,2019-06-30,2021-05-06,-153450000.0,3244686000.0,,1130722000.0,2113964000.0,,14.108,-8641000.0,268885000.0,268885000.0,248590000.0,46118000.0,2.469,0.697,767351000.0,112493000.0,654858000.0,767351000.0,36601000.0,32253000.0,0.0,0.012,0.17,65395000.0,97648000.0,0.203,97648000.0,65395000.0,58123000.0,0.34,0.34,0.34,1911891000.0,,1911891000.0,7811262728.0,24.0,19.257,59149000.0,0.436,1.0,233408000.0,0.484,1625423000.0,7272000.0,1659760000.0,,394743000.0,0.0,0.0,0.0,1332795000.0,457969000.0,874826000.0,7326283728.0,-15478000.0,-22900000.0,-17369000.0,-3095000.0,-23033000.0,-52933000.0,-31541000.0,0.0,67790000.0,1206000.0,46118000.0,46118000.0,46118000.0,0.0,0.0,0.096,169671000.0,63737000.0,132294000.0,0.5,3.832,26.209,26.39,251684000.0,0.0,54.1,4.047,4.05,356991000.0,2063985000.0,481998000.0,481998000.0,52957000.0,,,,,9188000.0,113713000.0,1.0,135421141.0,135519000.0,137084000.0,3.557,1619263000.0,98330000.0,12005000.0,122609000.0,11.949,672753000.0
8,FLIR,MRQ,2019-03-31,2019-03-31,2019-03-31,2021-05-06,-157339000.0,3206309000.0,,1127446000.0,2078863000.0,,14.038,-9140000.0,284363000.0,284363000.0,210875000.0,61748000.0,2.453,0.685,769342000.0,112451000.0,656891000.0,769342000.0,30238000.0,16662000.0,0.0,0.014,0.17,80273000.0,96935000.0,0.218,96935000.0,80273000.0,74757000.0,0.46,0.45,0.46,1902695000.0,,1902695000.0,6355335945.0,18.0,15.443,46371000.0,0.342,1.0,233861000.0,0.526,1619091000.0,5516000.0,1612549000.0,,385316000.0,0.0,0.0,0.0,1303614000.0,459648000.0,843966000.0,6445531945.0,-227781000.0,-584556000.0,-15277000.0,348054000.0,-23031000.0,308314000.0,-590723000.0,0.0,55511000.0,-883000.0,61748000.0,61748000.0,61748000.0,0.0,0.0,0.139,152779000.0,81082000.0,131422000.0,0.37,3.388,21.134,21.336,253678000.0,0.0,47.58,3.619,3.621,356693000.0,2058680000.0,444736000.0,444736000.0,47680000.0,,,,,8090000.0,104490000.0,1.0,135467254.0,135541000.0,137165000.0,3.281,1587218000.0,97705000.0,13009000.0,100157000.0,11.71,667798000.0
9,FLIR,MRQ,2018-12-31,2018-12-31,2018-12-31,2021-05-06,-149092000.0,2781242000.0,,1292647000.0,1488595000.0,,13.566,-10108000.0,512144000.0,512144000.0,219779000.0,98516000.0,4.09,0.482,421948000.0,0.0,421948000.0,421948000.0,32703000.0,17099000.0,0.0,0.015,0.16,88178000.0,105277000.0,0.235,105277000.0,88178000.0,84117000.0,0.72,0.7,0.72,1876786000.0,,1876786000.0,5851970923.0,18.0,15.016,88206000.0,0.638,1.0,228684000.0,0.51,1051416000.0,4061000.0,1323616000.0,,352107000.0,0.0,0.0,0.0,904456000.0,316014000.0,588442000.0,6023673923.0,-81191000.0,-20098000.0,-138809000.0,0.0,-21672000.0,-162045000.0,-11689000.0,15500000.0,98314000.0,-5771000.0,98516000.0,98516000.0,98516000.0,0.0,0.0,0.22,139258000.0,89426000.0,95496000.0,0.222,3.21,21.328,21.239,247407000.0,0.0,43.54,3.392,3.392,323746000.0,2024523000.0,448463000.0,448463000.0,41975000.0,,,,,9208000.0,92429000.0,1.0,138348046.0,138348046.0,,3.242,1729826000.0,100620000.0,-14399000.0,113217000.0,12.503,976633000.0
10,FLIR,MRQ,2018-09-30,2018-09-30,2018-09-30,2021-05-06,-139656000.0,2856885000.0,,1354731000.0,1502154000.0,,14.047,-7230000.0,593335000.0,593335000.0,212824000.0,73151000.0,4.208,0.472,421632000.0,0.0,421632000.0,421632000.0,30493000.0,16308000.0,0.0,0.01,0.16,89460000.0,105768000.0,0.243,105768000.0,89460000.0,85418000.0,0.53,0.52,0.53,1941223000.0,,1941223000.0,8397437152.0,27.0,22.011,115269000.0,0.834,1.0,222074000.0,0.511,1063038000.0,4042000.0,1300201000.0,,376542000.0,0.0,0.0,0.0,915662000.0,321943000.0,593719000.0,8484063152.0,85393000.0,-7971000.0,7294000.0,0.0,-22121000.0,-17378000.0,-21201000.0,-6000000.0,122499000.0,1473000.0,73151000.0,73151000.0,73151000.0,0.0,0.0,0.168,133522000.0,88552000.0,95975000.0,0.302,4.37,63.494,64.031,250050000.0,0.0,61.47,4.656,4.662,291094000.0,2055139000.0,434898000.0,434898000.0,41997000.0,,,,,10562000.0,91525000.0,1.0,138019573.0,138190000.0,140327000.0,3.147,1793847000.0,94440000.0,12267000.0,134963000.0,12.981,1032788000.0
11,FLIR,MRQ,2018-06-30,2018-06-30,2018-06-30,2021-05-06,-144964000.0,2705075000.0,,1285834000.0,1419241000.0,,13.032,-6336000.0,507942000.0,507942000.0,220156000.0,71563000.0,4.068,0.507,421316000.0,0.0,421316000.0,421316000.0,27299000.0,16609000.0,0.0,0.012,0.16,86945000.0,103554000.0,0.229,103554000.0,86945000.0,82953000.0,0.52,0.51,0.52,1795166000.0,,1795166000.0,7099889431.0,23.0,18.561,103832000.0,0.754,1.0,232551000.0,0.514,1058807000.0,3992000.0,1243552000.0,,384242000.0,0.0,0.0,0.0,909909000.0,316090000.0,593819000.0,7131027431.0,55804000.0,-7125000.0,8392000.0,0.0,-22098000.0,-25554000.0,-13461000.0,0.0,110168000.0,-15349000.0,71563000.0,71563000.0,71563000.0,0.0,0.0,0.158,143885000.0,88666000.0,106721000.0,0.308,3.972,57.51,58.393,252478000.0,0.0,51.97,3.851,3.866,304265000.0,1929742000.0,452707000.0,452707000.0,46429000.0,,,,,8469000.0,97456000.0,1.0,137214305.0,137749000.0,140149000.0,3.286,1646268000.0,22574000.0,11390000.0,137545000.0,11.951,969744000.0
12,FLIR,MRQ,2018-03-31,2018-03-31,2018-03-31,2021-05-06,-99423000.0,2704000000.0,,1269207000.0,1434793000.0,,12.897,-7099000.0,452138000.0,452138000.0,221704000.0,39195000.0,3.909,0.514,421000000.0,0.0,421000000.0,421000000.0,25224000.0,16446000.0,0.0,0.012,0.16,58667000.0,75113000.0,0.171,75113000.0,58667000.0,54615000.0,0.28,0.28,0.28,1786218000.0,,1786218000.0,6848968447.0,23.0,18.767,36077000.0,0.26,1.0,217914000.0,0.496,1081721000.0,4052000.0,1266428000.0,,385906000.0,0.0,0.0,0.0,917782000.0,324713000.0,593069000.0,6947374447.0,-66952000.0,18850000.0,-91459000.0,0.0,-22232000.0,-113967000.0,2251000.0,-9500000.0,43176000.0,1588000.0,39195000.0,39195000.0,39195000.0,0.0,0.0,0.089,152244000.0,65670000.0,110653000.0,0.571,3.889,66.9,66.68,260200000.0,0.0,50.01,3.79,3.778,329792000.0,1880277000.0,439618000.0,439618000.0,44561000.0,,,,,5931000.0,107683000.0,1.0,138919705.0,138504000.0,140994000.0,3.174,1622279000.0,15924000.0,15420000.0,143689000.0,11.713,944494000.0
13,FLIR,MRQ,2017-12-31,2017-12-31,2017-12-31,2021-05-06,-113360000.0,2810026000.0,,1387219000.0,1422807000.0,,13.239,-10275000.0,519090000.0,519090000.0,256952000.0,-50290000.0,3.513,0.532,420684000.0,0.0,420684000.0,420684000.0,25614000.0,17584000.0,0.0,0.013,0.15,79488000.0,97072000.0,0.196,97072000.0,79488000.0,75428000.0,-0.37,-0.36,-0.37,1834558000.0,,1834558000.0,6443738789.0,22.0,17.564,88641000.0,0.64,1.0,237832000.0,0.481,1077941000.0,4060000.0,1238746000.0,,372183000.0,0.0,0.0,0.0,975468000.0,394933000.0,580535000.0,6460330789.0,82129000.0,0.0,14010000.0,0.0,-20829000.0,-8049000.0,-9448000.0,-2859000.0,98916000.0,710000.0,-50290000.0,-50290000.0,-50290000.0,0.0,0.0,-0.102,137085000.0,100747000.0,106389000.0,-0.405,3.521,60.251,59.769,263996000.0,0.0,46.62,3.588,3.588,346687000.0,1856756000.0,494784000.0,494784000.0,42833000.0,,,,,6273000.0,93627000.0,1.0,138574234.0,138574234.0,,3.571,1732085000.0,21001000.0,125718000.0,164115000.0,12.499,992286000.0
14,FLIR,MRQ,2017-09-30,2017-09-30,2017-09-30,2021-05-06,-110474000.0,2766275000.0,,1282078000.0,1484197000.0,,13.707,-8207000.0,436961000.0,436961000.0,241821000.0,63529000.0,3.484,0.464,420369000.0,0.0,420369000.0,420369000.0,29015000.0,18418000.0,0.0,0.015,0.15,88352000.0,106770000.0,0.23,106770000.0,88352000.0,84533000.0,0.46,0.46,0.46,1889518000.0,,1889518000.0,5440989061.0,18.0,14.499,95875000.0,0.696,1.0,222891000.0,0.48,1114523000.0,3819000.0,1267222000.0,,413005000.0,0.0,0.0,0.0,876757000.0,367938000.0,508819000.0,5338277061.0,33370000.0,0.0,37196000.0,-86250000.0,-20763000.0,-70309000.0,-8207000.0,0.0,104082000.0,7804000.0,63529000.0,63529000.0,63529000.0,0.0,0.0,0.137,135805000.0,87086000.0,127420000.0,0.326,2.825,24.374,24.168,270023000.0,0.0,38.91,2.998,3.013,345542000.0,1927875000.0,464712000.0,464712000.0,42873000.0,,,,,9891000.0,92932000.0,1.0,137195504.0,137849000.0,139419000.0,3.371,1651752000.0,51179000.0,21004000.0,74798000.0,11.982,914140000.0
15,FLIR,MRQ,2017-06-30,2017-06-30,2017-06-30,2021-05-06,-129970000.0,2703504000.0,,1224103000.0,1479401000.0,,13.01,-10033000.0,403591000.0,403591000.0,227392000.0,51413000.0,3.501,0.518,506303000.0,15000000.0,491303000.0,506303000.0,31385000.0,17977000.0,0.0,0.016,0.15,68012000.0,85989000.0,0.198,85989000.0,68012000.0,63540000.0,0.38,0.37,0.38,1780631000.0,,1780631000.0,4841855735.0,16.0,13.319,20094000.0,0.147,1.0,206732000.0,0.476,1110422000.0,4472000.0,1346170000.0,,405328000.0,0.0,0.0,0.0,922873000.0,349624000.0,573249000.0,4729554735.0,6155000.0,0.0,6033000.0,-3750000.0,-20557000.0,-25456000.0,-7174000.0,2859000.0,30127000.0,8658000.0,51413000.0,51413000.0,51413000.0,0.0,0.0,0.118,140102000.0,66630000.0,113957000.0,0.395,2.656,22.089,21.937,272391000.0,0.0,34.66,2.748,2.757,332009000.0,1885109000.0,434124000.0,434124000.0,43046000.0,,,,,8608000.0,97056000.0,1.0,136455705.0,136865000.0,138449000.0,3.172,1593082000.0,48821000.0,12127000.0,60366000.0,11.64,874479000.0
16,FLIR,MRQ,2017-03-31,2017-03-31,2017-03-31,2021-05-06,-152563000.0,2630395000.0,,1176160000.0,1454235000.0,,12.611,-13594000.0,397436000.0,397436000.0,215493000.0,42571000.0,3.447,0.53,509737000.0,15000000.0,494737000.0,509737000.0,33989000.0,17031000.0,0.0,0.014,0.15,60017000.0,77048000.0,0.189,77048000.0,60017000.0,55564000.0,0.31,0.31,0.31,1719569000.0,,1719569000.0,5102139068.0,17.0,14.349,61533000.0,0.451,1.0,191321000.0,0.47,1089535000.0,4453000.0,1311986000.0,,386058000.0,0.0,0.0,0.0,910826000.0,341175000.0,569651000.0,4946567068.0,36087000.0,0.0,1002000.0,-7500000.0,-20456000.0,-28798000.0,-13594000.0,0.0,75127000.0,3352000.0,42571000.0,42571000.0,42571000.0,0.0,0.0,0.105,132235000.0,59086000.0,110013000.0,0.484,2.877,23.773,23.712,272857000.0,0.0,36.28,2.928,2.928,308740000.0,1854253000.0,406814000.0,406814000.0,41983000.0,,,,,6246000.0,90252000.0,1.0,136344186.0,136359000.0,138239000.0,2.983,1540860000.0,45321000.0,12993000.0,60630000.0,11.3,834985000.0
17,FLIR,MRQ,2016-12-31,2016-12-31,2016-12-31,2021-05-06,-165951000.0,2619706000.0,,1164657000.0,1455049000.0,,12.329,-8258000.0,361349000.0,361349000.0,260005000.0,61500000.0,3.22,0.561,516921000.0,15000000.0,501921000.0,516921000.0,34420000.0,15656000.0,0.0,0.013,0.12,89804000.0,105460000.0,0.222,105460000.0,89804000.0,85276000.0,0.46,0.44,0.46,1678326000.0,,1678326000.0,4765459805.0,16.0,13.556,88886000.0,0.653,1.0,214733000.0,0.452,969866000.0,4528000.0,1443700000.0,,371371000.0,0.0,0.0,0.0,941380000.0,361712000.0,579668000.0,4926541805.0,-316339000.0,-376758000.0,4619000.0,-266000.0,-16356000.0,-12216000.0,-384671000.0,0.0,97144000.0,-16596000.0,61500000.0,61500000.0,61500000.0,0.0,0.0,0.13,122453000.0,92280000.0,114225000.0,0.261,2.935,29.566,29.664,271785000.0,0.0,36.19,2.964,2.964,352020000.0,1832138000.0,474738000.0,474738000.0,38210000.0,,,,,6544000.0,82812000.0,1.0,136129920.0,136129920.0,,3.487,1649840000.0,45243000.0,23776000.0,62991000.0,12.12,802945000.0
18,FLIR,MRQ,2016-09-30,2016-09-30,2016-09-30,2021-05-06,-134949000.0,2587894000.0,,1456140000.0,1131754000.0,,12.072,-6806000.0,677688000.0,677688000.0,213852000.0,58633000.0,4.687,0.565,516606000.0,15000000.0,501606000.0,516606000.0,36553000.0,14079000.0,0.0,0.015,0.12,80944000.0,95023000.0,0.234,95023000.0,80944000.0,75208000.0,0.43,0.43,0.43,1653406000.0,,1653406000.0,4180161309.0,13.0,11.38,81985000.0,0.599,1.0,191376000.0,0.472,762121000.0,5736000.0,1354043000.0,,380225000.0,0.0,0.0,0.0,934488000.0,310648000.0,623840000.0,4313376309.0,-225491000.0,0.0,-35504000.0,-255875000.0,-16474000.0,-308012000.0,-4695000.0,0.0,88791000.0,-1575000.0,58633000.0,58633000.0,58633000.0,0.0,0.0,0.145,110527000.0,80849000.0,109663000.0,0.279,2.609,24.601,24.74,267149000.0,0.0,31.42,2.654,2.648,309602000.0,1786994000.0,405228000.0,405228000.0,33839000.0,,,,,6872000.0,76688000.0,1.0,137281232.0,136963000.0,137938000.0,2.959,1825773000.0,55194000.0,16575000.0,63241000.0,13.33,1145492000.0
19,FLIR,MRQ,2016-06-30,2016-06-30,2016-06-30,2021-05-06,-127517000.0,2794951000.0,,1657822000.0,1137129000.0,,11.951,-10884000.0,903179000.0,903179000.0,219407000.0,45368000.0,3.174,0.696,769964000.0,264924000.0,505040000.0,769964000.0,30738000.0,13839000.0,0.0,0.015,0.12,64213000.0,78052000.0,0.194,78052000.0,64213000.0,59853000.0,0.33,0.33,0.33,1647544000.0,,1647544000.0,4103903181.0,13.0,11.431,76986000.0,0.558,1.0,183322000.0,0.455,726310000.0,4360000.0,1413070000.0,,387393000.0,0.0,0.0,0.0,1147407000.0,522356000.0,625051000.0,4259707181.0,392566000.0,-42445000.0,-27195000.0,417016000.0,-16583000.0,367657000.0,-53329000.0,0.0,87870000.0,-9632000.0,45368000.0,45368000.0,45368000.0,0.0,0.0,0.113,118110000.0,65212000.0,101170000.0,0.364,2.585,22.447,22.757,271726000.0,0.0,30.95,2.659,2.664,279323000.0,1773688000.0,402729000.0,402729000.0,38208000.0,,,,,8293000.0,79902000.0,1.0,137631896.0,137861000.0,138993000.0,2.921,2068641000.0,55578000.0,14485000.0,58707000.0,15.005,1135466000.0
20,FLIR,MRQ,2016-03-31,2016-03-31,2016-03-31,2021-05-06,-102433000.0,2413209000.0,,1290230000.0,1122979000.0,,12.131,-9992000.0,510613000.0,510613000.0,201782000.0,1125000.0,2.411,0.447,354809000.0,264809000.0,90000000.0,354809000.0,33360000.0,13939000.0,0.0,0.014,0.12,59067000.0,73006000.0,0.192,73006000.0,59067000.0,55620000.0,0.01,0.01,0.01,1668029000.0,,1668029000.0,4418194177.0,14.0,12.175,35954000.0,0.261,1.0,177690000.0,0.468,739886000.0,3447000.0,982370000.0,,398870000.0,0.0,0.0,0.0,745180000.0,535149000.0,210031000.0,4532535177.0,37828000.0,0.0,3989000.0,-3750000.0,-16507000.0,-16293000.0,-5117000.0,0.0,45946000.0,13292000.0,1125000.0,1125000.0,1125000.0,0.0,0.0,0.003,120313000.0,57377000.0,106394000.0,12.0,2.717,23.256,23.705,275148000.0,0.0,32.95,2.847,2.846,298530000.0,1757885000.0,379472000.0,379472000.0,37280000.0,,,,,6088000.0,83033000.0,1.0,137557972.0,137496000.0,138779000.0,2.76,1673323000.0,55877000.0,54495000.0,60643000.0,12.17,755081000.0
21,FLIR,MRQ,2015-12-31,2015-12-31,2015-12-31,2021-05-06,-125126000.0,2406400000.0,,1287514000.0,1118886000.0,,11.941,-18118000.0,472785000.0,472785000.0,230337000.0,70204000.0,2.2,0.459,358444000.0,264694000.0,93750000.0,358444000.0,31933000.0,13069000.0,0.0,0.016,0.11,108179000.0,121248000.0,0.277,121248000.0,108179000.0,104782000.0,0.5,0.51,0.5,1649515000.0,,1649515000.0,3714130012.0,12.0,10.064,77828000.0,0.563,1.0,207310000.0,0.474,737618000.0,3397000.0,969096000.0,,393092000.0,0.0,0.0,0.0,756885000.0,585345000.0,171540000.0,3877426012.0,-52591000.0,-92260000.0,-28501000.0,-3750000.0,-15206000.0,-58719000.0,-84729000.0,0.0,95946000.0,-5089000.0,70204000.0,70204000.0,70204000.0,0.0,0.0,0.16,113813000.0,93497000.0,139540000.0,0.22,2.351,16.043,16.225,272629000.0,0.0,28.07,2.49,2.49,326098000.0,1773267000.0,437647000.0,437647000.0,31792000.0,,,,,6299000.0,80660000.0,1.0,138134165.0,138134165.0,,3.168,1668782000.0,55429000.0,34578000.0,14281000.0,12.081,702169000.0
22,FLIR,MRQ,2015-09-30,2015-09-30,2015-09-30,2021-05-06,-116556000.0,2354803000.0,,1346200000.0,1008603000.0,,11.64,-19363000.0,525376000.0,525376000.0,201189000.0,73072000.0,4.289,0.449,362080000.0,15000000.0,347080000.0,362080000.0,27394000.0,11854000.0,0.0,0.015,0.11,74846000.0,86700000.0,0.227,86700000.0,74846000.0,71176000.0,0.52,0.52,0.52,1624858000.0,,1624858000.0,3731077632.0,13.0,10.747,54257000.0,0.389,1.0,180739000.0,0.473,660389000.0,3670000.0,1217235000.0,,387113000.0,0.0,0.0,0.0,729945000.0,313883000.0,416062000.0,3925552632.0,-34814000.0,0.0,-60403000.0,-3750000.0,-15419000.0,-79399000.0,-19363000.0,0.0,73620000.0,-9672000.0,73072000.0,73072000.0,73072000.0,0.0,0.0,0.191,104757000.0,75982000.0,125739000.0,0.212,2.416,16.073,16.086,269724000.0,0.0,27.99,2.526,2.515,304270000.0,1740033000.0,381928000.0,381928000.0,31200000.0,,,,,6511000.0,73557000.0,1.0,140248397.0,139596000.0,140525000.0,2.736,1694414000.0,59005000.0,-1896000.0,12267000.0,12.138,1032317000.0
23,FLIR,MRQ,2015-06-30,2015-06-30,2015-06-30,2021-05-06,-99284000.0,2379716000.0,,1372923000.0,1006793000.0,,11.698,-17614000.0,560190000.0,560190000.0,203360000.0,50500000.0,4.424,0.452,365715000.0,15000000.0,350715000.0,365715000.0,29989000.0,12122000.0,0.0,0.014,0.11,69806000.0,81928000.0,0.208,81928000.0,69806000.0,66448000.0,0.36,0.36,0.36,1638475000.0,,1638475000.0,4140209847.0,14.0,11.892,31318000.0,0.224,1.0,189615000.0,0.483,666845000.0,3358000.0,1208089000.0,,360571000.0,0.0,0.0,0.0,741241000.0,310307000.0,430934000.0,4318638847.0,12410000.0,0.0,-16204000.0,-3750000.0,-15397000.0,-32090000.0,-17614000.0,0.0,48932000.0,13182000.0,50500000.0,50500000.0,50500000.0,0.0,0.0,0.129,119084000.0,70531000.0,121605000.0,0.306,2.636,19.278,19.384,260763000.0,0.0,30.82,2.791,2.79,327653000.0,1736357000.0,392975000.0,392975000.0,35126000.0,,,,,8181000.0,83958000.0,1.0,140124557.0,140063000.0,141491000.0,2.806,1712871000.0,58655000.0,15948000.0,28869000.0,12.229,1062616000.0
24,FLIR,MRQ,2015-03-31,2015-03-31,2015-03-31,2021-05-06,-129977000.0,2312358000.0,,1321426000.0,990932000.0,,11.346,-13139000.0,547780000.0,547780000.0,168620000.0,47910000.0,4.486,0.458,369351000.0,15000000.0,354351000.0,369351000.0,27439000.0,12489000.0,0.0,0.013,0.11,66701000.0,79190000.0,0.23,79190000.0,66701000.0,63040000.0,0.34,0.34,0.34,1585818000.0,,1585818000.0,4214334944.0,15.0,12.352,61788000.0,0.442,1.0,175897000.0,0.511,662598000.0,3661000.0,1176789000.0,,340300000.0,0.0,0.0,0.0,726540000.0,294542000.0,431998000.0,4372722944.0,16406000.0,0.0,4414000.0,-3750000.0,-15377000.0,-13941000.0,-13139000.0,0.0,74927000.0,-31441000.0,47910000.0,47910000.0,47910000.0,0.0,0.0,0.139,110143000.0,65754000.0,106120000.0,0.324,2.757,20.033,20.181,249002000.0,0.0,31.28,2.87,2.869,311787000.0,1704319000.0,344517000.0,344517000.0,34774000.0,,,,,4757000.0,75369000.0,1.0,139792933.0,139768000.0,141472000.0,2.465,1649760000.0,58672000.0,15130000.0,27026000.0,11.804,1026884000.0
25,FLIR,MRQ,2014-12-31,2014-12-31,2014-12-31,2021-05-06,-63409000.0,2349311000.0,,1300328000.0,1048983000.0,,11.426,-20334000.0,531374000.0,531374000.0,219629000.0,72752000.0,4.201,0.459,372986000.0,15000000.0,357986000.0,372986000.0,27878000.0,12967000.0,0.0,0.012,0.1,86377000.0,99344000.0,0.229,99344000.0,86377000.0,82784000.0,0.52,0.5,0.52,1609773000.0,,1609773000.0,4363479148.0,17.0,13.578,42510000.0,0.302,1.0,214737000.0,0.494,686547000.0,3593000.0,1194819000.0,,320605000.0,0.0,0.0,0.0,739538000.0,309557000.0,429981000.0,4552230148.0,-33999000.0,-12000000.0,-49201000.0,-3750000.0,-14103000.0,-63580000.0,-20334000.0,0.0,62844000.0,-12929000.0,72752000.0,72752000.0,72752000.0,0.0,0.0,0.167,127317000.0,87420000.0,98173000.0,0.192,2.828,22.731,22.754,247094000.0,0.0,32.31,2.974,2.974,354658000.0,1671786000.0,434366000.0,434366000.0,36096000.0,,,,,6782000.0,90258000.0,1.0,140892298.0,140892298.0,,3.083,1662764000.0,54102000.0,10032000.0,24875000.0,11.802,990771000.0
26,FLIR,MRQ,2014-09-30,2014-09-30,2014-09-30,2021-05-06,-31999000.0,2354292000.0,,1335175000.0,1019117000.0,,11.466,-15100000.0,565373000.0,565373000.0,190980000.0,52857000.0,4.639,0.452,376622000.0,15000000.0,361622000.0,376622000.0,25831000.0,13572000.0,0.0,0.012,0.1,74126000.0,87698000.0,0.234,87698000.0,74126000.0,70463000.0,0.37,0.37,0.37,1621734000.0,,1621734000.0,4219974401.0,19.0,15.141,17887000.0,0.126,1.0,184386000.0,0.491,699479000.0,3663000.0,1178236000.0,,343300000.0,0.0,0.0,0.0,732558000.0,287826000.0,444732000.0,4441790401.0,-36700000.0,12000000.0,-28422000.0,-3750000.0,-14165000.0,-45213000.0,-3100000.0,0.0,32987000.0,-21374000.0,52857000.0,52857000.0,52857000.0,0.0,0.0,0.141,114377000.0,70009000.0,90500000.0,0.27,2.739,28.429,28.491,237837000.0,0.0,31.34,2.968,2.962,298559000.0,1629524000.0,375366000.0,375366000.0,34022000.0,,,,,6803000.0,76295000.0,1.0,141729113.0,141433000.0,143413000.0,2.654,1654813000.0,56820000.0,17606000.0,36270000.0,11.7,1047349000.0
27,FLIR,MRQ,2014-06-30,2014-06-30,2014-06-30,2021-05-06,16472000.0,2402165000.0,,1362540000.0,1039625000.0,,11.667,-16238000.0,602073000.0,602073000.0,186662000.0,44758000.0,4.545,0.454,380257000.0,15000000.0,365257000.0,380257000.0,24646000.0,14236000.0,0.0,0.011,0.1,60706000.0,74942000.0,0.203,74942000.0,60706000.0,57077000.0,0.32,0.31,0.32,1651741000.0,,1651741000.0,4718355212.0,23.0,17.499,54350000.0,0.384,1.0,182718000.0,0.495,723456000.0,3629000.0,1157127000.0,,350092000.0,0.0,0.0,0.0,750424000.0,299766000.0,450658000.0,4918558212.0,17978000.0,0.0,-21144000.0,-3750000.0,-14160000.0,-35459000.0,-16238000.0,0.0,70588000.0,-913000.0,44758000.0,44758000.0,44758000.0,0.0,0.0,0.121,123354000.0,59364000.0,99996000.0,0.312,2.978,32.818,32.764,240023000.0,0.0,34.73,3.325,3.324,270086000.0,1590832000.0,369380000.0,369380000.0,36307000.0,,,,,8447000.0,83500000.0,1.0,141622753.0,141574000.0,144120000.0,2.609,1678709000.0,57564000.0,12319000.0,35901000.0,11.857,1062774000.0
28,FLIR,MRQ,2014-03-31,2014-03-31,2014-03-31,2021-05-06,23862000.0,2368888000.0,,1330200000.0,1038688000.0,,11.665,-9590000.0,584095000.0,584095000.0,183010000.0,29894000.0,4.906,0.441,383892000.0,15000000.0,368892000.0,383892000.0,23951000.0,16470000.0,0.0,0.01,0.1,42913000.0,59383000.0,0.169,59383000.0,42913000.0,39205000.0,0.21,0.21,0.21,1644030000.0,,1644030000.0,4916674148.0,23.0,17.541,50235000.0,0.356,1.0,168532000.0,0.479,729408000.0,3708000.0,1168116000.0,,338894000.0,0.0,0.0,0.0,724858000.0,271161000.0,453697000.0,5071622148.0,41619000.0,0.0,7110000.0,-3750000.0,-14085000.0,-7775000.0,-9590000.0,0.0,59825000.0,-841000.0,29894000.0,29894000.0,29894000.0,0.0,0.0,0.085,126081000.0,42451000.0,91965000.0,0.476,3.085,32.663,33.028,232904000.0,0.0,36.0,3.383,3.384,270165000.0,1560234000.0,351542000.0,351542000.0,36326000.0,,,,,8756000.0,81942000.0,1.0,140878393.0,140932000.0,143828000.0,2.494,1639480000.0,56739000.0,9311000.0,34977000.0,11.633,1059039000.0
29,FLIR,MRQ,2013-12-31,2013-12-31,2013-12-31,2021-05-06,26000000.0,2343359000.0,,1309731000.0,1033628000.0,,11.39,-15064000.0,542476000.0,542476000.0,210228000.0,28735000.0,4.737,0.452,387528000.0,15000000.0,372528000.0,387528000.0,28844000.0,17818000.0,0.0,0.012,0.09,38878000.0,56696000.0,0.142,56696000.0,38878000.0,35148000.0,0.2,0.2,0.2,1613380000.0,,1613380000.0,4162779380.0,17.0,13.61,90110000.0,0.636,1.0,190091000.0,0.475,729896000.0,3730000.0,1182000000.0,,344719000.0,0.0,0.0,0.0,729979000.0,276515000.0,453464000.0,4263815380.0,50277000.0,0.0,-26332000.0,-3750000.0,-12709000.0,-42477000.0,-15064000.0,0.0,105174000.0,2644000.0,28735000.0,28735000.0,28735000.0,0.0,0.0,0.072,152290000.0,37801000.0,85730000.0,0.45,2.643,24.087,24.274,234041000.0,0.0,30.1,2.849,2.849,286573000.0,1544425000.0,400319000.0,400319000.0,38425000.0,,,,,7150000.0,88033000.0,1.0,141654996.0,141654996.0,,2.826,1613463000.0,56272000.0,6413000.0,32914000.0,11.39,1033216000.0
30,FLIR,MRQ,2013-09-30,2013-09-30,2013-09-30,2021-05-06,16220000.0,2325876000.0,,1279503000.0,1046373000.0,,11.324,-13706000.0,492199000.0,492199000.0,185251000.0,46486000.0,5.081,0.448,391163000.0,15000000.0,376163000.0,391163000.0,30308000.0,14876000.0,0.0,0.011,0.09,63742000.0,78618000.0,0.22,78618000.0,63742000.0,60046000.0,0.33,0.32,0.33,1606511000.0,,1606511000.0,4363521000.0,14.0,12.003,38822000.0,0.274,1.0,172890000.0,0.483,725100000.0,3696000.0,1247927000.0,,376033000.0,0.0,0.0,0.0,719365000.0,251813000.0,467552000.0,4461155000.0,-234000.0,-14908000.0,-14151000.0,-3750000.0,-12786000.0,-30535000.0,-28614000.0,0.0,52528000.0,6387000.0,46486000.0,46486000.0,46486000.0,0.0,0.0,0.13,109351000.0,63539000.0,93861000.0,0.273,2.777,19.78,20.128,229844000.0,0.0,31.4,3.009,3.005,281611000.0,1528399000.0,358141000.0,358141000.0,32986000.0,,,,,7346000.0,76365000.0,1.0,142075000.0,141863000.0,144231000.0,2.525,1600776000.0,63894000.0,13560000.0,41238000.0,11.284,1027690000.0
31,FLIR,MRQ,2013-06-30,2013-06-30,2013-06-30,2021-05-06,-5959000.0,2286516000.0,,1268852000.0,1017664000.0,,10.959,-10643000.0,492433000.0,492433000.0,199288000.0,50158000.0,4.791,0.468,394799000.0,15000000.0,379799000.0,394799000.0,26715000.0,15231000.0,0.0,0.012,0.09,70371000.0,85602000.0,0.22,85602000.0,70371000.0,66604000.0,0.35,0.35,0.35,1557088000.0,,1557088000.0,3829034246.0,12.0,10.291,124661000.0,0.877,1.0,190041000.0,0.488,721087000.0,3767000.0,1202938000.0,,364671000.0,0.0,0.0,0.0,729428000.0,264857000.0,464571000.0,3826607246.0,246426000.0,-5165000.0,-5763000.0,146250000.0,-12803000.0,126975000.0,-15808000.0,0.0,135304000.0,-45000.0,50158000.0,50158000.0,50158000.0,0.0,0.0,0.129,119769000.0,70272000.0,89797000.0,0.257,2.458,16.286,16.856,216855000.0,0.0,26.97,2.627,2.631,278265000.0,1494700000.0,389329000.0,389329000.0,39601000.0,,,,,7631000.0,80168000.0,1.0,141883843.0,142085000.0,143774000.0,2.74,1565429000.0,62779000.0,16446000.0,45010000.0,11.018,1003995000.0
32,FLIR,MRQ,2013-03-31,2013-03-31,2013-03-31,2021-05-06,-2957000.0,2078375000.0,,1073488000.0,1004887000.0,,10.542,-12648000.0,246007000.0,246007000.0,164596000.0,51636000.0,4.993,0.363,248434000.0,0.0,248434000.0,248434000.0,29107000.0,14871000.0,0.0,0.012,0.09,70085000.0,84956000.0,0.244,84956000.0,70085000.0,67188000.0,0.36,0.35,0.36,1524631000.0,,1524631000.0,3697196145.0,12.0,10.247,49311000.0,0.341,1.0,183987000.0,0.528,712912000.0,2897000.0,1152881000.0,,389995000.0,0.0,0.0,0.0,553744000.0,215009000.0,338735000.0,3770616145.0,-75732000.0,0.0,-107182000.0,0.0,-13106000.0,-120076000.0,-12648000.0,0.0,61959000.0,-4967000.0,51636000.0,51636000.0,51636000.0,0.0,0.0,0.148,114857000.0,69130000.0,84040000.0,0.25,2.473,16.692,17.112,215412000.0,0.0,26.01,2.683,2.677,306081000.0,1457344000.0,348583000.0,348583000.0,36684000.0,,,,,5696000.0,78173000.0,1.0,144967941.0,144629000.0,146291000.0,2.41,1365463000.0,63161000.0,15552000.0,30444000.0,9.441,858479000.0
33,FLIR,MRQ,2012-12-31,2012-12-31,2012-12-31,2021-05-06,9541000.0,2190655000.0,,1165246000.0,1025409000.0,,10.664,-18901000.0,321739000.0,321739000.0,177309000.0,77261000.0,4.824,0.369,248319000.0,0.0,248319000.0,248319000.0,29465000.0,14856000.0,0.0,0.013,0.07,99519000.0,114375000.0,0.296,114375000.0,99519000.0,96790000.0,0.52,0.51,0.52,1599901000.0,,1599901000.0,3171650293.0,11.0,8.802,93973000.0,0.626,1.0,209076000.0,0.541,740129000.0,2729000.0,1135539000.0,,379080000.0,0.0,0.0,0.0,590754000.0,241567000.0,349187000.0,3347934293.0,-102750000.0,-105909000.0,-81104000.0,0.0,-10430000.0,-91508000.0,-124812000.0,-2000.0,112874000.0,696000.0,77261000.0,77261000.0,77261000.0,916000.0,0.0,0.2,108999000.0,100077000.0,94156000.0,0.135,2.093,15.054,15.181,211615000.0,0.0,22.316,2.382,2.382,335163000.0,1418814000.0,386385000.0,386385000.0,33680000.0,,,,,6253000.0,73319000.0,1.0,150025959.0,150025959.0,,2.575,1450526000.0,63183000.0,19529000.0,53826000.0,9.669,923679000.0
34,FLIR,MRQ,2012-09-30,2012-09-30,2012-09-30,2021-05-06,3818000.0,2146014000.0,,1226182000.0,919832000.0,,10.621,-12759000.0,424489000.0,424489000.0,158877000.0,55905000.0,6.09,0.339,248205000.0,0.0,248205000.0,248205000.0,19741000.0,14843000.0,0.0,0.014,0.07,72286000.0,87129000.0,0.262,87129000.0,72286000.0,69190000.0,0.37,0.37,0.37,1602423000.0,,1602423000.0,2835573631.0,9.0,7.605,33681000.0,0.223,1.0,173353000.0,0.522,647912000.0,3096000.0,1120481000.0,,360767000.0,0.0,0.0,0.0,543591000.0,201337000.0,342254000.0,3017254631.0,-5282000.0,0.0,-37348000.0,0.0,-10535000.0,-47203000.0,-12759000.0,0.0,46440000.0,8240000.0,55905000.0,55905000.0,55905000.0,44000.0,0.0,0.168,99116000.0,74237000.0,77693000.0,0.189,1.883,13.636,13.872,200850000.0,0.0,19.975,2.119,2.116,283669000.0,1351983000.0,332230000.0,332230000.0,29593000.0,,,,,6597000.0,69523000.0,1.0,151051546.0,150878000.0,152327000.0,2.202,1498102000.0,58845000.0,13285000.0,34410000.0,9.929,1024845000.0
35,FLIR,MRQ,2012-06-30,2012-06-30,2012-06-30,2021-05-06,-18875000.0,2114806000.0,,1200929000.0,913877000.0,,10.216,-13494000.0,429771000.0,429771000.0,168262000.0,41093000.0,5.762,0.352,248090000.0,0.0,248090000.0,248090000.0,23446000.0,14809000.0,0.0,0.013,0.07,59546000.0,74355000.0,0.22,74355000.0,59546000.0,56778000.0,0.27,0.27,0.27,1564775000.0,,1564775000.0,2806777002.0,9.0,7.213,63742000.0,0.416,1.0,170029000.0,0.503,650002000.0,2768000.0,1074696000.0,,350791000.0,0.0,0.0,0.0,550031000.0,208427000.0,341604000.0,3006967002.0,-18395000.0,0.0,-60032000.0,0.0,-10701000.0,-70615000.0,-16494000.0,-3000000.0,77236000.0,-8522000.0,41093000.0,41093000.0,41093000.0,1312000.0,0.0,0.121,109308000.0,60721000.0,79611000.0,0.259,1.922,13.069,13.176,193594000.0,0.0,19.5,2.055,2.041,268550000.0,1306613000.0,338291000.0,338291000.0,37510000.0,,,,,7865000.0,71798000.0,1.0,154203436.0,153172000.0,155033000.0,2.209,1464804000.0,58880000.0,15685000.0,35432000.0,9.563,992502000.0
36,FLIR,MRQ,2012-03-31,2012-03-31,2012-03-31,2021-05-06,5145000.0,2166213000.0,,1243324000.0,922889000.0,,10.453,-12935000.0,448166000.0,448166000.0,165725000.0,48139000.0,5.988,0.341,247976000.0,0.0,247976000.0,247976000.0,26331000.0,15207000.0,0.0,0.01,0.07,69263000.0,84470000.0,0.242,84470000.0,69263000.0,66197000.0,0.31,0.31,0.31,1614907000.0,,1614907000.0,3705879852.0,12.0,9.701,36060000.0,0.233,1.0,182727000.0,0.524,661510000.0,3066000.0,1096887000.0,,351232000.0,0.0,0.0,0.0,551306000.0,207626000.0,343680000.0,3898864852.0,7320000.0,0.0,-24513000.0,0.0,-10784000.0,-35003000.0,-12935000.0,0.0,48995000.0,6263000.0,48139000.0,48139000.0,48139000.0,686000.0,0.0,0.138,114431000.0,68296000.0,77026000.0,0.226,2.414,17.86,18.209,191876000.0,0.0,25.31,2.571,2.578,298798000.0,1276221000.0,348452000.0,348452000.0,36571000.0,,,,,5535000.0,77860000.0,1.0,154044443.0,154485000.0,156972000.0,2.256,1504703000.0,58848000.0,18058000.0,38688000.0,9.74,1035698000.0
37,FLIR,MRQ,2011-12-31,2011-12-31,2011-12-31,2021-05-06,-11994000.0,2149114000.0,,1236080000.0,913034000.0,,10.123,-10850000.0,440846000.0,440846000.0,179713000.0,76131000.0,5.243,0.361,247861000.0,0.0,247861000.0,247861000.0,28257000.0,16290000.0,0.0,0.01,0.06,110625000.0,126915000.0,0.313,126915000.0,110625000.0,107449000.0,0.49,0.48,0.49,1579029000.0,,1579029000.0,3783953652.0,12.0,9.631,105346000.0,0.675,1.0,225499000.0,0.556,662783000.0,3176000.0,1057605000.0,,336051000.0,0.0,0.0,0.0,570085000.0,235741000.0,334344000.0,3910705652.0,66347000.0,0.0,-29664000.0,0.0,-9351000.0,-38429000.0,-8859000.0,1991000.0,116196000.0,-2561000.0,76131000.0,76131000.0,76131000.0,703000.0,0.0,0.188,115831000.0,109668000.0,84190000.0,0.122,2.477,17.658,17.907,186269000.0,0.0,25.07,2.533,2.533,329581000.0,1238866000.0,405212000.0,405212000.0,34920000.0,,,,,5604000.0,80911000.0,1.0,155991450.0,155991450.0,,2.598,1486331000.0,59087000.0,31318000.0,36935000.0,9.528,1000339000.0
38,FLIR,MRQ,2011-09-30,2011-09-30,2011-09-30,2021-05-06,103000.0,2102298000.0,,1180906000.0,921392000.0,,9.755,-12366000.0,374499000.0,374499000.0,169430000.0,64719000.0,5.408,0.358,247747000.0,0.0,247747000.0,247747000.0,22135000.0,17577000.0,0.0,0.007,0.06,85827000.0,103404000.0,0.278,103404000.0,85827000.0,84301000.0,0.41,0.4,0.41,1547727000.0,,1547727000.0,3765637721.0,12.0,9.659,33538000.0,0.211,1.0,201897000.0,0.544,646825000.0,1526000.0,1110356000.0,,327132000.0,0.0,0.0,0.0,554571000.0,218365000.0,336206000.0,4001259721.0,138877000.0,-24831000.0,-99779000.0,247708000.0,-9518000.0,140263000.0,-37197000.0,0.0,45904000.0,-10093000.0,64719000.0,64719000.0,64719000.0,-329000.0,0.0,0.174,116488000.0,85409000.0,82234000.0,0.146,2.585,18.596,18.556,184071000.0,0.0,25.05,2.538,2.521,320411000.0,1172086000.0,371327000.0,371327000.0,35188000.0,,,,,5437000.0,81300000.0,1.0,159730927.0,158665000.0,160798000.0,2.34,1455473000.0,53488000.0,19582000.0,36634000.0,9.173,962541000.0
39,FLIR,MRQ,2011-06-30,2011-06-30,2011-06-30,2021-05-06,33452000.0,1930615000.0,,1020084000.0,910531000.0,,10.126,-14463000.0,235622000.0,235622000.0,186144000.0,29309000.0,4.531,0.193,0.0,0.0,0.0,0.0,20046000.0,23738000.0,0.0,0.004,0.06,43499000.0,67237000.0,0.172,67237000.0,43499000.0,43064000.0,0.18,0.18,0.18,1618130000.0,,1618130000.0,5132669187.0,17.0,13.237,4942000.0,0.031,1.0,205411000.0,0.525,664190000.0,435000.0,805659000.0,,322447000.0,0.0,0.0,0.0,312485000.0,225144000.0,87341000.0,5382898187.0,-14607000.0,-2351000.0,-9778000.0,0.0,-9597000.0,-18644000.0,-16814000.0,0.0,19405000.0,1446000.0,29309000.0,29309000.0,29309000.0,514000.0,0.0,0.075,163608000.0,41803000.0,88075000.0,0.333,3.327,25.224,25.157,186334000.0,0.0,33.71,3.501,3.503,328047000.0,1116885000.0,391555000.0,391555000.0,39481000.0,,,,,7588000.0,124127000.0,1.0,159682533.0,159796000.0,162550000.0,2.45,1266425000.0,47041000.0,13755000.0,36159000.0,7.925,794940000.0
40,FLIR,MRQ,2011-03-31,2011-03-31,2011-03-31,2021-05-06,31861000.0,1933959000.0,,1022440000.0,911519000.0,,10.055,-4267000.0,250229000.0,250229000.0,179457000.0,51315000.0,4.287,0.207,0.0,0.0,0.0,0.0,19790000.0,19893000.0,0.0,0.002,0.06,75437000.0,95330000.0,0.254,95330000.0,75437000.0,75087000.0,0.32,0.32,0.32,1602716000.0,,1602716000.0,5327489737.0,15.0,12.519,58119000.0,0.365,1.0,196512000.0,0.523,671191000.0,350000.0,774043000.0,,321072000.0,0.0,0.0,0.0,331243000.0,238496000.0,92747000.0,5520626737.0,57092000.0,0.0,258000.0,0.0,-9571000.0,-7745000.0,-4267000.0,0.0,62386000.0,6718000.0,51315000.0,51315000.0,51315000.0,291000.0,0.0,0.136,120196000.0,76316000.0,85352000.0,0.188,3.445,22.668,22.474,185063000.0,0.0,34.61,3.737,3.735,321769000.0,1097173000.0,375969000.0,375969000.0,37589000.0,,,,,6288000.0,82607000.0,1.0,159509585.0,159400000.0,162310000.0,2.359,1262768000.0,46110000.0,23772000.0,48667000.0,7.922,783944000.0
41,FLIR,MRQ,2010-12-31,2010-12-31,2010-12-31,2021-05-06,1652000.0,1857352000.0,,954807000.0,902545000.0,,9.6,-14748000.0,193137000.0,193137000.0,204653000.0,69822000.0,3.82,0.22,0.0,0.0,0.0,0.0,17867000.0,21831000.0,0.0,0.0,0.0,102074000.0,123905000.0,0.283,123905000.0,102074000.0,101662000.0,0.44,0.43,0.44,1522548000.0,,1522548000.0,4338297238.0,12.0,10.169,30558000.0,0.193,1.0,232856000.0,0.532,659404000.0,412000.0,754860000.0,,303156000.0,0.0,0.0,0.0,334804000.0,249951000.0,84853000.0,4718200238.0,-186766000.0,-228025000.0,9486000.0,0.0,0.0,11646000.0,-242774000.0,-1000.0,45306000.0,-944000.0,69822000.0,69822000.0,69822000.0,248000.0,0.0,0.16,132489000.0,100367000.0,85881000.0,0.0,3.099,19.015,18.711,189119000.0,0.0,29.75,3.398,3.398,339723000.0,1055429000.0,437509000.0,437509000.0,35003000.0,,,,,6565000.0,97486000.0,1.0,158594966.0,158594966.0,,2.759,1197948000.0,45870000.0,31840000.0,41174000.0,7.554,704856000.0
42,FLIR,MRQ,2010-09-30,2010-09-30,2010-09-30,2021-05-06,9610000.0,1733060000.0,,1018695000.0,714365000.0,,9.102,-7141000.0,379903000.0,379903000.0,150389000.0,62955000.0,4.77,0.203,0.0,0.0,0.0,0.0,15398000.0,14401000.0,0.0,0.0,0.0,86872000.0,101273000.0,0.305,101273000.0,86872000.0,86523000.0,0.4,0.39,0.4,1440127000.0,,1440127000.0,3778991581.0,11.0,9.31,77913000.0,0.492,1.0,182108000.0,0.548,491010000.0,349000.0,648593000.0,,264757000.0,0.0,0.0,0.0,292933000.0,213554000.0,79379000.0,4063512581.0,95382000.0,-1000.0,3197000.0,0.0,0.0,5808000.0,-3061000.0,4081000.0,85054000.0,7581000.0,62955000.0,62955000.0,62955000.0,0.0,0.0,0.189,96321000.0,85787000.0,78428000.0,0.0,2.822,17.034,16.581,176586000.0,0.0,25.7,3.219,3.221,272501000.0,985607000.0,332497000.0,332497000.0,28520000.0,,,,,6088000.0,67801000.0,1.0,158113330.0,158215000.0,160925000.0,2.102,1242050000.0,33771000.0,23568000.0,37920000.0,7.85,805141000.0
43,FLIR,MRQ,2010-06-30,2010-06-30,2010-06-30,2021-05-06,-33074000.0,1571408000.0,,899007000.0,672401000.0,,8.561,-7009000.0,284521000.0,284521000.0,147810000.0,59454000.0,4.513,0.188,0.0,0.0,0.0,0.0,17177000.0,13299000.0,0.0,0.0,0.0,91741000.0,105040000.0,0.317,105040000.0,91741000.0,90841000.0,0.38,0.37,0.38,1322611000.0,,1322611000.0,4057375813.0,11.0,10.069,35671000.0,0.231,1.0,183323000.0,0.554,327170000.0,900000.0,760510000.0,,243246000.0,0.0,0.0,0.0,248797000.0,199207000.0,49590000.0,4460699813.0,-177299000.0,-174695000.0,-28142000.0,-3000.0,0.0,-25557000.0,-181704000.0,0.0,42680000.0,-12718000.0,59454000.0,59454000.0,59454000.0,0.0,0.0,0.18,93508000.0,89815000.0,71349000.0,0.0,3.373,18.93,18.768,178159000.0,0.0,29.09,3.67,3.697,268470000.0,922652000.0,331133000.0,331133000.0,28309000.0,,,,,6788000.0,65199000.0,1.0,153341348.0,154495000.0,161643000.0,2.143,1244238000.0,24752000.0,31387000.0,14402000.0,8.054,699800000.0
44,FLIR,MRQ,2010-03-31,2010-03-31,2010-03-31,2021-05-06,-6518000.0,1530307000.0,,993617000.0,536690000.0,,8.199,-36850000.0,461820000.0,461820000.0,121944000.0,55895000.0,5.764,0.221,58496000.0,0.0,58496000.0,58496000.0,14981000.0,11766000.0,0.0,0.0,0.0,84650000.0,96416000.0,0.336,96416000.0,84650000.0,83426000.0,0.37,0.35,0.37,1253572000.0,,1253572000.0,3943997347.0,11.0,10.066,45361000.0,0.297,1.0,165354000.0,0.576,332083000.0,1224000.0,622524000.0,,223075000.0,0.0,0.0,0.0,276735000.0,172376000.0,104359000.0,4308022347.0,39773000.0,0.0,1203000.0,3000.0,0.0,1616000.0,-37850000.0,-1000000.0,82211000.0,-6204000.0,55895000.0,55895000.0,55895000.0,0.0,0.0,0.195,81011000.0,84343000.0,66226000.0,0.0,3.437,18.582,18.299,168269000.0,0.0,28.18,3.706,3.707,224400000.0,863198000.0,287298000.0,287298000.0,24803000.0,,,,,6134000.0,56208000.0,1.0,152875172.0,152899000.0,161604000.0,1.879,1198224000.0,18498000.0,27531000.0,11991000.0,7.837,821241000.0
45,FLIR,MRQ,2009-12-31,2009-12-31,2009-12-31,2021-05-06,7130000.0,1494544000.0,,980028000.0,514516000.0,,7.931,-7350000.0,422047000.0,422047000.0,135511000.0,60254000.0,5.244,0.242,57991000.0,0.0,57991000.0,57991000.0,20986000.0,11523000.0,0.0,0.0,0.0,91661000.0,103184000.0,0.331,103184000.0,91661000.0,90522000.0,0.4,0.38,0.4,1203749000.0,,1203749000.0,4624715268.0,13.0,11.867,64998000.0,0.428,1.0,176049000.0,0.565,321511000.0,1139000.0,622091000.0,,216500000.0,0.0,0.0,0.0,290795000.0,186886000.0,103909000.0,4967835268.0,18727000.0,-60417000.0,9026000.0,23000.0,0.0,12343000.0,-63518000.0,4249000.0,72348000.0,-2446000.0,60254000.0,60254000.0,60254000.0,0.0,0.0,0.193,86108000.0,89941000.0,53319000.0,0.0,4.127,21.579,21.253,139112000.0,0.0,32.73,4.331,4.331,234974000.0,807303000.0,311560000.0,311560000.0,24366000.0,,,,,6315000.0,61742000.0,1.0,151782318.0,151782318.0,,2.053,1173033000.0,18553000.0,30268000.0,22276000.0,7.728,793142000.0
46,FLIR,MRQ,2009-09-30,2009-09-30,2009-09-30,2021-05-06,14672000.0,1396246000.0,,927985000.0,468261000.0,,7.448,-4793000.0,403320000.0,403320000.0,122736000.0,60035000.0,5.802,0.237,60200000.0,0.0,60200000.0,60200000.0,21879000.0,10680000.0,0.0,0.0,0.0,87655000.0,98335000.0,0.344,98335000.0,87655000.0,86417000.0,0.4,0.38,0.4,1128947000.0,,1128947000.0,3979433297.0,11.0,10.02,62558000.0,0.413,1.0,162817000.0,0.57,290171000.0,1238000.0,603016000.0,,221694000.0,0.0,0.0,0.0,267299000.0,159939000.0,107360000.0,4236928297.0,56918000.0,0.0,-19795000.0,-7000.0,0.0,-18192000.0,-3192000.0,1601000.0,67351000.0,10951000.0,60035000.0,60035000.0,60035000.0,0.0,0.0,0.21,73498000.0,89319000.0,55753000.0,0.0,3.753,18.034,17.265,138219000.0,0.0,27.97,3.724,3.726,209079000.0,747049000.0,285553000.0,285553000.0,21294000.0,,,,,6123000.0,52204000.0,1.0,151481169.0,151573000.0,160287000.0,1.884,1106075000.0,24985000.0,26382000.0,13821000.0,7.297,768046000.0
47,FLIR,MRQ,2009-06-30,2009-06-30,2009-06-30,2021-05-06,-8074000.0,1320840000.0,,863614000.0,457226000.0,,6.863,-16865000.0,346402000.0,346402000.0,116030000.0,55653000.0,5.508,0.283,88907000.0,21000.0,88886000.0,88907000.0,23951000.0,10298000.0,0.0,0.0,0.0,83569000.0,93867000.0,0.338,93867000.0,83569000.0,81842000.0,0.37,0.35,0.37,1029120000.0,,1029120000.0,3150466220.0,9.0,8.01,40868000.0,0.273,1.0,161948000.0,0.583,277778000.0,1727000.0,628761000.0,,219682000.0,0.0,0.0,0.0,291720000.0,156806000.0,134914000.0,3389555220.0,19137000.0,-13148000.0,-23322000.0,-11000.0,0.0,-21561000.0,-30013000.0,0.0,57733000.0,12978000.0,55653000.0,55653000.0,55653000.0,0.0,0.0,0.2,77287000.0,84661000.0,59136000.0,0.0,3.294,14.757,14.012,137984000.0,0.0,22.56,3.002,2.996,214594000.0,687015000.0,277978000.0,277978000.0,23232000.0,,,,,6339000.0,54055000.0,1.0,150246242.0,149948000.0,161354000.0,1.854,1043062000.0,21929000.0,26189000.0,11149000.0,6.956,706808000.0
48,FLIR,MRQ,2009-03-31,2009-03-31,2009-03-31,2021-05-06,-36070000.0,1268798000.0,,843822000.0,424976000.0,,6.706,-9974000.0,327265000.0,327265000.0,114281000.0,54272000.0,4.831,0.316,88176000.0,18000.0,88158000.0,88176000.0,25113000.0,9925000.0,0.0,0.0,0.0,84390000.0,94315000.0,0.347,94315000.0,84390000.0,81612000.0,0.38,0.35,0.38,964442000.0,,964442000.0,2804990225.0,8.0,7.383,64354000.0,0.447,1.0,157715000.0,0.58,273703000.0,2778000.0,581348000.0,,210524000.0,0.0,0.0,0.0,304356000.0,174658000.0,129698000.0,2904093225.0,37823000.0,0.0,-16753000.0,-5000.0,0.0,-16132000.0,-10974000.0,-1000000.0,74328000.0,-9399000.0,54272000.0,54272000.0,54272000.0,0.0,0.0,0.2,74349000.0,83366000.0,59399000.0,0.0,3.011,13.282,13.128,125135000.0,0.0,20.48,2.611,2.649,234402000.0,631362000.0,271996000.0,271996000.0,22409000.0,,,,,5178000.0,51940000.0,1.0,141801427.0,143819000.0,162578000.0,1.891,995095000.0,20398000.0,27340000.0,22057000.0,6.919,669164000.0
49,FLIR,MRQ,2008-12-31,2008-12-31,2008-12-31,2021-05-06,-15214000.0,1241077000.0,,812502000.0,428575000.0,,6.081,-6553000.0,289442000.0,289442000.0,128863000.0,64984000.0,4.716,0.469,182825000.0,0.0,182825000.0,182825000.0,27554000.0,11016000.0,0.0,0.0,0.0,99614000.0,110630000.0,0.366,110630000.0,99614000.0,96178000.0,0.47,0.41,0.47,844725000.0,,844725000.0,4265681646.0,14.0,12.188,81987000.0,0.59,1.0,173487000.0,0.574,281859000.0,3436000.0,680326000.0,,207487000.0,0.0,0.0,0.0,396352000.0,172275000.0,224077000.0,4262081646.0,83339000.0,541000.0,11423000.0,-986000.0,0.0,15015000.0,-5245000.0,767000.0,88540000.0,-14971000.0,64984000.0,64984000.0,64984000.0,0.0,0.0,0.215,85409000.0,88078000.0,47823000.0,0.0,5.046,21.215,21.159,122304000.0,0.0,30.68,3.957,3.957,239183000.0,577090000.0,302350000.0,302350000.0,21668000.0,,,,,5814000.0,63741000.0,1.0,138920523.0,138920523.0,,2.176,959218000.0,18783000.0,31194000.0,11680000.0,6.905,640227000.0
50,FLIR,MRQ,2008-09-30,2008-09-30,2008-09-30,2021-05-06,19142000.0,1187875000.0,,748950000.0,438925000.0,,5.515,-4962000.0,206103000.0,206103000.0,121478000.0,54779000.0,4.128,0.547,209703000.0,1131000.0,208572000.0,209703000.0,31471000.0,12883000.0,0.0,0.0,0.0,81606000.0,94489000.0,0.341,94489000.0,81606000.0,78133000.0,0.39,0.35,0.39,767796000.0,,767796000.0,5381009472.0,20.0,16.823,61403000.0,0.441,1.0,155262000.0,0.561,285749000.0,3473000.0,724288000.0,,215118000.0,0.0,0.0,0.0,420079000.0,181438000.0,238641000.0,5348232472.0,29101000.0,-111000.0,-19212000.0,-1178000.0,0.0,-16372000.0,-6074000.0,-1001000.0,66365000.0,-14818000.0,54779000.0,54779000.0,54779000.0,0.0,0.0,0.198,78612000.0,76650000.0,63286000.0,0.0,6.966,29.816,29.554,124929000.0,0.0,38.42,5.257,5.258,241652000.0,527443000.0,276740000.0,276740000.0,21639000.0,,,,,5370000.0,56973000.0,1.0,139204385.0,139211000.0,163124000.0,1.988,902126000.0,14493000.0,23354000.0,6763000.0,6.48,567512000.0
51,FLIR,MRQ,2008-06-30,2008-06-30,2008-06-30,2021-05-06,62944000.0,1180012000.0,,718361000.0,461651000.0,,5.542,-6075000.0,177002000.0,177002000.0,114364000.0,44617000.0,4.077,0.542,209779000.0,1418000.0,208361000.0,209779000.0,24071000.0,12173000.0,0.0,0.0,0.0,68310000.0,80483000.0,0.308,80483000.0,68310000.0,64676000.0,0.32,0.29,0.32,765096000.0,,765096000.0,5621712618.0,23.0,19.757,2171000.0,0.016,1.0,146614000.0,0.562,240762000.0,3634000.0,795810000.0,,213792000.0,0.0,0.0,0.0,414916000.0,176217000.0,238699000.0,5570851618.0,17915000.0,-11025000.0,21270000.0,-881000.0,0.0,32507000.0,-22169000.0,-5069000.0,8246000.0,-669000.0,44617000.0,44617000.0,44617000.0,0.0,0.0,0.171,81941000.0,64673000.0,67333000.0,0.0,7.281,34.957,34.675,129919000.0,0.0,40.57,5.98,6.012,230359000.0,471810000.0,260978000.0,260978000.0,23547000.0,,,,,5685000.0,58394000.0,1.0,137314558.0,138054000.0,162344000.0,1.89,939250000.0,13405000.0,20059000.0,6914000.0,6.803,542144000.0
52,FLIR,MRQ,2008-03-31,2008-03-31,2008-03-31,2021-05-06,61696000.0,1087440000.0,,643568000.0,443872000.0,,4.958,-10049000.0,159087000.0,159087000.0,106111000.0,36521000.0,3.756,0.601,209948000.0,1842000.0,208106000.0,209948000.0,22534000.0,9251000.0,0.0,0.0,0.0,55124000.0,64375000.0,0.272,64375000.0,55124000.0,51331000.0,0.27,0.24,0.27,679212000.0,,679212000.0,4153093076.0,19.0,16.451,45116000.0,0.329,1.0,130795000.0,0.552,228537000.0,3793000.0,738422000.0,,196264000.0,0.0,0.0,0.0,408228000.0,171342000.0,236886000.0,4129878076.0,-44594000.0,-68167000.0,-12157000.0,-19342000.0,0.0,-28537000.0,-80466000.0,-2250000.0,55165000.0,9244000.0,36521000.0,36521000.0,36521000.0,0.0,0.0,0.154,75689000.0,55106000.0,63444000.0,0.0,6.08,28.714,28.121,129586000.0,0.0,30.09,4.831,4.821,208804000.0,426367000.0,236906000.0,236906000.0,23110000.0,,,,,4105000.0,52579000.0,1.0,137250850.0,136992000.0,161488000.0,1.729,858903000.0,13252000.0,14810000.0,14328000.0,6.27,472226000.0
53,FLIR,MRQ,2007-12-31,2007-12-31,2007-12-31,2021-05-06,36734000.0,1024316000.0,,655507000.0,368809000.0,,4.59,-14899000.0,203681000.0,203681000.0,105395000.0,43458000.0,4.074,0.643,226896000.0,19007000.0,207889000.0,226896000.0,14371000.0,12637000.0,0.0,0.0,0.0,67880000.0,80517000.0,0.332,80517000.0,67880000.0,60120000.0,0.32,0.3,0.32,623275000.0,,623275000.0,4287610437.0,21.0,18.452,40128000.0,0.296,1.0,137239000.0,0.566,229049000.0,7760000.0,657581000.0,,179366000.0,0.0,0.0,0.0,401041000.0,160901000.0,240140000.0,4249874437.0,33738000.0,-39837000.0,10033000.0,18998000.0,0.0,33915000.0,-55810000.0,-1074000.0,55027000.0,606000.0,43458000.0,43458000.0,43458000.0,0.0,0.0,0.179,74375000.0,62864000.0,53990000.0,0.0,6.819,31.817,31.616,120873000.0,0.0,31.3,5.453,5.453,203371000.0,389033000.0,242634000.0,242634000.0,20835000.0,,,,,4365000.0,53540000.0,1.0,135778736.0,135778736.0,,1.787,795267000.0,13270000.0,16662000.0,9949000.0,5.857,494606000.0
54,FLIR,MRQ,2007-09-30,2007-09-30,2007-09-30,2021-05-06,36618000.0,932197000.0,,598501000.0,333696000.0,,4.118,-9427000.0,169943000.0,169943000.0,84081000.0,34765000.0,4.435,0.675,207679000.0,7000.0,207672000.0,207679000.0,19453000.0,6384000.0,0.0,0.0,0.0,52780000.0,59164000.0,0.31,59164000.0,52780000.0,50535000.0,0.26,0.22,0.26,556401000.0,,556401000.0,3808346921.0,20.0,17.944,21591000.0,0.16,1.0,107023000.0,0.56,199488000.0,2245000.0,635488000.0,,174352000.0,0.0,0.0,0.0,375796000.0,134957000.0,240839000.0,3730505921.0,18319000.0,0.0,6652000.0,-22001000.0,0.0,-10809000.0,-9874000.0,-447000.0,31018000.0,7984000.0,34765000.0,34765000.0,34765000.0,0.0,0.0,0.182,55200000.0,51823000.0,53302000.0,0.0,6.705,28.725,28.405,113885000.0,0.0,27.695,5.162,5.179,177834000.0,342436000.0,191104000.0,191104000.0,15692000.0,,,,,4020000.0,39508000.0,1.0,134699618.0,135130000.0,159535000.0,1.414,732709000.0,18284000.0,15770000.0,12344000.0,5.422,463544000.0
55,FLIR,MRQ,2007-06-30,2007-06-30,2007-06-30,2021-05-06,21612000.0,871040000.0,,548425000.0,322615000.0,,3.683,-11851000.0,151624000.0,151624000.0,85150000.0,29085000.0,3.886,0.772,229465000.0,22007000.0,207458000.0,229465000.0,17446000.0,6060000.0,0.0,0.0,0.0,42332000.0,48392000.0,0.263,48392000.0,42332000.0,39768000.0,0.22,0.19,0.22,491577000.0,,491577000.0,3148373944.0,18.0,16.227,-15936000.0,-0.119,1.0,99146000.0,0.538,200085000.0,2564000.0,607656000.0,,162951000.0,0.0,0.0,0.0,379463000.0,141140000.0,238323000.0,3066088944.0,-1839000.0,-2144000.0,16021000.0,-6502000.0,0.0,13577000.0,-13995000.0,0.0,-4085000.0,2664000.0,29085000.0,29085000.0,29085000.0,0.0,0.0,0.158,57983000.0,41163000.0,47100000.0,0.0,6.237,25.096,25.273,104148000.0,0.0,23.125,4.612,4.643,173556000.0,307671000.0,184296000.0,184296000.0,17915000.0,,,,,4083000.0,40068000.0,1.0,132587630.0,133484000.0,157825000.0,1.381,670955000.0,19377000.0,10683000.0,11095000.0,5.026,407285000.0
56,FLIR,MRQ,2007-03-31,2007-03-31,2007-03-31,2021-05-06,16741000.0,814631000.0,,502190000.0,312441000.0,,3.266,-7778000.0,153463000.0,153463000.0,71541000.0,26264000.0,3.455,0.888,235748000.0,28507000.0,207241000.0,235748000.0,15709000.0,5906000.0,0.0,0.0,0.0,38391000.0,44297000.0,0.275,44297000.0,38391000.0,35651000.0,0.2,0.18,0.2,431436000.0,,431436000.0,2477305748.0,15.0,13.58,26365000.0,0.2,1.0,89822000.0,0.557,198518000.0,2740000.0,553051000.0,,149561000.0,0.0,0.0,0.0,383195000.0,145347000.0,237848000.0,2363397748.0,14840000.0,0.0,6352000.0,-17002000.0,0.0,-9538000.0,-7778000.0,0.0,34143000.0,-1987000.0,26264000.0,26264000.0,26264000.0,0.0,0.0,0.163,53840000.0,35982000.0,45164000.0,0.0,5.478,20.641,20.982,95790000.0,0.0,17.835,3.818,3.806,153727000.0,278586000.0,161363000.0,161363000.0,18016000.0,,,,,2848000.0,35824000.0,1.0,132514592.0,132084000.0,156068000.0,1.222,616113000.0,18807000.0,9387000.0,12424000.0,4.665,356843000.0
57,FLIR,MRQ,2006-12-31,2006-12-31,2006-12-31,2021-05-06,20340000.0,798148000.0,,486470000.0,311678000.0,,3.042,-17870000.0,138623000.0,138623000.0,81456000.0,39756000.0,2.855,1.002,252531000.0,45507000.0,207024000.0,252531000.0,13709000.0,5568000.0,0.0,0.0,0.0,54811000.0,60379000.0,0.325,60379000.0,54811000.0,51998000.0,0.295,0.26,0.295,398752000.0,,398752000.0,2233339114.0,16.0,13.776,22554000.0,0.172,1.0,104443000.0,0.562,200719000.0,2813000.0,540964000.0,,135928000.0,0.0,0.0,0.0,399396000.0,170373000.0,229023000.0,2085895114.0,26253000.0,0.0,5574000.0,-7501000.0,0.0,-2977000.0,-17870000.0,0.0,40424000.0,6676000.0,39756000.0,39756000.0,39756000.0,0.0,0.0,0.214,49370000.0,55073000.0,40608000.0,0.0,5.231,20.674,21.507,92156000.0,0.0,15.915,3.628,3.628,167502000.0,252322000.0,185899000.0,185899000.0,16261000.0,,,,,3065000.0,33109000.0,1.0,131064726.0,131064726.0,,1.418,597429000.0,15076000.0,12242000.0,19723000.0,4.558,316097000.0
58,FLIR,MRQ,2006-09-30,2006-09-30,2006-09-30,2021-05-06,8098000.0,740372000.0,,435960000.0,304412000.0,,2.589,-5489000.0,112370000.0,112370000.0,57501000.0,27070000.0,2.698,1.119,259814000.0,53007000.0,206807000.0,259814000.0,11618000.0,5537000.0,0.0,0.0,0.0,35415000.0,40952000.0,0.307,40952000.0,35415000.0,33149000.0,0.2,0.18,0.2,349433000.0,,349433000.0,1927405565.0,14.0,12.522,15685000.0,0.116,1.0,75711000.0,0.568,201516000.0,2266000.0,524695000.0,,129262000.0,0.0,0.0,0.0,390939000.0,161605000.0,229334000.0,1864130565.0,-30951000.0,99000.0,-100606000.0,52998000.0,0.0,-46611000.0,-6366000.0,-976000.0,21174000.0,852000.0,27070000.0,27070000.0,27070000.0,0.0,0.0,0.203,41744000.0,33967000.0,34692000.0,0.0,5.335,19.564,19.681,76383000.0,0.0,13.58,3.418,3.361,133902000.0,224788000.0,133212000.0,133212000.0,13928000.0,,,,,2818000.0,27816000.0,1.0,137270292.0,134956000.0,158104000.0,0.987,538856000.0,30690000.0,6079000.0,20719000.0,3.993,274355000.0
59,FLIR,MRQ,2006-06-30,2006-06-30,2006-06-30,2021-05-06,8803000.0,749656000.0,,446802000.0,302854000.0,,3.037,-8344000.0,143321000.0,143321000.0,64639000.0,21411000.0,4.781,0.786,206596000.0,7000.0,206589000.0,206596000.0,11849000.0,5020000.0,0.0,0.0,0.0,31774000.0,36794000.0,0.266,36794000.0,31774000.0,29821000.0,0.155,0.14,0.155,419761000.0,,419761000.0,1662039997.0,13.0,11.578,11111000.0,0.08,1.0,73911000.0,0.533,203806000.0,1953000.0,515670000.0,,121903000.0,0.0,0.0,0.0,329895000.0,93455000.0,236440000.0,1582937997.0,16019000.0,-99000.0,-1417000.0,-27000.0,0.0,-343000.0,-8345000.0,98000.0,19455000.0,5252000.0,21411000.0,21411000.0,21411000.0,0.0,0.0,0.155,44862000.0,29049000.0,35559000.0,0.0,3.771,18.502,18.618,74629000.0,0.0,11.45,3.014,3.014,125894000.0,197718000.0,138550000.0,138550000.0,15166000.0,,,,,2871000.0,29696000.0,1.0,138247860.0,138218000.0,161602000.0,1.002,545850000.0,27345000.0,8410000.0,16456000.0,3.949,353347000.0
60,FLIR,MRQ,2006-03-31,2006-03-31,2006-03-31,2021-05-06,-2755000.0,708627000.0,,412437000.0,296190000.0,,2.769,-10733000.0,127302000.0,127302000.0,56491000.0,12659000.0,4.589,0.85,206404000.0,32000.0,206372000.0,206404000.0,9615000.0,4426000.0,0.0,0.0,0.0,19567000.0,23993000.0,0.204,23993000.0,19567000.0,17643000.0,0.09,0.085,0.09,383009000.0,,383009000.0,2061422756.0,16.0,14.242,23369000.0,0.169,1.0,60848000.0,0.519,204075000.0,1924000.0,493780000.0,,111256000.0,0.0,0.0,0.0,325618000.0,89874000.0,235744000.0,1962268756.0,20245000.0,0.0,-5985000.0,-26000.0,0.0,-5128000.0,-10848000.0,-115000.0,34102000.0,2119000.0,12659000.0,12659000.0,12659000.0,0.0,0.0,0.108,41982000.0,18866000.0,37204000.0,0.0,5.123,22.118,22.37,68174000.0,0.0,14.205,3.791,3.796,119083000.0,176307000.0,117339000.0,117339000.0,15229000.0,,,,,2099000.0,26753000.0,1.0,138139300.0,138326000.0,162622000.0,0.848,504552000.0,26756000.0,4984000.0,2394000.0,3.648,322563000.0
61,FLIR,MRQ,2005-12-31,2005-12-31,2005-12-31,2021-05-06,-6671000.0,689423000.0,,408997000.0,280426000.0,,2.573,-10859000.0,107057000.0,107057000.0,69586000.0,34142000.0,4.414,0.931,206211000.0,56000.0,206155000.0,206211000.0,10297000.0,4480000.0,0.0,0.0,0.0,47707000.0,52187000.0,0.334,52187000.0,47707000.0,45706000.0,0.245,0.215,0.245,356981000.0,,356981000.0,1621263079.0,12.0,11.125,5073000.0,0.037,1.0,86661000.0,0.555,204966000.0,2001000.0,490949000.0,,103837000.0,0.0,0.0,0.0,332442000.0,92662000.0,239780000.0,1549129079.0,-26827000.0,-13500000.0,-20484000.0,-27000.0,0.0,-20511000.0,-24359000.0,1000000.0,15932000.0,2111000.0,34142000.0,34142000.0,34142000.0,0.0,0.0,0.219,40510000.0,46151000.0,34477000.0,0.0,4.34,17.067,17.177,59479000.0,0.0,11.165,3.046,3.046,142782000.0,151426000.0,156247000.0,156247000.0,12512000.0,,,,,-979000.0,27998000.0,1.0,138748686.0,138748686.0,,1.126,484457000.0,22168000.0,11564000.0,19170000.0,3.492,316335000.0
62,FLIR,MRQ,2005-09-30,2005-09-30,2005-09-30,2021-05-06,-1138000.0,668151000.0,,381844000.0,286307000.0,,2.576,-5285000.0,133884000.0,133884000.0,52911000.0,17344000.0,4.449,0.859,206018000.0,81000.0,205937000.0,206018000.0,9561000.0,5191000.0,0.0,0.0,0.0,25392000.0,30583000.0,0.271,30583000.0,25392000.0,23438000.0,0.125,0.11,0.125,359510000.0,,359510000.0,2155652886.0,19.0,16.529,20734000.0,0.149,1.0,60120000.0,0.532,195375000.0,1954000.0,459075000.0,,103817000.0,0.0,0.0,0.0,308641000.0,85835000.0,222806000.0,2057808886.0,25902000.0,0.0,8579000.0,-26000.0,0.0,8553000.0,-6784000.0,-1499000.0,26019000.0,-1886000.0,17344000.0,17344000.0,17344000.0,0.0,0.0,0.153,33779000.0,26341000.0,33569000.0,0.0,5.724,25.776,25.713,51111000.0,0.0,14.785,4.148,4.16,111470000.0,129506000.0,113031000.0,113031000.0,11777000.0,,,,,5558000.0,22002000.0,1.0,139182204.0,139554000.0,164584000.0,0.81,472776000.0,33779000.0,6094000.0,5863000.0,3.388,296009000.0
63,FLIR,MRQ,2005-06-30,2005-06-30,2005-06-30,2021-05-06,-1322000.0,626197000.0,,348366000.0,277831000.0,,2.358,-3962000.0,107982000.0,107982000.0,59639000.0,24572000.0,4.586,0.91,205826000.0,106000.0,205720000.0,205826000.0,8250000.0,2802000.0,0.0,0.0,0.0,35178000.0,37980000.0,0.29,37980000.0,35178000.0,33206000.0,0.175,0.155,0.175,327845000.0,,327845000.0,2149720610.0,19.0,16.71,15155000.0,0.109,1.0,71327000.0,0.545,196873000.0,1972000.0,451204000.0,,100067000.0,0.0,0.0,0.0,298352000.0,75964000.0,222388000.0,2069700610.0,-17631000.0,-4157000.0,-21167000.0,-26000.0,0.0,-21193000.0,-8076000.0,43000.0,19117000.0,-7479000.0,24572000.0,24572000.0,24572000.0,0.0,0.0,0.188,39001000.0,32326000.0,32249000.0,0.0,6.313,26.095,25.948,47930000.0,0.0,14.92,4.192,4.201,109092000.0,112162000.0,130966000.0,130966000.0,13970000.0,,,,,1162000.0,25031000.0,1.0,138719880.0,139038000.0,163980000.0,0.942,429324000.0,28480000.0,8634000.0,2979000.0,3.088,272402000.0
64,FLIR,MRQ,2005-03-31,2005-03-31,2005-03-31,2021-05-06,12512000.0,644267000.0,,371970000.0,272297000.0,,2.423,-13680000.0,125613000.0,125613000.0,49731000.0,14707000.0,4.37,0.911,205633000.0,105000.0,205528000.0,205633000.0,11760000.0,3112000.0,0.0,0.0,0.0,21869000.0,24981000.0,0.231,24981000.0,21869000.0,19874000.0,0.105,0.095,0.105,337112000.0,,337112000.0,2194530940.0,20.0,18.032,-1609000.0,-0.012,1.0,58586000.0,0.541,195044000.0,1995000.0,444119000.0,,108279000.0,0.0,0.0,0.0,307155000.0,85124000.0,222031000.0,2109782940.0,4921000.0,0.0,11917000.0,-26000.0,0.0,11891000.0,-13724000.0,-44000.0,12071000.0,-5317000.0,14707000.0,14707000.0,14707000.0,0.0,0.0,0.136,37451000.0,21135000.0,32268000.0,0.0,6.258,29.033,28.318,45181000.0,0.0,15.15,4.376,4.371,106997000.0,87590000.0,108317000.0,108317000.0,13255000.0,,,,,5863000.0,24196000.0,1.0,139259600.0,139108000.0,165112000.0,0.779,449223000.0,27336000.0,5167000.0,2770000.0,3.229,286846000.0
65,FLIR,MRQ,2004-12-31,2004-12-31,2004-12-31,2021-05-06,21060000.0,630432000.0,,367418000.0,263014000.0,,2.29,-4023000.0,120692000.0,120692000.0,67991000.0,23211000.0,4.124,1.013,205440000.0,105000.0,205335000.0,205440000.0,7601000.0,3934000.0,0.0,0.0,0.0,32935000.0,36869000.0,0.257,36869000.0,32935000.0,30904000.0,0.17,0.15,0.17,313173000.0,,313173000.0,2291502965.0,21.0,18.87,10507000.0,0.077,1.0,75735000.0,0.527,196655000.0,2031000.0,429438000.0,,98258000.0,0.0,0.0,0.0,317259000.0,89087000.0,228172000.0,2181127965.0,25797000.0,0.0,6186000.0,-50000.0,0.0,6136000.0,-4066000.0,957000.0,14530000.0,9197000.0,23211000.0,23211000.0,23211000.0,0.0,0.0,0.161,42712000.0,33023000.0,32321000.0,0.0,6.965,30.875,30.376,34778000.0,0.0,15.947,4.519,4.519,116928000.0,72883000.0,143726000.0,143726000.0,13090000.0,,,,,12000.0,29622000.0,1.0,136769272.0,136769272.0,,1.051,433777000.0,32661000.0,7693000.0,15943000.0,3.172,278331000.0
66,FLIR,MRQ,2004-09-30,2004-09-30,2004-09-30,2021-05-06,7641000.0,563622000.0,,317173000.0,246449000.0,,1.952,-2645000.0,94895000.0,94895000.0,51789000.0,16824000.0,3.817,1.138,205270000.0,128000.0,205142000.0,205270000.0,5713000.0,3587000.0,0.0,0.0,0.0,25230000.0,28817000.0,0.26,28817000.0,25230000.0,23276000.0,0.125,0.11,0.125,263621000.0,,263621000.0,2113000017.0,22.0,19.485,18895000.0,0.14,1.0,58980000.0,0.532,197999000.0,1954000.0,392897000.0,,94041000.0,0.0,0.0,0.0,300001000.0,83101000.0,216900000.0,1974925017.0,27892000.0,0.0,6117000.0,-26000.0,0.0,6091000.0,-3744000.0,-1099000.0,21540000.0,4005000.0,16824000.0,16824000.0,16824000.0,0.0,0.0,0.152,33321000.0,25659000.0,33931000.0,0.0,7.492,31.651,31.25,32462000.0,0.0,14.625,4.526,4.526,92569000.0,48821000.0,110769000.0,110769000.0,11324000.0,,,,,8107000.0,21997000.0,1.0,135037608.0,135037608.0,,0.82,365623000.0,19358000.0,6452000.0,0.0,2.708,234072000.0
67,FLIR,MRQ,2004-06-30,2004-06-30,2004-06-30,2021-05-06,5127000.0,519502000.0,,272762000.0,246740000.0,,1.71,-3961000.0,67003000.0,67003000.0,58271000.0,17926000.0,3.728,1.258,205078000.0,128000.0,204950000.0,205078000.0,5075000.0,3596000.0,0.0,0.0,0.0,27438000.0,31034000.0,0.26,31034000.0,27438000.0,25432000.0,0.135,0.12,0.135,230058000.0,,230058000.0,1998406507.0,23.0,20.177,15543000.0,0.116,1.0,61024000.0,0.512,199466000.0,2006000.0,384949000.0,,86915000.0,0.0,0.0,0.0,289444000.0,73162000.0,216282000.0,1846044507.0,11019000.0,-16000.0,367000.0,-3491000.0,0.0,-3124000.0,-5273000.0,-1296000.0,19504000.0,-88000.0,17926000.0,17926000.0,17926000.0,0.0,0.0,0.15,33810000.0,27214000.0,29083000.0,0.0,8.024,32.71,32.294,31887000.0,0.0,13.725,4.664,4.664,89056000.0,31997000.0,119295000.0,119295000.0,10784000.0,,,,,3904000.0,23026000.0,1.0,134502332.0,134502332.0,,0.887,320036000.0,16408000.0,7506000.0,194000.0,2.379,199600000.0
68,FLIR,MRQ,2004-03-31,2004-03-31,2004-03-31,2021-05-06,5204000.0,503643000.0,,259573000.0,244070000.0,,1.569,-2804000.0,55984000.0,55984000.0,55441000.0,12683000.0,3.341,1.422,208346000.0,1356000.0,206990000.0,208346000.0,5294000.0,3687000.0,0.0,0.0,0.0,21030000.0,24717000.0,0.227,24717000.0,21030000.0,18929000.0,0.095,0.085,0.095,207939000.0,,207939000.0,1269227940.0,17.0,15.023,16672000.0,0.126,1.0,53420000.0,0.491,199951000.0,2101000.0,378356000.0,,87619000.0,0.0,0.0,0.0,295704000.0,77698000.0,218006000.0,1262851940.0,-142009000.0,-159945000.0,2455000.0,-200000.0,0.0,2255000.0,-162070000.0,679000.0,19476000.0,-1670000.0,12683000.0,12683000.0,12683000.0,0.0,0.0,0.117,31558000.0,21862000.0,30032000.0,0.0,6.073,26.186,22.163,29728000.0,0.0,9.53,3.591,3.591,84584000.0,14071000.0,108861000.0,108861000.0,10598000.0,,,,,6327000.0,20960000.0,1.0,132513320.0,132513320.0,,0.822,303692000.0,18402000.0,6246000.0,0.0,2.292,181875000.0
69,FLIR,MRQ,2003-12-31,2003-12-31,2003-12-31,2021-05-06,7300000.0,450423000.0,,382113000.0,68310000.0,,1.253,-12613000.0,197993000.0,197993000.0,46044000.0,14963000.0,5.433,1.732,204369000.0,0.0,204369000.0,204369000.0,4540000.0,1748000.0,0.0,0.0,0.0,22126000.0,23874000.0,0.245,23874000.0,22126000.0,20127000.0,0.113,0.1,0.113,164842000.0,,164842000.0,1201372994.0,17.0,16.025,-7645000.0,-0.058,1.0,51370000.0,0.527,16536000.0,1999000.0,369926000.0,,75959000.0,0.0,0.0,0.0,285581000.0,70337000.0,215244000.0,1200137994.0,-4924000.0,0.0,-306000.0,0.0,0.0,-306000.0,-13179000.0,-566000.0,4968000.0,3593000.0,14963000.0,14963000.0,14963000.0,0.0,0.0,0.154,28542000.0,22828000.0,26427000.0,0.0,7.281,26.853,27.652,22758000.0,0.0,9.125,3.847,3.847,79332000.0,1388000.0,97414000.0,97414000.0,9027000.0,,,,,1460000.0,19515000.0,1.0,131521972.0,131521972.0,,0.741,433887000.0,29978000.0,5164000.0,2742000.0,3.299,311776000.0
70,FLIR,MRQ,2003-09-30,2003-09-30,2003-09-30,2021-05-06,2554000.0,424509000.0,,363455000.0,61054000.0,,1.087,-577000.0,202917000.0,202917000.0,31241000.0,10865000.0,5.53,1.948,204152000.0,0.0,204152000.0,204152000.0,4476000.0,1616000.0,0.0,0.0,0.0,17804000.0,19420000.0,0.277,19420000.0,17804000.0,15564000.0,0.083,0.08,0.083,143979000.0,,143979000.0,841538809.0,14.0,12.366,11430000.0,0.086,1.0,38991000.0,0.555,16559000.0,2240000.0,343460000.0,,67702000.0,0.0,0.0,0.0,280530000.0,65725000.0,214805000.0,841780809.0,-1290000.0,0.0,-12740000.0,-35000.0,0.0,-12775000.0,-2062000.0,-485000.0,12007000.0,1540000.0,10865000.0,10865000.0,10865000.0,0.0,0.0,0.155,21222000.0,17769000.0,23699000.0,0.0,5.847,19.846,16.593,11644000.0,0.0,6.355,2.908,2.908,64892000.0,-13575000.0,70232000.0,70232000.0,6255000.0,,,,,169000.0,14967000.0,1.0,132459608.0,132459608.0,,0.53,407950000.0,34864000.0,4699000.0,4347000.0,3.08,297730000.0
71,FLIR,MRQ,2003-06-30,2003-06-30,2003-06-30,2021-05-06,139000.0,413221000.0,,352724000.0,60497000.0,,1.032,-589000.0,204207000.0,204207000.0,36041000.0,9715000.0,6.297,1.884,203965000.0,0.0,203965000.0,203965000.0,4989000.0,1442000.0,0.0,0.0,0.0,15030000.0,16472000.0,0.219,16472000.0,15030000.0,14500000.0,0.14,0.135,0.14,143270000.0,,143270000.0,996856221.0,17.0,15.771,2920000.0,0.021,1.0,39121000.0,0.52,16589000.0,530000.0,340378000.0,,55272000.0,0.0,0.0,0.0,269951000.0,56012000.0,213939000.0,1044943221.0,156120000.0,0.0,-50924000.0,203894000.0,0.0,152970000.0,-589000.0,0.0,3509000.0,230000.0,9715000.0,9715000.0,9715000.0,0.0,0.0,0.129,23534000.0,15587000.0,18817000.0,0.0,7.294,24.762,19.809,12027000.0,0.0,7.527,3.683,3.683,65857000.0,-24440000.0,75162000.0,75162000.0,7785000.0,,,,,3488000.0,15749000.0,1.0,138816768.0,138816768.0,,0.541,396632000.0,34864000.0,4785000.0,945000.0,2.857,296712000.0
72,FLIR,MRQ,2003-03-31,2003-03-31,2003-03-31,2021-05-06,-1940000.0,243866000.0,,183108000.0,60758000.0,,1.293,-819000.0,48087000.0,48087000.0,33128000.0,9150000.0,3.295,0.363,0.0,0.0,0.0,0.0,4481000.0,1456000.0,0.0,0.0,0.0,13917000.0,15373000.0,0.222,15373000.0,13917000.0,13657000.0,0.065,0.062,0.065,178912000.0,,178912000.0,773587569.0,14.0,12.835,5922000.0,0.043,1.0,36043000.0,0.521,16602000.0,260000.0,123609000.0,,52864000.0,0.0,0.0,0.0,64954000.0,55568000.0,9386000.0,820193569.0,1481000.0,0.0,-3045000.0,0.0,0.0,-3045000.0,-2420000.0,0.0,6741000.0,205000.0,9150000.0,9150000.0,9150000.0,0.0,0.0,0.132,22233000.0,13810000.0,18893000.0,0.0,4.584,19.509,19.117,12261000.0,0.0,5.926,3.014,3.014,57748000.0,-34155000.0,69171000.0,69171000.0,7598000.0,,,,,0.0,14635000.0,1.0,138400096.0,138400096.0,,0.5,227264000.0,34864000.0,4507000.0,3154000.0,1.642,127540000.0
73,FLIR,MRQ,2002-12-31,2002-12-31,2002-12-31,2021-05-06,-2420000.0,233822000.0,,174105000.0,59717000.0,,1.27,-1097000.0,46606000.0,46606000.0,35852000.0,12685000.0,3.308,0.357,0.0,0.0,0.0,0.0,4770000.0,1638000.0,0.0,0.0,0.0,15152000.0,16790000.0,0.224,16790000.0,15152000.0,14923000.0,0.095,0.087,0.095,172327000.0,,172327000.0,800141621.0,16.0,14.006,15293000.0,0.113,1.0,39081000.0,0.522,16647000.0,229000.0,117943000.0,,50141000.0,0.0,0.0,0.0,61495000.0,52626000.0,8869000.0,827858621.0,18886000.0,0.0,3967000.0,-2000.0,0.0,3166000.0,-1616000.0,-519000.0,16390000.0,946000.0,12685000.0,12685000.0,12685000.0,0.0,0.0,0.169,23627000.0,15454000.0,16465000.0,0.0,4.804,19.92,19.677,12678000.0,0.0,6.1,3.171,3.171,55798000.0,-43305000.0,74933000.0,74933000.0,7133000.0,,,,,13229000.0,16494000.0,1.0,135714528.0,135714528.0,,0.552,217175000.0,34864000.0,2238000.0,2558000.0,1.6,121479000.0
74,FLIR,MRQ,2002-09-30,2002-09-30,2002-09-30,2021-05-06,-4435000.0,201387000.0,,153783000.0,47604000.0,,1.041,-812000.0,27720000.0,27720000.0,30632000.0,10650000.0,2.822,0.434,3000.0,3000.0,0.0,3000.0,5314000.0,1570000.0,0.0,0.0,0.0,13002000.0,14572000.0,0.226,14572000.0,13002000.0,12529000.0,0.08,0.075,0.08,140453000.0,,140453000.0,582964815.0,12.0,10.651,22188000.0,0.164,1.0,33823000.0,0.525,16676000.0,473000.0,102492000.0,,49533000.0,0.0,0.0,0.0,60934000.0,54502000.0,6432000.0,590159815.0,16714000.0,0.0,258000.0,-3754000.0,0.0,-5578000.0,-812000.0,0.0,23000000.0,104000.0,10650000.0,10650000.0,10650000.0,0.0,0.0,0.165,20922000.0,12901000.0,18929000.0,0.0,4.202,15.079,14.726,12879000.0,0.0,4.374,2.35,2.35,52613000.0,-55990000.0,64455000.0,64455000.0,6211000.0,,,,,0.0,14711000.0,1.0,134932224.0,134932224.0,,0.478,184711000.0,23921000.0,1879000.0,3165000.0,1.369,99281000.0
75,FLIR,MRQ,2002-06-30,2002-06-30,2002-06-30,2021-05-06,-4199000.0,188301000.0,,139956000.0,48345000.0,,0.96,-1714000.0,11006000.0,11006000.0,30777000.0,9557000.0,2.68,0.467,3811000.0,3811000.0,0.0,3811000.0,4895000.0,1469000.0,0.0,0.0,0.0,12069000.0,13538000.0,0.213,13538000.0,12069000.0,11244000.0,0.07,0.068,0.07,128368000.0,,128368000.0,697605433.0,16.0,13.654,226000.0,0.002,1.0,32818000.0,0.516,16803000.0,825000.0,112072000.0,,50642000.0,0.0,0.0,0.0,59933000.0,52231000.0,7702000.0,701731433.0,2735000.0,0.0,2707000.0,-336000.0,0.0,2371000.0,-1714000.0,0.0,1940000.0,138000.0,9557000.0,9557000.0,9557000.0,0.0,0.0,0.15,21222000.0,11596000.0,14525000.0,0.0,5.467,20.246,19.503,13698000.0,0.0,5.246,2.996,2.996,55486000.0,-66639000.0,63595000.0,63595000.0,6460000.0,,,,,0.0,14762000.0,1.0,133758672.0,133758672.0,,0.475,171498000.0,23921000.0,1687000.0,1544000.0,1.282,87725000.0
76,FLIR,MRQ,2002-03-31,2002-03-31,2002-03-31,2021-05-06,-4699000.0,180103000.0,,132972000.0,47131000.0,,0.868,-2976000.0,8271000.0,8271000.0,26799000.0,8668000.0,2.387,0.56,4145000.0,4145000.0,0.0,4145000.0,5017000.0,1524000.0,0.0,0.0,0.0,10515000.0,12039000.0,0.207,12039000.0,10515000.0,10197000.0,0.065,0.061,0.065,115429000.0,,115429000.0,802514860.0,20.0,16.717,10714000.0,0.081,1.0,31299000.0,0.539,16731000.0,318000.0,103532000.0,,52368000.0,0.0,0.0,0.0,64674000.0,55714000.0,8960000.0,794074860.0,-7243000.0,0.0,1821000.0,-19808000.0,0.0,-17987000.0,-2976000.0,0.0,13690000.0,30000.0,8668000.0,8668000.0,8668000.0,0.0,0.0,0.149,20908000.0,10391000.0,21995000.0,0.0,6.879,25.842,24.263,12530000.0,0.0,5.969,3.577,3.577,50894000.0,-76196000.0,58098000.0,58098000.0,7089000.0,,,,,0.0,13819000.0,1.0,133038720.0,133038720.0,,0.437,163372000.0,23921000.0,1529000.0,1812000.0,1.228,77258000.0
77,FLIR,MRQ,2001-12-31,2001-12-31,2001-12-31,2021-05-06,-4791000.0,185038000.0,,140421000.0,44617000.0,,0.858,110000.0,15514000.0,15514000.0,30123000.0,10263000.0,1.978,0.765,23954000.0,23954000.0,0.0,23954000.0,5314000.0,1712000.0,0.0,0.0,0.0,12874000.0,14586000.0,0.224,14586000.0,12874000.0,11331000.0,0.082,0.076,0.082,104848000.0,,104848000.0,632987650.0,16.0,13.734,-54000.0,0.0,1.0,34884000.0,0.537,16811000.0,1543000.0,105686000.0,,46560000.0,0.0,0.0,0.0,80190000.0,70981000.0,9209000.0,579470650.0,2431000.0,249000.0,44772000.0,-42646000.0,0.0,2126000.0,359000.0,0.0,-164000.0,110000.0,10263000.0,10263000.0,10263000.0,0.0,0.0,0.158,22446000.0,12438000.0,18428000.0,0.0,5.527,22.344,22.047,10806000.0,0.0,4.74,2.703,2.703,57965000.0,-84864000.0,65007000.0,65007000.0,8442000.0,,,,,0.0,14004000.0,1.0,122251192.0,122251192.0,,0.532,168227000.0,23921000.0,1068000.0,747000.0,1.376,69440000.0
78,FLIR,MRQ,2001-09-30,2001-09-30,2001-09-30,2021-05-06,-5360000.0,161996000.0,,118093000.0,43903000.0,,0.408,-928000.0,13083000.0,13083000.0,21537000.0,6173000.0,1.138,2.29,66600000.0,66600000.0,0.0,66600000.0,0.0,1846000.0,0.0,0.0,0.0,9084000.0,10930000.0,0.23,10930000.0,9084000.0,6238000.0,0.051,0.048,0.051,49244000.0,,49244000.0,684245746.0,20.0,16.247,7812000.0,0.065,1.0,25962000.0,0.547,17178000.0,2846000.0,94531000.0,,45929000.0,0.0,0.0,0.0,112752000.0,103804000.0,8948000.0,619386746.0,4982000.0,0.0,3251000.0,-6482000.0,0.0,-3231000.0,-928000.0,0.0,8740000.0,401000.0,6173000.0,6173000.0,6173000.0,0.0,0.0,0.13,17058000.0,8904000.0,10993000.0,0.0,12.578,33.945,33.089,13467000.0,0.0,5.129,2.998,2.998,41166000.0,-95127000.0,47499000.0,47499000.0,6053000.0,,,,,0.0,11005000.0,1.0,120767584.0,120767584.0,,0.393,144818000.0,23715000.0,65000.0,1156000.0,1.199,14289000.0
79,FLIR,MRQ,2001-06-30,2001-06-30,2001-06-30,2021-05-06,-5392000.0,151811000.0,,108214000.0,43597000.0,,0.337,-1636000.0,8101000.0,8101000.0,22700000.0,5624000.0,2.649,2.833,72960000.0,8054000.0,64906000.0,72960000.0,0.0,1832000.0,0.0,0.0,0.0,8620000.0,10452000.0,0.203,10452000.0,8620000.0,6616000.0,0.048,0.045,0.048,39604000.0,,39604000.0,442849358.0,32.0,20.177,8768000.0,0.075,1.0,28695000.0,0.558,16031000.0,2004000.0,159789000.0,,45731000.0,0.0,0.0,0.0,112207000.0,40850000.0,71357000.0,367593358.0,-913000.0,0.0,1837000.0,-11580000.0,0.0,-9743000.0,-1636000.0,0.0,10404000.0,62000.0,5624000.0,5624000.0,5624000.0,0.0,0.0,0.109,20125000.0,8570000.0,8568000.0,0.0,9.282,-60.509,-59.033,14959000.0,0.0,3.129,1.847,1.847,39301000.0,-101300000.0,51395000.0,51395000.0,6635000.0,,,,,0.0,13490000.0,1.0,117488888.0,117488888.0,,0.437,135780000.0,23715000.0,992000.0,892000.0,1.156,67364000.0
80,FLIR,MRQ,2001-03-31,2001-03-31,2001-03-31,2021-05-06,-5547000.0,154909000.0,,110730000.0,44179000.0,,0.276,-1788000.0,9014000.0,9014000.0,23181000.0,3874000.0,2.407,3.843,84270000.0,14364000.0,69906000.0,84270000.0,0.0,2110000.0,0.0,0.0,0.0,8012000.0,10122000.0,0.201,10122000.0,8012000.0,4558000.0,0.034,0.034,0.034,31988000.0,,31988000.0,211312955.0,156.0,20.049,6941000.0,0.06,1.0,27291000.0,0.541,16363000.0,3454000.0,167794000.0,,50058000.0,0.0,0.0,0.0,122921000.0,46008000.0,76913000.0,118257955.0,-2844000.0,0.0,196000.0,-9642000.0,0.0,-9446000.0,-1788000.0,0.0,8729000.0,-339000.0,3874000.0,3874000.0,3874000.0,0.0,0.0,0.077,19467000.0,7824000.0,9563000.0,0.0,3.697,-6.471,-6.535,15121000.0,0.0,1.02,0.591,0.591,36237000.0,-106924000.0,50472000.0,50472000.0,6105000.0,,,,,0.0,13362000.0,1.0,115996032.0,115996032.0,,0.435,138546000.0,23715000.0,684000.0,751000.0,1.194,64722000.0
81,FLIR,MRQ,2000-12-31,2000-12-31,2000-12-31,2021-05-06,-4440000.0,166991000.0,,124888000.0,42103000.0,,0.25,-1313000.0,11858000.0,11858000.0,27521000.0,2576000.0,2.212,4.753,94304000.0,18819000.0,75485000.0,94304000.0,1599000.0,1668000.0,0.0,0.0,0.0,8943000.0,10611000.0,0.185,10611000.0,8943000.0,5166000.0,0.022,0.022,0.022,29025000.0,,29025000.0,173715741.0,-17.0,-295.435,10331000.0,0.089,1.0,29686000.0,0.519,16635000.0,3777000.0,176333000.0,,55495000.0,0.0,0.0,0.0,137966000.0,56469000.0,81497000.0,80660741.0,6210000.0,0.0,268000.0,-4399000.0,0.0,-4131000.0,-1313000.0,0.0,11644000.0,10000.0,2576000.0,2576000.0,2576000.0,0.0,0.0,0.045,21004000.0,8682000.0,16247000.0,0.0,2.779,-3.096,-3.091,12857000.0,0.0,0.695,0.433,0.433,39663000.0,-110798000.0,57207000.0,57207000.0,5899000.0,,,,,0.0,15105000.0,1.0,115996032.0,115996032.0,,0.493,150356000.0,23715000.0,2590000.0,2217000.0,1.296,68419000.0
82,FLIR,MRQ,2000-09-30,2000-09-30,2000-09-30,2021-05-06,-5103000.0,165580000.0,,114111000.0,51469000.0,,0.22,-1667000.0,5648000.0,5648000.0,29214000.0,-18149000.0,0.844,5.488,99331000.0,97923000.0,1408000.0,99331000.0,0.0,2634000.0,0.0,0.0,0.0,-11871000.0,-9237000.0,-0.231,-9237000.0,-11871000.0,-15178000.0,-0.156,-0.156,-0.156,25519000.0,,25519000.0,178566480.0,-4.0,-5.429,-1153000.0,-0.01,1.0,10698000.0,0.268,16976000.0,3307000.0,107105000.0,,59607000.0,0.0,0.0,0.0,140061000.0,135182000.0,4879000.0,86874480.0,-979000.0,0.0,84000.0,384000.0,0.0,468000.0,-1667000.0,0.0,514000.0,-294000.0,-18149000.0,-18149000.0,-18149000.0,0.0,0.0,-0.455,22811000.0,-12113000.0,11647000.0,0.0,3.404,-1.478,-1.471,17129000.0,0.0,0.75,0.49,0.49,35893000.0,-113373000.0,39912000.0,39912000.0,6816000.0,,,,,0.0,15995000.0,1.0,115832640.0,115832640.0,,0.345,148604000.0,26597000.0,2971000.0,1758000.0,1.283,-21071000.0
83,FLIR,MRQ,2000-06-30,2000-06-30,2000-06-30,2021-05-06,-2647000.0,184408000.0,,130784000.0,53624000.0,,0.399,-1666000.0,6627000.0,6627000.0,29861000.0,-6575000.0,0.98,3.005,98412000.0,97252000.0,1160000.0,98412000.0,0.0,2773000.0,0.0,0.0,0.0,-3729000.0,-956000.0,-0.018,-956000.0,-3729000.0,-6575000.0,-0.056,-0.056,-0.056,46039000.0,,46039000.0,173361858.0,-6.0,-9.093,-3019000.0,-0.026,1.0,22699000.0,0.432,17316000.0,2846000.0,125427000.0,,67915000.0,0.0,0.0,0.0,138369000.0,133450000.0,4919000.0,93788858.0,-1803000.0,0.0,293000.0,971000.0,0.0,1264000.0,-1666000.0,0.0,-1353000.0,-48000.0,-6575000.0,-6575000.0,-6575000.0,0.0,0.0,-0.125,26361000.0,-3662000.0,12307000.0,0.0,2.037,-2.321,-2.302,19199000.0,0.0,0.812,0.513,0.513,42738000.0,-95225000.0,52560000.0,52560000.0,9514000.0,,,,,0.0,16847000.0,1.0,115432440.0,115432440.0,,0.455,167092000.0,26386000.0,0.0,1464000.0,1.448,-2666000.0
84,FLIR,MRQ,2000-03-31,2000-03-31,2000-03-31,2021-05-06,-2390000.0,198388000.0,,141792000.0,56596000.0,,0.458,-2633000.0,8430000.0,8430000.0,17520000.0,-3906000.0,1.008,2.773,97348000.0,96052000.0,1296000.0,97348000.0,0.0,2644000.0,0.0,0.0,0.0,-3650000.0,-1006000.0,-0.027,-1006000.0,-3650000.0,-5742000.0,-0.034,-0.034,-0.034,52578000.0,,52578000.0,198973970.0,-9.0,-16.194,-9528000.0,-0.083,1.0,19158000.0,0.522,17592000.0,2092000.0,129049000.0,,73075000.0,0.0,0.0,0.0,145810000.0,140665000.0,5145000.0,131855970.0,4175000.0,0.0,156000.0,13520000.0,0.0,13676000.0,-2633000.0,0.0,-6895000.0,27000.0,-3906000.0,-3906000.0,-3906000.0,0.0,0.0,-0.106,22890000.0,-3732000.0,15277000.0,0.0,2.508,-4.107,-4.088,20731000.0,0.0,1.149,0.748,0.748,45479000.0,-88650000.0,36678000.0,36678000.0,6921000.0,,,,,0.0,15969000.0,1.0,114782128.0,114782128.0,,0.32,180796000.0,26386000.0,-1836000.0,3179000.0,1.575,1127000.0
85,FLIR,MRQ,1999-12-31,1999-12-31,1999-12-31,2021-05-06,-2499000.0,196487000.0,,139373000.0,57114000.0,,0.49,151000.0,4255000.0,4255000.0,39849000.0,-30129000.0,1.033,2.495,83828000.0,82331000.0,1497000.0,83828000.0,0.0,3001000.0,0.0,0.0,0.0,-24691000.0,-21690000.0,-0.451,-21690000.0,-24691000.0,-28751000.0,-0.264,-0.264,-0.264,56219000.0,,56219000.0,300269198.0,-7.0,-8.742,-12718000.0,-0.111,1.0,8210000.0,0.171,17932000.0,4060000.0,123236000.0,,65074000.0,0.0,0.0,0.0,140268000.0,134892000.0,5376000.0,233151198.0,115000.0,0.0,338000.0,12570000.0,0.0,12908000.0,151000.0,0.0,-12869000.0,-75000.0,-30129000.0,-30129000.0,-30129000.0,0.0,0.0,-0.627,34751000.0,-26541000.0,22128000.0,0.0,4.147,-4.287,-4.258,20854000.0,0.0,2.031,1.306,1.306,56788000.0,-84744000.0,48059000.0,48059000.0,9276000.0,,,,,0.0,21326000.0,1.0,114782128.0,114782128.0,,0.419,178555000.0,23715000.0,1378000.0,3207000.0,1.556,4481000.0
86,FLIR,MRQ,1999-09-30,1999-09-30,1999-09-30,2021-05-06,-1298000.0,220434000.0,,156300000.0,64134000.0,,0.858,-3077000.0,4140000.0,4140000.0,21382000.0,193000.0,1.338,1.251,71258000.0,69556000.0,1702000.0,71258000.0,0.0,2267000.0,0.0,0.0,0.0,2319000.0,4586000.0,0.101,4586000.0,2319000.0,743000.0,0.001,0.001,0.001,97909000.0,,97909000.0,248796528.0,-9.0,-13.485,-3408000.0,-0.03,1.0,24187000.0,0.531,15387000.0,1576000.0,155349000.0,,68258000.0,0.0,0.0,0.0,122525000.0,116816000.0,5709000.0,184485528.0,-1296000.0,0.0,594000.0,1511000.0,0.0,2105000.0,-3077000.0,0.0,-331000.0,7000.0,193000.0,193000.0,193000.0,0.0,0.0,0.004,21868000.0,2319000.0,24236000.0,0.0,1.884,-6.226,-6.013,28229000.0,0.0,1.617,1.137,1.137,69231000.0,-43917000.0,45569000.0,45569000.0,6354000.0,,,,,0.0,14990000.0,1.0,114055968.0,114055968.0,,0.4,205047000.0,23716000.0,550000.0,5070000.0,1.798,39484000.0
87,FLIR,MRQ,1999-06-30,1999-06-30,1999-06-30,2021-05-06,-1811000.0,217863000.0,,154612000.0,63251000.0,,0.801,-3056000.0,5436000.0,5436000.0,22559000.0,1738000.0,1.261,1.404,69747000.0,68949000.0,798000.0,69747000.0,0.0,2737000.0,0.0,0.0,0.0,3086000.0,5823000.0,0.127,5823000.0,3086000.0,2105000.0,0.015,0.015,0.015,90623000.0,,90623000.0,277506263.0,-14.0,-23.624,-823000.0,-0.007,1.0,23331000.0,0.508,15763000.0,981000.0,143802000.0,,71972000.0,0.0,0.0,0.0,127240000.0,122609000.0,4631000.0,213785263.0,-1501000.0,0.0,152000.0,-911000.0,0.0,-759000.0,-3056000.0,0.0,2233000.0,81000.0,1738000.0,1738000.0,1738000.0,0.0,0.0,0.038,20449000.0,2882000.0,32509000.0,0.0,2.359,-8.873,-8.63,26989000.0,0.0,1.89,1.238,1.238,60181000.0,-50096000.0,45890000.0,45890000.0,6836000.0,,,,,0.0,12639000.0,1.0,113113896.0,113113896.0,,0.406,202100000.0,23716000.0,367000.0,4778000.0,1.787,32003000.0
88,FLIR,MRQ,1999-03-31,1999-03-31,1999-03-31,2021-05-06,-2297000.0,210774000.0,,145232000.0,65542000.0,,0.932,-1488000.0,6937000.0,6937000.0,39438000.0,-26183000.0,1.242,1.367,70658000.0,69776000.0,882000.0,70658000.0,0.0,1891000.0,0.0,0.0,0.0,-24957000.0,-23066000.0,-0.591,-23066000.0,-24957000.0,-26183000.0,-0.231,-0.231,-0.231,89055000.0,,89055000.0,251665664.0,-14.0,-26.716,-6590000.0,-0.069,1.0,-400000.0,-0.01,16117000.0,1226000.0,141473000.0,,64067000.0,0.0,0.0,0.0,121719000.0,116905000.0,4814000.0,216360664.0,2144000.0,0.0,68000.0,8724000.0,0.0,8792000.0,-1488000.0,0.0,-5102000.0,-58000.0,-26183000.0,-26183000.0,-26183000.0,0.0,0.0,-0.671,24575000.0,-24975000.0,19807000.0,0.0,2.43,-9.66,-11.439,26707000.0,0.0,2.265,1.228,1.228,62451000.0,-51026000.0,39038000.0,39038000.0,6977000.0,,,,,0.0,13944000.0,1.0,95523472.0,95523472.0,,0.409,194657000.0,23715000.0,0.0,4510000.0,2.038,28327000.0
89,FLIR,MRQ,1998-12-31,1998-12-31,1998-12-31,2021-05-06,-2073000.0,236511000.0,,173488000.0,63023000.0,,1.216,-3105000.0,4793000.0,4793000.0,18878000.0,-5379000.0,1.786,1.037,61934000.0,42638000.0,19296000.0,61934000.0,0.0,1944000.0,0.0,0.0,0.0,-7737000.0,-5793000.0,-0.183,-5793000.0,-7737000.0,-7361000.0,-0.054,-0.051,-0.054,116113000.0,,116113000.0,312920090.0,37.0,18.369,2291000.0,0.024,1.0,12862000.0,0.405,16424000.0,-376000.0,180086000.0,,71416000.0,0.0,0.0,0.0,120398000.0,97142000.0,23256000.0,277615090.0,322000.0,0.0,-1273000.0,-11000.0,0.0,410000.0,-5985000.0,0.0,5396000.0,501000.0,-5379000.0,-5379000.0,-5379000.0,0.0,0.0,-0.169,19884000.0,-7022000.0,24031000.0,0.0,2.391,77.33,83.036,26775000.0,0.0,2.906,1.566,1.566,84442000.0,-24124000.0,31740000.0,31740000.0,7106000.0,,,,,0.0,11469000.0,1.0,95523472.0,95523472.0,,0.332,220087000.0,22703000.0,-1982000.0,3893000.0,2.304,76346000.0
90,FLIR,MRQ,1998-09-30,1998-09-30,1998-09-30,2021-05-06,-2073000.0,235989000.0,,179144000.0,56845000.0,,1.586,-3239000.0,4793000.0,4793000.0,26705000.0,5731000.0,2.065,0.873,61934000.0,42638000.0,19296000.0,61934000.0,0.0,2154000.0,0.0,0.0,0.0,9135000.0,11289000.0,0.202,11289000.0,9135000.0,8270000.0,0.051,0.05,0.051,125982000.0,,125982000.0,173204911.0,-6.0,-9.444,-26908000.0,-0.339,1.0,29308000.0,0.523,16424000.0,865000.0,189955000.0,,70312000.0,0.0,0.0,0.0,110007000.0,86751000.0,23256000.0,131591911.0,351000.0,0.0,32804000.0,-5218000.0,0.0,27135000.0,-3239000.0,0.0,-23669000.0,124000.0,5731000.0,5731000.0,5731000.0,0.0,0.0,0.102,20423000.0,8885000.0,24031000.0,0.0,1.045,-5.438,-3.539,26775000.0,0.0,1.656,0.57,0.57,91202000.0,-14255000.0,56013000.0,56013000.0,6334000.0,,,,,0.0,14089000.0,1.0,79451720.0,79451720.0,,0.705,219565000.0,16525000.0,2539000.0,3893000.0,2.764,92393000.0
91,FLIR,MRQ,1998-06-30,1998-06-30,1998-06-30,2021-05-06,-1232000.0,159370000.0,,102806000.0,56564000.0,,1.005,-3831000.0,3137000.0,3137000.0,22199000.0,3433000.0,1.377,1.008,44750000.0,43401000.0,1349000.0,44750000.0,0.0,2391000.0,0.0,0.0,0.0,5759000.0,8150000.0,0.165,8150000.0,5759000.0,4561000.0,0.036,0.034,0.036,79380000.0,,79380000.0,203591596.0,-6.0,-8.092,-10051000.0,-0.127,1.0,27198000.0,0.551,13525000.0,1198000.0,112811000.0,,39502000.0,0.0,0.0,0.0,79990000.0,74647000.0,5343000.0,170346596.0,-2207000.0,0.0,670000.0,6742000.0,0.0,7450000.0,-3831000.0,0.0,-6220000.0,394000.0,3433000.0,3433000.0,3433000.0,0.0,0.0,0.069,21541000.0,5657000.0,22442000.0,0.0,2.146,-6.196,-4.647,21845000.0,0.0,2.156,0.857,0.857,56876000.0,-19286000.0,49397000.0,49397000.0,7025000.0,,,,,0.0,14516000.0,1.0,79001320.0,79001320.0,,0.625,145845000.0,16880000.0,1128000.0,1730000.0,1.846,28159000.0
92,FLIR,MRQ,1998-03-31,1998-03-31,1998-03-31,2021-05-06,-1471000.0,150979000.0,,95663000.0,55316000.0,,0.96,-3246000.0,5425000.0,5425000.0,19602000.0,-195000.0,1.371,0.994,38670000.0,37133000.0,1537000.0,38670000.0,0.0,1988000.0,0.0,0.0,0.0,1401000.0,3389000.0,0.085,3389000.0,1401000.0,-74000.0,-0.003,-0.003,-0.003,75716000.0,,75716000.0,227238330.0,-6.0,-7.519,-8515000.0,-0.108,1.0,20502000.0,0.511,14891000.0,1475000.0,99562000.0,,38542000.0,0.0,0.0,0.0,75263000.0,69771000.0,5492000.0,199612330.0,-1218000.0,0.0,475000.0,7081000.0,0.0,8512000.0,-3246000.0,0.0,-5269000.0,-1215000.0,-195000.0,-195000.0,-195000.0,0.0,0.0,-0.005,19464000.0,1038000.0,19684000.0,0.0,2.636,-6.772,-5.42,19712000.0,0.0,2.531,1.18,1.18,47567000.0,-22041000.0,40104000.0,40104000.0,6493000.0,,,,,0.0,12971000.0,1.0,78859192.0,78859192.0,,0.509,136088000.0,16880000.0,121000.0,842000.0,1.726,25892000.0
93,FLIR,MRQ,1997-12-31,1997-12-31,1997-12-31,2021-05-06,-411000.0,185278000.0,,135494000.0,49784000.0,,0.963,-7153000.0,7545000.0,7545000.0,59181000.0,-33166000.0,1.599,1.439,53340000.0,32706000.0,20634000.0,53340000.0,0.0,2126000.0,0.0,0.0,0.0,-43295000.0,-41169000.0,-0.483,-41169000.0,-43295000.0,-45983000.0,-0.552,-0.546,-0.552,75955000.0,,75955000.0,,,,-2871000.0,-0.036,1.0,26078000.0,0.306,15056000.0,2688000.0,131297000.0,,49014000.0,0.0,0.0,0.0,109323000.0,84720000.0,24603000.0,204541029.0,2989000.0,0.0,-1140000.0,4783000.0,0.0,5325000.0,-6348000.0,0.0,4282000.0,-270000.0,-33166000.0,-33166000.0,-33166000.0,0.0,0.0,-0.389,69861000.0,-43783000.0,27539000.0,0.0,2.693,-7.008,-5.626,20535000.0,0.0,2.594,1.411,1.411,66999000.0,-31031000.0,85259000.0,85259000.0,9075000.0,,,,,0.0,24336000.0,1.0,78859192.0,78859192.0,,1.081,170222000.0,18472000.0,-12817000.0,1440000.0,2.159,50774000.0
94,FLIR,MRQ,1997-09-30,1997-09-30,1997-09-30,2021-05-06,,,,,,,,-2383000.0,,,11130000.0,2437000.0,,,,,,,,769000.0,,0.0,0.0,3700000.0,4469000.0,0.187,4469000.0,3700000.0,3167000.0,0.055,0.051,0.055,,,,,,,-7726000.0,,1.0,12785000.0,0.535,,533000.0,,,,,,,,,,,1107000.0,0.0,326000.0,8573000.0,0.0,8899000.0,-2383000.0,0.0,-5343000.0,-66000.0,2437000.0,2437000.0,2437000.0,0.0,0.0,0.102,9117000.0,3668000.0,,0.0,,,,,0.0,2.485,,,,,23915000.0,23915000.0,3187000.0,,,,,0.0,5930000.0,1.0,,,,,,,730000.0,,,
95,FLIR,MRQ,1997-06-30,1997-06-30,1997-06-30,2021-05-06,,,,,,,,-1505000.0,,,8995000.0,1450000.0,,,,,,,,572000.0,,0.0,0.0,2517000.0,3089000.0,0.155,3089000.0,2517000.0,1957000.0,0.033,0.031,0.033,,,,,,,-1765000.0,,1.0,10944000.0,0.549,,560000.0,,,,,,,,,,,1162000.0,0.0,334000.0,2460000.0,0.0,2794000.0,-1505000.0,0.0,-260000.0,133000.0,1450000.0,1450000.0,1450000.0,0.0,0.0,0.073,8441000.0,2503000.0,,0.0,,,,,0.0,1.969,,,,,19939000.0,19939000.0,2569000.0,,,,,0.0,5872000.0,1.0,,,,,,,507000.0,,,
96,FLIR,MRQ,1997-03-31,1997-03-31,1997-03-31,2021-05-06,,,,,,,,-1567000.0,,,7529000.0,91000.0,,,,,,,,698000.0,,0.0,0.0,435000.0,1133000.0,0.072,1133000.0,435000.0,123000.0,0.003,0.003,0.003,,,,,,,-5651000.0,,1.0,8292000.0,0.524,,312000.0,,,,,,,,,,,-509000.0,0.0,480000.0,4667000.0,0.0,5147000.0,-1567000.0,0.0,-4084000.0,-5000.0,91000.0,91000.0,91000.0,0.0,0.0,0.006,7863000.0,429000.0,,0.0,,,,,0.0,2.031,,,,,15821000.0,15821000.0,2776000.0,,,,,0.0,5087000.0,1.0,,,,,,,32000.0,,,
97,FLIR,MRQ,1996-12-31,1996-12-31,1996-12-31,2021-05-06,-173000.0,75104000.0,,64150000.0,10954000.0,,,,775000.0,775000.0,,,3.214,0.503,12915000.0,7742000.0,5173000.0,12915000.0,0.0,,0.0,0.0,0.0,,,,,,,,,,49971000.0,,49971000.0,,,,,,1.0,,,799000.0,,66485000.0,,33513000.0,0.0,0.0,0.0,25133000.0,19960000.0,5173000.0,,,,,,,,,,,,,,,,,,,,7756000.0,,,,15.484,7137000.0,,1.719,,,28311000.0,8257000.0,,,,,,,,,,1.0,,,,,74305000.0,2200000.0,,1073000.0,,44190000.0
0,FLIR,MRT,2021-03-31,2021-03-31,2021-03-31,2021-05-06,-158308000.0,3228802000.0,3212839750.0,1223209000.0,2005593000.0,0.604,14.559,-58617000.0,277303000.0,277303000.0,1003236000.0,235967000.0,2.993,0.691,725811000.0,12945000.0,712866000.0,725811000.0,28568000.0,94376000.0,0.0,0.012,0.68,338210000.0,432586000.0,0.223,432586000.0,338210000.0,311816000.0,1.8,1.79,1.8,1909874000.0,1838203750.0,1909874000.0,7851631989.0,23.0,18.15,227184000.0,1.732,1.0,936843000.0,0.483,1584479000.0,26394000.0,1684143000.0,1624132000.0,457007000.0,0.0,0.0,0.0,1318928000.0,408688000.0,910240000.0,7411034989.0,-31312000.0,-26304000.0,-4707000.0,-143218000.0,-89135000.0,-248288000.0,-84921000.0,0.0,285801000.0,16096000.0,235967000.0,235967000.0,235967000.0,0.0,0.0,0.122,595634000.0,341209000.0,150541000.0,0.378,3.88,31.407,31.372,269269000.0,0.0,56.47,3.82,3.818,391331000.0,2033585000.0,1940079000.0,1940079000.0,208565000.0,0.073,0.128,0.208,0.174,41278000.0,376756000.0,1.0,131238445.0,131183000.0,,14.789,1644323000.0,35610000.0,75849000.0,131710000.0,12.535,814521000.0
1,FLIR,MRT,2020-12-31,2020-12-31,2020-12-31,2021-05-06,-157986000.0,3252348000.0,3186198500.0,1228239000.0,2024109000.0,0.604,14.361,-57151000.0,297795000.0,297795000.0,976676000.0,212584000.0,2.803,0.727,738392000.0,13473000.0,724919000.0,738392000.0,25862000.0,94740000.0,0.0,0.016,0.68,312244000.0,406984000.0,0.212,406984000.0,312244000.0,285004000.0,1.61,1.6,1.61,1883374000.0,1786880250.0,1883374000.0,6221031654.0,20.0,15.286,255212000.0,1.946,1.0,947013000.0,0.492,1604000000.0,27240000.0,1650807000.0,1578772000.0,472237000.0,0.0,0.0,0.0,1368974000.0,438138000.0,930836000.0,5748063654.0,13203000.0,-26304000.0,-154330000.0,32046000.0,-89544000.0,-223102000.0,-83455000.0,0.0,312363000.0,7397000.0,212584000.0,212584000.0,212584000.0,0.0,0.0,0.111,629771000.0,317242000.0,157592000.0,0.422,3.052,27.039,27.224,267682000.0,0.0,43.83,2.988,2.988,353561000.0,2017097000.0,1923689000.0,1923689000.0,210166000.0,0.067,0.119,0.198,0.162,39164000.0,389130000.0,1.0,131144505.0,131144505.0,,14.668,1648348000.0,36210000.0,72420000.0,132897000.0,12.569,790101000.0
2,FLIR,MRT,2020-09-30,2020-09-30,2020-09-30,2021-05-06,-176232000.0,3212912000.0,3157496750.0,1228686000.0,1984226000.0,0.598,13.795,-49896000.0,319995000.0,319995000.0,955544000.0,139028000.0,2.522,0.776,792963000.0,77743000.0,715220000.0,792963000.0,25802000.0,98312000.0,0.0,0.019,0.68,255460000.0,353772000.0,0.187,353772000.0,255460000.0,226923000.0,1.06,1.06,1.06,1808866000.0,1783895000.0,1808866000.0,5214494445.0,20.0,14.74,239840000.0,1.829,1.0,932852000.0,0.494,1561853000.0,28537000.0,1636788000.0,1542232000.0,474845000.0,0.0,0.0,0.0,1404046000.0,487239000.0,916807000.0,4700722445.0,24604000.0,-5726000.0,-135051000.0,25783000.0,-90139000.0,-211174000.0,-55622000.0,0.0,289736000.0,1664000.0,139028000.0,139028000.0,139028000.0,0.0,0.0,0.074,663917000.0,268935000.0,148026000.0,0.642,2.599,33.811,33.821,255457000.0,0.0,35.85,2.489,2.489,310989000.0,1964104000.0,1888396000.0,1888396000.0,210881000.0,0.044,0.078,0.166,0.135,39865000.0,419934000.0,1.0,131121965.0,131125000.0,,14.401,1651059000.0,37902000.0,87895000.0,147528000.0,12.591,741447000.0
3,FLIR,MRT,2020-06-30,2020-06-30,2020-06-30,2021-05-06,-185809000.0,3157297000.0,3153738750.0,1186276000.0,1971021000.0,0.6,13.381,-54255000.0,332958000.0,332958000.0,959545000.0,140412000.0,2.034,0.803,846730000.0,203465000.0,643265000.0,846730000.0,30319000.0,101967000.0,0.0,0.017,0.68,242974000.0,344941000.0,0.182,344941000.0,242974000.0,214128000.0,1.06,1.06,1.06,1750701000.0,1799091000.0,1750701000.0,5838855464.0,24.0,16.927,306831000.0,2.345,1.0,933685000.0,0.493,1563112000.0,28846000.0,1524790000.0,1522958750.0,433908000.0,0.0,0.0,0.0,1406596000.0,583167000.0,823429000.0,5308274464.0,64073000.0,-5197000.0,-206625000.0,78736000.0,-90636000.0,-230244000.0,-56060000.0,0.0,361086000.0,-10709000.0,140412000.0,140412000.0,140412000.0,0.0,0.0,0.074,676939000.0,256746000.0,147487000.0,0.642,3.032,37.805,38.274,255770000.0,0.0,40.57,2.804,2.804,304981000.0,1925732000.0,1893230000.0,1893230000.0,212833000.0,0.045,0.078,0.16,0.128,40298000.0,429131000.0,1.0,130842358.0,130831000.0,,14.471,1594185000.0,41393000.0,73716000.0,121921000.0,12.185,603109000.0
4,FLIR,MRT,2020-03-31,2020-03-31,2020-03-31,2021-05-06,-183477000.0,3122237000.0,3175586000.0,1130534000.0,1991703000.0,0.596,12.759,-48371000.0,308615000.0,308615000.0,978320000.0,125273000.0,1.918,0.832,839196000.0,202923000.0,636273000.0,839196000.0,30364000.0,110695000.0,0.0,0.021,0.68,219513000.0,330208000.0,0.174,330208000.0,219513000.0,190357000.0,0.93,0.93,0.93,1704580000.0,1839388500.0,1704580000.0,4680051537.0,21.0,14.173,317356000.0,2.375,1.0,914893000.0,0.483,1560781000.0,29156000.0,1502703000.0,1556701250.0,397526000.0,0.0,0.0,0.0,1417657000.0,589334000.0,828323000.0,4287780537.0,24252000.0,-28401000.0,-229844000.0,78755000.0,-91391000.0,-254443000.0,-73380000.0,0.0,365727000.0,-13652000.0,125273000.0,125273000.0,125273000.0,0.0,0.0,0.066,694220000.0,220673000.0,157971000.0,0.731,2.515,34.227,34.29,251421000.0,0.0,31.89,2.265,2.25,301998000.0,1886753000.0,1893213000.0,1893213000.0,209778000.0,0.039,0.068,0.141,0.116,36245000.0,454168000.0,1.0,134455332.0,133596000.0,,14.171,1561456000.0,39458000.0,65084000.0,102908000.0,11.688,541200000.0
5,FLIR,MRT,2019-12-31,2019-12-31,2019-12-31,2021-05-06,-165945000.0,3137541000.0,3196604000.0,1108734000.0,2028807000.0,0.59,13.95,-44794000.0,284592000.0,284592000.0,957640000.0,171597000.0,2.684,0.677,676863000.0,28444000.0,648419000.0,676863000.0,28587000.0,103132000.0,0.0,0.013,0.68,269627000.0,372759000.0,0.198,372759000.0,269627000.0,241916000.0,1.27,1.26,1.27,1871433000.0,1888917250.0,1871433000.0,7434443355.0,28.0,19.944,325578000.0,2.427,1.0,929386000.0,0.493,1612110000.0,27711000.0,1504647000.0,1584162750.0,388762000.0,0.0,0.0,0.0,1266108000.0,413055000.0,853053000.0,6985350355.0,-227552000.0,-612957000.0,-96580000.0,254830000.0,-91694000.0,54040000.0,-651386000.0,0.0,370372000.0,-578000.0,171597000.0,171597000.0,171597000.0,0.0,0.0,0.091,656126000.0,273260000.0,158033000.0,0.535,3.733,40.708,41.0,255905000.0,0.0,52.07,3.702,3.702,318652000.0,2020686000.0,1887026000.0,1887026000.0,203611000.0,0.054,0.091,0.17,0.143,36689000.0,442416000.0,1.0,134153070.0,134153070.0,,14.066,1525431000.0,39983000.0,70319000.0,123793000.0,11.371,695679000.0
6,FLIR,MRT,2019-09-30,2019-09-30,2019-09-30,2021-05-06,-173535000.0,3197880000.0,3107529250.0,1117182000.0,2080698000.0,0.594,13.876,-42142000.0,295391000.0,295391000.0,920745000.0,268429000.0,2.375,0.71,744484000.0,99604000.0,644880000.0,744484000.0,41631000.0,93136000.0,0.0,0.013,0.67,308554000.0,401690000.0,0.218,401690000.0,308554000.0,284123000.0,1.98,1.95,1.98,1869650000.0,1890255500.0,1869650000.0,7629989274.0,25.0,18.995,332997000.0,2.471,1.0,925700000.0,0.501,1616890000.0,24431000.0,1559695000.0,1538905000.0,397547000.0,0.0,0.0,0.0,1328230000.0,470388000.0,857842000.0,7131523274.0,-297944000.0,-627025000.0,-243029000.0,329420000.0,-90524000.0,-16680000.0,-644285000.0,15500000.0,375139000.0,-12118000.0,268429000.0,268429000.0,268429000.0,0.0,0.0,0.145,617067000.0,308633000.0,144284000.0,0.338,3.814,26.568,26.561,253338000.0,0.0,52.59,3.862,3.838,329552000.0,2041844000.0,1846445000.0,1846445000.0,192412000.0,0.086,0.142,0.201,0.167,36579000.0,414025000.0,1.0,135606071.0,134741000.0,,13.704,1580990000.0,101211000.0,15694000.0,113027000.0,11.734,646794000.0
7,FLIR,MRT,2019-06-30,2019-06-30,2019-06-30,2021-05-06,-153450000.0,3244686000.0,3022280500.0,1130722000.0,2113964000.0,0.599,14.108,-35119000.0,268885000.0,268885000.0,892068000.0,279533000.0,2.469,0.697,767351000.0,112493000.0,654858000.0,767351000.0,36601000.0,82322000.0,0.0,0.012,0.66,323306000.0,405628000.0,0.224,405628000.0,323306000.0,302415000.0,2.05,2.01,2.05,1911891000.0,1908148750.0,1911891000.0,7811262728.0,24.0,19.257,308995000.0,2.28,1.0,918027000.0,0.507,1625423000.0,20891000.0,1659760000.0,1474031500.0,394743000.0,0.0,0.0,0.0,1332795000.0,457969000.0,874826000.0,7326283728.0,-239057000.0,-635525000.0,-164161000.0,344959000.0,-89857000.0,75958000.0,-655154000.0,9500000.0,344114000.0,-3975000.0,279533000.0,279533000.0,279533000.0,0.0,0.0,0.154,595230000.0,322797000.0,132294000.0,0.322,3.832,26.209,26.39,251684000.0,0.0,54.1,4.047,4.05,356991000.0,2063985000.0,1810095000.0,1810095000.0,184609000.0,0.092,0.146,0.219,0.179,37048000.0,402157000.0,1.0,135421141.0,135519000.0,,13.357,1619263000.0,98330000.0,22882000.0,122609000.0,11.949,672753000.0
8,FLIR,MRT,2019-03-31,2019-03-31,2019-03-31,2021-05-06,-157339000.0,3206309000.0,2887377750.0,1127446000.0,2078863000.0,0.617,14.038,-32814000.0,284363000.0,284363000.0,863634000.0,304978000.0,2.453,0.685,769342000.0,112451000.0,656891000.0,769342000.0,30238000.0,66678000.0,0.0,0.014,0.65,344856000.0,411534000.0,0.231,411534000.0,344856000.0,327245000.0,2.23,2.18,2.23,1902695000.0,1878967500.0,1902695000.0,6355335945.0,18.0,15.443,353678000.0,2.609,1.0,917170000.0,0.515,1619091000.0,17611000.0,1612549000.0,1369979500.0,385316000.0,0.0,0.0,0.0,1303614000.0,459648000.0,843966000.0,6445531945.0,-167775000.0,-619750000.0,-138400000.0,348054000.0,-88922000.0,103337000.0,-637074000.0,9500000.0,386492000.0,-20530000.0,304978000.0,304978000.0,304978000.0,0.0,0.0,0.171,569444000.0,347726000.0,131422000.0,0.291,3.388,21.134,21.336,253678000.0,0.0,47.58,3.619,3.621,356693000.0,2058680000.0,1780804000.0,1780804000.0,178081000.0,0.106,0.162,0.252,0.194,36329000.0,385900000.0,1.0,135467254.0,135541000.0,,13.138,1587218000.0,97705000.0,22267000.0,100157000.0,11.71,667798000.0
9,FLIR,MRT,2018-12-31,2018-12-31,2018-12-31,2021-05-06,-149092000.0,2781242000.0,2761800500.0,1292647000.0,1488595000.0,0.643,13.566,-30773000.0,512144000.0,512144000.0,874463000.0,282425000.0,4.09,0.482,421948000.0,0.0,421948000.0,421948000.0,32703000.0,66462000.0,0.0,0.015,0.64,323250000.0,389712000.0,0.219,389712000.0,323250000.0,307103000.0,2.05,2.01,2.05,1876786000.0,1849848250.0,1876786000.0,5851970923.0,18.0,15.016,343384000.0,2.482,1.0,901223000.0,0.508,1051416000.0,16147000.0,1323616000.0,1283449250.0,352107000.0,0.0,0.0,0.0,904456000.0,316014000.0,588442000.0,6023673923.0,-6946000.0,-16344000.0,-214582000.0,0.0,-88123000.0,-318944000.0,-44100000.0,0.0,374157000.0,-18059000.0,282425000.0,282425000.0,282425000.0,0.0,0.0,0.159,568909000.0,332314000.0,95496000.0,0.312,3.21,21.328,21.239,247407000.0,0.0,43.54,3.392,3.392,323746000.0,2024523000.0,1775686000.0,1775686000.0,174962000.0,0.102,0.153,0.252,0.182,34170000.0,389093000.0,1.0,138348046.0,138348046.0,,12.835,1729826000.0,100620000.0,24678000.0,113217000.0,12.503,976633000.0
10,FLIR,MRT,2018-09-30,2018-09-30,2018-09-30,2021-05-06,-139656000.0,2856885000.0,2768996500.0,1354731000.0,1502154000.0,0.658,14.047,-30940000.0,593335000.0,593335000.0,911636000.0,133619000.0,4.208,0.472,421632000.0,0.0,421632000.0,421632000.0,30493000.0,66947000.0,0.0,0.01,0.63,314560000.0,381507000.0,0.209,381507000.0,314560000.0,298414000.0,0.96,0.95,0.96,1941223000.0,1839291250.0,1941223000.0,8397437152.0,27.0,22.011,343819000.0,2.488,1.0,910371000.0,0.5,1063038000.0,16146000.0,1300201000.0,1262231750.0,376542000.0,0.0,0.0,0.0,915662000.0,321943000.0,593719000.0,8484063152.0,156374000.0,3754000.0,-61763000.0,0.0,-87280000.0,-164948000.0,-41859000.0,-18359000.0,374759000.0,-11578000.0,133619000.0,133619000.0,133619000.0,0.0,0.0,0.073,566736000.0,343635000.0,95975000.0,0.656,4.37,63.494,64.031,250050000.0,0.0,61.47,4.656,4.662,291094000.0,2055139000.0,1822007000.0,1822007000.0,175820000.0,0.048,0.073,0.249,0.173,31235000.0,390291000.0,1.0,138019573.0,138190000.0,,13.185,1793847000.0,94440000.0,164795000.0,134963000.0,12.981,1032788000.0
11,FLIR,MRT,2018-06-30,2018-06-30,2018-06-30,2021-05-06,-144964000.0,2705075000.0,2746344000.0,1285834000.0,1419241000.0,0.674,13.032,-31917000.0,507942000.0,507942000.0,940633000.0,123997000.0,4.068,0.507,421316000.0,0.0,421316000.0,421316000.0,27299000.0,69057000.0,0.0,0.012,0.62,313452000.0,382509000.0,0.207,382509000.0,313452000.0,297529000.0,0.89,0.89,0.89,1795166000.0,1826365000.0,1795166000.0,7099889431.0,23.0,18.561,324425000.0,2.355,1.0,911188000.0,0.492,1058807000.0,15923000.0,1243552000.0,1253987000.0,384242000.0,0.0,0.0,0.0,909909000.0,316090000.0,593819000.0,7131027431.0,104351000.0,11725000.0,-31861000.0,-86250000.0,-85922000.0,-217879000.0,-28865000.0,-12359000.0,356342000.0,-5247000.0,123997000.0,123997000.0,123997000.0,0.0,0.0,0.067,569019000.0,342169000.0,106721000.0,0.697,3.972,57.51,58.393,252478000.0,0.0,51.97,3.851,3.866,304265000.0,1929742000.0,1851821000.0,1851821000.0,176696000.0,0.045,0.068,0.25,0.169,30564000.0,391698000.0,1.0,137214305.0,137749000.0,,13.443,1646268000.0,22574000.0,173532000.0,137545000.0,11.951,969744000.0
12,FLIR,MRT,2018-03-31,2018-03-31,2018-03-31,2021-05-06,-99423000.0,2704000000.0,2745951250.0,1269207000.0,1434793000.0,0.668,12.897,-35614000.0,452138000.0,452138000.0,947869000.0,103847000.0,3.909,0.514,421000000.0,0.0,421000000.0,421000000.0,25224000.0,70425000.0,0.0,0.012,0.61,294519000.0,364944000.0,0.199,364944000.0,294519000.0,278116000.0,0.75,0.75,0.75,1786218000.0,1822731250.0,1786218000.0,6848968447.0,23.0,18.767,240687000.0,1.738,1.0,885369000.0,0.483,1081721000.0,16403000.0,1266428000.0,1279641500.0,385906000.0,0.0,0.0,0.0,917782000.0,324713000.0,593069000.0,6947374447.0,54702000.0,18850000.0,-34220000.0,-90000000.0,-84381000.0,-217781000.0,-22578000.0,-9500000.0,276301000.0,18760000.0,103847000.0,103847000.0,103847000.0,0.0,0.0,0.057,565236000.0,320133000.0,110653000.0,0.813,3.889,66.9,66.68,260200000.0,0.0,50.01,3.79,3.778,329792000.0,1880277000.0,1833238000.0,1833238000.0,173313000.0,0.038,0.057,0.23,0.161,30703000.0,391298000.0,1.0,138919705.0,138504000.0,,13.236,1622279000.0,15924000.0,174269000.0,143689000.0,11.713,944494000.0
13,FLIR,MRT,2017-12-31,2017-12-31,2017-12-31,2021-05-06,-113360000.0,2810026000.0,2727550000.0,1387219000.0,1422807000.0,0.66,13.239,-42109000.0,519090000.0,519090000.0,941658000.0,107223000.0,3.513,0.532,420684000.0,0.0,420684000.0,420684000.0,25614000.0,71010000.0,0.0,0.013,0.6,295869000.0,366879000.0,0.204,366879000.0,295869000.0,279065000.0,0.78,0.77,0.78,1834558000.0,1806069000.0,1834558000.0,6443738789.0,22.0,17.564,266143000.0,1.921,1.0,858776000.0,0.477,1077941000.0,16804000.0,1238746000.0,1291031000.0,372183000.0,0.0,0.0,0.0,975468000.0,394933000.0,580535000.0,6460330789.0,157741000.0,0.0,58241000.0,-97500000.0,-82605000.0,-132612000.0,-38423000.0,0.0,308252000.0,20524000.0,107223000.0,107223000.0,107223000.0,0.0,0.0,0.06,545227000.0,313549000.0,106389000.0,0.769,3.521,60.251,59.769,263996000.0,0.0,46.62,3.588,3.588,346687000.0,1856756000.0,1800434000.0,1800434000.0,170735000.0,0.039,0.059,0.229,0.164,31018000.0,373867000.0,1.0,138574234.0,138574234.0,,12.993,1732085000.0,21001000.0,171842000.0,164115000.0,12.499,992286000.0
14,FLIR,MRT,2017-09-30,2017-09-30,2017-09-30,2021-05-06,-110474000.0,2766275000.0,2679970000.0,1282078000.0,1484197000.0,0.664,13.707,-40092000.0,436961000.0,436961000.0,944711000.0,219013000.0,3.484,0.464,420369000.0,0.0,420369000.0,420369000.0,29015000.0,69082000.0,0.0,0.015,0.57,306185000.0,375267000.0,0.211,375267000.0,306185000.0,288913000.0,1.61,1.58,1.61,1889518000.0,1767011000.0,1889518000.0,5440989061.0,18.0,14.499,266388000.0,1.932,1.0,835677000.0,0.469,1114523000.0,17272000.0,1267222000.0,1342269500.0,413005000.0,0.0,0.0,0.0,876757000.0,367938000.0,508819000.0,5338277061.0,-240727000.0,-376758000.0,48850000.0,-97766000.0,-78132000.0,-136779000.0,-413646000.0,2859000.0,306480000.0,3218000.0,219013000.0,219013000.0,219013000.0,0.0,0.0,0.123,530595000.0,305082000.0,127420000.0,0.354,2.825,24.374,24.168,270023000.0,0.0,38.91,2.998,3.013,345542000.0,1927875000.0,1780388000.0,1780388000.0,166112000.0,0.082,0.124,0.228,0.172,31289000.0,363052000.0,1.0,137195504.0,137849000.0,,12.915,1651752000.0,51179000.0,69900000.0,74798000.0,11.982,914140000.0
15,FLIR,MRT,2017-06-30,2017-06-30,2017-06-30,2021-05-06,-129970000.0,2703504000.0,2635374750.0,1224103000.0,1479401000.0,0.653,13.01,-38691000.0,403591000.0,403591000.0,916742000.0,214117000.0,3.501,0.518,506303000.0,15000000.0,491303000.0,506303000.0,31385000.0,64743000.0,0.0,0.016,0.54,298777000.0,363520000.0,0.211,363520000.0,298777000.0,279588000.0,1.58,1.55,1.58,1780631000.0,1707983000.0,1780631000.0,4841855735.0,16.0,13.319,252498000.0,1.845,1.0,804162000.0,0.467,1110422000.0,19189000.0,1346170000.0,1363974750.0,405328000.0,0.0,0.0,0.0,922873000.0,349624000.0,573249000.0,4729554735.0,-499588000.0,-376758000.0,-23850000.0,-267391000.0,-73843000.0,-374482000.0,-410134000.0,2859000.0,291189000.0,-6161000.0,214117000.0,214117000.0,214117000.0,0.0,0.0,0.124,505317000.0,298845000.0,113957000.0,0.342,2.656,22.089,21.937,272391000.0,0.0,34.66,2.748,2.757,332009000.0,1885109000.0,1720904000.0,1720904000.0,157078000.0,0.081,0.125,0.219,0.174,28270000.0,346808000.0,1.0,136455705.0,136865000.0,,12.574,1593082000.0,48821000.0,65471000.0,60366000.0,11.64,874479000.0
16,FLIR,MRT,2017-03-31,2017-03-31,2017-03-31,2021-05-06,-152563000.0,2630395000.0,2658236500.0,1176160000.0,1454235000.0,0.636,12.611,-39542000.0,397436000.0,397436000.0,908757000.0,208072000.0,3.447,0.53,509737000.0,15000000.0,494737000.0,509737000.0,33989000.0,60605000.0,0.0,0.014,0.51,294978000.0,355583000.0,0.21,355583000.0,294978000.0,275901000.0,1.53,1.51,1.53,1719569000.0,1674711250.0,1719569000.0,5102139068.0,17.0,14.349,309390000.0,2.269,1.0,780752000.0,0.462,1089535000.0,19077000.0,1311986000.0,1380699750.0,386058000.0,0.0,0.0,0.0,910826000.0,341175000.0,569651000.0,4946567068.0,-113177000.0,-419203000.0,-57078000.0,153375000.0,-69869000.0,18631000.0,-456289000.0,0.0,348932000.0,-24451000.0,208072000.0,208072000.0,208072000.0,0.0,0.0,0.123,483325000.0,297427000.0,110013000.0,0.333,2.877,23.773,23.712,272857000.0,0.0,36.28,2.928,2.928,308740000.0,1854253000.0,1689509000.0,1689509000.0,152240000.0,0.078,0.124,0.214,0.175,27955000.0,329654000.0,1.0,136344186.0,136359000.0,,12.39,1540860000.0,45321000.0,67829000.0,60630000.0,11.3,834985000.0
17,FLIR,MRT,2016-12-31,2016-12-31,2016-12-31,2021-05-06,-165951000.0,2619706000.0,2603940000.0,1164657000.0,1455049000.0,0.638,12.329,-35940000.0,361349000.0,361349000.0,895046000.0,166626000.0,3.22,0.561,516921000.0,15000000.0,501921000.0,516921000.0,34420000.0,57513000.0,0.0,0.013,0.48,294028000.0,351541000.0,0.211,351541000.0,294028000.0,275957000.0,1.22,1.2,1.22,1678326000.0,1661826250.0,1678326000.0,4765459805.0,16.0,13.556,283811000.0,2.085,1.0,767121000.0,0.462,969866000.0,18071000.0,1443700000.0,1298295750.0,371371000.0,0.0,0.0,0.0,941380000.0,361712000.0,579668000.0,4926541805.0,-111436000.0,-419203000.0,-54091000.0,157125000.0,-65920000.0,31136000.0,-447812000.0,0.0,319751000.0,-14511000.0,166626000.0,166626000.0,166626000.0,0.0,0.0,0.1,471403000.0,295718000.0,114225000.0,0.393,2.935,29.566,29.664,271785000.0,0.0,36.19,2.964,2.964,352020000.0,1832138000.0,1662167000.0,1662167000.0,147537000.0,0.064,0.1,0.226,0.177,27797000.0,322435000.0,1.0,136129920.0,136129920.0,,12.21,1649840000.0,45243000.0,109331000.0,62991000.0,12.12,802945000.0
18,FLIR,MRT,2016-09-30,2016-09-30,2016-09-30,2021-05-06,-134949000.0,2587894000.0,2550613500.0,1456140000.0,1131754000.0,0.637,12.072,-45800000.0,677688000.0,677688000.0,865378000.0,175330000.0,4.687,0.565,516606000.0,15000000.0,501606000.0,516606000.0,36553000.0,54926000.0,0.0,0.015,0.47,312403000.0,367329000.0,0.226,367329000.0,312403000.0,295463000.0,1.27,1.28,1.27,1653406000.0,1654623500.0,1653406000.0,4180161309.0,13.0,11.38,272753000.0,1.991,1.0,759698000.0,0.467,762121000.0,16940000.0,1354043000.0,1179644750.0,380225000.0,0.0,0.0,0.0,934488000.0,310648000.0,623840000.0,4313376309.0,152312000.0,-134705000.0,-87211000.0,153641000.0,-64770000.0,-15367000.0,-147870000.0,0.0,318553000.0,-3004000.0,175330000.0,175330000.0,175330000.0,0.0,0.0,0.108,462763000.0,296935000.0,109663000.0,0.37,2.609,24.601,24.74,267149000.0,0.0,31.42,2.654,2.648,309602000.0,1786994000.0,1625076000.0,1625076000.0,141119000.0,0.069,0.106,0.265,0.192,27552000.0,320283000.0,1.0,137281232.0,136963000.0,,11.865,1825773000.0,55194000.0,120133000.0,63241000.0,13.33,1145492000.0
19,FLIR,MRT,2016-06-30,2016-06-30,2016-06-30,2021-05-06,-127517000.0,2794951000.0,2492340750.0,1657822000.0,1137129000.0,0.643,11.951,-58357000.0,903179000.0,903179000.0,852715000.0,189769000.0,3.174,0.696,769964000.0,264924000.0,505040000.0,769964000.0,30738000.0,52701000.0,0.0,0.015,0.46,306305000.0,359006000.0,0.224,359006000.0,306305000.0,291431000.0,1.36,1.37,1.36,1647544000.0,1647486500.0,1647544000.0,4103903181.0,13.0,11.431,245025000.0,1.777,1.0,749061000.0,0.468,726310000.0,14874000.0,1413070000.0,1145442750.0,387393000.0,0.0,0.0,0.0,1147407000.0,522356000.0,625051000.0,4259707181.0,342989000.0,-134705000.0,-112110000.0,405766000.0,-63715000.0,213246000.0,-162538000.0,0.0,303382000.0,-11101000.0,189769000.0,189769000.0,189769000.0,0.0,0.0,0.118,456993000.0,292068000.0,101170000.0,0.338,2.585,22.447,22.757,271726000.0,0.0,30.95,2.659,2.664,279323000.0,1773688000.0,1601776000.0,1601776000.0,138480000.0,0.076,0.115,0.267,0.191,27191000.0,317152000.0,1.0,137631896.0,137861000.0,,11.619,2068641000.0,55578000.0,101662000.0,58707000.0,15.005,1135466000.0
20,FLIR,MRT,2016-03-31,2016-03-31,2016-03-31,2021-05-06,-102433000.0,2413209000.0,2388532000.0,1290230000.0,1122979000.0,0.667,12.131,-65087000.0,510613000.0,510613000.0,836668000.0,194901000.0,2.411,0.447,354809000.0,264809000.0,90000000.0,354809000.0,33360000.0,50984000.0,0.0,0.014,0.45,311898000.0,362882000.0,0.228,362882000.0,311898000.0,298026000.0,1.39,1.4,1.39,1668029000.0,1645219250.0,1668029000.0,4418194177.0,14.0,12.175,199357000.0,1.45,1.0,755354000.0,0.474,739886000.0,13872000.0,982370000.0,1094197500.0,398870000.0,0.0,0.0,0.0,745180000.0,535149000.0,210031000.0,4532535177.0,-37167000.0,-92260000.0,-101119000.0,-15000000.0,-62529000.0,-186501000.0,-126823000.0,0.0,264444000.0,11713000.0,194901000.0,194901000.0,194901000.0,0.0,0.0,0.122,457967000.0,297387000.0,106394000.0,0.324,2.717,23.256,23.705,275148000.0,0.0,32.95,2.847,2.846,298530000.0,1757885000.0,1592022000.0,1592022000.0,135398000.0,0.082,0.118,0.285,0.196,27079000.0,321208000.0,1.0,137557972.0,137496000.0,,11.579,1673323000.0,55877000.0,103125000.0,60643000.0,12.17,755081000.0
21,FLIR,MRT,2015-12-31,2015-12-31,2015-12-31,2021-05-06,-125126000.0,2406400000.0,2363319250.0,1287514000.0,1118886000.0,0.659,11.941,-68234000.0,472785000.0,472785000.0,803506000.0,241686000.0,2.2,0.459,358444000.0,264694000.0,93750000.0,358444000.0,31933000.0,49534000.0,0.0,0.016,0.44,319532000.0,369066000.0,0.237,369066000.0,319532000.0,305446000.0,1.73,1.72,1.73,1649515000.0,1624666500.0,1649515000.0,3714130012.0,12.0,10.064,225191000.0,1.63,1.0,753561000.0,0.484,737618000.0,14086000.0,969096000.0,1142802250.0,393092000.0,0.0,0.0,0.0,756885000.0,585345000.0,171540000.0,3877426012.0,-58589000.0,-92260000.0,-100694000.0,-15000000.0,-61399000.0,-184149000.0,-134845000.0,0.0,293425000.0,-33020000.0,241686000.0,241686000.0,241686000.0,0.0,0.0,0.155,447797000.0,305764000.0,139540000.0,0.254,2.351,16.043,16.225,272629000.0,0.0,28.07,2.49,2.49,326098000.0,1773267000.0,1557067000.0,1557067000.0,132892000.0,0.102,0.149,0.28,0.205,25748000.0,313544000.0,1.0,138134165.0,138134165.0,,11.272,1668782000.0,55429000.0,63760000.0,14281000.0,12.081,702169000.0
22,FLIR,MRT,2015-09-30,2015-09-30,2015-09-30,2021-05-06,-116556000.0,2354803000.0,2349047000.0,1346200000.0,1008603000.0,0.661,11.64,-70450000.0,525376000.0,525376000.0,792798000.0,244234000.0,4.289,0.449,362080000.0,15000000.0,347080000.0,362080000.0,27394000.0,49432000.0,0.0,0.015,0.43,297730000.0,347162000.0,0.223,347162000.0,297730000.0,283448000.0,1.74,1.72,1.74,1624858000.0,1614731000.0,1624858000.0,3731077632.0,13.0,10.747,189873000.0,1.36,1.0,760988000.0,0.49,660389000.0,14282000.0,1217235000.0,1199233000.0,387113000.0,0.0,0.0,0.0,729945000.0,313883000.0,416062000.0,3925552632.0,-39997000.0,-12000000.0,-121394000.0,-15000000.0,-60296000.0,-189010000.0,-70450000.0,0.0,260323000.0,-40860000.0,244234000.0,244234000.0,244234000.0,0.0,0.0,0.157,461301000.0,299687000.0,125739000.0,0.247,2.416,16.073,16.086,269724000.0,0.0,27.99,2.526,2.515,304270000.0,1740033000.0,1553786000.0,1553786000.0,137196000.0,0.104,0.151,0.248,0.192,26231000.0,323142000.0,1.0,140248397.0,139596000.0,,11.131,1694414000.0,59005000.0,39214000.0,12267000.0,12.138,1032317000.0
23,FLIR,MRT,2015-06-30,2015-06-30,2015-06-30,2021-05-06,-99284000.0,2379716000.0,2348919250.0,1372923000.0,1006793000.0,0.659,11.698,-66187000.0,560190000.0,560190000.0,782589000.0,224019000.0,4.424,0.452,365715000.0,15000000.0,350715000.0,365715000.0,29989000.0,51150000.0,0.0,0.014,0.42,297010000.0,348160000.0,0.225,348160000.0,297010000.0,282735000.0,1.59,1.57,1.59,1638475000.0,1613950000.0,1638475000.0,4140209847.0,14.0,11.892,153503000.0,1.096,1.0,764635000.0,0.494,666845000.0,14275000.0,1208089000.0,1189483250.0,360571000.0,0.0,0.0,0.0,741241000.0,310307000.0,430934000.0,4318638847.0,-41883000.0,0.0,-89413000.0,-15000000.0,-59042000.0,-154824000.0,-54187000.0,0.0,219690000.0,-52562000.0,224019000.0,224019000.0,224019000.0,0.0,0.0,0.145,470921000.0,293714000.0,121605000.0,0.264,2.636,19.278,19.384,260763000.0,0.0,30.82,2.791,2.79,327653000.0,1736357000.0,1547224000.0,1547224000.0,140018000.0,0.095,0.139,0.25,0.192,26523000.0,325880000.0,1.0,140124557.0,140063000.0,,11.047,1712871000.0,58655000.0,58716000.0,28869000.0,12.229,1062616000.0
24,FLIR,MRT,2015-03-31,2015-03-31,2015-03-31,2021-05-06,-129977000.0,2312358000.0,2354531500.0,1321426000.0,990932000.0,0.647,11.346,-64811000.0,547780000.0,547780000.0,765891000.0,218277000.0,4.486,0.458,369351000.0,15000000.0,354351000.0,369351000.0,27439000.0,53264000.0,0.0,0.013,0.41,287910000.0,341174000.0,0.224,341174000.0,287910000.0,273364000.0,1.55,1.52,1.55,1585818000.0,1617266500.0,1585818000.0,4214334944.0,15.0,12.352,176535000.0,1.263,1.0,757738000.0,0.497,662598000.0,14546000.0,1176789000.0,1176742750.0,340300000.0,0.0,0.0,0.0,726540000.0,294542000.0,431998000.0,4372722944.0,-36315000.0,0.0,-94353000.0,-15000000.0,-57805000.0,-158193000.0,-52811000.0,0.0,241346000.0,-66657000.0,218277000.0,218277000.0,218277000.0,0.0,0.0,0.143,475191000.0,282547000.0,106120000.0,0.265,2.757,20.033,20.181,249002000.0,0.0,31.28,2.87,2.869,311787000.0,1704319000.0,1523629000.0,1523629000.0,141199000.0,0.093,0.135,0.245,0.189,26789000.0,325422000.0,1.0,139792933.0,139768000.0,,10.901,1649760000.0,58672000.0,55087000.0,27026000.0,11.804,1026884000.0
25,FLIR,MRT,2014-12-31,2014-12-31,2014-12-31,2021-05-06,-63409000.0,2349311000.0,2368664000.0,1300328000.0,1048983000.0,0.646,11.426,-61262000.0,531374000.0,531374000.0,780281000.0,200261000.0,4.201,0.459,372986000.0,15000000.0,357986000.0,372986000.0,27878000.0,57245000.0,0.0,0.012,0.4,264122000.0,321367000.0,0.21,321367000.0,264122000.0,249529000.0,1.42,1.39,1.42,1609773000.0,1631819500.0,1609773000.0,4363479148.0,17.0,13.578,164982000.0,1.171,1.0,750373000.0,0.49,686547000.0,14593000.0,1194819000.0,1174574500.0,320605000.0,0.0,0.0,0.0,739538000.0,309557000.0,429981000.0,4552230148.0,-11102000.0,0.0,-91657000.0,-15000000.0,-56513000.0,-152027000.0,-49262000.0,0.0,226244000.0,-36057000.0,200261000.0,200261000.0,200261000.0,0.0,0.0,0.131,491129000.0,259244000.0,98173000.0,0.282,2.828,22.731,22.754,247094000.0,0.0,32.31,2.974,2.974,354658000.0,1671786000.0,1530654000.0,1530654000.0,142751000.0,0.085,0.123,0.225,0.173,30788000.0,331995000.0,1.0,140892298.0,140892298.0,,10.864,1662764000.0,54102000.0,49268000.0,24875000.0,11.802,990771000.0
26,FLIR,MRT,2014-09-30,2014-09-30,2014-09-30,2021-05-06,-31999000.0,2354292000.0,2367176000.0,1335175000.0,1019117000.0,0.632,11.466,-55992000.0,565373000.0,565373000.0,770880000.0,156244000.0,4.639,0.452,376622000.0,15000000.0,361622000.0,376622000.0,25831000.0,62096000.0,0.0,0.012,0.39,216623000.0,278719000.0,0.186,278719000.0,216623000.0,201893000.0,1.1,1.09,1.1,1621734000.0,1632721250.0,1621734000.0,4219974401.0,19.0,15.141,212582000.0,1.503,1.0,725727000.0,0.485,699479000.0,14730000.0,1178236000.0,1171369750.0,343300000.0,0.0,0.0,0.0,732558000.0,287826000.0,444732000.0,4441790401.0,73174000.0,12000000.0,-68788000.0,-15000000.0,-55119000.0,-130924000.0,-43992000.0,0.0,268574000.0,-20484000.0,156244000.0,156244000.0,156244000.0,0.0,0.0,0.104,516102000.0,209625000.0,90500000.0,0.355,2.739,28.429,28.491,237837000.0,0.0,31.34,2.968,2.962,298559000.0,1629524000.0,1496607000.0,1496607000.0,145080000.0,0.066,0.096,0.185,0.145,31156000.0,329770000.0,1.0,141729113.0,141433000.0,,10.582,1654813000.0,56820000.0,45649000.0,36270000.0,11.7,1047349000.0
27,FLIR,MRT,2014-06-30,2014-06-30,2014-06-30,2021-05-06,16472000.0,2402165000.0,2360072000.0,1362540000.0,1039625000.0,0.627,11.667,-54598000.0,602073000.0,602073000.0,765151000.0,149873000.0,4.545,0.454,380257000.0,15000000.0,365257000.0,380257000.0,24646000.0,63400000.0,0.0,0.011,0.38,206239000.0,269639000.0,0.182,269639000.0,206239000.0,191476000.0,1.06,1.04,1.06,1651741000.0,1628915500.0,1651741000.0,4718355212.0,23.0,17.499,233517000.0,1.649,1.0,714231000.0,0.483,723456000.0,14763000.0,1157127000.0,1188792500.0,350092000.0,0.0,0.0,0.0,750424000.0,299766000.0,450658000.0,4918558212.0,109640000.0,-14908000.0,-54517000.0,-15000000.0,-53740000.0,-116246000.0,-69506000.0,0.0,288115000.0,7277000.0,149873000.0,149873000.0,149873000.0,0.0,0.0,0.101,511076000.0,203155000.0,99996000.0,0.358,2.978,32.818,32.764,240023000.0,0.0,34.73,3.325,3.324,270086000.0,1590832000.0,1479382000.0,1479382000.0,144044000.0,0.064,0.092,0.173,0.139,31699000.0,329840000.0,1.0,141622753.0,141574000.0,,10.45,1678709000.0,57564000.0,41603000.0,35901000.0,11.857,1062774000.0
28,FLIR,MRT,2014-03-31,2014-03-31,2014-03-31,2021-05-06,23862000.0,2368888000.0,2331159750.0,1330200000.0,1038688000.0,0.643,11.665,-49003000.0,584095000.0,584095000.0,777777000.0,155273000.0,4.906,0.441,383892000.0,15000000.0,368892000.0,383892000.0,23951000.0,64395000.0,0.0,0.01,0.37,215904000.0,280299000.0,0.187,280299000.0,215904000.0,201003000.0,1.09,1.08,1.09,1644030000.0,1605252250.0,1644030000.0,4916674148.0,23.0,17.541,303828000.0,2.156,1.0,721554000.0,0.481,729408000.0,14901000.0,1168116000.0,1200245250.0,338894000.0,0.0,0.0,0.0,724858000.0,271161000.0,453697000.0,5071622148.0,338088000.0,-20073000.0,-39136000.0,135000000.0,-52383000.0,46188000.0,-69076000.0,0.0,352831000.0,8145000.0,155273000.0,155273000.0,155273000.0,0.0,0.0,0.104,507491000.0,214063000.0,91965000.0,0.339,3.085,32.663,33.028,232904000.0,0.0,36.0,3.383,3.384,270165000.0,1560234000.0,1499331000.0,1499331000.0,147338000.0,0.067,0.097,0.18,0.144,30883000.0,326508000.0,1.0,140878393.0,140932000.0,,10.639,1639480000.0,56739000.0,45730000.0,34977000.0,11.633,1059039000.0
29,FLIR,MRT,2013-12-31,2013-12-31,2013-12-31,2021-05-06,26000000.0,2343359000.0,2258531500.0,1309731000.0,1033628000.0,0.663,11.39,-52061000.0,542476000.0,542476000.0,759362000.0,177015000.0,4.737,0.452,387528000.0,15000000.0,372528000.0,387528000.0,28844000.0,62796000.0,0.0,0.012,0.36,243077000.0,305873000.0,0.204,305873000.0,243077000.0,228986000.0,1.24,1.22,1.24,1613380000.0,1575402500.0,1613380000.0,4162779380.0,17.0,13.61,302904000.0,2.138,1.0,737010000.0,0.493,729896000.0,14091000.0,1182000000.0,1196436500.0,344719000.0,0.0,0.0,0.0,729979000.0,276515000.0,453464000.0,4263815380.0,220737000.0,-20073000.0,-153428000.0,138750000.0,-51404000.0,-66113000.0,-72134000.0,0.0,354965000.0,4019000.0,177015000.0,177015000.0,177015000.0,0.0,0.0,0.118,496267000.0,240743000.0,85730000.0,0.29,2.643,24.087,24.274,234041000.0,0.0,30.1,2.849,2.849,286573000.0,1544425000.0,1496372000.0,1496372000.0,147696000.0,0.078,0.112,0.203,0.162,27823000.0,322739000.0,1.0,141654996.0,141654996.0,,10.563,1613463000.0,56272000.0,51971000.0,32914000.0,11.39,1033216000.0
30,FLIR,MRT,2013-09-30,2013-09-30,2013-09-30,2021-05-06,16220000.0,2325876000.0,2220355500.0,1279503000.0,1046373000.0,0.668,11.324,-55898000.0,492199000.0,492199000.0,726444000.0,225541000.0,5.081,0.448,391163000.0,15000000.0,376163000.0,391163000.0,30308000.0,59834000.0,0.0,0.011,0.34,303717000.0,363551000.0,0.245,363551000.0,303717000.0,290628000.0,1.56,1.53,1.56,1606511000.0,1572032750.0,1606511000.0,4363521000.0,14.0,12.003,306767000.0,2.162,1.0,755994000.0,0.51,725100000.0,13089000.0,1247927000.0,1184821250.0,376033000.0,0.0,0.0,0.0,719365000.0,251813000.0,467552000.0,4461155000.0,67710000.0,-125982000.0,-208200000.0,142500000.0,-49125000.0,-115144000.0,-181882000.0,-2000.0,362665000.0,2071000.0,225541000.0,225541000.0,225541000.0,916000.0,0.0,0.152,452976000.0,303018000.0,93861000.0,0.218,2.777,19.78,20.128,229844000.0,0.0,31.4,3.009,3.005,281611000.0,1528399000.0,1482438000.0,1482438000.0,142951000.0,0.102,0.143,0.256,0.205,26926000.0,308025000.0,1.0,142075000.0,141863000.0,,10.45,1600776000.0,63894000.0,65087000.0,41238000.0,11.284,1027690000.0
31,FLIR,MRT,2013-06-30,2013-06-30,2013-06-30,2021-05-06,-5959000.0,2286516000.0,2175390000.0,1268852000.0,1017664000.0,0.67,10.959,-54951000.0,492433000.0,492433000.0,700070000.0,234960000.0,4.791,0.468,394799000.0,15000000.0,379799000.0,394799000.0,26715000.0,59801000.0,0.0,0.012,0.32,312261000.0,372062000.0,0.255,372062000.0,312261000.0,299772000.0,1.6,1.58,1.6,1557088000.0,1571010750.0,1557088000.0,3829034246.0,12.0,10.291,301626000.0,2.123,1.0,756457000.0,0.519,721087000.0,12489000.0,1202938000.0,1152959750.0,364671000.0,0.0,0.0,0.0,729428000.0,264857000.0,464571000.0,3826607246.0,62662000.0,-111074000.0,-231397000.0,146250000.0,-46874000.0,-131812000.0,-166027000.0,-2000.0,356577000.0,3924000.0,234960000.0,234960000.0,234960000.0,960000.0,0.0,0.161,442741000.0,313716000.0,89797000.0,0.2,2.458,16.286,16.856,216855000.0,0.0,26.97,2.627,2.631,278265000.0,1494700000.0,1456527000.0,1456527000.0,139558000.0,0.108,0.15,0.271,0.214,26177000.0,301183000.0,1.0,141883843.0,142085000.0,,10.251,1565429000.0,62779000.0,64812000.0,45010000.0,11.018,1003995000.0
32,FLIR,MRT,2013-03-31,2013-03-31,2013-03-31,2021-05-06,-2957000.0,2078375000.0,2132462500.0,1073488000.0,1004887000.0,0.659,10.542,-57802000.0,246007000.0,246007000.0,669044000.0,225895000.0,4.993,0.363,248434000.0,0.0,248434000.0,248434000.0,29107000.0,59379000.0,0.0,0.012,0.3,301436000.0,360815000.0,0.257,360815000.0,301436000.0,289946000.0,1.52,1.5,1.52,1524631000.0,1572932500.0,1524631000.0,3697196145.0,12.0,10.247,240707000.0,1.664,1.0,736445000.0,0.524,712912000.0,11490000.0,1152881000.0,1120899250.0,389995000.0,0.0,0.0,0.0,553744000.0,215009000.0,338735000.0,3770616145.0,-202159000.0,-105909000.0,-285666000.0,0.0,-44772000.0,-329402000.0,-166713000.0,-3002000.0,298509000.0,-4553000.0,225895000.0,225895000.0,225895000.0,2272000.0,0.0,0.161,432280000.0,304165000.0,84040000.0,0.197,2.473,16.692,17.112,215412000.0,0.0,26.01,2.683,2.677,306081000.0,1457344000.0,1405489000.0,1405489000.0,137467000.0,0.106,0.144,0.269,0.214,26411000.0,292813000.0,1.0,144967941.0,144629000.0,,9.718,1365463000.0,63161000.0,64051000.0,30444000.0,9.441,858479000.0
33,FLIR,MRT,2012-12-31,2012-12-31,2012-12-31,2021-05-06,9541000.0,2190655000.0,2154422000.0,1165246000.0,1025409000.0,0.652,10.664,-58089000.0,321739000.0,321739000.0,670174000.0,222398000.0,4.824,0.369,248319000.0,0.0,248319000.0,248319000.0,29465000.0,59715000.0,0.0,0.013,0.28,300613000.0,360328000.0,0.256,360328000.0,300613000.0,288954000.0,1.47,1.45,1.47,1599901000.0,1595501500.0,1599901000.0,3171650293.0,11.0,8.802,227456000.0,1.516,1.0,735184000.0,0.523,740129000.0,11659000.0,1135539000.0,1106900750.0,379080000.0,0.0,0.0,0.0,590754000.0,241567000.0,349187000.0,3347934293.0,-119107000.0,-105909000.0,-202997000.0,0.0,-42450000.0,-244329000.0,-167000000.0,-3002000.0,285545000.0,6677000.0,222398000.0,222398000.0,222398000.0,2958000.0,0.0,0.158,431854000.0,303330000.0,94156000.0,0.19,2.093,15.054,15.181,211615000.0,0.0,22.316,2.382,2.382,335163000.0,1418814000.0,1405358000.0,1405358000.0,137354000.0,0.103,0.139,0.272,0.214,26250000.0,292500000.0,1.0,150025959.0,150025959.0,,9.367,1450526000.0,63183000.0,66556000.0,53826000.0,9.669,923679000.0
34,FLIR,MRT,2012-09-30,2012-09-30,2012-09-30,2021-05-06,3818000.0,2146014000.0,2144036750.0,1226182000.0,919832000.0,0.664,10.621,-50038000.0,424489000.0,424489000.0,672577000.0,221268000.0,6.09,0.339,248205000.0,0.0,248205000.0,248205000.0,19741000.0,61149000.0,0.0,0.014,0.27,311720000.0,372869000.0,0.262,372869000.0,311720000.0,299614000.0,1.44,1.43,1.44,1602423000.0,1590283500.0,1602423000.0,2835573631.0,9.0,7.605,238829000.0,1.583,1.0,751608000.0,0.528,647912000.0,12106000.0,1120481000.0,1087417250.0,360767000.0,0.0,0.0,0.0,543591000.0,201337000.0,342254000.0,3017254631.0,49990000.0,0.0,-151557000.0,0.0,-41371000.0,-191250000.0,-51047000.0,-1009000.0,288867000.0,3420000.0,221268000.0,221268000.0,221268000.0,2745000.0,0.0,0.155,438686000.0,312922000.0,77693000.0,0.188,1.883,13.636,13.872,200850000.0,0.0,19.975,2.119,2.116,283669000.0,1351983000.0,1424185000.0,1424185000.0,138594000.0,0.103,0.139,0.287,0.219,25601000.0,300092000.0,1.0,151051546.0,150878000.0,,9.439,1498102000.0,58845000.0,78346000.0,34410000.0,9.929,1024845000.0
35,FLIR,MRT,2012-06-30,2012-06-30,2012-06-30,2021-05-06,-18875000.0,2114806000.0,2133107750.0,1200929000.0,913877000.0,0.686,10.216,-49645000.0,429771000.0,429771000.0,683130000.0,230082000.0,5.762,0.352,248090000.0,0.0,248090000.0,248090000.0,23446000.0,63883000.0,0.0,0.013,0.26,325261000.0,389144000.0,0.266,389144000.0,325261000.0,314725000.0,1.48,1.46,1.48,1564775000.0,1576609500.0,1564775000.0,2806777002.0,9.0,7.213,238686000.0,1.558,1.0,780152000.0,0.533,650002000.0,10536000.0,1074696000.0,1084886000.0,350791000.0,0.0,0.0,0.0,550031000.0,208427000.0,341604000.0,3006967002.0,194149000.0,-24831000.0,-213988000.0,247708000.0,-40354000.0,-3784000.0,-75485000.0,-1009000.0,288331000.0,-14913000.0,230082000.0,230082000.0,230082000.0,2372000.0,0.0,0.157,456058000.0,324094000.0,79611000.0,0.176,1.922,13.069,13.176,193594000.0,0.0,19.5,2.055,2.041,268550000.0,1306613000.0,1463282000.0,1463282000.0,144189000.0,0.108,0.146,0.3,0.222,24441000.0,311869000.0,1.0,154203436.0,153172000.0,,9.553,1464804000.0,58880000.0,84643000.0,35432000.0,9.563,992502000.0
36,FLIR,MRT,2012-03-31,2012-03-31,2012-03-31,2021-05-06,5145000.0,2166213000.0,2087060000.0,1243324000.0,922889000.0,0.727,10.453,-50614000.0,448166000.0,448166000.0,701012000.0,218298000.0,5.988,0.341,247976000.0,0.0,247976000.0,247976000.0,26331000.0,72812000.0,0.0,0.01,0.25,309214000.0,382026000.0,0.252,382026000.0,309214000.0,301011000.0,1.39,1.37,1.39,1614907000.0,1589948250.0,1614907000.0,3705879852.0,12.0,9.701,179886000.0,1.164,1.0,815534000.0,0.538,661510000.0,8203000.0,1096887000.0,1017626750.0,351232000.0,0.0,0.0,0.0,551306000.0,207626000.0,343680000.0,3898864852.0,197937000.0,-27182000.0,-163734000.0,247708000.0,-39250000.0,48187000.0,-75805000.0,1991000.0,230500000.0,-4945000.0,218298000.0,218298000.0,218298000.0,1574000.0,0.0,0.144,510358000.0,305176000.0,77026000.0,0.18,2.414,17.86,18.209,191876000.0,0.0,25.31,2.571,2.578,298798000.0,1276221000.0,1516546000.0,1516546000.0,146160000.0,0.105,0.137,0.304,0.204,24164000.0,364198000.0,1.0,154044443.0,154485000.0,,9.817,1504703000.0,58848000.0,82713000.0,38688000.0,9.74,1035698000.0
37,FLIR,MRT,2011-12-31,2011-12-31,2011-12-31,2021-05-06,-11994000.0,2149114000.0,2028996500.0,1236080000.0,913034000.0,0.761,10.123,-41946000.0,440846000.0,440846000.0,714743000.0,221474000.0,5.243,0.361,247861000.0,0.0,247861000.0,247861000.0,28257000.0,77498000.0,0.0,0.01,0.24,315388000.0,392886000.0,0.254,392886000.0,315388000.0,309901000.0,1.4,1.38,1.4,1579029000.0,1586900500.0,1579029000.0,3783953652.0,12.0,9.631,201945000.0,1.295,1.0,829319000.0,0.537,662783000.0,5487000.0,1057605000.0,936915750.0,336051000.0,0.0,0.0,0.0,570085000.0,235741000.0,334344000.0,3910705652.0,247709000.0,-27182000.0,-138963000.0,247708000.0,-38037000.0,75445000.0,-67137000.0,1991000.0,243891000.0,-4490000.0,221474000.0,221474000.0,221474000.0,1178000.0,0.0,0.143,516124000.0,313195000.0,84190000.0,0.171,2.477,17.658,17.907,186269000.0,0.0,25.07,2.533,2.533,329581000.0,1238866000.0,1544062000.0,1544062000.0,147177000.0,0.109,0.14,0.337,0.204,24917000.0,368947000.0,1.0,155991450.0,155991450.0,,9.898,1486331000.0,59087000.0,88427000.0,36935000.0,9.528,1000339000.0
38,FLIR,MRT,2011-09-30,2011-09-30,2011-09-30,2021-05-06,103000.0,2102298000.0,1956056000.0,1180906000.0,921392000.0,0.806,9.755,-45844000.0,374499000.0,374499000.0,739684000.0,215165000.0,5.408,0.358,247747000.0,0.0,247747000.0,247747000.0,22135000.0,83039000.0,0.0,0.007,0.18,306837000.0,389876000.0,0.247,389876000.0,306837000.0,304114000.0,1.35,1.33,1.35,1547727000.0,1572780250.0,1547727000.0,3765637721.0,12.0,9.659,127157000.0,0.801,1.0,836676000.0,0.531,646825000.0,2723000.0,1110356000.0,861229500.0,327132000.0,0.0,0.0,0.0,554571000.0,218365000.0,336206000.0,4001259721.0,-5404000.0,-255207000.0,-99813000.0,247708000.0,-28686000.0,125520000.0,-301052000.0,-1000.0,173001000.0,-2873000.0,215165000.0,215165000.0,215165000.0,724000.0,0.0,0.136,532781000.0,303895000.0,82234000.0,0.133,2.585,18.596,18.556,184071000.0,0.0,25.05,2.538,2.521,320411000.0,1172086000.0,1576360000.0,1576360000.0,147261000.0,0.11,0.137,0.356,0.195,25878000.0,385520000.0,1.0,159730927.0,158665000.0,,9.935,1455473000.0,53488000.0,88949000.0,36634000.0,9.173,962541000.0
39,FLIR,MRT,2011-06-30,2011-06-30,2011-06-30,2021-05-06,33452000.0,1930615000.0,1863746500.0,1020084000.0,910531000.0,0.825,10.126,-40619000.0,235622000.0,235622000.0,720643000.0,213401000.0,4.531,0.193,0.0,0.0,0.0,0.0,20046000.0,79863000.0,0.0,0.004,0.12,307882000.0,387745000.0,0.252,387745000.0,307882000.0,306336000.0,1.34,1.32,1.34,1618130000.0,1545880250.0,1618130000.0,5132669187.0,17.0,13.237,171532000.0,1.073,1.0,816887000.0,0.531,664190000.0,1546000.0,805659000.0,745788750.0,322447000.0,0.0,0.0,0.0,312485000.0,225144000.0,87341000.0,5382898187.0,-48899000.0,-230377000.0,3163000.0,0.0,-19168000.0,-8935000.0,-266916000.0,4080000.0,212151000.0,14801000.0,213401000.0,213401000.0,213401000.0,1053000.0,0.0,0.139,512614000.0,304273000.0,88075000.0,0.09,3.327,25.224,25.157,186334000.0,0.0,33.71,3.501,3.503,328047000.0,1116885000.0,1537530000.0,1537530000.0,140593000.0,0.115,0.138,0.413,0.2,26529000.0,372021000.0,1.0,159682533.0,159796000.0,,9.622,1266425000.0,47041000.0,92935000.0,36159000.0,7.925,794940000.0
40,FLIR,MRT,2011-03-31,2011-03-31,2011-03-31,2021-05-06,31861000.0,1933959000.0,1773944750.0,1022440000.0,911519000.0,0.833,10.055,-33165000.0,250229000.0,250229000.0,682309000.0,243546000.0,4.287,0.207,0.0,0.0,0.0,0.0,19790000.0,69424000.0,0.0,0.002,0.06,356124000.0,425548000.0,0.288,425548000.0,356124000.0,354113000.0,1.54,1.51,1.54,1602716000.0,1472000500.0,1602716000.0,5327489737.0,15.0,12.519,202261000.0,1.269,1.0,794799000.0,0.538,671191000.0,2011000.0,774043000.0,734501500.0,321072000.0,0.0,0.0,0.0,331243000.0,238496000.0,92747000.0,5520626737.0,-211591000.0,-402721000.0,-15201000.0,-3000.0,-9571000.0,-15848000.0,-431806000.0,4080000.0,235426000.0,637000.0,243546000.0,243546000.0,243546000.0,539000.0,0.0,0.165,442514000.0,352285000.0,85352000.0,0.039,3.445,22.668,22.474,185063000.0,0.0,34.61,3.737,3.735,321769000.0,1097173000.0,1477108000.0,1477108000.0,129421000.0,0.137,0.165,0.485,0.241,25729000.0,313093000.0,1.0,159509585.0,159400000.0,,9.267,1262768000.0,46110000.0,110567000.0,48667000.0,7.922,783944000.0
41,FLIR,MRT,2010-12-31,2010-12-31,2010-12-31,2021-05-06,1652000.0,1857352000.0,1673031750.0,954807000.0,902545000.0,0.83,9.6,-65748000.0,193137000.0,193137000.0,624796000.0,248126000.0,3.82,0.22,0.0,0.0,0.0,0.0,17867000.0,61297000.0,0.0,0.0,0.0,365336000.0,426633000.0,0.307,426633000.0,365336000.0,362452000.0,1.59,1.54,1.59,1522548000.0,1384714500.0,1522548000.0,4338297238.0,12.0,10.169,189503000.0,1.195,1.0,763641000.0,0.55,659404000.0,2884000.0,754860000.0,696621750.0,303156000.0,0.0,0.0,0.0,334804000.0,249951000.0,84853000.0,4718200238.0,-228910000.0,-402721000.0,-14256000.0,0.0,0.0,-6487000.0,-465389000.0,3080000.0,255251000.0,-12285000.0,248126000.0,248126000.0,248126000.0,248000.0,0.0,0.179,403330000.0,360311000.0,85881000.0,0.0,3.099,19.015,18.711,189119000.0,0.0,29.75,3.398,3.398,339723000.0,1055429000.0,1388437000.0,1388437000.0,116635000.0,0.148,0.179,0.524,0.263,25575000.0,286695000.0,1.0,158594966.0,158594966.0,,8.755,1197948000.0,45870000.0,114326000.0,41174000.0,7.554,704856000.0
42,FLIR,MRT,2010-09-30,2010-09-30,2010-09-30,2021-05-06,9610000.0,1733060000.0,1582329750.0,1018695000.0,714365000.0,0.798,9.102,-58350000.0,379903000.0,379903000.0,555654000.0,238558000.0,4.77,0.203,0.0,0.0,0.0,0.0,15398000.0,50989000.0,0.0,0.0,0.0,354924000.0,405913000.0,0.322,405913000.0,354924000.0,351312000.0,1.55,1.49,1.55,1440127000.0,1305014750.0,1440127000.0,3778991581.0,11.0,9.31,223943000.0,1.415,1.0,706834000.0,0.56,491010000.0,3612000.0,648593000.0,663429500.0,264757000.0,0.0,0.0,0.0,292933000.0,213554000.0,79379000.0,4063512581.0,-23417000.0,-235113000.0,-14716000.0,23000.0,0.0,-5790000.0,-286133000.0,7330000.0,282293000.0,-13787000.0,238558000.0,238558000.0,238558000.0,0.0,0.0,0.189,356948000.0,349886000.0,78428000.0,0.0,2.822,17.034,16.581,176586000.0,0.0,25.7,3.219,3.221,272501000.0,985607000.0,1262488000.0,1262488000.0,105998000.0,0.151,0.183,0.535,0.281,25325000.0,250950000.0,1.0,158113330.0,158215000.0,,7.98,1242050000.0,33771000.0,112754000.0,37920000.0,7.85,805141000.0
43,FLIR,MRT,2010-06-30,2010-06-30,2010-06-30,2021-05-06,-33074000.0,1571408000.0,1498126250.0,899007000.0,672401000.0,0.811,8.561,-56002000.0,284521000.0,284521000.0,528001000.0,235638000.0,4.513,0.188,0.0,0.0,0.0,0.0,17177000.0,47268000.0,0.0,0.0,0.0,355707000.0,402975000.0,0.332,402975000.0,355707000.0,351206000.0,1.55,1.48,1.55,1322611000.0,1227219750.0,1322611000.0,4057375813.0,11.0,10.069,208588000.0,1.35,1.0,687543000.0,0.566,327170000.0,4501000.0,760510000.0,652035250.0,243246000.0,0.0,0.0,0.0,248797000.0,199207000.0,49590000.0,4460699813.0,-61881000.0,-235112000.0,-37708000.0,16000.0,0.0,-29790000.0,-286264000.0,4850000.0,264590000.0,-10417000.0,235638000.0,235638000.0,235638000.0,0.0,0.0,0.194,334125000.0,353418000.0,71349000.0,0.0,3.373,18.93,18.768,178159000.0,0.0,29.09,3.67,3.697,268470000.0,922652000.0,1215544000.0,1215544000.0,98772000.0,0.157,0.192,0.546,0.293,25360000.0,235353000.0,1.0,153341348.0,154495000.0,,7.868,1244238000.0,24752000.0,115568000.0,14402000.0,8.054,699800000.0
44,FLIR,MRT,2010-03-31,2010-03-31,2010-03-31,2021-05-06,-6518000.0,1530307000.0,1435484250.0,993617000.0,536690000.0,0.81,8.199,-65858000.0,461820000.0,461820000.0,496221000.0,231837000.0,5.764,0.221,58496000.0,0.0,58496000.0,58496000.0,14981000.0,44267000.0,0.0,0.0,0.0,347535000.0,391802000.0,0.337,391802000.0,347535000.0,342207000.0,1.54,1.46,1.54,1253572000.0,1153847000.0,1253572000.0,3943997347.0,11.0,10.066,213785000.0,1.398,1.0,666168000.0,0.573,332083000.0,5328000.0,622524000.0,619098000.0,223075000.0,0.0,0.0,0.0,276735000.0,172376000.0,104359000.0,4308022347.0,134555000.0,-73565000.0,-32888000.0,8000.0,0.0,-25794000.0,-134573000.0,4850000.0,279643000.0,15279000.0,231837000.0,231837000.0,231837000.0,0.0,0.0,0.199,317904000.0,348264000.0,66226000.0,0.0,3.437,18.582,18.299,168269000.0,0.0,28.18,3.706,3.707,224400000.0,863198000.0,1162389000.0,1162389000.0,93695000.0,0.162,0.201,0.561,0.299,24911000.0,224209000.0,1.0,152875172.0,152899000.0,,7.602,1198224000.0,18498000.0,110370000.0,11991000.0,7.837,821241000.0
45,FLIR,MRT,2009-12-31,2009-12-31,2009-12-31,2021-05-06,7130000.0,1494544000.0,1370107000.0,980028000.0,514516000.0,0.837,7.931,-38982000.0,422047000.0,422047000.0,488558000.0,230213000.0,5.244,0.242,57991000.0,0.0,57991000.0,57991000.0,20986000.0,42426000.0,0.0,0.0,0.0,347275000.0,389701000.0,0.34,389701000.0,347275000.0,340393000.0,1.54,1.45,1.54,1203749000.0,1081564500.0,1203749000.0,4624715268.0,13.0,11.867,232778000.0,1.534,1.0,658529000.0,0.574,321511000.0,6882000.0,622091000.0,608804000.0,216500000.0,0.0,0.0,0.0,290795000.0,186886000.0,103909000.0,4967835268.0,132605000.0,-73565000.0,-50844000.0,0.0,0.0,-43542000.0,-107697000.0,4850000.0,271760000.0,12084000.0,230213000.0,230213000.0,230213000.0,0.0,0.0,0.201,311242000.0,347287000.0,53319000.0,0.0,4.127,21.579,21.253,139112000.0,0.0,32.73,4.331,4.331,234974000.0,807303000.0,1147087000.0,1147087000.0,91301000.0,0.168,0.213,0.57,0.303,23955000.0,219941000.0,1.0,151782318.0,151782318.0,,7.557,1173033000.0,18553000.0,110180000.0,22276000.0,7.728,793142000.0
46,FLIR,MRT,2009-09-30,2009-09-30,2009-09-30,2021-05-06,14672000.0,1396246000.0,1306740250.0,927985000.0,468261000.0,0.871,7.448,-38185000.0,403320000.0,403320000.0,481910000.0,234944000.0,5.802,0.237,60200000.0,0.0,60200000.0,60200000.0,21879000.0,41919000.0,0.0,0.0,0.0,355228000.0,397147000.0,0.349,397147000.0,355228000.0,346049000.0,1.62,1.49,1.62,1128947000.0,991808500.0,1128947000.0,3979433297.0,11.0,10.02,249767000.0,1.648,1.0,655967000.0,0.576,290171000.0,9179000.0,603016000.0,623362750.0,221694000.0,0.0,0.0,0.0,267299000.0,159939000.0,107360000.0,4236928297.0,197217000.0,-12607000.0,-48447000.0,-1009000.0,0.0,-40870000.0,-49424000.0,1368000.0,287952000.0,-441000.0,234944000.0,234944000.0,234944000.0,0.0,0.0,0.206,310543000.0,345424000.0,55753000.0,0.0,3.753,18.034,17.265,138219000.0,0.0,27.97,3.724,3.726,209079000.0,747049000.0,1137877000.0,1137877000.0,88603000.0,0.18,0.237,0.57,0.312,23454000.0,221940000.0,1.0,151481169.0,151573000.0,,7.507,1106075000.0,24985000.0,111105000.0,13821000.0,7.297,768046000.0
47,FLIR,MRT,2009-06-30,2009-06-30,2009-06-30,2021-05-06,-8074000.0,1320840000.0,1254647500.0,863614000.0,457226000.0,0.9,6.863,-38354000.0,346402000.0,346402000.0,480652000.0,229688000.0,5.508,0.283,88907000.0,21000.0,88886000.0,88907000.0,23951000.0,44122000.0,0.0,0.0,0.0,349179000.0,393301000.0,0.348,393301000.0,349179000.0,337765000.0,1.61,1.46,1.61,1029120000.0,901520750.0,1029120000.0,3150466220.0,9.0,8.01,248612000.0,1.658,1.0,648412000.0,0.574,277778000.0,11414000.0,628761000.0,653680750.0,219682000.0,0.0,0.0,0.0,291720000.0,156806000.0,134914000.0,3389555220.0,169400000.0,-12718000.0,-47864000.0,-2180000.0,0.0,-39050000.0,-52306000.0,-1234000.0,286966000.0,-26210000.0,229688000.0,229688000.0,229688000.0,0.0,0.0,0.203,315657000.0,332755000.0,59136000.0,0.0,3.294,14.757,14.012,137984000.0,0.0,22.56,3.002,2.996,214594000.0,687015000.0,1129064000.0,1129064000.0,88948000.0,0.183,0.255,0.534,0.309,22701000.0,226709000.0,1.0,150246242.0,149948000.0,,7.53,1043062000.0,21929000.0,108077000.0,11149000.0,6.956,706808000.0
48,FLIR,MRT,2009-03-31,2009-03-31,2009-03-31,2021-05-06,-36070000.0,1268798000.0,1219440500.0,843822000.0,424976000.0,0.912,6.706,-27564000.0,327265000.0,327265000.0,478986000.0,218652000.0,4.831,0.316,88176000.0,18000.0,88158000.0,88176000.0,25113000.0,45997000.0,0.0,0.0,0.0,333920000.0,379917000.0,0.342,379917000.0,333920000.0,320599000.0,1.56,1.4,1.56,964442000.0,835514750.0,964442000.0,2804990225.0,8.0,7.383,209915000.0,1.46,1.0,633078000.0,0.569,273703000.0,13321000.0,581348000.0,695443000.0,210524000.0,0.0,0.0,0.0,304356000.0,174658000.0,129698000.0,2904093225.0,168178000.0,-10595000.0,-3272000.0,-3050000.0,0.0,15018000.0,-44462000.0,-6303000.0,237479000.0,-39857000.0,218652000.0,218652000.0,218652000.0,0.0,0.0,0.197,320311000.0,312767000.0,59399000.0,0.0,3.011,13.282,13.128,125135000.0,0.0,20.48,2.611,2.649,234402000.0,631362000.0,1112064000.0,1112064000.0,89263000.0,0.179,0.262,0.48,0.3,22047000.0,231048000.0,1.0,141801427.0,143819000.0,,7.732,995095000.0,20398000.0,101947000.0,22057000.0,6.919,669164000.0
49,FLIR,MRT,2008-12-31,2008-12-31,2008-12-31,2021-05-06,-15214000.0,1241077000.0,1174101000.0,812502000.0,428575000.0,0.917,6.081,-27639000.0,289442000.0,289442000.0,470832000.0,200900000.0,4.716,0.469,182825000.0,0.0,182825000.0,182825000.0,27554000.0,45323000.0,0.0,0.0,0.0,304654000.0,349977000.0,0.325,349977000.0,304654000.0,290318000.0,1.45,1.28,1.45,844725000.0,764207250.0,844725000.0,4265681646.0,14.0,12.188,190677000.0,1.373,1.0,606142000.0,0.563,281859000.0,14336000.0,680326000.0,734711500.0,207487000.0,0.0,0.0,0.0,396352000.0,172275000.0,224077000.0,4262081646.0,85761000.0,-78762000.0,1324000.0,-22387000.0,0.0,2613000.0,-113954000.0,-7553000.0,218316000.0,-21214000.0,200900000.0,200900000.0,200900000.0,0.0,0.0,0.187,321651000.0,284491000.0,47823000.0,0.0,5.046,21.215,21.159,122304000.0,0.0,30.68,3.957,3.957,239183000.0,577090000.0,1076974000.0,1076974000.0,89964000.0,0.171,0.263,0.415,0.283,20974000.0,231687000.0,1.0,138920523.0,138920523.0,,7.752,959218000.0,18783000.0,89418000.0,11680000.0,6.905,640227000.0
50,FLIR,MRT,2008-09-30,2008-09-30,2008-09-30,2021-05-06,19142000.0,1187875000.0,1119910750.0,748950000.0,438925000.0,0.908,5.515,-35985000.0,206103000.0,206103000.0,447348000.0,179375000.0,4.128,0.547,209703000.0,1131000.0,208572000.0,209703000.0,31471000.0,46944000.0,0.0,0.0,0.0,272920000.0,319864000.0,0.314,319864000.0,272920000.0,254260000.0,1.3,1.18,1.3,767796000.0,708844750.0,767796000.0,5381009472.0,20.0,16.823,148818000.0,1.069,1.0,569910000.0,0.56,285749000.0,18660000.0,724288000.0,729025250.0,215118000.0,0.0,0.0,0.0,420079000.0,181438000.0,238641000.0,5348232472.0,36160000.0,-119140000.0,-66000.0,-2403000.0,0.0,21513000.0,-164519000.0,-9394000.0,184803000.0,-5637000.0,179375000.0,179375000.0,179375000.0,0.0,0.0,0.176,310617000.0,259293000.0,63286000.0,0.0,6.966,29.816,29.554,124929000.0,0.0,38.42,5.257,5.258,241652000.0,527443000.0,1017258000.0,1017258000.0,89131000.0,0.16,0.253,0.374,0.268,19525000.0,221486000.0,1.0,139204385.0,139211000.0,,7.307,902126000.0,14493000.0,74885000.0,6763000.0,6.48,567512000.0
51,FLIR,MRT,2008-06-30,2008-06-30,2008-06-30,2021-05-06,62944000.0,1180012000.0,1055991250.0,718361000.0,461651000.0,0.882,5.542,-40450000.0,177002000.0,177002000.0,409951000.0,159361000.0,4.077,0.542,209779000.0,1418000.0,208361000.0,209779000.0,24071000.0,40445000.0,0.0,0.0,0.0,244094000.0,284539000.0,0.305,284539000.0,244094000.0,226662000.0,1.17,1.05,1.17,765096000.0,655996000.0,765096000.0,5621712618.0,23.0,19.757,109006000.0,0.79,1.0,521671000.0,0.56,240762000.0,17432000.0,795810000.0,706825250.0,213792000.0,0.0,0.0,0.0,414916000.0,176217000.0,238699000.0,5570851618.0,25378000.0,-119029000.0,25798000.0,-23226000.0,0.0,27076000.0,-168319000.0,-8840000.0,149456000.0,17165000.0,159361000.0,159361000.0,159361000.0,0.0,0.0,0.171,287205000.0,234466000.0,67333000.0,0.0,7.281,34.957,34.675,129919000.0,0.0,40.57,5.98,6.012,230359000.0,471810000.0,931622000.0,931622000.0,83184000.0,0.151,0.243,0.345,0.262,18175000.0,204021000.0,1.0,137314558.0,138054000.0,,6.748,939250000.0,13405000.0,67301000.0,6914000.0,6.803,542144000.0
52,FLIR,MRT,2008-03-31,2008-03-31,2008-03-31,2021-05-06,61696000.0,1087440000.0,978748250.0,643568000.0,443872000.0,0.874,4.958,-46226000.0,159087000.0,159087000.0,380737000.0,143829000.0,3.756,0.601,209948000.0,1842000.0,208106000.0,209948000.0,22534000.0,34332000.0,0.0,0.0,0.0,218116000.0,252448000.0,0.295,252448000.0,218116000.0,201754000.0,1.07,0.95,1.07,679212000.0,587616250.0,679212000.0,4153093076.0,19.0,16.451,90899000.0,0.664,1.0,474203000.0,0.555,228537000.0,16362000.0,738422000.0,659786750.0,196264000.0,0.0,0.0,0.0,408228000.0,171342000.0,236886000.0,4129878076.0,5624000.0,-110148000.0,20549000.0,-28847000.0,0.0,8146000.0,-160145000.0,-3771000.0,137125000.0,20498000.0,143829000.0,143829000.0,143829000.0,0.0,0.0,0.168,263247000.0,210956000.0,63444000.0,0.0,6.08,28.714,28.121,129586000.0,0.0,30.09,4.831,4.821,208804000.0,426367000.0,854940000.0,854940000.0,77552000.0,0.147,0.245,0.331,0.255,16573000.0,185695000.0,1.0,137250850.0,136992000.0,,6.241,858903000.0,13252000.0,57925000.0,14328000.0,6.27,472226000.0
53,FLIR,MRT,2007-12-31,2007-12-31,2007-12-31,2021-05-06,36734000.0,1024316000.0,910546000.0,655507000.0,368809000.0,0.856,4.59,-43955000.0,203681000.0,203681000.0,346167000.0,133572000.0,4.074,0.643,226896000.0,19007000.0,207889000.0,226896000.0,14371000.0,30987000.0,0.0,0.0,0.0,201383000.0,232370000.0,0.298,232370000.0,201383000.0,186074000.0,0.99,0.89,0.99,623275000.0,525672250.0,623275000.0,4287610437.0,21.0,18.452,72148000.0,0.531,1.0,433230000.0,0.556,229049000.0,15309000.0,657581000.0,613444000.0,179366000.0,0.0,0.0,0.0,401041000.0,160901000.0,240140000.0,4249874437.0,65058000.0,-41981000.0,39058000.0,-26507000.0,0.0,27145000.0,-87457000.0,-1521000.0,116103000.0,9267000.0,133572000.0,133572000.0,133572000.0,0.0,0.0,0.171,241398000.0,191832000.0,53990000.0,0.0,6.819,31.817,31.616,120873000.0,0.0,31.3,5.453,5.453,203371000.0,389033000.0,779397000.0,779397000.0,72458000.0,0.147,0.254,0.328,0.258,15316000.0,168940000.0,1.0,135778736.0,135778736.0,,5.74,795267000.0,13270000.0,52502000.0,9949000.0,5.857,494606000.0
54,FLIR,MRT,2007-09-30,2007-09-30,2007-09-30,2021-05-06,36618000.0,932197000.0,854004000.0,598501000.0,333696000.0,0.846,4.118,-46926000.0,169943000.0,169943000.0,322228000.0,129870000.0,4.435,0.675,207679000.0,7000.0,207672000.0,207679000.0,19453000.0,23918000.0,0.0,0.0,0.0,188314000.0,212232000.0,0.294,212232000.0,188314000.0,177952000.0,0.975,0.85,0.975,556401000.0,469541500.0,556401000.0,3808346921.0,20.0,17.944,54574000.0,0.404,1.0,400434000.0,0.554,199488000.0,10362000.0,635488000.0,584289750.0,174352000.0,0.0,0.0,0.0,375796000.0,134957000.0,240839000.0,3730505921.0,57573000.0,-2144000.0,34599000.0,-53006000.0,0.0,-9747000.0,-49517000.0,-447000.0,101500000.0,15337000.0,129870000.0,129870000.0,129870000.0,0.0,0.0,0.18,216393000.0,184041000.0,53302000.0,0.0,6.705,28.725,28.405,113885000.0,0.0,27.695,5.162,5.179,177834000.0,342436000.0,722662000.0,722662000.0,67884000.0,0.152,0.277,0.322,0.261,14016000.0,148509000.0,1.0,134699618.0,135130000.0,,5.348,732709000.0,18284000.0,48082000.0,12344000.0,5.422,463544000.0
55,FLIR,MRT,2007-06-30,2007-06-30,2007-06-30,2021-05-06,21612000.0,871040000.0,806047750.0,548425000.0,322615000.0,0.825,3.683,-42988000.0,151624000.0,151624000.0,295648000.0,122175000.0,3.886,0.772,229465000.0,22007000.0,207458000.0,229465000.0,17446000.0,23071000.0,0.0,0.0,0.0,170949000.0,194020000.0,0.292,194020000.0,170949000.0,160566000.0,0.915,0.81,0.915,491577000.0,417799500.0,491577000.0,3148373944.0,18.0,16.227,48668000.0,0.365,1.0,369122000.0,0.555,200085000.0,10383000.0,607656000.0,556591500.0,162951000.0,0.0,0.0,0.0,379463000.0,141140000.0,238323000.0,3066088944.0,8303000.0,-2045000.0,-72659000.0,21993000.0,0.0,-45549000.0,-46009000.0,-976000.0,91656000.0,8205000.0,122175000.0,122175000.0,122175000.0,0.0,0.0,0.184,202937000.0,166185000.0,47100000.0,0.0,6.237,25.096,25.273,104148000.0,0.0,23.125,4.612,4.643,173556000.0,307671000.0,664770000.0,664770000.0,66120000.0,0.152,0.292,0.307,0.257,12814000.0,136817000.0,1.0,132587630.0,133484000.0,,4.98,670955000.0,19377000.0,38391000.0,11095000.0,5.026,407285000.0
56,FLIR,MRT,2007-03-31,2007-03-31,2007-03-31,2021-05-06,16741000.0,814631000.0,775701750.0,502190000.0,312441000.0,0.798,3.266,-39481000.0,153463000.0,153463000.0,275137000.0,114501000.0,3.455,0.888,235748000.0,28507000.0,207241000.0,235748000.0,15709000.0,22031000.0,0.0,0.0,0.0,160391000.0,182422000.0,0.295,182422000.0,160391000.0,150619000.0,0.85,0.76,0.85,431436000.0,399845500.0,431436000.0,2477305748.0,15.0,13.58,75715000.0,0.573,1.0,343887000.0,0.556,198518000.0,9772000.0,553051000.0,533595000.0,149561000.0,0.0,0.0,0.0,383195000.0,145347000.0,237848000.0,2363397748.0,26161000.0,0.0,-90097000.0,28468000.0,0.0,-59469000.0,-40359000.0,-878000.0,115196000.0,10793000.0,114501000.0,114501000.0,114501000.0,0.0,0.0,0.185,189816000.0,154071000.0,45164000.0,0.0,5.478,20.641,20.982,95790000.0,0.0,17.835,3.818,3.806,153727000.0,278586000.0,619024000.0,619024000.0,63371000.0,0.148,0.286,0.301,0.259,11602000.0,126445000.0,1.0,132514592.0,132084000.0,,4.687,616113000.0,18807000.0,36118000.0,12424000.0,4.665,356843000.0
57,FLIR,MRT,2006-12-31,2006-12-31,2006-12-31,2021-05-06,20340000.0,798148000.0,749200750.0,486470000.0,311678000.0,0.767,3.042,-42436000.0,138623000.0,138623000.0,260087000.0,100896000.0,2.855,1.002,252531000.0,45507000.0,207024000.0,252531000.0,13709000.0,20551000.0,0.0,0.0,0.0,141567000.0,162118000.0,0.282,162118000.0,141567000.0,132611000.0,0.74,0.66,0.74,398752000.0,387738750.0,398752000.0,2233339114.0,16.0,13.776,72719000.0,0.555,1.0,314913000.0,0.548,200719000.0,8956000.0,540964000.0,518777250.0,135928000.0,0.0,0.0,0.0,399396000.0,170373000.0,229023000.0,2085895114.0,31566000.0,0.0,-102434000.0,45444000.0,0.0,-55059000.0,-43429000.0,-993000.0,115155000.0,14899000.0,100896000.0,100896000.0,100896000.0,0.0,0.0,0.175,177958000.0,136955000.0,40608000.0,0.0,5.231,20.674,21.507,92156000.0,0.0,15.915,3.628,3.628,167502000.0,252322000.0,575000000.0,575000000.0,60584000.0,0.135,0.26,0.273,0.246,10853000.0,117374000.0,1.0,131064726.0,131064726.0,,4.387,597429000.0,15076000.0,31715000.0,19723000.0,4.558,316097000.0
58,FLIR,MRT,2006-09-30,2006-09-30,2006-09-30,2021-05-06,8098000.0,740372000.0,722019500.0,435960000.0,304412000.0,0.755,2.589,-35425000.0,112370000.0,112370000.0,248217000.0,95282000.0,2.698,1.119,259814000.0,53007000.0,206807000.0,259814000.0,11618000.0,19463000.0,0.0,0.0,0.0,134463000.0,153926000.0,0.282,153926000.0,134463000.0,126319000.0,0.69,0.62,0.69,349433000.0,377296000.0,349433000.0,1927405565.0,14.0,12.522,55238000.0,0.409,1.0,297131000.0,0.545,201516000.0,8144000.0,524695000.0,506273500.0,129262000.0,0.0,0.0,0.0,390939000.0,161605000.0,229334000.0,1864130565.0,-21514000.0,-13500000.0,-128492000.0,52918000.0,0.0,-72593000.0,-49918000.0,7000.0,90663000.0,10334000.0,95282000.0,95282000.0,95282000.0,0.0,0.0,0.175,169098000.0,128033000.0,34692000.0,0.0,5.335,19.564,19.681,76383000.0,0.0,13.58,3.418,3.361,133902000.0,224788000.0,545348000.0,545348000.0,56835000.0,0.132,0.253,0.266,0.247,6809000.0,112263000.0,1.0,137270292.0,134956000.0,,4.041,538856000.0,30690000.0,31037000.0,20719000.0,3.993,274355000.0
59,FLIR,MRT,2006-06-30,2006-06-30,2006-06-30,2021-05-06,8803000.0,749656000.0,703964250.0,446802000.0,302854000.0,0.746,3.037,-35221000.0,143321000.0,143321000.0,243627000.0,85556000.0,4.781,0.786,206596000.0,7000.0,206589000.0,206596000.0,11849000.0,19117000.0,0.0,0.0,0.0,124440000.0,143557000.0,0.273,143557000.0,124440000.0,116608000.0,0.615,0.55,0.615,419761000.0,379815250.0,419761000.0,1662039997.0,13.0,11.578,60287000.0,0.436,1.0,281540000.0,0.536,203806000.0,7832000.0,515670000.0,489868500.0,121903000.0,0.0,0.0,0.0,329895000.0,93455000.0,236440000.0,1582937997.0,35339000.0,-13599000.0,-19307000.0,-106000.0,0.0,-17429000.0,-50336000.0,-516000.0,95508000.0,7596000.0,85556000.0,85556000.0,85556000.0,0.0,0.0,0.163,161133000.0,120407000.0,35559000.0,0.0,3.771,18.502,18.618,74629000.0,0.0,11.45,3.014,3.014,125894000.0,197718000.0,525167000.0,525167000.0,54684000.0,0.122,0.225,0.254,0.237,9549000.0,106449000.0,1.0,138247860.0,138218000.0,,3.8,545850000.0,27345000.0,31052000.0,16456000.0,3.949,353347000.0
60,FLIR,MRT,2006-03-31,2006-03-31,2006-03-31,2021-05-06,-2755000.0,708627000.0,673099500.0,412437000.0,296190000.0,0.769,2.769,-30839000.0,127302000.0,127302000.0,238627000.0,88717000.0,4.589,0.85,206404000.0,32000.0,206372000.0,206404000.0,9615000.0,16899000.0,0.0,0.0,0.0,127844000.0,144743000.0,0.28,144743000.0,127844000.0,119993000.0,0.635,0.565,0.635,383009000.0,356836250.0,383009000.0,2061422756.0,16.0,14.242,64331000.0,0.465,1.0,278956000.0,0.539,204075000.0,7851000.0,493780000.0,473752000.0,111256000.0,0.0,0.0,0.0,325618000.0,89874000.0,235744000.0,1962268756.0,1689000.0,-17657000.0,-39057000.0,-105000.0,0.0,-38279000.0,-50067000.0,-571000.0,95170000.0,-5135000.0,88717000.0,88717000.0,88717000.0,0.0,0.0,0.171,155272000.0,123684000.0,37204000.0,0.0,5.123,22.118,22.37,68174000.0,0.0,14.205,3.791,3.796,119083000.0,176307000.0,517583000.0,517583000.0,53488000.0,0.132,0.249,0.27,0.247,7840000.0,101784000.0,1.0,138139300.0,138326000.0,,3.742,504552000.0,26756000.0,31276000.0,2394000.0,3.648,322563000.0
61,FLIR,MRT,2005-12-31,2005-12-31,2005-12-31,2021-05-06,-6671000.0,689423000.0,657009500.0,408997000.0,280426000.0,0.774,2.573,-33786000.0,107057000.0,107057000.0,231867000.0,90765000.0,4.414,0.931,206211000.0,56000.0,206155000.0,206211000.0,10297000.0,15585000.0,0.0,0.0,0.0,130146000.0,145731000.0,0.287,145731000.0,130146000.0,122224000.0,0.65,0.58,0.65,356981000.0,345362000.0,356981000.0,1621263079.0,12.0,11.125,39353000.0,0.284,1.0,276694000.0,0.544,204966000.0,7922000.0,490949000.0,461336750.0,103837000.0,0.0,0.0,0.0,332442000.0,92662000.0,239780000.0,1549129079.0,-13635000.0,-17657000.0,-21155000.0,-105000.0,0.0,-21260000.0,-52943000.0,-500000.0,73139000.0,-12571000.0,90765000.0,90765000.0,90765000.0,0.0,0.0,0.178,150741000.0,125953000.0,34477000.0,0.0,4.34,17.067,17.177,59479000.0,0.0,11.165,3.046,3.046,142782000.0,151426000.0,508561000.0,508561000.0,51514000.0,0.138,0.263,0.282,0.256,11604000.0,99227000.0,1.0,138748686.0,138748686.0,,3.665,484457000.0,22168000.0,31459000.0,19170000.0,3.492,316335000.0
62,FLIR,MRT,2005-09-30,2005-09-30,2005-09-30,2021-05-06,-1138000.0,668151000.0,642261750.0,381844000.0,286307000.0,0.772,2.576,-26950000.0,133884000.0,133884000.0,230272000.0,79834000.0,4.449,0.859,206018000.0,81000.0,205937000.0,206018000.0,9561000.0,15039000.0,0.0,0.0,0.0,115374000.0,130413000.0,0.263,130413000.0,115374000.0,107422000.0,0.575,0.51,0.575,359510000.0,334410000.0,359510000.0,2155652886.0,19.0,16.529,44787000.0,0.321,1.0,265768000.0,0.536,195375000.0,7952000.0,459075000.0,445959000.0,103817000.0,0.0,0.0,0.0,308641000.0,85835000.0,222806000.0,2057808886.0,38989000.0,-4157000.0,5515000.0,-128000.0,0.0,5387000.0,-32650000.0,-543000.0,71737000.0,-5485000.0,79834000.0,79834000.0,79834000.0,0.0,0.0,0.161,152943000.0,112825000.0,33569000.0,0.0,5.724,25.776,25.713,51111000.0,0.0,14.785,4.148,4.16,111470000.0,129506000.0,496040000.0,496040000.0,52092000.0,0.124,0.239,0.259,0.233,12595000.0,100851000.0,1.0,139182204.0,139554000.0,,3.554,472776000.0,33779000.0,27588000.0,5863000.0,3.388,296009000.0
63,FLIR,MRT,2005-06-30,2005-06-30,2005-06-30,2021-05-06,-1322000.0,626197000.0,616129500.0,348366000.0,277831000.0,0.801,2.358,-24310000.0,107982000.0,107982000.0,229150000.0,79314000.0,4.586,0.91,205826000.0,106000.0,205720000.0,205826000.0,8250000.0,13435000.0,0.0,0.0,0.0,115212000.0,128647000.0,0.261,128647000.0,115212000.0,107260000.0,0.575,0.51,0.575,327845000.0,310437750.0,327845000.0,2149720610.0,19.0,16.71,42948000.0,0.309,1.0,264628000.0,0.536,196873000.0,7952000.0,451204000.0,429414500.0,100067000.0,0.0,0.0,0.0,298352000.0,75964000.0,222388000.0,2069700610.0,40979000.0,-4157000.0,3053000.0,-128000.0,0.0,2925000.0,-29610000.0,-143000.0,67258000.0,406000.0,79314000.0,79314000.0,79314000.0,0.0,0.0,0.161,152485000.0,112143000.0,32249000.0,0.0,6.313,26.095,25.948,47930000.0,0.0,14.92,4.192,4.201,109092000.0,112162000.0,493778000.0,493778000.0,51639000.0,0.129,0.255,0.268,0.233,15144000.0,100846000.0,1.0,138719880.0,139038000.0,,3.551,429324000.0,28480000.0,27946000.0,2979000.0,3.088,272402000.0
64,FLIR,MRT,2005-03-31,2005-03-31,2005-03-31,2021-05-06,12512000.0,644267000.0,589455750.0,371970000.0,272297000.0,0.818,2.423,-24309000.0,125613000.0,125613000.0,227782000.0,72668000.0,4.37,0.911,205633000.0,105000.0,205528000.0,205633000.0,11760000.0,14229000.0,0.0,0.0,0.0,107472000.0,121701000.0,0.252,121701000.0,107472000.0,99486000.0,0.535,0.475,0.535,337112000.0,285991000.0,337112000.0,2194530940.0,20.0,18.032,43336000.0,0.312,1.0,254325000.0,0.528,195044000.0,7986000.0,444119000.0,412850750.0,108279000.0,0.0,0.0,0.0,307155000.0,85124000.0,222031000.0,2109782940.0,69629000.0,-16000.0,24587000.0,-3593000.0,0.0,20994000.0,-26807000.0,-1482000.0,67645000.0,7797000.0,72668000.0,72668000.0,72668000.0,0.0,0.0,0.151,147294000.0,107031000.0,32268000.0,0.0,6.258,29.033,28.318,45181000.0,0.0,15.15,4.376,4.371,106997000.0,87590000.0,482107000.0,482107000.0,48453000.0,0.123,0.254,0.26,0.223,17886000.0,98841000.0,1.0,139259600.0,139108000.0,,3.466,449223000.0,27336000.0,26818000.0,2770000.0,3.229,286846000.0
65,FLIR,MRT,2004-12-31,2004-12-31,2004-12-31,2021-05-06,21060000.0,630432000.0,554299750.0,367418000.0,263014000.0,0.871,2.29,-13433000.0,120692000.0,120692000.0,233492000.0,70644000.0,4.124,1.013,205440000.0,105000.0,205335000.0,205440000.0,7601000.0,14804000.0,0.0,0.0,0.0,106633000.0,121437000.0,0.252,121437000.0,106633000.0,98541000.0,0.525,0.465,0.525,313173000.0,253697750.0,313173000.0,2291502965.0,21.0,18.87,61617000.0,0.451,1.0,249159000.0,0.516,196655000.0,8092000.0,429438000.0,396410000.0,98258000.0,0.0,0.0,0.0,317259000.0,89087000.0,228172000.0,2181127965.0,-77301000.0,-159961000.0,15125000.0,-3767000.0,0.0,11358000.0,-175153000.0,-759000.0,75050000.0,11444000.0,70644000.0,70644000.0,70644000.0,0.0,0.0,0.146,141401000.0,107758000.0,32321000.0,0.0,6.965,30.875,30.376,34778000.0,0.0,15.947,4.519,4.519,116928000.0,72883000.0,482651000.0,482651000.0,45796000.0,0.127,0.278,0.269,0.221,18350000.0,95605000.0,1.0,136769272.0,136769272.0,,3.529,433777000.0,32661000.0,27897000.0,15943000.0,3.172,278331000.0
66,FLIR,MRT,2004-09-30,2004-09-30,2004-09-30,2021-05-06,7641000.0,563622000.0,509297500.0,317173000.0,246449000.0,0.857,1.952,-22023000.0,94895000.0,94895000.0,211545000.0,62396000.0,3.817,1.138,205270000.0,128000.0,205142000.0,205270000.0,5713000.0,12618000.0,0.0,0.0,0.0,95824000.0,108442000.0,0.249,108442000.0,95824000.0,87764000.0,0.468,0.415,0.468,263621000.0,216615000.0,263621000.0,2113000017.0,22.0,19.485,43465000.0,0.322,1.0,224794000.0,0.515,197999000.0,8060000.0,392897000.0,381532000.0,94041000.0,0.0,0.0,0.0,300001000.0,83101000.0,216900000.0,1974925017.0,-108022000.0,-159961000.0,8633000.0,-3717000.0,0.0,4916000.0,-184266000.0,-2282000.0,65488000.0,5840000.0,62396000.0,62396000.0,62396000.0,0.0,0.0,0.143,127231000.0,97563000.0,33931000.0,0.0,7.492,31.651,31.25,32462000.0,0.0,14.625,4.526,4.526,92569000.0,48821000.0,436339000.0,436339000.0,41733000.0,0.123,0.288,0.251,0.22,19798000.0,85498000.0,1.0,135037608.0,135037608.0,,3.231,365623000.0,19358000.0,25368000.0,0.0,2.708,234072000.0
67,FLIR,MRT,2004-06-30,2004-06-30,2004-06-30,2021-05-06,5127000.0,519502000.0,474519250.0,272762000.0,246740000.0,0.834,1.71,-19955000.0,67003000.0,67003000.0,190997000.0,56437000.0,3.728,1.258,205078000.0,128000.0,204950000.0,205078000.0,5075000.0,10647000.0,0.0,0.0,0.0,88398000.0,99045000.0,0.25,99045000.0,88398000.0,80052000.0,0.425,0.385,0.425,230058000.0,186704500.0,230058000.0,1998406507.0,23.0,20.177,36000000.0,0.268,1.0,204805000.0,0.517,199466000.0,8346000.0,384949000.0,369172750.0,86915000.0,0.0,0.0,0.0,289444000.0,73162000.0,216282000.0,1846044507.0,-137204000.0,-159961000.0,-10224000.0,-3726000.0,0.0,-13950000.0,-182584000.0,-1668000.0,55955000.0,3375000.0,56437000.0,56437000.0,56437000.0,0.0,0.0,0.143,115132000.0,89673000.0,29083000.0,0.0,8.024,32.71,32.294,31887000.0,0.0,13.725,4.664,4.664,89056000.0,31997000.0,395802000.0,395802000.0,36664000.0,0.119,0.302,0.239,0.223,11860000.0,78468000.0,1.0,134502332.0,134502332.0,,2.943,320036000.0,16408000.0,23615000.0,194000.0,2.379,199600000.0
68,FLIR,MRT,2004-03-31,2004-03-31,2004-03-31,2021-05-06,5204000.0,503643000.0,447949000.0,259573000.0,244070000.0,0.785,1.569,-16583000.0,55984000.0,55984000.0,168767000.0,48226000.0,3.341,1.422,208346000.0,1356000.0,206990000.0,208346000.0,5294000.0,8493000.0,0.0,0.0,0.0,75990000.0,84483000.0,0.24,84483000.0,75990000.0,69120000.0,0.43,0.4,0.43,207939000.0,165007500.0,207939000.0,1269227940.0,17.0,15.023,23377000.0,0.176,1.0,182902000.0,0.52,199951000.0,6870000.0,378356000.0,358030000.0,87619000.0,0.0,0.0,0.0,295704000.0,77698000.0,218006000.0,1262851940.0,7897000.0,-159945000.0,-61515000.0,203659000.0,0.0,142144000.0,-177900000.0,-372000.0,39960000.0,3693000.0,48226000.0,48226000.0,48226000.0,0.0,0.0,0.137,104856000.0,78046000.0,30032000.0,0.0,6.073,26.186,22.163,29728000.0,0.0,9.53,3.591,3.591,84584000.0,14071000.0,351669000.0,351669000.0,33665000.0,0.108,0.292,0.212,0.216,11444000.0,71191000.0,1.0,132513320.0,132513320.0,,2.654,303692000.0,18402000.0,20894000.0,0.0,2.292,181875000.0
69,FLIR,MRT,2003-12-31,2003-12-31,2003-12-31,2021-05-06,7300000.0,450423000.0,383004750.0,382113000.0,68310000.0,0.815,1.253,-14598000.0,197993000.0,197993000.0,146454000.0,44693000.0,5.433,1.732,204369000.0,0.0,204369000.0,204369000.0,4540000.0,6262000.0,0.0,0.0,0.0,68709000.0,74971000.0,0.24,74971000.0,68709000.0,63848000.0,0.33,0.31,0.33,164842000.0,157750750.0,164842000.0,1201372994.0,17.0,16.025,12627000.0,0.096,1.0,165525000.0,0.531,16536000.0,4861000.0,369926000.0,294343250.0,75959000.0,0.0,0.0,0.0,285581000.0,70337000.0,215244000.0,1200137994.0,151387000.0,0.0,-67015000.0,203859000.0,0.0,136844000.0,-18250000.0,-1051000.0,27225000.0,5568000.0,44693000.0,44693000.0,44693000.0,0.0,0.0,0.143,95699000.0,69826000.0,26427000.0,0.0,7.281,26.853,27.652,22758000.0,0.0,9.125,3.847,3.847,79332000.0,1388000.0,311979000.0,311979000.0,30665000.0,0.117,0.283,0.233,0.22,5117000.0,65034000.0,1.0,131521972.0,131521972.0,,2.372,433887000.0,29978000.0,19155000.0,2742000.0,3.299,311776000.0
70,FLIR,MRT,2003-09-30,2003-09-30,2003-09-30,2021-05-06,2554000.0,424509000.0,328854500.0,363455000.0,61054000.0,0.88,1.087,-3082000.0,202917000.0,202917000.0,136262000.0,42415000.0,5.53,1.948,204152000.0,0.0,204152000.0,204152000.0,4476000.0,6152000.0,0.0,0.0,0.0,61903000.0,68055000.0,0.235,68055000.0,61903000.0,58644000.0,0.383,0.365,0.383,143979000.0,159622000.0,143979000.0,841538809.0,14.0,12.366,35565000.0,0.268,1.0,153236000.0,0.529,16559000.0,3259000.0,343460000.0,231347500.0,67702000.0,0.0,0.0,0.0,280530000.0,65725000.0,214805000.0,841780809.0,175197000.0,0.0,-62742000.0,203857000.0,0.0,140316000.0,-6687000.0,-1004000.0,38647000.0,2921000.0,42415000.0,42415000.0,42415000.0,0.0,0.0,0.147,90616000.0,62620000.0,23699000.0,0.0,5.847,19.846,16.593,11644000.0,0.0,6.355,2.908,2.908,64892000.0,-13575000.0,289498000.0,289498000.0,28771000.0,0.129,0.266,0.268,0.214,16886000.0,61845000.0,1.0,132459608.0,132459608.0,,2.186,407950000.0,34864000.0,16229000.0,4347000.0,3.08,297730000.0
71,FLIR,MRT,2003-06-30,2003-06-30,2003-06-30,2021-05-06,139000.0,413221000.0,273074000.0,352724000.0,60497000.0,1.039,1.032,-3317000.0,204207000.0,204207000.0,135653000.0,42200000.0,6.297,1.884,203965000.0,0.0,203965000.0,203965000.0,4989000.0,6106000.0,0.0,0.0,0.0,57101000.0,63207000.0,0.223,63207000.0,57101000.0,55609000.0,0.38,0.36,0.38,143270000.0,158740500.0,143270000.0,996856221.0,17.0,15.771,46323000.0,0.334,1.0,148068000.0,0.522,16589000.0,1492000.0,340378000.0,171105500.0,55272000.0,0.0,0.0,0.0,269951000.0,56012000.0,213939000.0,1044943221.0,193201000.0,0.0,-49744000.0,200138000.0,0.0,147513000.0,-5437000.0,-519000.0,49640000.0,1485000.0,42200000.0,42200000.0,42200000.0,0.0,0.0,0.149,90316000.0,57752000.0,18817000.0,0.0,7.294,24.762,19.809,12027000.0,0.0,7.527,3.683,3.683,65857000.0,-24440000.0,283721000.0,283721000.0,28727000.0,0.155,0.266,0.334,0.201,16717000.0,61589000.0,1.0,138816768.0,138816768.0,,2.044,396632000.0,34864000.0,13409000.0,945000.0,2.857,296712000.0
72,FLIR,MRT,2003-03-31,2003-03-31,2003-03-31,2021-05-06,-1940000.0,243866000.0,216844000.0,183108000.0,60758000.0,1.255,1.293,-4442000.0,48087000.0,48087000.0,130389000.0,42042000.0,3.295,0.363,0.0,0.0,0.0,0.0,4481000.0,6133000.0,0.0,0.0,0.0,54140000.0,60273000.0,0.221,60273000.0,54140000.0,52353000.0,0.31,0.292,0.31,178912000.0,155015000.0,178912000.0,773587569.0,14.0,12.835,43629000.0,0.315,1.0,141765000.0,0.521,16602000.0,1787000.0,123609000.0,114029000.0,52864000.0,0.0,0.0,0.0,64954000.0,55568000.0,9386000.0,820193569.0,39816000.0,0.0,3887000.0,-4092000.0,0.0,-3086000.0,-6562000.0,-519000.0,48071000.0,1393000.0,42042000.0,42042000.0,42042000.0,0.0,0.0,0.154,88004000.0,53761000.0,18893000.0,0.0,4.584,19.509,19.117,12261000.0,0.0,5.926,3.014,3.014,57748000.0,-34155000.0,272154000.0,272154000.0,27402000.0,0.194,0.271,0.475,0.199,13229000.0,60602000.0,1.0,138400096.0,138400096.0,,1.966,227264000.0,34864000.0,10311000.0,3154000.0,1.642,127540000.0
73,FLIR,MRT,2002-12-31,2002-12-31,2002-12-31,2021-05-06,-2420000.0,233822000.0,200903250.0,174105000.0,59717000.0,1.3,1.27,-6599000.0,46606000.0,46606000.0,124060000.0,41559000.0,3.308,0.357,0.0,0.0,0.0,0.0,4770000.0,6201000.0,0.0,0.0,0.0,50926000.0,57127000.0,0.219,57127000.0,50926000.0,48893000.0,0.31,0.29,0.31,172327000.0,139144250.0,172327000.0,800141621.0,16.0,14.006,48421000.0,0.357,1.0,137020000.0,0.525,16647000.0,2033000.0,117943000.0,109009750.0,50141000.0,0.0,0.0,0.0,61495000.0,52626000.0,8869000.0,827858621.0,31092000.0,0.0,8753000.0,-23900000.0,0.0,-18028000.0,-7118000.0,-519000.0,55020000.0,1218000.0,41559000.0,41559000.0,41559000.0,0.0,0.0,0.159,86489000.0,50531000.0,16465000.0,0.0,4.804,19.92,19.677,12678000.0,0.0,6.1,3.171,3.171,55798000.0,-43305000.0,261080000.0,261080000.0,26892000.0,0.207,0.299,0.467,0.195,13229000.0,59597000.0,1.0,135714528.0,135714528.0,,1.924,217175000.0,34864000.0,7334000.0,2558000.0,1.6,121479000.0
74,FLIR,MRT,2002-09-30,2002-09-30,2002-09-30,2021-05-06,-4435000.0,201387000.0,188707250.0,153783000.0,47604000.0,1.331,1.041,-5392000.0,27720000.0,27720000.0,118331000.0,39138000.0,2.822,0.434,3000.0,3000.0,0.0,3000.0,5314000.0,6275000.0,0.0,0.0,0.0,48460000.0,54735000.0,0.218,54735000.0,48460000.0,45301000.0,0.297,0.28,0.297,140453000.0,122274500.0,140453000.0,582964815.0,12.0,10.651,33074000.0,0.245,1.0,132824000.0,0.529,16676000.0,3159000.0,102492000.0,105945500.0,49533000.0,0.0,0.0,0.0,60934000.0,54502000.0,6432000.0,590159815.0,14637000.0,249000.0,49558000.0,-66544000.0,0.0,-19068000.0,-5143000.0,0.0,38466000.0,382000.0,39138000.0,39138000.0,39138000.0,0.0,0.0,0.156,85498000.0,47326000.0,18929000.0,0.0,4.202,15.079,14.726,12879000.0,0.0,4.374,2.35,2.35,52613000.0,-55990000.0,251155000.0,251155000.0,28202000.0,0.207,0.32,0.457,0.193,0.0,57296000.0,1.0,134932224.0,134932224.0,,1.861,184711000.0,23921000.0,6163000.0,3165000.0,1.369,99281000.0
75,FLIR,MRT,2002-06-30,2002-06-30,2002-06-30,2021-05-06,-4199000.0,188301000.0,178859500.0,139956000.0,48345000.0,1.309,0.96,-5508000.0,11006000.0,11006000.0,109236000.0,34661000.0,2.68,0.467,3811000.0,3811000.0,0.0,3811000.0,4895000.0,6551000.0,0.0,0.0,0.0,44542000.0,51093000.0,0.218,51093000.0,44542000.0,39010000.0,0.269,0.253,0.269,128368000.0,99472250.0,128368000.0,697605433.0,16.0,13.654,18698000.0,0.14,1.0,124963000.0,0.534,16803000.0,5532000.0,112072000.0,103955250.0,50642000.0,0.0,0.0,0.0,59933000.0,52231000.0,7702000.0,701731433.0,2905000.0,249000.0,52551000.0,-69272000.0,0.0,-16721000.0,-5259000.0,0.0,24206000.0,679000.0,34661000.0,34661000.0,34661000.0,0.0,0.0,0.148,81634000.0,43329000.0,14525000.0,0.0,5.467,20.246,19.503,13698000.0,0.0,5.246,2.996,2.996,55486000.0,-66639000.0,234199000.0,234199000.0,28044000.0,0.194,0.348,0.428,0.19,0.0,53590000.0,1.0,133758672.0,133758672.0,,1.751,171498000.0,23921000.0,4349000.0,1544000.0,1.282,87725000.0
76,FLIR,MRT,2002-03-31,2002-03-31,2002-03-31,2021-05-06,-4699000.0,180103000.0,169737000.0,132972000.0,47131000.0,1.308,0.868,-5430000.0,8271000.0,8271000.0,101159000.0,30728000.0,2.387,0.56,4145000.0,4145000.0,0.0,4145000.0,5017000.0,6914000.0,0.0,0.0,0.0,41093000.0,48007000.0,0.216,48007000.0,41093000.0,34382000.0,0.246,0.23,0.246,115429000.0,77281250.0,115429000.0,802514860.0,20.0,16.717,27240000.0,0.205,1.0,120840000.0,0.544,16731000.0,6711000.0,103532000.0,115884500.0,52368000.0,0.0,0.0,0.0,64674000.0,55714000.0,8960000.0,794074860.0,-743000.0,249000.0,51681000.0,-80516000.0,0.0,-28835000.0,-5181000.0,0.0,32670000.0,603000.0,30728000.0,30728000.0,30728000.0,0.0,0.0,0.138,80537000.0,40303000.0,21995000.0,0.0,6.879,25.842,24.263,12530000.0,0.0,5.969,3.577,3.577,50894000.0,-76196000.0,221999000.0,221999000.0,28219000.0,0.181,0.398,0.355,0.185,0.0,52318000.0,1.0,133038720.0,133038720.0,,1.669,163372000.0,23921000.0,3654000.0,1812000.0,1.228,77258000.0
77,FLIR,MRT,2001-12-31,2001-12-31,2001-12-31,2021-05-06,-4791000.0,185038000.0,163438500.0,140421000.0,44617000.0,1.312,0.858,-4242000.0,15514000.0,15514000.0,97541000.0,25934000.0,1.978,0.765,23954000.0,23954000.0,0.0,23954000.0,5314000.0,7500000.0,0.0,0.0,0.0,38590000.0,46090000.0,0.215,46090000.0,38590000.0,28743000.0,0.215,0.203,0.215,104848000.0,56421000.0,104848000.0,632987650.0,16.0,13.734,23467000.0,0.192,1.0,116832000.0,0.545,16811000.0,9847000.0,105686000.0,131950000.0,46560000.0,0.0,0.0,0.0,80190000.0,70981000.0,9209000.0,579470650.0,3656000.0,249000.0,50056000.0,-70350000.0,0.0,-20294000.0,-3993000.0,0.0,27709000.0,234000.0,25934000.0,25934000.0,25934000.0,0.0,0.0,0.121,79096000.0,37736000.0,18428000.0,0.0,5.527,22.344,22.047,10806000.0,0.0,4.74,2.703,2.703,57965000.0,-84864000.0,214373000.0,214373000.0,27235000.0,0.159,0.46,0.292,0.18,0.0,51861000.0,1.0,122251192.0,122251192.0,,1.754,168227000.0,23921000.0,2809000.0,747000.0,1.376,69440000.0
78,FLIR,MRT,2001-09-30,2001-09-30,2001-09-30,2021-05-06,-5360000.0,161996000.0,158926750.0,118093000.0,43903000.0,1.3,0.408,-5665000.0,13083000.0,13083000.0,94939000.0,18247000.0,1.138,2.29,66600000.0,66600000.0,0.0,66600000.0,0.0,7456000.0,0.0,0.0,0.0,34659000.0,42115000.0,0.204,42115000.0,34659000.0,22578000.0,0.155,0.149,0.155,49244000.0,37465250.0,49244000.0,684245746.0,20.0,16.247,33852000.0,0.28,1.0,111634000.0,0.54,17178000.0,12081000.0,94531000.0,149611750.0,45929000.0,0.0,0.0,0.0,112752000.0,103804000.0,8948000.0,619386746.0,7435000.0,0.0,5552000.0,-32103000.0,0.0,-26551000.0,-5665000.0,0.0,39517000.0,134000.0,18247000.0,18247000.0,18247000.0,0.0,0.0,0.088,77654000.0,33980000.0,10993000.0,0.0,12.578,33.945,33.089,13467000.0,0.0,5.129,2.998,2.998,41166000.0,-95127000.0,206573000.0,206573000.0,24692000.0,0.115,0.487,0.232,0.168,0.0,52962000.0,1.0,120767584.0,120767584.0,,1.711,144818000.0,23715000.0,4331000.0,1156000.0,1.199,14289000.0
79,FLIR,MRT,2001-06-30,2001-06-30,2001-06-30,2021-05-06,-5392000.0,151811000.0,159822750.0,108214000.0,43597000.0,1.245,0.337,-6404000.0,8101000.0,8101000.0,102616000.0,-6075000.0,2.649,2.833,72960000.0,8054000.0,64906000.0,72960000.0,0.0,8244000.0,0.0,0.0,0.0,13704000.0,21948000.0,0.11,21948000.0,13704000.0,1162000.0,-0.053,-0.055,-0.053,39604000.0,31534000.0,39604000.0,442849358.0,32.0,20.177,24887000.0,0.212,1.0,96370000.0,0.484,16031000.0,12542000.0,159789000.0,152755250.0,45731000.0,0.0,0.0,0.0,112207000.0,40850000.0,71357000.0,367593358.0,1474000.0,0.0,2385000.0,-25237000.0,0.0,-22852000.0,-6404000.0,0.0,31291000.0,-561000.0,-6075000.0,-6075000.0,-6075000.0,0.0,0.0,-0.031,83407000.0,12963000.0,8568000.0,0.0,9.282,-60.509,-59.033,14959000.0,0.0,3.129,1.847,1.847,39301000.0,-101300000.0,198986000.0,198986000.0,25455000.0,-0.038,-0.193,0.09,0.069,0.0,57952000.0,1.0,117488888.0,117488888.0,,1.694,135780000.0,23715000.0,7237000.0,892000.0,1.156,67364000.0
80,FLIR,MRT,2001-03-31,2001-03-31,2001-03-31,2021-05-06,-5547000.0,154909000.0,167972000.0,110730000.0,44179000.0,1.192,0.276,-6434000.0,9014000.0,9014000.0,109777000.0,-18274000.0,2.407,3.843,84270000.0,14364000.0,69906000.0,84270000.0,0.0,9185000.0,0.0,0.0,0.0,1355000.0,10540000.0,0.053,10540000.0,1355000.0,-12029000.0,-0.156,-0.156,-0.156,31988000.0,33142750.0,31988000.0,211312955.0,156.0,20.049,13100000.0,0.113,1.0,90374000.0,0.452,16363000.0,13384000.0,167794000.0,144164750.0,50058000.0,0.0,0.0,0.0,122921000.0,46008000.0,76913000.0,118257955.0,584000.0,0.0,841000.0,-12686000.0,0.0,-11845000.0,-6434000.0,0.0,19534000.0,-671000.0,-18274000.0,-18274000.0,-18274000.0,0.0,0.0,-0.091,89643000.0,731000.0,9563000.0,0.0,3.697,-6.471,-6.535,15121000.0,0.0,1.02,0.591,0.591,36237000.0,-106924000.0,200151000.0,200151000.0,28334000.0,-0.109,-0.551,0.009,0.007,0.0,61309000.0,1.0,115996032.0,115996032.0,,1.725,138546000.0,23715000.0,6245000.0,751000.0,1.194,64722000.0
81,FLIR,MRT,2000-12-31,2000-12-31,2000-12-31,2021-05-06,-4440000.0,166991000.0,178841750.0,124888000.0,42103000.0,1.042,0.25,-7279000.0,11858000.0,11858000.0,104116000.0,-26054000.0,2.212,4.753,94304000.0,18819000.0,75485000.0,94304000.0,1599000.0,9719000.0,0.0,0.0,0.0,-10307000.0,-588000.0,-0.003,-588000.0,-10307000.0,-22329000.0,-0.225,-0.225,-0.225,29025000.0,38290250.0,29025000.0,173715741.0,-17.0,-295.435,-3369000.0,-0.029,1.0,82241000.0,0.441,16635000.0,12022000.0,176333000.0,134478500.0,55495000.0,0.0,0.0,0.0,137966000.0,56469000.0,81497000.0,80660741.0,7603000.0,0.0,801000.0,10476000.0,0.0,11277000.0,-7279000.0,0.0,3910000.0,-305000.0,-26054000.0,-26054000.0,-26054000.0,0.0,0.0,-0.14,93066000.0,-10825000.0,16247000.0,0.0,2.779,-3.096,-3.091,12857000.0,0.0,0.695,0.433,0.433,39663000.0,-110798000.0,186357000.0,186357000.0,29150000.0,-0.146,-0.68,-0.077,-0.055,0.0,63916000.0,1.0,115996032.0,115996032.0,,1.607,150356000.0,23715000.0,3725000.0,2217000.0,1.296,68419000.0
82,FLIR,MRT,2000-09-30,2000-09-30,2000-09-30,2021-05-06,-5103000.0,165580000.0,186215750.0,114111000.0,51469000.0,0.952,0.22,-5815000.0,5648000.0,5648000.0,116444000.0,-58759000.0,0.844,5.488,99331000.0,97923000.0,1408000.0,99331000.0,0.0,11052000.0,0.0,0.0,0.0,-43941000.0,-32889000.0,-0.186,-32889000.0,-43941000.0,-56246000.0,-0.51,-0.51,-0.51,25519000.0,45088750.0,25519000.0,178566480.0,-4.0,-5.429,-26418000.0,-0.228,1.0,60765000.0,0.343,16976000.0,12305000.0,107105000.0,121204250.0,59607000.0,0.0,0.0,0.0,140061000.0,135182000.0,4879000.0,86874480.0,1508000.0,0.0,871000.0,27445000.0,0.0,28316000.0,-5815000.0,0.0,-20603000.0,-390000.0,-58759000.0,-58759000.0,-58759000.0,0.0,0.0,-0.332,106813000.0,-46048000.0,11647000.0,0.0,3.404,-1.478,-1.471,17129000.0,0.0,0.75,0.49,0.49,35893000.0,-113373000.0,177209000.0,177209000.0,32527000.0,-0.316,-1.303,-0.363,-0.248,0.0,70137000.0,1.0,115832640.0,115832640.0,,1.53,148604000.0,26597000.0,2513000.0,1758000.0,1.283,-21071000.0
83,FLIR,MRT,2000-06-30,2000-06-30,2000-06-30,2021-05-06,-2647000.0,184408000.0,199929250.0,130784000.0,53624000.0,0.915,0.399,-7225000.0,6627000.0,6627000.0,108612000.0,-40417000.0,0.98,3.005,98412000.0,97252000.0,1160000.0,98412000.0,0.0,10685000.0,0.0,0.0,0.0,-29751000.0,-19066000.0,-0.104,-19066000.0,-29751000.0,-40325000.0,-0.353,-0.353,-0.353,46039000.0,63186250.0,46039000.0,173361858.0,-6.0,-9.093,-28673000.0,-0.248,1.0,74254000.0,0.406,17316000.0,10574000.0,125427000.0,133265250.0,67915000.0,0.0,0.0,0.0,138369000.0,133450000.0,4919000.0,93788858.0,1191000.0,0.0,1381000.0,28572000.0,0.0,29953000.0,-7225000.0,0.0,-21448000.0,-89000.0,-40417000.0,-40417000.0,-40417000.0,0.0,0.0,-0.221,105870000.0,-31616000.0,12307000.0,0.0,2.037,-2.321,-2.302,19199000.0,0.0,0.812,0.513,0.513,42738000.0,-95225000.0,182866000.0,182866000.0,32065000.0,-0.202,-0.64,-0.223,-0.163,0.0,69132000.0,1.0,115432440.0,115432440.0,,1.584,167092000.0,26386000.0,92000.0,1464000.0,1.448,-2666000.0
84,FLIR,MRT,2000-03-31,2000-03-31,2000-03-31,2021-05-06,-2390000.0,198388000.0,208293000.0,141792000.0,56596000.0,0.846,0.458,-8615000.0,8430000.0,8430000.0,101310000.0,-32104000.0,1.008,2.773,97348000.0,96052000.0,1296000.0,97348000.0,0.0,10649000.0,0.0,0.0,0.0,-22936000.0,-12287000.0,-0.07,-12287000.0,-22936000.0,-31645000.0,-0.281,-0.281,-0.281,52578000.0,74332250.0,52578000.0,198973970.0,-9.0,-16.194,-26477000.0,-0.231,1.0,74886000.0,0.425,17592000.0,8709000.0,129049000.0,137859000.0,73075000.0,0.0,0.0,0.0,145810000.0,140665000.0,5145000.0,131855970.0,1493000.0,0.0,1240000.0,26690000.0,0.0,27930000.0,-8615000.0,0.0,-17862000.0,40000.0,-32104000.0,-32104000.0,-32104000.0,0.0,0.0,-0.182,99958000.0,-25072000.0,15277000.0,0.0,2.508,-4.107,-4.088,20731000.0,0.0,1.149,0.748,0.748,45479000.0,-88650000.0,176196000.0,176196000.0,29387000.0,-0.154,-0.432,-0.166,-0.13,0.0,64924000.0,1.0,114782128.0,114782128.0,,1.535,180796000.0,26386000.0,459000.0,3179000.0,1.575,1127000.0
85,FLIR,MRT,1999-12-31,1999-12-31,1999-12-31,2021-05-06,-2499000.0,196487000.0,211389500.0,139373000.0,57114000.0,0.845,0.49,-7470000.0,4255000.0,4255000.0,123228000.0,-54381000.0,1.033,2.495,83828000.0,82331000.0,1497000.0,83828000.0,0.0,9896000.0,0.0,0.0,0.0,-44243000.0,-34347000.0,-0.192,-34347000.0,-44243000.0,-52086000.0,-0.477,-0.477,-0.477,56219000.0,83451500.0,56219000.0,300269198.0,-7.0,-8.742,-23539000.0,-0.205,1.0,55328000.0,0.31,17932000.0,7843000.0,123236000.0,140965000.0,65074000.0,0.0,0.0,0.0,140268000.0,134892000.0,5376000.0,233151198.0,-538000.0,0.0,1152000.0,21894000.0,0.0,23046000.0,-7470000.0,0.0,-16069000.0,-45000.0,-54381000.0,-54381000.0,-54381000.0,0.0,0.0,-0.305,101643000.0,-46315000.0,22128000.0,0.0,4.147,-4.287,-4.258,20854000.0,0.0,2.031,1.306,1.306,56788000.0,-84744000.0,178556000.0,178556000.0,29443000.0,-0.257,-0.652,-0.314,-0.248,0.0,62899000.0,1.0,114782128.0,114782128.0,,1.556,178555000.0,23715000.0,2295000.0,3207000.0,1.556,4481000.0
86,FLIR,MRT,1999-09-30,1999-09-30,1999-09-30,2021-05-06,-1298000.0,220434000.0,221395500.0,156300000.0,64134000.0,0.733,0.858,-10726000.0,4140000.0,4140000.0,102257000.0,-29631000.0,1.338,1.251,71258000.0,69556000.0,1702000.0,71258000.0,0.0,8839000.0,0.0,0.0,0.0,-27289000.0,-18450000.0,-0.114,-18450000.0,-27289000.0,-30696000.0,-0.269,-0.266,-0.269,97909000.0,98425000.0,97909000.0,248796528.0,-9.0,-13.485,-8530000.0,-0.075,1.0,59980000.0,0.37,15387000.0,3407000.0,155349000.0,155177500.0,68258000.0,0.0,0.0,0.0,122525000.0,116816000.0,5709000.0,184485528.0,-331000.0,0.0,-459000.0,9313000.0,0.0,10548000.0,-13606000.0,0.0,2196000.0,531000.0,-29631000.0,-29631000.0,-29631000.0,0.0,0.0,-0.183,86776000.0,-26796000.0,24236000.0,0.0,1.884,-6.226,-6.013,28229000.0,0.0,1.617,1.137,1.137,69231000.0,-43917000.0,162237000.0,162237000.0,27273000.0,-0.134,-0.301,-0.176,-0.168,0.0,53042000.0,1.0,114055968.0,114055968.0,,1.422,205047000.0,23716000.0,-1065000.0,5070000.0,1.798,39484000.0
87,FLIR,MRT,1999-06-30,1999-06-30,1999-06-30,2021-05-06,-1811000.0,217863000.0,225284250.0,154612000.0,63251000.0,0.767,0.801,-10888000.0,5436000.0,5436000.0,107580000.0,-24093000.0,1.261,1.404,69747000.0,68949000.0,798000.0,69747000.0,0.0,8726000.0,0.0,0.0,0.0,-20473000.0,-11747000.0,-0.068,-11747000.0,-20473000.0,-23169000.0,-0.219,-0.218,-0.219,90623000.0,105443250.0,90623000.0,277506263.0,-14.0,-23.624,-32030000.0,-0.283,1.0,65101000.0,0.377,15763000.0,2696000.0,143802000.0,163829000.0,71972000.0,0.0,0.0,0.0,127240000.0,122609000.0,4631000.0,213785263.0,1316000.0,0.0,31751000.0,2584000.0,0.0,35578000.0,-13768000.0,0.0,-21142000.0,648000.0,-24093000.0,-24093000.0,-24093000.0,0.0,0.0,-0.14,85331000.0,-20230000.0,32509000.0,0.0,2.359,-8.873,-8.63,26989000.0,0.0,1.89,1.238,1.238,60181000.0,-50096000.0,172681000.0,172681000.0,27253000.0,-0.107,-0.228,-0.125,-0.119,0.0,52141000.0,1.0,113113896.0,113113896.0,,1.527,202100000.0,23716000.0,924000.0,4778000.0,1.787,32003000.0
88,FLIR,MRT,1999-03-31,1999-03-31,1999-03-31,2021-05-06,-2297000.0,210774000.0,210661000.0,145232000.0,65542000.0,0.836,0.932,-11663000.0,6937000.0,6937000.0,107220000.0,-22398000.0,1.242,1.367,70658000.0,69776000.0,882000.0,70658000.0,0.0,8380000.0,0.0,0.0,0.0,-17800000.0,-9420000.0,-0.053,-9420000.0,-17800000.0,-20713000.0,-0.198,-0.199,-0.198,89055000.0,102632500.0,89055000.0,251665664.0,-14.0,-26.716,-41258000.0,-0.432,1.0,68968000.0,0.391,16117000.0,2913000.0,141473000.0,156081250.0,64067000.0,0.0,0.0,0.0,121719000.0,116905000.0,4814000.0,216360664.0,610000.0,0.0,32269000.0,10237000.0,0.0,43787000.0,-14543000.0,0.0,-29595000.0,961000.0,-22398000.0,-22398000.0,-22398000.0,0.0,0.0,-0.127,86423000.0,-17455000.0,19807000.0,0.0,2.43,-9.66,-11.439,26707000.0,0.0,2.265,1.228,1.228,62451000.0,-51026000.0,176188000.0,176188000.0,27442000.0,-0.106,-0.218,-0.114,-0.101,0.0,54018000.0,1.0,95523472.0,95523472.0,,1.844,194657000.0,23715000.0,1685000.0,4510000.0,2.038,28327000.0
89,FLIR,MRT,1998-12-31,1998-12-31,1998-12-31,2021-05-06,-2073000.0,236511000.0,195712250.0,173488000.0,63023000.0,0.906,1.216,-13421000.0,4793000.0,4793000.0,87384000.0,3590000.0,1.786,1.037,61934000.0,42638000.0,19296000.0,61934000.0,0.0,8477000.0,0.0,0.0,0.0,8558000.0,17035000.0,0.096,17035000.0,8558000.0,5396000.0,0.035,0.034,0.035,116113000.0,99297750.0,116113000.0,312920090.0,37.0,18.369,-43183000.0,-0.452,1.0,89870000.0,0.507,16424000.0,3162000.0,180086000.0,145603500.0,71416000.0,0.0,0.0,0.0,120398000.0,97142000.0,23256000.0,277615090.0,-2752000.0,0.0,32676000.0,8594000.0,0.0,43507000.0,-16301000.0,0.0,-29762000.0,-196000.0,3590000.0,3590000.0,3590000.0,0.0,0.0,0.02,81312000.0,8558000.0,24031000.0,0.0,2.391,77.33,83.036,26775000.0,0.0,2.906,1.566,1.566,84442000.0,-24124000.0,177254000.0,177254000.0,26958000.0,0.018,0.036,0.059,0.048,0.0,53045000.0,1.0,95523472.0,95523472.0,,1.856,220087000.0,22703000.0,1806000.0,3893000.0,2.304,76346000.0
90,FLIR,MRT,1998-09-30,1998-09-30,1998-09-30,2021-05-06,-2073000.0,235989000.0,182904000.0,179144000.0,56845000.0,1.262,1.586,-17469000.0,4793000.0,4793000.0,127687000.0,-24197000.0,2.065,0.873,61934000.0,42638000.0,19296000.0,61934000.0,0.0,8659000.0,0.0,0.0,0.0,-27000000.0,-18341000.0,-0.079,-18341000.0,-27000000.0,-33226000.0,-0.468,-0.465,-0.468,125982000.0,89258250.0,125982000.0,173204911.0,-6.0,-9.444,-48345000.0,-0.608,1.0,103086000.0,0.447,16424000.0,6226000.0,189955000.0,133406250.0,70312000.0,0.0,0.0,0.0,110007000.0,86751000.0,23256000.0,131591911.0,-85000.0,0.0,32809000.0,13388000.0,0.0,48422000.0,-16664000.0,0.0,-30876000.0,-967000.0,-24197000.0,-24197000.0,-24197000.0,0.0,0.0,-0.105,131289000.0,-28203000.0,24031000.0,0.0,1.045,-5.438,-3.539,26775000.0,0.0,1.656,0.57,0.57,91202000.0,-14255000.0,230773000.0,230773000.0,28927000.0,-0.132,-0.271,-0.202,-0.117,0.0,65912000.0,1.0,79451720.0,79451720.0,,2.905,219565000.0,16525000.0,-9029000.0,3893000.0,2.764,92393000.0
91,FLIR,MRT,1998-06-30,1998-06-30,1998-06-30,2021-05-06,-1232000.0,159370000.0,,102806000.0,56564000.0,,1.005,-16613000.0,3137000.0,3137000.0,112112000.0,-27491000.0,1.377,1.008,44750000.0,43401000.0,1349000.0,44750000.0,0.0,7274000.0,0.0,0.0,0.0,-32435000.0,-25161000.0,-0.127,-25161000.0,-32435000.0,-38329000.0,-0.464,-0.464,-0.464,79380000.0,,79380000.0,203591596.0,-6.0,-8.092,-29163000.0,-0.369,1.0,86563000.0,0.436,13525000.0,5894000.0,112811000.0,,39502000.0,0.0,0.0,0.0,79990000.0,74647000.0,5343000.0,170346596.0,671000.0,0.0,331000.0,27179000.0,0.0,30186000.0,-15808000.0,0.0,-12550000.0,-1157000.0,-27491000.0,-27491000.0,-27491000.0,0.0,0.0,-0.138,119983000.0,-33420000.0,22442000.0,0.0,2.146,-6.196,-4.647,21845000.0,0.0,2.156,0.857,0.857,56876000.0,-19286000.0,198675000.0,198675000.0,25780000.0,,,,-0.163,0.0,57753000.0,1.0,79001320.0,79001320.0,,2.515,145845000.0,16880000.0,-10838000.0,1730000.0,1.846,28159000.0
92,FLIR,MRT,1998-03-31,1998-03-31,1998-03-31,2021-05-06,-1471000.0,150979000.0,,95663000.0,55316000.0,,0.96,-14287000.0,5425000.0,5425000.0,98908000.0,-29474000.0,1.371,0.994,38670000.0,37133000.0,1537000.0,38670000.0,0.0,5455000.0,0.0,0.0,0.0,-35677000.0,-30222000.0,-0.179,-30222000.0,-35677000.0,-40933000.0,-0.467,-0.466,-0.467,75716000.0,,75716000.0,227238330.0,-6.0,-7.519,-20877000.0,-0.265,1.0,70309000.0,0.415,14891000.0,5256000.0,99562000.0,,38542000.0,0.0,0.0,0.0,75263000.0,69771000.0,5492000.0,199612330.0,4040000.0,0.0,-5000.0,22897000.0,0.0,25530000.0,-13482000.0,0.0,-6590000.0,-1418000.0,-29474000.0,-29474000.0,-29474000.0,0.0,0.0,-0.174,106883000.0,-36574000.0,19684000.0,0.0,2.636,-6.772,-5.42,19712000.0,0.0,2.531,1.18,1.18,47567000.0,-22041000.0,169217000.0,169217000.0,21324000.0,,,,-0.211,0.0,49109000.0,1.0,78859192.0,78859192.0,,2.146,136088000.0,16880000.0,-11459000.0,842000.0,1.726,25892000.0
93,FLIR,MRT,1997-12-31,1997-12-31,1997-12-31,2021-05-06,-411000.0,185278000.0,130191000.0,135494000.0,49784000.0,1.113,0.963,-12608000.0,7545000.0,7545000.0,86835000.0,-29188000.0,1.599,1.439,53340000.0,32706000.0,20634000.0,53340000.0,0.0,4165000.0,0.0,0.0,0.0,-36643000.0,-32478000.0,-0.224,-32478000.0,-36643000.0,-40736000.0,-0.461,-0.461,-0.461,75955000.0,62963000.0,75955000.0,,,,-18013000.0,-0.228,1.0,58099000.0,0.401,15056000.0,4093000.0,131297000.0,98891000.0,49014000.0,0.0,0.0,0.0,109323000.0,84720000.0,24603000.0,204541029.0,4749000.0,805000.0,0.0,20483000.0,0.0,22165000.0,-11803000.0,0.0,-5405000.0,-208000.0,-29188000.0,-29188000.0,-29188000.0,0.0,0.0,-0.201,95282000.0,-37183000.0,27539000.0,0.0,2.693,-7.008,-5.626,20535000.0,0.0,2.594,1.411,1.411,66999000.0,-31031000.0,144934000.0,144934000.0,17607000.0,-0.224,-0.464,-0.371,-0.253,0.0,41225000.0,1.0,78859192.0,78859192.0,,1.838,170222000.0,18472000.0,-11548000.0,1440000.0,2.159,50774000.0
94,FLIR,MRT,1997-09-30,1997-09-30,1997-09-30,2021-05-06,,,,,,,,,,,,,,,,,,,,,,0.0,0.0,,,,,,,,,,,,,,,,,,1.0,,,,,,,,,,,,,,,,,,,,,,,,,,,,,,,,,,,,,,,,2.485,,,,,,,,,,,,,,1.0,,,,,,,,,,
95,FLIR,MRT,1997-06-30,1997-06-30,1997-06-30,2021-05-06,,,,,,,,,,,,,,,,,,,,,,0.0,0.0,,,,,,,,,,,,,,,,,,1.0,,,,,,,,,,,,,,,,,,,,,,,,,,,,,,,,,,,,,,,,1.969,,,,,,,,,,,,,,1.0,,,,,,,,,,
96,FLIR,MRT,1997-03-31,1997-03-31,1997-03-31,2021-05-06,,,,,,,,,,,,,,,,,,,,,,0.0,0.0,,,,,,,,,,,,,,,,,,1.0,,,,,,,,,,,,,,,,,,,,,,,,,,,,,,,,,,,,,,,,2.031,,,,,,,,,,,,,,1.0,,,,,,,,,,
97,FLIR,MRT,1996-12-31,1996-12-31,1996-12-31,2021-05-06,-173000.0,75104000.0,,64150000.0,10954000.0,,,-7428000.0,775000.0,775000.0,57864000.0,6593000.0,3.214,0.503,12915000.0,7742000.0,5173000.0,12915000.0,0.0,3178000.0,0.0,0.0,0.0,10786000.0,13964000.0,0.125,13964000.0,10786000.0,9316000.0,0.111,0.107,0.111,49971000.0,,49971000.0,,,,-16529000.0,,1.0,53921000.0,0.482,799000.0,1470000.0,66485000.0,,33513000.0,0.0,0.0,0.0,25133000.0,19960000.0,5173000.0,,-7955000.0,0.0,-20300000.0,28027000.0,0.0,8747000.0,-7428000.0,0.0,-9101000.0,-173000.0,6593000.0,6593000.0,6593000.0,830000.0,0.0,0.059,43563000.0,10358000.0,7756000.0,0.0,,,15.484,7137000.0,0.0,1.719,,,28311000.0,8257000.0,111785000.0,111785000.0,13574000.0,,,,0.096,0.0,29989000.0,1.0,,,,,74305000.0,2200000.0,2723000.0,1073000.0,,44190000.0
98,FLIR,MRT,1995-12-31,1995-12-31,1995-12-31,2021-05-06,,,,,,,,-3586000.0,,,22724000.0,3867000.0,,,,,,,,2360000.0,,0.0,0.0,5185000.0,7545000.0,0.151,7545000.0,5185000.0,4390000.0,0.092,0.087,0.092,,,,,,,-7490000.0,,1.0,27401000.0,0.547,,795000.0,,,,,,,,,,,-5029000.0,0.0,77000.0,2020000.0,0.0,2461000.0,-3586000.0,0.0,-3904000.0,0.0,3867000.0,3867000.0,3867000.0,0.0,0.0,0.077,22442000.0,4959000.0,,0.0,,,16.644,,0.0,1.531,,,,,50125000.0,50125000.0,7786000.0,,,,0.103,0.0,14656000.0,1.0,,,,,,,523000.0,,,
