None,ticker,dimension,calendardate,datekey,reportperiod,lastupdated,accoci,assets,assetsavg,assetsc,assetsnc,assetturnover,bvps,capex,cashneq,cashnequsd,cor,consolinc,currentratio,de,debt,debtc,debtnc,debtusd,deferredrev,depamor,deposits,divyield,dps,ebit,ebitda,ebitdamargin,ebitdausd,ebitusd,ebt,eps,epsdil,epsusd,equity,equityavg,equityusd,ev,evebit,evebitda,fcf,fcfps,fxusd,gp,grossmargin,intangibles,intexp,invcap,invcapavg,inventory,investments,investmentsc,investmentsnc,liabilities,liabilitiesc,liabilitiesnc,marketcap,ncf,ncfbus,ncfcommon,ncfdebt,ncfdiv,ncff,ncfi,ncfinv,ncfo,ncfx,netinc,netinccmn,netinccmnusd,netincdis,netincnci,netmargin,opex,opinc,payables,payoutratio,pb,pe,pe1,ppnenet,prefdivis,price,ps,ps1,receivables,retearn,revenue,revenueusd,rnd,roa,roe,roic,ros,sbcomp,sgna,sharefactor,sharesbas,shareswa,shareswadil,sps,tangibles,taxassets,taxexp,taxliabilities,tbvps,workingcapital
0,USB,MRY,2020-12-31,2020-12-31,2020-12-31,2021-09-07,322000000.0,553905000000.0,545980250000.0,,,0.036,35.186,0.0,62580000000.0,62580000000.0,0.0,4985000000.0,,9.42,53063000000.0,,,53063000000.0,0.0,527000000.0,429770000000.0,0.036,1.68,6025000000.0,6552000000.0,0.337,6552000000.0,6025000000.0,6025000000.0,3.06,3.06,3.06,53095000000.0,52260500000.0,53095000000.0,82303961049.0,14.0,12.562,3716000000.0,2.463,1.0,19420000000.0,1.0,12782000000.0,0.0,531606000000.0,544748000000.0,0.0,435994000000.0,,,500180000000.0,,,70184961049.0,40175000000.0,0.0,-1657000000.0,-11932000000.0,-2552000000.0,51899000000.0,-15440000000.0,-14804000000.0,3716000000.0,0.0,4959000000.0,4621000000.0,4621000000.0,0.0,26000000.0,0.238,13369000000.0,6051000000.0,0.0,0.549,1.322,15.188,15.225,3468000000.0,338000000.0,46.59,3.614,3.62,0.0,64188000000.0,19420000000.0,19420000000.0,0.0,0.008,0.088,0.011,0.31,0.0,11360000000.0,1.0,1506438314.0,1509000000,1510000000.0,12.869,541123000000.0,0.0,1066000000.0,0.0,358.597,
1,USB,MRY,2019-12-31,2019-12-31,2019-12-31,2021-09-07,-1373000000.0,495426000000.0,485147750000.0,,,0.044,32.798,0.0,22405000000.0,22405000000.0,0.0,6946000000.0,,8.542,63890000000.0,,,63890000000.0,0.0,502000000.0,361916000000.0,0.027,1.58,8562000000.0,9064000000.0,0.424,9064000000.0,8562000000.0,8562000000.0,4.16,4.16,4.16,51853000000.0,52585000000.0,51853000000.0,133183629834.0,16.0,14.694,4889000000.0,3.092,1.0,21379000000.0,1.0,12878000000.0,0.0,524033000000.0,512159000000.0,0.0,420273000000.0,,,442943000000.0,,,92602629834.0,952000000.0,0.0,-4437000000.0,8364000000.0,-2443000000.0,17623000000.0,-21560000000.0,-20265000000.0,4889000000.0,0.0,6914000000.0,6583000000.0,6583000000.0,0.0,32000000.0,0.308,12785000000.0,8594000000.0,0.0,0.38,1.786,14.067,14.252,3702000000.0,331000000.0,59.29,4.331,4.385,0.0,63186000000.0,21379000000.0,21379000000.0,0.0,0.014,0.125,0.017,0.4,0.0,10999000000.0,1.0,1561859164.0,1581000000,1583000000.0,13.522,482548000000.0,0.0,1648000000.0,0.0,305.217,
2,USB,MRY,2018-12-31,2018-12-31,2018-12-31,2021-09-07,-2322000000.0,467374000000.0,463357250000.0,,,0.046,31.229,0.0,21453000000.0,21453000000.0,0.0,7124000000.0,,8.147,55479000000.0,,,55479000000.0,0.0,467000000.0,345475000000.0,0.029,1.34,8650000000.0,9117000000.0,0.431,9117000000.0,8650000000.0,8650000000.0,4.15,4.14,4.15,51029000000.0,50054750000.0,51029000000.0,118535445987.0,14.0,13.002,10564000000.0,6.465,1.0,21142000000.0,1.0,12761000000.0,0.0,488639000000.0,487144250000.0,0.0,397058000000.0,,,415717000000.0,,,73855445987.0,1948000000.0,0.0,-2736000000.0,6638000000.0,-2092000000.0,361000000.0,-8977000000.0,-8688000000.0,10564000000.0,0.0,7096000000.0,6784000000.0,6784000000.0,0.0,28000000.0,0.321,12464000000.0,8678000000.0,0.0,0.323,1.447,10.887,11.012,2457000000.0,312000000.0,45.7,3.493,3.532,0.0,59065000000.0,21142000000.0,21142000000.0,0.0,0.015,0.136,0.018,0.409,0.0,10594000000.0,1.0,1616092910.0,1634000000,1638000000.0,12.939,454613000000.0,0.0,1554000000.0,0.0,278.221,
3,USB,MRY,2017-12-31,2017-12-31,2017-12-31,2021-09-07,-1404000000.0,462040000000.0,458658250000.0,,,0.044,29.243,0.0,19505000000.0,19505000000.0,0.0,6253000000.0,,8.409,48910000000.0,,,48910000000.0,0.0,468000000.0,347215000000.0,0.022,1.16,7482000000.0,7950000000.0,0.391,7950000000.0,7482000000.0,7482000000.0,3.53,3.51,3.53,49040000000.0,48470250000.0,49040000000.0,118746536674.0,16.0,14.937,6472000000.0,3.859,1.0,20307000000.0,1.0,12662000000.0,0.0,478783000000.0,473620000000.0,0.0,427441000000.0,,,412374000000.0,,,88915536674.0,3800000000.0,0.0,-2472000000.0,1605000000.0,-1928000000.0,9454000000.0,-12126000000.0,-11722000000.0,6472000000.0,0.0,6218000000.0,5913000000.0,5913000000.0,0.0,35000000.0,0.291,12790000000.0,7517000000.0,0.0,0.329,1.813,15.037,15.178,2432000000.0,305000000.0,53.58,4.379,4.425,0.0,54142000000.0,20307000000.0,20307000000.0,0.0,0.013,0.122,0.016,0.368,0.0,10086000000.0,1.0,1659491166.0,1677000000,1683000000.0,12.109,449378000000.0,0.0,1264000000.0,0.0,267.965,
4,USB,MRY,2016-12-31,2016-12-31,2016-12-31,2021-09-07,-1535000000.0,445964000000.0,441799750000.0,,,0.044,27.531,0.0,15705000000.0,15705000000.0,0.0,5944000000.0,,8.415,47286000000.0,,,47286000000.0,0.0,470000000.0,334590000000.0,0.021,1.07,8049000000.0,8519000000.0,0.434,8519000000.0,8049000000.0,8049000000.0,3.25,3.24,3.25,47298000000.0,47300500000.0,47298000000.0,117321375384.0,15.0,13.772,5336000000.0,3.106,1.0,19632000000.0,1.0,12647000000.0,0.0,464898000000.0,467070250000.0,0.0,415169000000.0,,,398031000000.0,,,87312375384.0,4558000000.0,0.0,-2201000000.0,-12694000000.0,-1810000000.0,17180000000.0,-17958000000.0,-18280000000.0,5336000000.0,0.0,5888000000.0,5589000000.0,5589000000.0,0.0,56000000.0,0.285,11527000000.0,8105000000.0,0.0,0.329,1.846,15.622,15.806,2443000000.0,299000000.0,51.37,4.447,4.495,0.0,50151000000.0,19632000000.0,19632000000.0,0.0,0.013,0.118,0.017,0.41,0.0,9333000000.0,1.0,1699676375.0,1718000000,1724000000.0,11.427,433317000000.0,0.0,2161000000.0,0.0,252.222,
5,USB,MRY,2015-12-31,2015-12-31,2015-12-31,2021-09-07,-1019000000.0,421853000000.0,416776000000.0,,,0.045,26.151,0.0,11147000000.0,11147000000.0,0.0,5933000000.0,,8.13,59955000000.0,,,59955000000.0,0.0,481000000.0,300400000000.0,0.024,1.01,7976000000.0,8457000000.0,0.446,8457000000.0,7976000000.0,7976000000.0,3.18,3.16,3.18,46131000000.0,45005000000.0,46131000000.0,123606385236.0,15.0,14.616,8782000000.0,4.978,1.0,18961000000.0,1.0,12711000000.0,0.0,457950000000.0,451972250000.0,0.0,395482000000.0,,,375036000000.0,,,74637385236.0,493000000.0,0.0,-1895000000.0,-2260000000.0,-1777000000.0,12861000000.0,-21150000000.0,-19624000000.0,8782000000.0,0.0,5879000000.0,5608000000.0,5608000000.0,0.0,54000000.0,0.296,10931000000.0,8030000000.0,0.0,0.318,1.618,13.309,13.418,2513000000.0,271000000.0,42.67,3.936,3.97,0.0,46377000000.0,18961000000.0,18961000000.0,0.0,0.013,0.125,0.018,0.421,0.0,8938000000.0,1.0,1749177062.0,1764000000,1772000000.0,10.749,409142000000.0,0.0,2097000000.0,0.0,231.94,
6,USB,MRY,2014-12-31,2014-12-31,2014-12-31,2021-09-07,-896000000.0,402529000000.0,388541750000.0,,,0.048,24.115,0.0,10654000000.0,10654000000.0,0.0,5908000000.0,,8.242,62153000000.0,,,62153000000.0,0.0,501000000.0,282733000000.0,0.021,0.965,7938000000.0,8439000000.0,0.451,8439000000.0,7938000000.0,7938000000.0,3.1,3.08,3.1,43479000000.0,42843500000.0,43479000000.0,135062918006.0,17.0,16.005,5332000000.0,2.957,1.0,18710000000.0,1.0,12551000000.0,0.0,441477000000.0,424781000000.0,0.0,376706000000.0,,,358361000000.0,,,80432918006.0,2177000000.0,3436000000.0,-1747000000.0,14551000000.0,-1726000000.0,26657000000.0,-29812000000.0,-33754000000.0,5332000000.0,0.0,5851000000.0,5583000000.0,5583000000.0,0.0,57000000.0,0.298,10715000000.0,7995000000.0,0.0,0.311,1.85,14.407,14.5,2618000000.0,268000000.0,44.95,4.299,4.332,0.0,42530000000.0,18710000000.0,18710000000.0,0.0,0.014,0.13,0.019,0.424,0.0,8538000000.0,1.0,1789386385.0,1803000000,1813000000.0,10.377,389978000000.0,0.0,2087000000.0,0.0,216.294,
7,USB,MRY,2013-12-31,2013-12-31,2013-12-31,2021-09-07,-1071000000.0,364021000000.0,358391000000.0,,,0.05,22.356,0.0,8477000000.0,8477000000.0,0.0,5732000000.0,,7.837,47657000000.0,,,47657000000.0,0.0,520000000.0,262123000000.0,0.022,0.885,7868000000.0,8388000000.0,0.465,8388000000.0,7868000000.0,7868000000.0,3.02,3.0,3.02,41113000000.0,40114750000.0,41113000000.0,107045719738.0,14.0,12.762,11446000000.0,6.224,1.0,18038000000.0,1.0,12734000000.0,0.0,390467000000.0,385212500000.0,0.0,340204000000.0,,,322214000000.0,,,73782719738.0,225000000.0,-58000000.0,-1758000000.0,464000000.0,-1576000000.0,9803000000.0,-21024000000.0,-20663000000.0,11446000000.0,0.0,5836000000.0,5552000000.0,5552000000.0,0.0,-104000000.0,0.308,10274000000.0,7764000000.0,0.0,0.293,1.795,13.289,13.377,2606000000.0,284000000.0,40.4,4.09,4.119,0.0,38667000000.0,18038000000.0,18038000000.0,0.0,0.015,0.138,0.02,0.436,0.0,8356000000.0,1.0,1826304944.0,1839000000,1849000000.0,9.809,351287000000.0,0.0,2032000000.0,0.0,191.021,
8,USB,MRY,2012-12-31,2012-12-31,2012-12-31,2021-09-07,-923000000.0,353855000000.0,350001500000.0,,,0.052,20.667,0.0,8252000000.0,8252000000.0,0.0,5490000000.0,,8.041,51818000000.0,,,51818000000.0,0.0,561000000.0,249183000000.0,0.024,0.78,7883000000.0,8444000000.0,0.464,8444000000.0,7883000000.0,7883000000.0,2.85,2.84,2.85,38998000000.0,37837750000.0,38998000000.0,104794036708.0,13.0,12.41,7958000000.0,4.217,1.0,18182000000.0,1.0,11849000000.0,0.0,385572000000.0,383466500000.0,0.0,301409000000.0,,,313588000000.0,,,60059036708.0,-5710000000.0,94000000.0,-1461000000.0,-10616000000.0,-1347000000.0,6585000000.0,-20253000000.0,-19086000000.0,7958000000.0,0.0,5647000000.0,5383000000.0,5383000000.0,0.0,-157000000.0,0.296,10456000000.0,7726000000.0,0.0,0.274,1.54,11.157,11.207,2670000000.0,264000000.0,31.94,3.303,3.315,0.0,34720000000.0,18182000000.0,18182000000.0,0.0,0.015,0.142,0.021,0.434,0.0,8225000000.0,1.0,1880370592.0,1887000000,1896000000.0,9.635,342006000000.0,0.0,2236000000.0,0.0,181.243,
9,USB,MRY,2011-12-31,2011-12-31,2011-12-31,2021-09-07,-1200000000.0,340122000000.0,325649750000.0,,,0.051,17.752,0.0,13962000000.0,13962000000.0,0.0,4788000000.0,,8.981,62421000000.0,,,62421000000.0,0.0,565000000.0,230885000000.0,0.018,0.5,6713000000.0,7278000000.0,0.44,7278000000.0,6713000000.0,6713000000.0,2.47,2.46,2.47,33978000000.0,32541750000.0,33978000000.0,100567329552.0,15.0,13.818,9820000000.0,5.131,1.0,16540000000.0,1.0,11663000000.0,0.0,376918000000.0,362096000000.0,0.0,283052000000.0,,,305151000000.0,,,51622329552.0,-525000000.0,636000000.0,-334000000.0,-1894000000.0,-817000000.0,22359000000.0,-32704000000.0,-32270000000.0,9820000000.0,0.0,4872000000.0,4721000000.0,4721000000.0,0.0,-84000000.0,0.285,9911000000.0,6629000000.0,0.0,0.202,1.519,10.935,10.951,2657000000.0,151000000.0,27.05,3.121,3.13,0.0,30785000000.0,16540000000.0,16540000000.0,0.0,0.014,0.145,0.019,0.406,0.0,7698000000.0,1.0,1908404050.0,1914000000,1923000000.0,8.642,328459000000.0,0.0,1841000000.0,0.0,171.609,
10,USB,MRY,2010-12-31,2010-12-31,2010-12-31,2021-09-07,-1469000000.0,307786000000.0,291027750000.0,,,0.047,15.439,0.0,14487000000.0,14487000000.0,0.0,3265000000.0,,9.4,64094000000.0,,,64094000000.0,0.0,596000000.0,204252000000.0,0.007,0.2,4252000000.0,4848000000.0,0.357,4848000000.0,4252000000.0,4252000000.0,1.74,1.73,1.74,29519000000.0,28387000000.0,29519000000.0,111960749310.0,26.0,23.094,5241000000.0,2.741,1.0,13583000000.0,1.0,12167000000.0,0.0,345226000000.0,334636500000.0,0.0,253100000000.0,,,277464000000.0,,,51736749310.0,8281000000.0,923000000.0,119000000.0,-758000000.0,-383000000.0,19412000000.0,-16372000000.0,-16359000000.0,5241000000.0,0.0,3317000000.0,3332000000.0,3332000000.0,0.0,-52000000.0,0.245,9383000000.0,4200000000.0,0.0,0.115,1.753,15.527,15.5,2487000000.0,-15000000.0,26.97,3.809,3.796,0.0,27005000000.0,13583000000.0,13583000000.0,0.0,0.011,0.117,0.013,0.313,0.0,7103000000.0,1.0,1918307353.0,1912000000,1921000000.0,7.104,295619000000.0,0.0,935000000.0,0.0,154.612,
11,USB,MRY,2009-12-31,2009-12-31,2009-12-31,2021-09-07,-1484000000.0,281176000000.0,268854500000.0,,,0.041,14.026,0.0,6206000000.0,6206000000.0,0.0,2237000000.0,,9.803,63892000000.0,,,63892000000.0,0.0,607000000.0,183242000000.0,0.009,0.2,2600000000.0,3207000000.0,0.294,3207000000.0,2600000000.0,2600000000.0,0.97,0.97,0.97,25963000000.0,25632000000.0,25963000000.0,99447661471.0,38.0,31.01,7600000000.0,4.106,1.0,10913000000.0,1.0,12417000000.0,0.0,326445000000.0,315998250000.0,0.0,239216000000.0,,,254515000000.0,,,43048661471.0,-653000000.0,3074000000.0,2564000000.0,-10148000000.0,-1025000000.0,-7534000000.0,-719000000.0,-3719000000.0,7600000000.0,0.0,2205000000.0,1803000000.0,1803000000.0,0.0,32000000.0,0.165,8281000000.0,2632000000.0,0.0,0.206,1.658,23.876,23.206,2263000000.0,402000000.0,22.51,3.945,3.818,0.0,24116000000.0,10913000000.0,10913000000.0,0.0,0.007,0.07,0.008,0.238,0.0,6139000000.0,1.0,1912423877.0,1851000000,1859000000.0,5.896,268759000000.0,0.0,395000000.0,0.0,145.197,
12,USB,MRY,2008-12-31,2008-12-31,2008-12-31,2021-09-07,-3363000000.0,265912000000.0,250321500000.0,,,0.046,15.098,0.0,6859000000.0,6859000000.0,0.0,3012000000.0,,9.083,72342000000.0,,,72342000000.0,0.0,573000000.0,159350000000.0,0.068,1.7,4033000000.0,4606000000.0,0.402,4606000000.0,4033000000.0,4033000000.0,1.62,1.61,1.62,26300000000.0,22843750000.0,26300000000.0,114296995605.0,28.0,24.815,5307000000.0,3.046,1.0,11447000000.0,1.0,11405000000.0,0.0,319990000000.0,307825500000.0,0.0,224446000000.0,,,238879000000.0,,,43881995605.0,-2025000000.0,1483000000.0,688000000.0,-8903000000.0,-2959000000.0,8987000000.0,-16319000000.0,-16449000000.0,5307000000.0,0.0,2946000000.0,2819000000.0,2819000000.0,0.0,66000000.0,0.246,7348000000.0,4099000000.0,0.0,1.049,1.669,15.567,15.438,1790000000.0,127000000.0,25.01,3.833,3.806,0.0,22541000000.0,11447000000.0,11447000000.0,0.0,0.011,0.123,0.013,0.352,0.0,5777000000.0,1.0,1754577993.0,1742000000,1756000000.0,6.571,254507000000.0,0.0,1087000000.0,0.0,146.1,
13,USB,MRY,2007-12-31,2007-12-31,2007-12-31,2021-09-07,-936000000.0,237615000000.0,227305250000.0,,,0.058,12.13,0.0,8884000000.0,8884000000.0,0.0,4403000000.0,,10.29,75810000000.0,,,75810000000.0,0.0,619000000.0,131445000000.0,0.051,1.625,6207000000.0,6826000000.0,0.517,6826000000.0,6207000000.0,6207000000.0,2.45,2.42,2.45,21046000000.0,20715500000.0,21046000000.0,122277266417.0,20.0,17.913,2904000000.0,1.674,1.0,13193000000.0,1.0,10690000000.0,0.0,293851000000.0,283482500000.0,0.0,199704000000.0,,,216569000000.0,,,54804266417.0,245000000.0,-111000000.0,-1556000000.0,10628000000.0,-2785000000.0,12482000000.0,-15141000000.0,-13663000000.0,2904000000.0,0.0,4324000000.0,4258000000.0,4258000000.0,0.0,79000000.0,0.323,6907000000.0,6286000000.0,0.0,0.663,2.604,12.871,12.955,1779000000.0,66000000.0,31.74,4.154,4.174,0.0,22693000000.0,13193000000.0,13193000000.0,0.0,0.019,0.206,0.022,0.47,0.0,5209000000.0,1.0,1726662458.0,1735000000,1756000000.0,7.604,226925000000.0,0.0,1883000000.0,0.0,130.793,
14,USB,MRY,2006-12-31,2006-12-31,2006-12-31,2021-09-07,-736000000.0,219232000000.0,214849750000.0,,,0.061,11.922,0.0,8639000000.0,8639000000.0,0.0,4751000000.0,,9.343,64535000000.0,,,64535000000.0,0.0,588000000.0,124882000000.0,0.038,1.39,6815000000.0,7403000000.0,0.563,7403000000.0,6815000000.0,6815000000.0,2.64,2.61,2.64,21197000000.0,20698500000.0,21197000000.0,123274944932.0,18.0,16.652,5391000000.0,3.032,1.0,13149000000.0,1.0,10765000000.0,0.0,264363000000.0,260238250000.0,0.0,184948000000.0,,,198035000000.0,,,63616944932.0,635000000.0,-600000000.0,-1888000000.0,7785000000.0,-2359000000.0,4061000000.0,-8817000000.0,-7936000000.0,5391000000.0,0.0,4703000000.0,4703000000.0,4703000000.0,0.0,48000000.0,0.358,6286000000.0,6863000000.0,0.0,0.527,3.001,13.527,13.708,1835000000.0,0.0,36.19,4.838,4.894,0.0,21242000000.0,13149000000.0,13149000000.0,0.0,0.022,0.227,0.026,0.518,0.0,4945000000.0,1.0,1757859766.0,1778000000,1804000000.0,7.395,208467000000.0,0.0,2112000000.0,0.0,117.248,
15,USB,MRY,2005-12-31,2005-12-31,2005-12-31,2021-09-07,-429000000.0,209465000000.0,204701750000.0,,,0.061,10.97,0.0,8004000000.0,8004000000.0,0.0,4489000000.0,,9.428,57269000000.0,,,57269000000.0,0.0,689000000.0,124709000000.0,0.041,1.23,6571000000.0,7260000000.0,0.584,7260000000.0,6571000000.0,6571000000.0,2.45,2.42,2.45,20086000000.0,19764750000.0,20086000000.0,106775578353.0,16.0,14.707,3477000000.0,1.899,1.0,12434000000.0,1.0,9879000000.0,0.0,248851000000.0,244845750000.0,0.0,177219000000.0,,,189379000000.0,,,54290578353.0,1665000000.0,-1008000000.0,-1484000000.0,9787000000.0,-2245000000.0,10026000000.0,-11838000000.0,-9671000000.0,3477000000.0,0.0,4489000000.0,4489000000.0,4489000000.0,0.0,0.0,0.361,5809000000.0,6625000000.0,0.0,0.502,2.703,12.094,12.2,1841000000.0,0.0,29.89,4.366,4.402,0.0,19001000000.0,12434000000.0,12434000000.0,0.0,0.022,0.227,0.027,0.528,0.0,4577000000.0,1.0,1816345880.0,1831000000,1857000000.0,6.791,199586000000.0,0.0,2082000000.0,0.0,109.004,
16,USB,MRY,2004-12-31,2004-12-31,2004-12-31,2021-09-07,-16000000.0,195104000000.0,192567750000.0,,,0.062,10.355,0.0,6336000000.0,6336000000.0,0.0,4167000000.0,,8.985,47918000000.0,,,47918000000.0,0.0,794000000.0,120741000000.0,0.033,1.02,6176000000.0,6970000000.0,0.583,6970000000.0,6176000000.0,6176000000.0,2.21,2.18,2.21,19539000000.0,19316500000.0,19539000000.0,102308375625.0,17.0,14.678,5305000000.0,2.811,1.0,11961000000.0,1.0,8628000000.0,0.0,228058000000.0,224877000000.0,0.0,167155000000.0,,,175565000000.0,,,58479375625.0,-2245000000.0,-322000000.0,-2079000000.0,3255000000.0,-1820000000.0,1045000000.0,-8595000000.0,-7822000000.0,5305000000.0,0.0,4167000000.0,4167000000.0,4167000000.0,0.0,0.0,0.348,5630000000.0,6331000000.0,0.0,0.462,2.993,14.034,14.172,1890000000.0,0.0,31.32,4.889,4.941,0.0,16758000000.0,11961000000.0,11961000000.0,0.0,0.022,0.216,0.027,0.516,0.0,4293000000.0,1.0,1867157587.0,1887000000,1913000000.0,6.339,186476000000.0,0.0,2009000000.0,0.0,98.821,
17,USB,MRY,2003-12-31,2003-12-31,2003-12-31,2021-09-07,68000000.0,189471000000.0,188859000000.0,,,0.06,10.001,0.0,8630000000.0,8630000000.0,0.0,3733000000.0,,8.847,44787000000.0,,,44787000000.0,0.0,957000000.0,119052000000.0,0.029,0.855,5674000000.0,6631000000.0,0.59,6631000000.0,5674000000.0,5674000000.0,1.94,1.93,1.94,19242000000.0,19092000000.0,19242000000.0,95466043760.0,17.0,14.397,8682000000.0,4.512,1.0,11248000000.0,1.0,8149000000.0,0.0,217479000000.0,214701750000.0,0.0,160818000000.0,,,170229000000.0,,,57438043760.0,-2410000000.0,-382000000.0,72000000.0,6369000000.0,-1557000000.0,8333000000.0,-19425000000.0,-18537000000.0,8682000000.0,0.0,3733000000.0,3733000000.0,3733000000.0,-23000000.0,0.0,0.332,5597000000.0,5651000000.0,0.0,0.441,2.985,15.387,15.351,1957000000.0,0.0,29.78,5.107,5.094,0.0,14508000000.0,11248000000.0,11248000000.0,0.0,0.02,0.196,0.026,0.504,123000000.0,4136000000.0,1.0,1928745593.0,1924000000,1936000000.0,5.846,181322000000.0,0.0,1941000000.0,0.0,94.242,
18,USB,MRY,2002-12-31,2002-12-31,2002-12-31,2021-09-07,784000000.0,180027000000.0,172933500000.0,,,0.062,9.622,0.0,10758000000.0,10758000000.0,0.0,3168100000.0,,8.765,39528000000.0,,,39528000000.0,0.0,838300000.0,115534000000.0,0.037,0.78,4875600000.0,5713900000.0,0.535,5713900000.0,4875600000.0,4875600000.0,1.65,1.65,1.65,18436000000.0,17124000000.0,18436000000.0,74234246542.0,15.0,12.992,3786300000.0,1.976,1.0,10676000000.0,1.0,8646000000.0,0.0,200151000000.0,198675750000.0,0.0,146476000000.0,,,161591000000.0,,,40648246542.0,1446800000.0,1368800000.0,-893400000.0,-5023600000.0,-1480700000.0,-395400000.0,-1944100000.0,-2968800000.0,3786300000.0,0.0,3168100000.0,3168100000.0,3168100000.0,22700000.0,0.0,0.297,5740700000.0,4935300000.0,0.0,0.473,2.205,12.83,12.861,1697000000.0,0.0,21.22,3.807,3.808,0.0,13105000000.0,10676000000.0,10676000000.0,0.0,0.018,0.185,0.025,0.457,113300000.0,4080100000.0,1.0,1915562985.0,1916000000,1924800000.0,5.572,171381000000.0,0.0,1707500000.0,0.0,89.447,
19,USB,MRY,2001-12-31,2001-12-31,2001-12-31,2021-09-07,95000000.0,171390000000.0,166162500000.0,,,0.051,8.538,0.0,9120000000.0,9120000000.0,0.0,1478800000.0,,9.412,43390000000.0,,,43390000000.0,0.0,799100000.0,105219000000.0,0.036,0.75,2297100000.0,3096200000.0,0.365,3096200000.0,2297100000.0,2297100000.0,0.77,0.76,0.77,16461000000.0,15994250000.0,16461000000.0,75022083894.0,33.0,24.23,2181900000.0,1.132,1.0,8491300000.0,1.0,7412000000.0,0.0,198248000000.0,191528750000.0,0.0,142983000000.0,,,154929000000.0,,,40832083894.0,613700000.0,-1081400000.0,-331500000.0,6407000000.0,-1235100000.0,2082300000.0,-3650500000.0,-2292300000.0,2181900000.0,0.0,1478800000.0,1478800000.0,1478800000.0,45200000.0,0.0,0.174,6149000000.0,2342300000.0,0.0,0.974,2.481,27.612,27.182,1741000000.0,0.0,20.93,4.809,4.752,0.0,11918000000.0,8491300000.0,8491300000.0,0.0,0.009,0.092,0.012,0.271,227700000.0,3878900000.0,1.0,1950887907.0,1927900000,1940300000.0,4.404,163978000000.0,0.0,818300000.0,0.0,85.055,
20,USB,MRY,2000-12-31,2000-12-31,2000-12-31,2021-09-07,95000000.0,164921000000.0,105129000000.0,,,0.096,7.958,0.0,8475000000.0,8475000000.0,0.0,2875600000.0,,9.873,35292000000.0,,,35292000000.0,0.0,654900000.0,109535000000.0,0.019,0.427,4387800000.0,5042700000.0,0.499,5042700000.0,4387800000.0,4387800000.0,1.51,1.5,1.51,15168000000.0,9746500000.0,15168000000.0,42078060044.0,10.0,8.344,4724100000.0,2.479,1.0,10104800000.0,1.0,5309000000.0,0.0,186429000000.0,122227250000.0,0.0,140394000000.0,,,149753000000.0,,,21938060044.0,-125900000.0,826200000.0,-972200000.0,1287300000.0,-1271300000.0,2447500000.0,-7297500000.0,-7383200000.0,4724100000.0,0.0,2875600000.0,2875600000.0,2875600000.0,0.0,0.0,0.285,5717000000.0,4387800000.0,0.0,0.283,1.446,7.629,15.282,1836000000.0,0.0,23.075,2.171,4.352,0.0,11658000000.0,10104800000.0,10104800000.0,0.0,0.027,0.295,0.036,0.434,0.0,3845300000.0,1.0,950724425.0,1906000000,1918500000.0,5.302,159612000000.0,0.0,1512200000.0,0.0,83.742,
21,USB,MRY,1999-12-31,1999-12-31,1999-12-31,2021-09-07,-62000000.0,81530000000.0,78016500000.0,,,0.121,4.004,0.0,4749000000.0,4749000000.0,0.0,2381800000.0,,9.674,19921000000.0,,,19921000000.0,0.0,600400000.0,51530000000.0,0.021,0.396,3774000000.0,4374400000.0,0.464,4374400000.0,3774000000.0,3774000000.0,1.25,1.23,1.25,7638000000.0,6710500000.0,7638000000.0,33570344381.0,9.0,7.674,4966600000.0,2.603,1.0,9435300000.0,1.0,3066000000.0,0.0,93636000000.0,91142750000.0,0.0,67702000000.0,,,73892000000.0,,,17325344381.0,-663600000.0,-227100000.0,-912400000.0,2906300000.0,-1029700000.0,-2070700000.0,-3559500000.0,-2146300000.0,4966600000.0,0.0,2381800000.0,2381800000.0,2381800000.0,0.0,0.0,0.252,5661300000.0,3774000000.0,0.0,0.317,2.268,7.274,15.058,862000000.0,0.0,18.822,1.836,3.806,0.0,5389000000.0,9435300000.0,9435300000.0,0.0,0.031,0.355,0.041,0.4,0.0,3739200000.0,1.0,920477137.0,1907800000,1930000000.0,4.946,78464000000.0,0.0,1392200000.0,0.0,41.128,
22,USB,MRY,1998-12-31,1998-12-31,1998-12-31,2021-09-07,72000000.0,76438000000.0,73755250000.0,,,0.067,6.503,0.0,4855000000.0,4855000000.0,0.0,1327400000.0,,11.804,18262000000.0,,,18262000000.0,0.0,130400000.0,50034000000.0,0.012,0.331,2093900000.0,2224300000.0,0.45,2224300000.0,2093900000.0,2093900000.0,1.81,1.78,1.81,5970000000.0,6040000000.0,5970000000.0,38210616179.0,18.0,17.179,1372500000.0,1.495,1.0,4938200000.0,1.0,1975000000.0,0.0,87870000000.0,83825250000.0,0.0,64696000000.0,,,70468000000.0,,,25762616179.0,54300000.0,-780200000.0,-743600000.0,3178600000.0,-516400000.0,2587000000.0,-3905200000.0,-2989400000.0,1372500000.0,0.0,1327400000.0,1327400000.0,1327400000.0,0.0,0.0,0.269,2844300000.0,2093900000.0,0.0,0.183,4.315,19.408,15.505,879000000.0,0.0,28.063,5.217,5.217,0.0,4456000000.0,4938200000.0,4938200000.0,0.0,0.018,0.22,0.025,0.424,0.0,1774000000.0,1.0,918019985.0,918019985,,5.379,74463000000.0,0.0,766500000.0,0.0,81.113,
23,USB,MRY,1997-12-31,1997-12-31,1997-12-31,2021-09-07,59000000.0,71295000000.0,53799500000.0,,,0.078,6.323,0.0,4801000000.0,4801000000.0,0.0,838500000.0,,11.104,14674000000.0,,,14674000000.0,0.0,133800000.0,49027000000.0,0.004,0.105,1380100000.0,1513900000.0,0.36,1513900000.0,1380100000.0,1380100000.0,0.893,0.877,0.893,5890000000.0,4448750000.0,5890000000.0,37478163889.0,27.0,24.756,1491400000.0,1.601,1.0,4203000000.0,1.0,1482000000.0,0.0,79686000000.0,60968000000.0,0.0,61409000000.0,,,65405000000.0,,,27478163889.0,-107100000.0,19600000.0,-247500000.0,1550600000.0,-456300000.0,-186000000.0,-1412500000.0,-1424500000.0,1491400000.0,0.0,827900000.0,827900000.0,827900000.0,0.0,10600000.0,0.197,2812300000.0,1390700000.0,0.0,0.118,4.665,33.19,33.031,860000000.0,0.0,29.497,6.538,6.538,0.0,3645000000.0,4203000000.0,4203000000.0,0.0,0.015,0.186,0.023,0.328,0.0,1604400000.0,1.0,931567196.0,931567196,,4.512,69813000000.0,0.0,552200000.0,0.0,74.941,
24,USB,MRY,1996-12-31,1996-12-31,1996-12-31,2021-09-07,5000000.0,69749000000.0,51811500000.0,,,0.087,11.051,0.0,4908000000.0,4908000000.0,0.0,1218700000.0,,11.103,13058000000.0,,,13058000000.0,0.0,150200000.0,49356000000.0,0.014,0.248,1926000000.0,2076200000.0,0.463,2076200000.0,1926000000.0,1926000000.0,1.265,1.241,1.265,5763000000.0,4244000000.0,5763000000.0,,,,1845300000.0,3.538,1.0,4482500000.0,1.0,0.0,0.0,77899000000.0,58855000000.0,0.0,59666000000.0,,,63986000000.0,,,,399800000.0,137200000.0,-1381500000.0,-200000000.0,-414800000.0,-1917900000.0,472400000.0,368500000.0,1845300000.0,0.0,1200300000.0,1200300000.0,1200300000.0,0.0,18400000.0,0.268,2538100000.0,1944400000.0,0.0,0.196,,,14.217,1018000000.0,0.0,17.984,,2.092,0.0,3809000000.0,4482500000.0,4482500000.0,0.0,0.023,0.283,0.033,0.43,0.0,1680800000.0,1.0,,521492274,521492274.0,8.596,69749000000.0,0.0,725700000.0,0.0,133.749,
25,USB,MRY,1995-12-31,1995-12-31,1995-12-31,2021-09-07,23000000.0,33874000000.0,,,,,5.361,-47200000.0,1872000000.0,1872000000.0,0.0,897100000.0,,11.431,7809000000.0,,,7809000000.0,0.0,158900000.0,22514000000.0,0.016,0.211,1401300000.0,1560200000.0,0.4,1560200000.0,1401300000.0,1401300000.0,0.938,0.917,0.938,2725000000.0,,2725000000.0,,,,1403500000.0,2.761,1.0,3896900000.0,1.0,0.0,0.0,39811000000.0,,0.0,29498000000.0,,,31149000000.0,,,,410500000.0,-34700000.0,-632100000.0,866000000.0,-344500000.0,-1100500000.0,60300000.0,48600000.0,1450700000.0,0.0,877400000.0,877400000.0,877400000.0,0.0,19700000.0,0.225,2475900000.0,1421000000.0,0.0,0.225,,,13.942,413000000.0,0.0,13.078,,1.706,0.0,1918000000.0,3896900000.0,3896900000.0,0.0,,,,0.36,0.0,1626900000.0,1.0,,508287234,508287234.0,7.667,33874000000.0,0.0,523900000.0,0.0,66.643,
26,USB,MRY,1994-12-31,1994-12-31,1994-12-31,2021-09-07,,,,,,,,-65100000.0,,,0.0,305000000.0,,,,,,,,74500000.0,,0.021,0.184,484200000.0,558700000.0,0.301,558700000.0,484200000.0,484200000.0,0.567,0.567,0.567,,,,,,,1324200000.0,2.561,1.0,1854700000.0,1.0,,0.0,,,,,,,,,,,-956700000.0,-32700000.0,-205500000.0,2416700000.0,-168600000.0,-2241000000.0,-105000000.0,-126700000.0,1389300000.0,0.0,292400000.0,292400000.0,292400000.0,8500000.0,12600000.0,0.158,1349400000.0,505300000.0,,0.325,,,15.429,,0.0,8.748,,2.439,,,1854700000.0,1854700000.0,0.0,,,,0.261,0.0,858200000.0,1.0,,517163591,517163591.0,3.586,,,191800000.0,,,
0,USB,MRQ,2021-06-30,2021-06-30,2021-06-30,2021-09-07,-1202000000.0,558886000000.0,,,,,35.621,0.0,44573000000.0,44573000000.0,0.0,1988000000.0,,9.525,49773000000.0,,,49773000000.0,0.0,124000000.0,437182000000.0,0.029,0.42,2533000000.0,2657000000.0,0.448,2657000000.0,2533000000.0,2533000000.0,1.29,1.28,1.29,53039000000.0,,53039000000.0,90882952356.0,10.0,9.298,5583000000.0,3.749,1.0,5926000000.0,1.0,13274000000.0,0.0,550812000000.0,,0.0,457030000000.0,,,505212000000.0,,,84866952356.0,1072000000.0,0.0,-872000000.0,300000000.0,-631000000.0,1379000000.0,-5890000000.0,-5417000000.0,5583000000.0,0.0,1982000000.0,1914000000.0,1914000000.0,0.0,6000000.0,0.323,3387000000.0,2539000000.0,0.0,0.326,1.6,12.11,12.199,3295000000.0,68000000.0,56.97,3.725,3.723,0.0,67039000000.0,5926000000.0,5926000000.0,0.0,,,,,0.0,3018000000.0,1.0,1489677942.0,1489000000,1490000000.0,3.98,545612000000.0,0.0,551000000.0,0.0,366.428,
1,USB,MRQ,2021-03-31,2021-03-31,2021-03-31,2021-09-07,-2095000000.0,553375000000.0,,,,,34.406,0.0,43501000000.0,43501000000.0,0.0,2285000000.0,,9.696,49517000000.0,,,49517000000.0,0.0,122000000.0,433761000000.0,0.03,0.42,2887000000.0,3009000000.0,0.48,3009000000.0,2887000000.0,2887000000.0,1.45,1.45,1.45,51678000000.0,,51678000000.0,73566149406.0,10.0,9.195,937000000.0,0.624,1.0,6271000000.0,1.0,13367000000.0,0.0,546024000000.0,,0.0,453078000000.0,,,501067000000.0,,,83083149406.0,-19079000000.0,0.0,-629000000.0,-3429000000.0,-637000000.0,-550000000.0,-19466000000.0,-19572000000.0,937000000.0,0.0,2280000000.0,2175000000.0,2175000000.0,0.0,5000000.0,0.347,3379000000.0,2892000000.0,0.0,0.29,1.608,14.556,14.594,3388000000.0,105000000.0,55.31,3.968,3.968,0.0,65740000000.0,6271000000.0,6271000000.0,0.0,,,,,0.0,3024000000.0,1.0,1502136131.0,1502000000,1503000000.0,4.175,540008000000.0,0.0,607000000.0,0.0,359.526,
2,USB,MRQ,2020-12-31,2020-12-31,2020-12-31,2021-09-07,322000000.0,553905000000.0,,,,,35.256,0.0,62580000000.0,62580000000.0,0.0,1525000000.0,,9.42,53063000000.0,,,53063000000.0,0.0,134000000.0,429770000000.0,0.036,0.42,1914000000.0,2048000000.0,0.388,2048000000.0,1914000000.0,1914000000.0,0.94,0.95,0.94,53095000000.0,,53095000000.0,82303961049.0,14.0,12.562,-1069000000.0,-0.71,1.0,5284000000.0,1.0,12782000000.0,0.0,531606000000.0,,0.0,435994000000.0,,,500180000000.0,,,70184961049.0,18533000000.0,0.0,-8000000.0,-3126000000.0,-635000000.0,13192000000.0,6410000000.0,6080000000.0,-1069000000.0,0.0,1519000000.0,1425000000.0,1425000000.0,0.0,6000000.0,0.27,3364000000.0,1920000000.0,0.0,0.447,1.322,15.188,15.225,3468000000.0,94000000.0,46.59,3.614,3.62,0.0,64188000000.0,5284000000.0,5284000000.0,0.0,,,,,0.0,2878000000.0,1.0,1506438314.0,1506000000,1507000000.0,3.509,541123000000.0,0.0,395000000.0,0.0,359.311,
3,USB,MRQ,2020-09-30,2020-09-30,2020-09-30,2021-09-07,612000000.0,540455000000.0,,,,,34.904,0.0,44047000000.0,44047000000.0,0.0,1586000000.0,,9.27,56166000000.0,,,56166000000.0,0.0,133000000.0,413217000000.0,0.047,0.42,1927000000.0,2060000000.0,0.388,2060000000.0,1927000000.0,1927000000.0,0.99,0.99,0.99,52565000000.0,,52565000000.0,64785096306.0,11.0,10.007,3284000000.0,2.181,1.0,5304000000.0,1.0,12543000000.0,0.0,540031000000.0,,0.0,441228000000.0,,,487260000000.0,,,54003096306.0,-8345000000.0,0.0,1000000.0,-6979000000.0,-635000000.0,-7774000000.0,-3855000000.0,-3287000000.0,3284000000.0,0.0,1580000000.0,1494000000.0,1494000000.0,0.0,6000000.0,0.282,3371000000.0,1933000000.0,0.0,0.424,1.027,11.73,11.871,3516000000.0,86000000.0,35.85,2.786,2.785,0.0,63391000000.0,5304000000.0,5304000000.0,0.0,,,,,0.0,2876000000.0,1.0,1506362519.0,1506000000,1507000000.0,3.522,527912000000.0,0.0,347000000.0,0.0,350.539,
4,USB,MRQ,2020-06-30,2020-06-30,2020-06-30,2021-09-07,798000000.0,546652000000.0,,,,,34.429,0.0,52392000000.0,52392000000.0,0.0,695000000.0,,9.531,63174000000.0,,,63174000000.0,0.0,131000000.0,413306000000.0,0.046,0.42,753000000.0,884000000.0,0.217,884000000.0,753000000.0,753000000.0,0.41,0.41,0.41,51850000000.0,,51850000000.0,87298564515.0,14.0,12.623,-853000000.0,-0.566,1.0,4077000000.0,1.0,12360000000.0,0.0,545074000000.0,,0.0,439250000000.0,,,494172000000.0,,,55461564515.0,5587000000.0,0.0,1000000.0,-15563000000.0,-635000000.0,2176000000.0,4264000000.0,3577000000.0,-853000000.0,0.0,689000000.0,614000000.0,614000000.0,0.0,6000000.0,0.151,3318000000.0,759000000.0,0.0,1.024,1.07,11.248,11.542,3616000000.0,75000000.0,36.82,2.829,2.828,0.0,62526000000.0,4077000000.0,4077000000.0,0.0,,,,,0.0,2824000000.0,1.0,1506289096.0,1506000000,1507000000.0,2.707,534292000000.0,0.0,64000000.0,0.0,354.776,
5,USB,MRQ,2020-03-31,2020-03-31,2020-03-31,2021-09-07,503000000.0,542909000000.0,,,,,33.947,0.0,46805000000.0,46805000000.0,0.0,1179000000.0,,9.523,78642000000.0,,,78642000000.0,0.0,129000000.0,394854000000.0,0.047,0.42,1431000000.0,1560000000.0,0.328,1560000000.0,1431000000.0,1431000000.0,0.72,0.72,0.72,51532000000.0,,51532000000.0,93934941933.0,12.0,11.147,2354000000.0,1.551,1.0,4755000000.0,1.0,12465000000.0,0.0,562281000000.0,,0.0,440393000000.0,,,490747000000.0,,,52449941933.0,24400000000.0,0.0,-1651000000.0,13736000000.0,-647000000.0,44305000000.0,-22259000000.0,-21174000000.0,2354000000.0,0.0,1171000000.0,1088000000.0,1088000000.0,0.0,8000000.0,0.229,3316000000.0,1439000000.0,0.0,0.583,1.018,8.658,8.902,3660000000.0,83000000.0,34.45,2.502,2.495,0.0,62544000000.0,4755000000.0,4755000000.0,0.0,,,,,0.0,2782000000.0,1.0,1522494686.0,1518000000,1519000000.0,3.132,530444000000.0,0.0,260000000.0,0.0,349.436,
6,USB,MRQ,2019-12-31,2019-12-31,2019-12-31,2021-09-07,-1373000000.0,495426000000.0,,,,,33.303,0.0,22405000000.0,22405000000.0,0.0,1493000000.0,,8.542,63890000000.0,,,63890000000.0,0.0,130000000.0,361916000000.0,0.027,0.42,1840000000.0,1970000000.0,0.375,1970000000.0,1840000000.0,1840000000.0,0.9,0.91,0.9,51853000000.0,,51853000000.0,133183629834.0,16.0,14.694,-62000000.0,-0.04,1.0,5248000000.0,1.0,12878000000.0,0.0,524033000000.0,,0.0,420273000000.0,,,442943000000.0,,,92602629834.0,7133000000.0,0.0,-2256000000.0,8181000000.0,-663000000.0,7384000000.0,-189000000.0,214000000.0,-62000000.0,0.0,1486000000.0,1408000000.0,1408000000.0,0.0,7000000.0,0.268,3401000000.0,1847000000.0,0.0,0.467,1.786,14.067,14.252,3702000000.0,78000000.0,59.29,4.331,4.385,0.0,63186000000.0,5248000000.0,5248000000.0,0.0,,,,,0.0,2816000000.0,1.0,1561859164.0,1557000000,1556000000.0,3.371,482548000000.0,0.0,354000000.0,0.0,309.922,
7,USB,MRQ,2019-09-30,2019-09-30,2019-09-30,2021-09-07,-1173000000.0,487671000000.0,,,,,33.979,0.0,15272000000.0,15272000000.0,0.0,1917000000.0,,8.101,55853000000.0,,,55853000000.0,0.0,127000000.0,359715000000.0,0.028,0.42,2375000000.0,2502000000.0,0.453,2502000000.0,2375000000.0,2375000000.0,1.16,1.15,1.16,53517000000.0,,53517000000.0,126314302649.0,14.0,13.492,3046000000.0,1.934,1.0,5528000000.0,1.0,12615000000.0,0.0,515637000000.0,,0.0,416238000000.0,,,433524000000.0,,,87206302649.0,-1660000000.0,0.0,-764000000.0,-320000000.0,-589000000.0,4793000000.0,-9499000000.0,-8595000000.0,3046000000.0,0.0,1908000000.0,1821000000.0,1821000000.0,0.0,9000000.0,0.329,3144000000.0,2384000000.0,0.0,0.362,1.63,12.544,12.693,3673000000.0,87000000.0,55.34,4.044,4.042,0.0,62419000000.0,5528000000.0,5528000000.0,0.0,,,,,0.0,2772000000.0,1.0,1575827659.0,1575000000,1578000000.0,3.51,475056000000.0,0.0,467000000.0,0.0,301.623,
8,USB,MRQ,2019-06-30,2019-06-30,2019-06-30,2021-09-07,-1344000000.0,481719000000.0,,,,,33.279,0.0,16932000000.0,16932000000.0,0.0,1828000000.0,,8.092,56040000000.0,,,56040000000.0,0.0,125000000.0,353177000000.0,0.028,0.37,2270000000.0,2395000000.0,0.441,2395000000.0,2270000000.0,2270000000.0,1.09,1.09,1.09,52913000000.0,,52913000000.0,121385065149.0,14.0,13.118,609000000.0,0.383,1.0,5430000000.0,1.0,12709000000.0,0.0,508118000000.0,,0.0,407408000000.0,,,428179000000.0,,,83424065149.0,-1183000000.0,0.0,-784000000.0,-97000000.0,-594000000.0,3536000000.0,-5328000000.0,-5442000000.0,609000000.0,0.0,1821000000.0,1741000000.0,1741000000.0,0.0,7000000.0,0.321,3153000000.0,2277000000.0,0.0,0.339,1.577,12.156,12.3,3690000000.0,80000000.0,52.4,3.905,3.9,0.0,61252000000.0,5430000000.0,5430000000.0,0.0,,,,,0.0,2729000000.0,1.0,1592062312.0,1590000000,1592000000.0,3.415,469010000000.0,0.0,449000000.0,0.0,294.975,
9,USB,MRQ,2019-03-31,2019-03-31,2019-03-31,2021-09-07,-1773000000.0,475775000000.0,,,,,32.495,0.0,18115000000.0,18115000000.0,0.0,1708000000.0,,8.127,56076000000.0,,,56076000000.0,0.0,120000000.0,348087000000.0,0.029,0.37,2077000000.0,2197000000.0,0.425,2197000000.0,2077000000.0,2077000000.0,1.01,1.0,1.01,52057000000.0,,52057000000.0,111159984348.0,13.0,12.13,1296000000.0,0.809,1.0,5173000000.0,1.0,12888000000.0,0.0,500848000000.0,,0.0,400832000000.0,,,423089000000.0,,,77133984348.0,-3338000000.0,0.0,-633000000.0,600000000.0,-597000000.0,1910000000.0,-6544000000.0,-6442000000.0,1296000000.0,0.0,1699000000.0,1613000000.0,1613000000.0,0.0,9000000.0,0.312,3087000000.0,2086000000.0,0.0,0.366,1.482,11.343,11.501,3686000000.0,86000000.0,48.19,3.636,3.639,0.0,60092000000.0,5173000000.0,5173000000.0,0.0,,,,,0.0,2682000000.0,1.0,1600622211.0,1602000000,1605000000.0,3.229,462887000000.0,0.0,378000000.0,0.0,288.943,
10,USB,MRQ,2018-12-31,2018-12-31,2018-12-31,2021-09-07,-2322000000.0,467374000000.0,,,,,31.636,0.0,21453000000.0,21453000000.0,0.0,1862000000.0,,8.147,55479000000.0,,,55479000000.0,0.0,121000000.0,345475000000.0,0.029,0.37,2147000000.0,2268000000.0,0.417,2268000000.0,2147000000.0,2147000000.0,1.1,1.1,1.1,51029000000.0,,51029000000.0,118535445987.0,14.0,13.002,2650000000.0,1.643,1.0,5433000000.0,1.0,12761000000.0,0.0,488639000000.0,,0.0,397058000000.0,,,415717000000.0,,,73855445987.0,1371000000.0,0.0,-805000000.0,-9335000000.0,-603000000.0,3478000000.0,-4757000000.0,-5140000000.0,2650000000.0,0.0,1856000000.0,1777000000.0,1777000000.0,0.0,6000000.0,0.327,3280000000.0,2153000000.0,0.0,0.336,1.447,10.887,11.012,2457000000.0,79000000.0,45.7,3.493,3.532,0.0,59065000000.0,5433000000.0,5433000000.0,0.0,,,,,0.0,2724000000.0,1.0,1616092910.0,1613000000,1617000000.0,3.368,454613000000.0,0.0,291000000.0,0.0,281.843,
11,USB,MRQ,2018-09-30,2018-09-30,2018-09-30,2021-09-07,-2573000000.0,464607000000.0,,,,,30.924,0.0,20082000000.0,20082000000.0,0.0,1822000000.0,,8.21,64762000000.0,,,64762000000.0,0.0,118000000.0,331178000000.0,0.024,0.37,2275000000.0,2393000000.0,0.449,2393000000.0,2275000000.0,2275000000.0,1.06,1.06,1.06,50375000000.0,,50375000000.0,122316868879.0,16.0,14.783,3225000000.0,1.98,1.0,5326000000.0,1.0,13074000000.0,0.0,496213000000.0,,0.0,392998000000.0,,,413600000000.0,,,86029868879.0,1061000000.0,0.0,-710000000.0,9491000000.0,-493000000.0,-113000000.0,-2051000000.0,-1960000000.0,3225000000.0,0.0,1815000000.0,1732000000.0,1732000000.0,0.0,7000000.0,0.325,3044000000.0,2282000000.0,0.0,0.349,1.708,12.999,13.137,2438000000.0,83000000.0,52.81,4.113,4.112,0.0,57878000000.0,5326000000.0,5326000000.0,0.0,,,,,0.0,2626000000.0,1.0,1629045046.0,1629000000,1633000000.0,3.269,451533000000.0,0.0,460000000.0,0.0,277.184,
12,USB,MRQ,2018-06-30,2018-06-30,2018-06-30,2021-09-07,-2315000000.0,461329000000.0,,,,,30.224,0.0,19021000000.0,19021000000.0,0.0,1758000000.0,,8.283,55308000000.0,,,55308000000.0,0.0,115000000.0,340080000000.0,0.024,0.3,2191000000.0,2306000000.0,0.436,2306000000.0,2191000000.0,2191000000.0,1.02,1.02,1.02,49628000000.0,,49628000000.0,113813842047.0,15.0,13.965,3255000000.0,1.982,1.0,5284000000.0,1.0,12840000000.0,0.0,484776000000.0,,0.0,391915000000.0,,,411072000000.0,,,82155842047.0,-225000000.0,0.0,-673000000.0,4457000000.0,-497000000.0,-1229000000.0,-2251000000.0,-2000000000.0,3255000000.0,0.0,1750000000.0,1678000000.0,1678000000.0,0.0,8000000.0,0.318,3085000000.0,2199000000.0,0.0,0.294,1.655,12.895,12.992,2431000000.0,72000000.0,50.02,3.96,3.958,0.0,56742000000.0,5284000000.0,5284000000.0,0.0,,,,,0.0,2631000000.0,1.0,1642459857.0,1642000000,1646000000.0,3.218,448489000000.0,0.0,441000000.0,0.0,273.136,
13,USB,MRQ,2018-03-31,2018-03-31,2018-03-31,2021-09-07,-2193000000.0,460119000000.0,,,,,29.774,0.0,19246000000.0,19246000000.0,0.0,1682000000.0,,8.342,50904000000.0,,,50904000000.0,0.0,113000000.0,344526000000.0,0.023,0.3,2037000000.0,2150000000.0,0.422,2150000000.0,2037000000.0,2037000000.0,0.97,0.96,0.97,49187000000.0,,49187000000.0,112826034537.0,15.0,14.084,1434000000.0,0.868,1.0,5099000000.0,1.0,12828000000.0,0.0,478949000000.0,,0.0,390507000000.0,,,410307000000.0,,,83421034537.0,-259000000.0,0.0,-548000000.0,2025000000.0,-499000000.0,-1775000000.0,82000000.0,412000000.0,1434000000.0,0.0,1675000000.0,1597000000.0,1597000000.0,0.0,7000000.0,0.313,3055000000.0,2044000000.0,0.0,0.309,1.696,13.624,13.723,2441000000.0,78000000.0,50.5,4.067,4.067,0.0,55549000000.0,5099000000.0,5099000000.0,0.0,,,,,0.0,2613000000.0,1.0,1651901674.0,1652000000,1657000000.0,3.087,447291000000.0,0.0,362000000.0,0.0,270.757,
14,USB,MRQ,2017-12-31,2017-12-31,2017-12-31,2021-09-07,-1404000000.0,462040000000.0,,,,,29.56,0.0,19505000000.0,19505000000.0,0.0,1686000000.0,,8.409,48910000000.0,,,48910000000.0,0.0,118000000.0,347215000000.0,0.022,0.3,1307000000.0,1425000000.0,0.274,1425000000.0,1307000000.0,1307000000.0,0.97,0.96,0.97,49040000000.0,,49040000000.0,118746536674.0,16.0,14.937,-169000000.0,-0.102,1.0,5210000000.0,1.0,12662000000.0,0.0,478783000000.0,,0.0,427441000000.0,,,412374000000.0,,,88915536674.0,-1035000000.0,0.0,-660000000.0,-1453000000.0,-502000000.0,1940000000.0,-2806000000.0,-3019000000.0,-169000000.0,0.0,1682000000.0,1611000000.0,1611000000.0,0.0,4000000.0,0.309,3899000000.0,1311000000.0,0.0,0.309,1.813,15.037,15.178,2432000000.0,71000000.0,53.58,4.379,4.425,0.0,54142000000.0,5210000000.0,5210000000.0,0.0,,,,,0.0,2729000000.0,1.0,1659491166.0,1659000000,1665000000.0,3.14,449378000000.0,0.0,-375000000.0,0.0,270.873,
15,USB,MRQ,2017-09-30,2017-09-30,2017-09-30,2021-09-07,-1219000000.0,459227000000.0,,,,,29.141,0.0,20540000000.0,20540000000.0,0.0,1569000000.0,,8.412,50371000000.0,,,50371000000.0,0.0,117000000.0,342589000000.0,0.021,0.3,2152000000.0,2269000000.0,0.44,2269000000.0,2152000000.0,2152000000.0,0.89,0.88,0.89,48723000000.0,,48723000000.0,112905750677.0,14.0,13.024,1862000000.0,1.114,1.0,5156000000.0,1.0,12563000000.0,0.0,476495000000.0,,0.0,390358000000.0,,,409876000000.0,,,89643750677.0,-8424000000.0,0.0,-657000000.0,-1914000000.0,-472000000.0,-7780000000.0,-2506000000.0,-2457000000.0,1862000000.0,0.0,1563000000.0,1485000000.0,1485000000.0,0.0,6000000.0,0.288,2998000000.0,2158000000.0,0.0,0.337,1.84,15.746,15.902,2402000000.0,78000000.0,53.59,4.484,4.482,0.0,53023000000.0,5156000000.0,5156000000.0,0.0,,,,,0.0,2471000000.0,1.0,1672770119.0,1672000000,1678000000.0,3.084,446664000000.0,0.0,589000000.0,0.0,267.144,
16,USB,MRQ,2017-06-30,2017-06-30,2017-06-30,2021-09-07,-1246000000.0,463844000000.0,,,,,28.694,0.0,28964000000.0,28964000000.0,0.0,1512000000.0,,8.586,52226000000.0,,,52226000000.0,0.0,116000000.0,347262000000.0,0.022,0.28,2051000000.0,2167000000.0,0.429,2167000000.0,2051000000.0,2051000000.0,0.85,0.85,0.85,48320000000.0,,48320000000.0,115311903692.0,14.0,13.432,1589000000.0,0.944,1.0,5047000000.0,1.0,12577000000.0,0.0,474529000000.0,,0.0,388202000000.0,,,414895000000.0,,,87499903692.0,8645000000.0,0.0,-673000000.0,4063000000.0,-476000000.0,12149000000.0,-5093000000.0,-4449000000.0,1589000000.0,0.0,1500000000.0,1430000000.0,1430000000.0,0.0,12000000.0,0.283,2984000000.0,2063000000.0,0.0,0.329,1.811,15.509,15.639,2413000000.0,70000000.0,51.92,4.408,4.405,0.0,52033000000.0,5047000000.0,5047000000.0,0.0,,,,,0.0,2463000000.0,1.0,1685283199.0,1684000000,1690000000.0,2.997,451267000000.0,0.0,551000000.0,0.0,267.973,
17,USB,MRQ,2017-03-31,2017-03-31,2017-03-31,2021-09-07,-1439000000.0,449522000000.0,,,,,28.216,0.0,20319000000.0,20319000000.0,0.0,1486000000.0,,8.391,48131000000.0,,,48131000000.0,0.0,117000000.0,336873000000.0,0.021,0.28,1972000000.0,2089000000.0,0.427,2089000000.0,1972000000.0,1972000000.0,0.82,0.82,0.82,47798000000.0,,47798000000.0,118825650886.0,15.0,13.819,3190000000.0,1.883,1.0,4894000000.0,1.0,12661000000.0,0.0,464673000000.0,,0.0,382923000000.0,,,401089000000.0,,,87244650886.0,4614000000.0,0.0,-482000000.0,909000000.0,-478000000.0,3145000000.0,-1721000000.0,-1797000000.0,3190000000.0,0.0,1473000000.0,1387000000.0,1387000000.0,0.0,13000000.0,0.283,2909000000.0,1985000000.0,0.0,0.341,1.825,15.45,15.606,2432000000.0,86000000.0,51.5,4.39,4.39,0.0,51069000000.0,4894000000.0,4894000000.0,0.0,,,,,0.0,2423000000.0,1.0,1694070891.0,1694000000,1701000000.0,2.889,436861000000.0,0.0,499000000.0,0.0,257.887,
18,USB,MRQ,2016-12-31,2016-12-31,2016-12-31,2021-09-07,-1535000000.0,445964000000.0,,,,,27.822,0.0,15705000000.0,15705000000.0,0.0,1491000000.0,,8.415,47286000000.0,,,47286000000.0,0.0,117000000.0,334590000000.0,0.021,0.28,2027000000.0,2144000000.0,0.438,2144000000.0,2027000000.0,2027000000.0,0.81,0.81,0.81,47298000000.0,,47298000000.0,117321375384.0,15.0,13.772,2098000000.0,1.234,1.0,4895000000.0,1.0,12647000000.0,0.0,464898000000.0,,0.0,415169000000.0,,,398031000000.0,,,87312375384.0,-7959000000.0,0.0,-458000000.0,-6337000000.0,-479000000.0,-7340000000.0,-2717000000.0,-3077000000.0,2098000000.0,0.0,1478000000.0,1391000000.0,1391000000.0,0.0,13000000.0,0.284,2855000000.0,2040000000.0,0.0,0.346,1.846,15.622,15.806,2443000000.0,87000000.0,51.37,4.447,4.495,0.0,50151000000.0,4895000000.0,4895000000.0,0.0,,,,,0.0,2252000000.0,1.0,1699676375.0,1700000000,1706000000.0,2.879,433317000000.0,0.0,549000000.0,0.0,254.892,
19,USB,MRQ,2016-09-30,2016-09-30,2016-09-30,2021-09-07,-579000000.0,454134000000.0,,,,,27.929,0.0,23664000000.0,23664000000.0,0.0,1516000000.0,,8.495,53673000000.0,,,53673000000.0,0.0,117000000.0,334595000000.0,0.024,0.28,2068000000.0,2185000000.0,0.436,2185000000.0,2068000000.0,2068000000.0,0.84,0.84,0.84,47759000000.0,,47759000000.0,114743676833.0,14.0,13.452,554000000.0,0.324,1.0,5013000000.0,1.0,12244000000.0,0.0,471899000000.0,,0.0,383095000000.0,,,405735000000.0,,,73407676833.0,9626000000.0,0.0,-589000000.0,-1678000000.0,-440000000.0,14219000000.0,-5147000000.0,-4683000000.0,554000000.0,0.0,1502000000.0,1434000000.0,1434000000.0,0.0,14000000.0,0.286,2931000000.0,2082000000.0,0.0,0.333,1.537,13.104,13.238,2449000000.0,68000000.0,42.89,3.747,3.744,0.0,49231000000.0,5013000000.0,5013000000.0,0.0,,,,,0.0,2411000000.0,1.0,1711533617.0,1710000000,1716000000.0,2.932,441890000000.0,0.0,566000000.0,0.0,258.415,
20,USB,MRQ,2016-06-30,2016-06-30,2016-06-30,2021-09-07,-562000000.0,438463000000.0,,,,,27.472,0.0,14038000000.0,14038000000.0,0.0,1536000000.0,,8.239,55374000000.0,,,55374000000.0,0.0,117000000.0,317590000000.0,0.025,0.255,2064000000.0,2181000000.0,0.43,2181000000.0,2064000000.0,2064000000.0,0.83,0.83,0.83,47390000000.0,,47390000000.0,117293836579.0,15.0,13.822,1423000000.0,0.825,1.0,5070000000.0,1.0,12211000000.0,0.0,467588000000.0,,0.0,377546000000.0,,,390434000000.0,,,69625836579.0,3057000000.0,0.0,-619000000.0,-3279000000.0,-444000000.0,6839000000.0,-5205000000.0,-5481000000.0,1423000000.0,0.0,1522000000.0,1435000000.0,1435000000.0,0.0,14000000.0,0.283,2992000000.0,2078000000.0,0.0,0.307,1.469,12.455,12.564,2459000000.0,87000000.0,40.33,3.591,3.588,0.0,48269000000.0,5070000000.0,5070000000.0,0.0,,,,,0.0,2386000000.0,1.0,1726403089.0,1725000000,1731000000.0,2.939,426252000000.0,0.0,542000000.0,0.0,247.103,
21,USB,MRQ,2016-03-31,2016-03-31,2016-03-31,2021-09-07,-744000000.0,428638000000.0,,,,,26.917,0.0,10981000000.0,10981000000.0,0.0,1401000000.0,,8.154,58649000000.0,,,58649000000.0,0.0,119000000.0,306348000000.0,0.025,0.255,1890000000.0,2009000000.0,0.432,2009000000.0,1890000000.0,1890000000.0,0.77,0.76,0.77,46755000000.0,,46755000000.0,119325643614.0,15.0,14.145,1261000000.0,0.726,1.0,4654000000.0,1.0,12410000000.0,0.0,463896000000.0,,0.0,371699000000.0,,,381245000000.0,,,70517643614.0,-166000000.0,0.0,-535000000.0,-1400000000.0,-447000000.0,3462000000.0,-4889000000.0,-5039000000.0,1261000000.0,0.0,1386000000.0,1329000000.0,1329000000.0,0.0,15000000.0,0.286,2749000000.0,1905000000.0,0.0,0.331,1.508,12.656,12.764,2486000000.0,57000000.0,40.59,3.706,3.706,0.0,47267000000.0,4654000000.0,4654000000.0,0.0,,,,,0.0,2284000000.0,1.0,1737315684.0,1737000000,1743000000.0,2.679,416228000000.0,0.0,504000000.0,0.0,239.625,
22,USB,MRQ,2015-12-31,2015-12-31,2015-12-31,2021-09-07,-1019000000.0,421853000000.0,,,,,26.421,0.0,11147000000.0,11147000000.0,0.0,1489000000.0,,8.13,59955000000.0,,,59955000000.0,0.0,123000000.0,300400000000.0,0.024,0.255,2032000000.0,2155000000.0,0.444,2155000000.0,2032000000.0,2032000000.0,0.8,0.8,0.8,46131000000.0,,46131000000.0,123606385236.0,15.0,14.616,2531000000.0,1.45,1.0,4854000000.0,1.0,12711000000.0,0.0,457950000000.0,,0.0,395482000000.0,,,375036000000.0,,,74637385236.0,697000000.0,0.0,-376000000.0,585000000.0,-448000000.0,6205000000.0,-8039000000.0,-7511000000.0,2531000000.0,0.0,1476000000.0,1404000000.0,1404000000.0,0.0,13000000.0,0.289,2809000000.0,2045000000.0,0.0,0.319,1.618,13.309,13.418,2513000000.0,72000000.0,42.67,3.936,3.97,0.0,46377000000.0,4854000000.0,4854000000.0,0.0,,,,,0.0,2255000000.0,1.0,1749177062.0,1746000000,1754000000.0,2.78,409142000000.0,0.0,556000000.0,0.0,234.331,
23,USB,MRQ,2015-09-30,2015-09-30,2015-09-30,2021-09-07,-721000000.0,415943000000.0,,,,,25.64,0.0,10450000000.0,10450000000.0,0.0,1503000000.0,,8.212,59419000000.0,,,59419000000.0,0.0,118000000.0,295264000000.0,0.024,0.255,2023000000.0,2141000000.0,0.445,2141000000.0,2023000000.0,2023000000.0,0.81,0.81,0.81,45075000000.0,,45075000000.0,116218779822.0,15.0,13.772,2854000000.0,1.623,1.0,4812000000.0,1.0,12544000000.0,0.0,452368000000.0,,0.0,360384000000.0,,,370176000000.0,,,72218779822.0,-7475000000.0,0.0,-618000000.0,-2627000000.0,-452000000.0,-5342000000.0,-4987000000.0,-5126000000.0,2854000000.0,0.0,1489000000.0,1422000000.0,1422000000.0,0.0,14000000.0,0.296,2775000000.0,2037000000.0,0.0,0.315,1.602,12.841,12.896,2515000000.0,67000000.0,41.01,3.814,3.808,0.0,45413000000.0,4812000000.0,4812000000.0,0.0,,,,,0.0,2274000000.0,1.0,1761004141.0,1758000000,1766000000.0,2.737,403399000000.0,0.0,534000000.0,0.0,229.465,
24,USB,MRQ,2015-06-30,2015-06-30,2015-06-30,2021-09-07,-865000000.0,419075000000.0,,,,,25.148,0.0,17925000000.0,17925000000.0,0.0,1497000000.0,,8.394,61925000000.0,,,61925000000.0,0.0,120000000.0,296848000000.0,0.023,0.255,2011000000.0,2131000000.0,0.453,2131000000.0,2011000000.0,2011000000.0,0.8,0.8,0.8,44537000000.0,,44537000000.0,126207718219.0,16.0,14.991,1646000000.0,0.929,1.0,4707000000.0,1.0,12599000000.0,0.0,450476000000.0,,0.0,356435000000.0,,,373844000000.0,,,76949718219.0,3853000000.0,0.0,-589000000.0,-1330000000.0,-438000000.0,7830000000.0,-5623000000.0,-4890000000.0,1646000000.0,0.0,1483000000.0,1417000000.0,1417000000.0,0.0,14000000.0,0.301,2682000000.0,2025000000.0,0.0,0.319,1.728,13.724,13.778,2551000000.0,66000000.0,43.4,4.105,4.101,0.0,44434000000.0,4707000000.0,4707000000.0,0.0,,,,,0.0,2223000000.0,1.0,1773034982.0,1771000000,1779000000.0,2.658,406476000000.0,0.0,528000000.0,0.0,229.518,
25,USB,MRQ,2015-03-31,2015-03-31,2015-03-31,2021-09-07,-714000000.0,410233000000.0,,,,,24.861,0.0,14072000000.0,14072000000.0,0.0,1444000000.0,,8.25,63330000000.0,,,63330000000.0,0.0,120000000.0,286601000000.0,0.022,0.245,1910000000.0,2030000000.0,0.442,2030000000.0,1910000000.0,1910000000.0,0.77,0.76,0.77,44277000000.0,,44277000000.0,129283540268.0,16.0,15.294,1751000000.0,0.983,1.0,4588000000.0,1.0,12396000000.0,0.0,447095000000.0,,0.0,351713000000.0,,,365268000000.0,,,77784540268.0,3418000000.0,0.0,-312000000.0,1112000000.0,-439000000.0,4168000000.0,-2501000000.0,-2097000000.0,1751000000.0,0.0,1431000000.0,1365000000.0,1365000000.0,0.0,13000000.0,0.298,2665000000.0,1923000000.0,0.0,0.318,1.757,13.848,13.908,2575000000.0,66000000.0,43.67,4.127,4.127,0.0,43463000000.0,4588000000.0,4588000000.0,0.0,,,,,0.0,2186000000.0,1.0,1781189381.0,1781000000,1789000000.0,2.576,397837000000.0,0.0,479000000.0,0.0,223.378,
26,USB,MRQ,2014-12-31,2014-12-31,2014-12-31,2021-09-07,-896000000.0,402529000000.0,,,,,24.358,0.0,10654000000.0,10654000000.0,0.0,1501000000.0,,8.242,62153000000.0,,,62153000000.0,0.0,128000000.0,282733000000.0,0.021,0.245,2009000000.0,2137000000.0,0.443,2137000000.0,2009000000.0,2009000000.0,0.8,0.79,0.8,43479000000.0,,43479000000.0,135062918006.0,17.0,16.005,866000000.0,0.485,1.0,4826000000.0,1.0,12551000000.0,0.0,441477000000.0,,0.0,376706000000.0,,,358361000000.0,,,80432918006.0,4471000000.0,0.0,-420000000.0,1332000000.0,-441000000.0,10045000000.0,-6440000000.0,-6535000000.0,866000000.0,0.0,1488000000.0,1420000000.0,1420000000.0,0.0,13000000.0,0.294,2804000000.0,2022000000.0,0.0,0.306,1.85,14.407,14.5,2618000000.0,68000000.0,44.95,4.299,4.332,0.0,42530000000.0,4826000000.0,4826000000.0,0.0,,,,,0.0,2210000000.0,1.0,1789386385.0,1785000000,1795000000.0,2.704,389978000000.0,0.0,521000000.0,0.0,218.475,
27,USB,MRQ,2014-09-30,2014-09-30,2014-09-30,2021-09-07,-636000000.0,391284000000.0,,,,,23.994,0.0,6183000000.0,6183000000.0,0.0,1486000000.0,,8.054,60813000000.0,,,60813000000.0,0.0,127000000.0,273097000000.0,0.023,0.245,1994000000.0,2121000000.0,0.459,2121000000.0,1994000000.0,1994000000.0,0.78,0.78,0.78,43141000000.0,,43141000000.0,117730610049.0,15.0,14.198,582000000.0,0.324,1.0,4623000000.0,1.0,12739000000.0,0.0,433175000000.0,,0.0,342370000000.0,,,347455000000.0,,,75374610049.0,-6453000000.0,-255000000.0,-602000000.0,6091000000.0,-444000000.0,1825000000.0,-8860000000.0,-8678000000.0,582000000.0,0.0,1471000000.0,1405000000.0,1405000000.0,0.0,15000000.0,0.304,2614000000.0,2009000000.0,0.0,0.314,1.747,13.576,13.67,2608000000.0,66000000.0,41.83,4.088,4.079,0.0,41543000000.0,4623000000.0,4623000000.0,0.0,,,,,0.0,2111000000.0,1.0,1801927087.0,1798000000,1807000000.0,2.571,378545000000.0,0.0,523000000.0,0.0,210.537,
28,USB,MRQ,2014-06-30,2014-06-30,2014-06-30,2021-09-07,-682000000.0,389065000000.0,,,,,23.578,0.0,12636000000.0,12636000000.0,0.0,1509000000.0,,8.096,54992000000.0,,,54992000000.0,0.0,123000000.0,276262000000.0,0.022,0.245,2042000000.0,2165000000.0,0.45,2165000000.0,2042000000.0,2042000000.0,0.79,0.78,0.79,42700000000.0,,42700000000.0,125779291632.0,16.0,15.136,1112000000.0,0.614,1.0,4809000000.0,1.0,12759000000.0,0.0,418662000000.0,,0.0,333144000000.0,,,345679000000.0,,,78632291632.0,5228000000.0,3691000000.0,-528000000.0,134000000.0,-420000000.0,9983000000.0,-5867000000.0,-9674000000.0,1112000000.0,0.0,1495000000.0,1427000000.0,1427000000.0,0.0,14000000.0,0.297,2753000000.0,2056000000.0,0.0,0.31,1.842,14.176,14.25,2614000000.0,68000000.0,43.32,4.284,4.274,0.0,40573000000.0,4809000000.0,4809000000.0,0.0,,,,,0.0,2110000000.0,1.0,1815149853.0,1811000000,1821000000.0,2.655,376306000000.0,0.0,547000000.0,0.0,207.789,
29,USB,MRQ,2014-03-31,2014-03-31,2014-03-31,2021-09-07,-850000000.0,371289000000.0,,,,,23.132,0.0,7408000000.0,7408000000.0,0.0,1412000000.0,,7.812,54555000000.0,,,54555000000.0,0.0,123000000.0,260612000000.0,0.021,0.23,1893000000.0,2016000000.0,0.453,2016000000.0,1893000000.0,1893000000.0,0.73,0.73,0.73,42054000000.0,,42054000000.0,117294429310.0,15.0,14.154,2772000000.0,1.525,1.0,4452000000.0,1.0,12626000000.0,0.0,405810000000.0,,0.0,321502000000.0,,,328546000000.0,,,78114429310.0,-1069000000.0,0.0,-197000000.0,6994000000.0,-421000000.0,4804000000.0,-8645000000.0,-8867000000.0,2772000000.0,0.0,1397000000.0,1331000000.0,1331000000.0,0.0,15000000.0,0.299,2544000000.0,1908000000.0,0.0,0.315,1.857,14.138,14.239,2589000000.0,66000000.0,42.86,4.322,4.311,0.0,39584000000.0,4452000000.0,4452000000.0,0.0,,,,,0.0,2107000000.0,1.0,1822548514.0,1818000000,1828000000.0,2.449,358663000000.0,0.0,496000000.0,0.0,197.284,
30,USB,MRQ,2013-12-31,2013-12-31,2013-12-31,2021-09-07,-1071000000.0,364021000000.0,,,,,22.54,0.0,8477000000.0,8477000000.0,0.0,1471000000.0,,7.837,47657000000.0,,,47657000000.0,0.0,131000000.0,262123000000.0,0.022,0.23,1859000000.0,1990000000.0,0.437,1990000000.0,1859000000.0,1859000000.0,0.76,0.75,0.76,41113000000.0,,41113000000.0,107045719738.0,14.0,12.762,2789000000.0,1.529,1.0,4556000000.0,1.0,12734000000.0,0.0,390467000000.0,,0.0,340204000000.0,,,322214000000.0,,,73782719738.0,-3138000000.0,-58000000.0,-310000000.0,2820000000.0,-422000000.0,2434000000.0,-8361000000.0,-8100000000.0,2789000000.0,0.0,1456000000.0,1389000000.0,1389000000.0,0.0,15000000.0,0.305,2682000000.0,1874000000.0,0.0,0.303,1.795,13.289,13.377,2606000000.0,67000000.0,40.4,4.09,4.119,0.0,38667000000.0,4556000000.0,4556000000.0,0.0,,,,,0.0,2128000000.0,1.0,1826304944.0,1824000000,1834000000.0,2.498,351287000000.0,0.0,403000000.0,0.0,192.592,
31,USB,MRQ,2013-09-30,2013-09-30,2013-09-30,2021-09-07,-1351000000.0,360681000000.0,,,,,21.906,0.0,11615000000.0,11615000000.0,0.0,1430000000.0,,7.952,44878000000.0,,,44878000000.0,0.0,129000000.0,261716000000.0,0.023,0.23,2010000000.0,2139000000.0,0.471,2139000000.0,2010000000.0,2010000000.0,0.76,0.76,0.76,40132000000.0,,40132000000.0,106565354340.0,13.0,12.521,2141000000.0,1.169,1.0,4537000000.0,1.0,12628000000.0,0.0,381316000000.0,,0.0,307190000000.0,,,319129000000.0,,,67280354340.0,4997000000.0,0.0,-498000000.0,-990000000.0,-424000000.0,8176000000.0,-5320000000.0,-5329000000.0,2141000000.0,0.0,1468000000.0,1400000000.0,1400000000.0,0.0,-38000000.0,0.309,2565000000.0,1972000000.0,0.0,0.303,1.676,12.206,12.316,2608000000.0,68000000.0,36.58,3.718,3.703,0.0,37692000000.0,4537000000.0,4537000000.0,0.0,,,,,0.0,2075000000.0,1.0,1839266111.0,1832000000,1843000000.0,2.477,348053000000.0,0.0,542000000.0,0.0,189.985,
32,USB,MRQ,2013-06-30,2013-06-30,2013-06-30,2021-09-07,-1288000000.0,353415000000.0,,,,,21.532,0.0,6618000000.0,6618000000.0,0.0,1444000000.0,,7.872,45903000000.0,,,45903000000.0,0.0,129000000.0,251568000000.0,0.023,0.23,2013000000.0,2142000000.0,0.473,2142000000.0,2013000000.0,2013000000.0,0.76,0.76,0.76,39683000000.0,,39683000000.0,112297566723.0,14.0,13.091,4848000000.0,2.63,1.0,4530000000.0,1.0,12443000000.0,0.0,380257000000.0,,0.0,303404000000.0,,,312365000000.0,,,66864566723.0,-314000000.0,0.0,-529000000.0,-1925000000.0,-363000000.0,657000000.0,-5819000000.0,-5568000000.0,4848000000.0,0.0,1484000000.0,1405000000.0,1405000000.0,0.0,-40000000.0,0.31,2557000000.0,1973000000.0,0.0,0.303,1.685,12.122,12.254,2622000000.0,79000000.0,36.15,3.675,3.662,0.0,36707000000.0,4530000000.0,4530000000.0,0.0,,,,,0.0,2088000000.0,1.0,1849642233.0,1843000000,1853000000.0,2.458,340972000000.0,0.0,529000000.0,0.0,185.009,
33,USB,MRQ,2013-03-31,2013-03-31,2013-03-31,2021-09-07,-941000000.0,355447000000.0,,,,,21.276,0.0,6932000000.0,6932000000.0,0.0,1387000000.0,,7.958,52365000000.0,,,52365000000.0,0.0,131000000.0,248012000000.0,0.023,0.195,1986000000.0,2117000000.0,0.48,2117000000.0,1986000000.0,1986000000.0,0.73,0.73,0.73,39531000000.0,,39531000000.0,106790646026.0,13.0,12.481,1668000000.0,0.898,1.0,4415000000.0,1.0,12070000000.0,0.0,388810000000.0,,0.0,301966000000.0,,,314600000000.0,,,63224646026.0,-1320000000.0,0.0,-421000000.0,559000000.0,-367000000.0,-1464000000.0,-1524000000.0,-1666000000.0,1668000000.0,0.0,1428000000.0,1358000000.0,1358000000.0,0.0,-41000000.0,0.308,2470000000.0,1945000000.0,0.0,0.267,1.599,11.588,11.7,2656000000.0,70000000.0,33.93,3.473,3.463,0.0,35720000000.0,4415000000.0,4415000000.0,0.0,,,,,0.0,2065000000.0,1.0,1863384793.0,1858000000,1867000000.0,2.376,343377000000.0,0.0,558000000.0,0.0,184.81,
34,USB,MRQ,2012-12-31,2012-12-31,2012-12-31,2021-09-07,-923000000.0,353855000000.0,,,,,20.832,0.0,8252000000.0,8252000000.0,0.0,1375000000.0,,8.041,51818000000.0,,,51818000000.0,0.0,141000000.0,249183000000.0,0.024,0.195,1972000000.0,2113000000.0,0.458,2113000000.0,1972000000.0,1972000000.0,0.72,0.72,0.72,38998000000.0,,38998000000.0,104794036708.0,13.0,12.41,4083000000.0,2.181,1.0,4613000000.0,1.0,11849000000.0,0.0,385572000000.0,,0.0,301409000000.0,,,313588000000.0,,,60059036708.0,-1130000000.0,0.0,-460000000.0,-2282000000.0,-367000000.0,1777000000.0,-6990000000.0,-6397000000.0,4083000000.0,0.0,1420000000.0,1349000000.0,1349000000.0,0.0,-45000000.0,0.292,2686000000.0,1927000000.0,0.0,0.271,1.54,11.157,11.207,2670000000.0,71000000.0,31.94,3.303,3.315,0.0,34720000000.0,4613000000.0,4613000000.0,0.0,,,,,0.0,2109000000.0,1.0,1880370592.0,1872000000,1881000000.0,2.464,342006000000.0,0.0,552000000.0,0.0,182.696,
35,USB,MRQ,2012-09-30,2012-09-30,2012-09-30,2021-09-07,-603000000.0,352253000000.0,,,,,20.499,0.0,9382000000.0,9382000000.0,0.0,1432000000.0,,8.081,54117000000.0,,,54117000000.0,0.0,139000000.0,244232000000.0,0.021,0.195,2067000000.0,2206000000.0,0.476,2206000000.0,2067000000.0,2067000000.0,0.74,0.74,0.74,38661000000.0,,38661000000.0,109110751996.0,14.0,13.064,247000000.0,0.131,1.0,4634000000.0,1.0,11476000000.0,0.0,385512000000.0,,0.0,297693000000.0,,,312428000000.0,,,65008751996.0,-6021000000.0,0.0,-329000000.0,-5433000000.0,-370000000.0,-3279000000.0,-2989000000.0,-2580000000.0,247000000.0,0.0,1474000000.0,1404000000.0,1404000000.0,0.0,-42000000.0,0.303,2609000000.0,2025000000.0,0.0,0.264,1.682,12.156,12.163,2650000000.0,70000000.0,34.3,3.588,3.57,0.0,33730000000.0,4634000000.0,4634000000.0,0.0,,,,,0.0,2087000000.0,1.0,1895298892.0,1886000000,1897000000.0,2.457,340777000000.0,0.0,593000000.0,0.0,180.688,
36,USB,MRQ,2012-06-30,2012-06-30,2012-06-30,2021-09-07,-830000000.0,353136000000.0,,,,,20.017,0.0,15403000000.0,15403000000.0,0.0,1378000000.0,,8.316,59505000000.0,,,59505000000.0,0.0,141000000.0,241316000000.0,0.02,0.195,1979000000.0,2120000000.0,0.467,2120000000.0,1979000000.0,1979000000.0,0.71,0.71,0.71,37792000000.0,,37792000000.0,109205154709.0,15.0,13.562,537000000.0,0.284,1.0,4543000000.0,1.0,11646000000.0,0.0,385592000000.0,,0.0,293721000000.0,,,314262000000.0,,,60917154709.0,5842000000.0,-14000000.0,-332000000.0,1708000000.0,-371000000.0,9797000000.0,-4492000000.0,-4267000000.0,537000000.0,0.0,1415000000.0,1345000000.0,1345000000.0,0.0,-37000000.0,0.296,2601000000.0,1942000000.0,0.0,0.275,1.612,11.758,11.78,2638000000.0,70000000.0,32.16,3.441,3.43,0.0,32687000000.0,4543000000.0,4543000000.0,0.0,,,,,0.0,2029000000.0,1.0,1894190134.0,1888000000,1898000000.0,2.406,341490000000.0,0.0,564000000.0,0.0,180.874,
37,USB,MRQ,2012-03-31,2012-03-31,2012-03-31,2021-09-07,-944000000.0,340762000000.0,,,,,18.885,0.0,9561000000.0,9561000000.0,0.0,1305000000.0,,8.464,57849000000.0,,,57849000000.0,0.0,140000000.0,233553000000.0,0.018,0.195,1865000000.0,2005000000.0,0.457,2005000000.0,1865000000.0,1865000000.0,0.68,0.67,0.68,35900000000.0,,35900000000.0,108997234141.0,15.0,14.093,3091000000.0,1.626,1.0,4392000000.0,1.0,11860000000.0,0.0,377190000000.0,,0.0,286788000000.0,,,303848000000.0,,,60538234141.0,-4401000000.0,108000000.0,-340000000.0,-4609000000.0,-239000000.0,-1710000000.0,-5782000000.0,-5842000000.0,3091000000.0,0.0,1338000000.0,1285000000.0,1285000000.0,0.0,-33000000.0,0.293,2560000000.0,1832000000.0,0.0,0.287,1.686,12.1,12.046,2623000000.0,53000000.0,31.68,3.515,3.497,0.0,31705000000.0,4392000000.0,4392000000.0,0.0,,,,,0.0,2000000000.0,1.0,1910929108.0,1901000000,1910000000.0,2.31,328902000000.0,0.0,527000000.0,0.0,173.015,
38,USB,MRQ,2011-12-31,2011-12-31,2011-12-31,2021-09-07,-1200000000.0,340122000000.0,,,,,17.864,0.0,13962000000.0,13962000000.0,0.0,1328000000.0,,8.981,62421000000.0,,,62421000000.0,0.0,144000000.0,230885000000.0,0.018,0.125,1877000000.0,2021000000.0,0.444,2021000000.0,1877000000.0,1877000000.0,0.69,0.69,0.69,33978000000.0,,33978000000.0,100567329552.0,15.0,13.818,1065000000.0,0.56,1.0,4551000000.0,1.0,11663000000.0,0.0,376918000000.0,,0.0,283052000000.0,,,305151000000.0,,,51622329552.0,254000000.0,-14000000.0,-76000000.0,-204000000.0,-239000000.0,7704000000.0,-8515000000.0,-8437000000.0,1065000000.0,0.0,1350000000.0,1314000000.0,1314000000.0,0.0,-22000000.0,0.289,2696000000.0,1855000000.0,0.0,0.181,1.519,10.935,10.951,2657000000.0,36000000.0,27.05,3.121,3.13,0.0,30785000000.0,4551000000.0,4551000000.0,0.0,,,,,0.0,2023000000.0,1.0,1908404050.0,1902000000,1914000000.0,2.393,328459000000.0,0.0,527000000.0,0.0,172.691,
39,USB,MRQ,2011-09-30,2011-09-30,2011-09-30,2021-09-07,-930000000.0,330141000000.0,,,,,17.352,0.0,13708000000.0,13708000000.0,0.0,1252000000.0,,8.906,62653000000.0,,,62653000000.0,0.0,143000000.0,222632000000.0,0.018,0.125,1763000000.0,1906000000.0,0.452,1906000000.0,1763000000.0,1763000000.0,0.65,0.64,0.65,33230000000.0,,33230000000.0,92452582880.0,15.0,13.809,-54000000.0,-0.028,1.0,4218000000.0,1.0,11608000000.0,0.0,367478000000.0,,0.0,273571000000.0,,,295931000000.0,,,45218582880.0,-1542000000.0,0.0,-362000000.0,279000000.0,-241000000.0,7395000000.0,-8883000000.0,-8497000000.0,-54000000.0,0.0,1273000000.0,1237000000.0,1237000000.0,0.0,-21000000.0,0.293,2476000000.0,1742000000.0,0.0,0.192,1.361,10.376,10.37,2581000000.0,36000000.0,23.54,2.872,2.863,0.0,29704000000.0,4218000000.0,4218000000.0,0.0,,,,,0.0,1943000000.0,1.0,1920925356.0,1915000000,1922000000.0,2.203,318533000000.0,0.0,490000000.0,0.0,166.336,
40,USB,MRQ,2011-06-30,2011-06-30,2011-06-30,2021-09-07,-977000000.0,320874000000.0,,,,,16.893,0.0,15250000000.0,15250000000.0,0.0,1179000000.0,,8.86,62484000000.0,,,62484000000.0,0.0,141000000.0,214883000000.0,0.014,0.125,1661000000.0,1802000000.0,0.444,1802000000.0,1661000000.0,1661000000.0,0.61,0.6,0.61,32452000000.0,,32452000000.0,98144846985.0,18.0,15.326,2581000000.0,1.344,1.0,4062000000.0,1.0,12216000000.0,0.0,355892000000.0,,0.0,263933000000.0,,,287533000000.0,,,49148846985.0,1450000000.0,0.0,10000000.0,-309000000.0,-241000000.0,6687000000.0,-7818000000.0,-7329000000.0,2581000000.0,0.0,1203000000.0,1167000000.0,1167000000.0,0.0,-24000000.0,0.287,2425000000.0,1637000000.0,0.0,0.205,1.515,12.312,12.264,2529000000.0,36000000.0,25.51,3.262,3.253,0.0,28701000000.0,4062000000.0,4062000000.0,0.0,,,,,0.0,1900000000.0,1.0,1926650215.0,1921000000,1929000000.0,2.115,308658000000.0,0.0,458000000.0,0.0,160.676,
41,USB,MRQ,2011-03-31,2011-03-31,2011-03-31,2021-09-07,-1339000000.0,311462000000.0,,,,,15.906,0.0,13800000000.0,13800000000.0,0.0,1029000000.0,,9.182,62796000000.0,,,62796000000.0,0.0,137000000.0,208293000000.0,0.01,0.125,1412000000.0,1549000000.0,0.418,1549000000.0,1412000000.0,1412000000.0,0.52,0.52,0.52,30507000000.0,,30507000000.0,100404028287.0,21.0,18.036,6228000000.0,3.247,1.0,3709000000.0,1.0,12362000000.0,0.0,348096000000.0,,0.0,257370000000.0,,,280127000000.0,,,50797028287.0,-687000000.0,650000000.0,94000000.0,-1660000000.0,-96000000.0,573000000.0,-7488000000.0,-8007000000.0,6228000000.0,0.0,1046000000.0,1003000000.0,1003000000.0,0.0,-17000000.0,0.27,2314000000.0,1395000000.0,0.0,0.24,1.665,13.777,13.766,2508000000.0,43000000.0,26.43,3.544,3.537,0.0,27769000000.0,3709000000.0,3709000000.0,0.0,,,,,0.0,1832000000.0,1.0,1921945830.0,1918000000,1928000000.0,1.934,299100000000.0,0.0,366000000.0,0.0,155.944,
42,USB,MRQ,2010-12-31,2010-12-31,2010-12-31,2021-09-07,-1469000000.0,307786000000.0,,,,,15.415,0.0,14487000000.0,14487000000.0,0.0,956000000.0,,9.4,64094000000.0,,,64094000000.0,0.0,149000000.0,204252000000.0,0.007,0.05,1289000000.0,1438000000.0,0.383,1438000000.0,1289000000.0,1289000000.0,0.49,0.49,0.49,29519000000.0,,29519000000.0,111960749310.0,26.0,23.094,2435000000.0,1.272,1.0,3756000000.0,1.0,12167000000.0,0.0,345226000000.0,,0.0,253100000000.0,,,277464000000.0,,,51736749310.0,10017000000.0,91000000.0,63000000.0,-541000000.0,-96000000.0,16239000000.0,-8657000000.0,-8963000000.0,2435000000.0,0.0,974000000.0,951000000.0,951000000.0,0.0,-18000000.0,0.253,2485000000.0,1271000000.0,0.0,0.102,1.753,15.527,15.5,2487000000.0,23000000.0,26.97,3.809,3.796,0.0,27005000000.0,3756000000.0,3756000000.0,0.0,,,,,0.0,1875000000.0,1.0,1918307353.0,1915000000,1924000000.0,1.961,295619000000.0,0.0,315000000.0,0.0,154.37,
43,USB,MRQ,2010-09-30,2010-09-30,2010-09-30,2021-09-07,-894000000.0,290654000000.0,,,,,15.238,0.0,4470000000.0,4470000000.0,0.0,894000000.0,,8.943,64694000000.0,,,64694000000.0,0.0,447000000.0,187406000000.0,0.009,0.05,1168000000.0,1615000000.0,0.456,1615000000.0,1168000000.0,1168000000.0,0.46,0.45,0.46,29151000000.0,,29151000000.0,99350015934.0,27.0,21.018,-1154000000.0,-0.603,1.0,3539000000.0,1.0,11880000000.0,0.0,338998000000.0,,0.0,246697000000.0,,,260711000000.0,,,41449015934.0,-563000000.0,0.0,13000000.0,1712000000.0,-95000000.0,5895000000.0,-5304000000.0,-4932000000.0,-1154000000.0,0.0,908000000.0,871000000.0,871000000.0,0.0,-14000000.0,0.246,2385000000.0,1154000000.0,0.0,0.109,1.422,13.998,13.948,2304000000.0,37000000.0,21.62,3.247,3.24,0.0,26147000000.0,3539000000.0,3539000000.0,0.0,,,,,0.0,1819000000.0,1.0,1917160774.0,1913000000,1920000000.0,1.85,278774000000.0,0.0,260000000.0,0.0,145.726,
44,USB,MRQ,2010-06-30,2010-06-30,2010-06-30,2021-09-07,-1060000000.0,283243000000.0,,,,,14.733,0.0,5033000000.0,5033000000.0,0.0,752000000.0,,9.028,62934000000.0,,,62934000000.0,0.0,0.0,183123000000.0,0.009,0.05,965000000.0,965000000.0,0.29,965000000.0,965000000.0,965000000.0,0.45,0.45,0.45,28169000000.0,,28169000000.0,98057585862.0,31.0,25.798,1084000000.0,0.567,1.0,3328000000.0,1.0,12070000000.0,0.0,329074000000.0,,0.0,239543000000.0,,,254303000000.0,,,42842585862.0,-3347000000.0,0.0,15000000.0,81000000.0,-96000000.0,-939000000.0,-3492000000.0,-3015000000.0,1084000000.0,0.0,766000000.0,862000000.0,862000000.0,0.0,-14000000.0,0.259,2377000000.0,951000000.0,0.0,0.111,1.521,16.028,15.964,2257000000.0,-96000000.0,22.35,3.579,3.57,0.0,25367000000.0,3328000000.0,3328000000.0,0.0,,,,,0.0,1764000000.0,1.0,1916894222.0,1912000000,1921000000.0,1.741,271173000000.0,0.0,199000000.0,0.0,141.827,
45,USB,MRQ,2010-03-31,2010-03-31,2010-03-31,2021-09-07,-1267000000.0,282428000000.0,,,,,13.984,0.0,8380000000.0,8380000000.0,0.0,663000000.0,,9.549,63595000000.0,,,63595000000.0,0.0,0.0,184039000000.0,0.008,0.05,830000000.0,830000000.0,0.28,830000000.0,830000000.0,830000000.0,0.34,0.34,0.34,26709000000.0,,26709000000.0,107203797406.0,38.0,31.466,2876000000.0,1.506,1.0,2960000000.0,1.0,12395000000.0,0.0,325248000000.0,,0.0,236715000000.0,,,255040000000.0,,,49517797406.0,2174000000.0,832000000.0,28000000.0,-2010000000.0,-96000000.0,-1783000000.0,1081000000.0,551000000.0,2876000000.0,0.0,669000000.0,648000000.0,648000000.0,0.0,-6000000.0,0.219,2136000000.0,824000000.0,0.0,0.147,1.854,24.369,24.187,2246000000.0,21000000.0,25.88,4.36,4.353,0.0,24597000000.0,2960000000.0,2960000000.0,0.0,,,,,0.0,1645000000.0,1.0,1913361569.0,1910000000,1919000000.0,1.55,270033000000.0,0.0,161000000.0,0.0,141.379,
46,USB,MRQ,2009-12-31,2009-12-31,2009-12-31,2021-09-07,-1484000000.0,281176000000.0,,,,,13.607,0.0,6206000000.0,6206000000.0,0.0,602000000.0,,9.803,63892000000.0,,,63892000000.0,0.0,607000000.0,183242000000.0,0.009,0.05,710000000.0,1317000000.0,0.448,1317000000.0,710000000.0,710000000.0,0.3,0.31,0.3,25963000000.0,,25963000000.0,99447661471.0,38.0,31.01,3380000000.0,1.771,1.0,2938000000.0,1.0,12417000000.0,0.0,326445000000.0,,0.0,239216000000.0,,,254515000000.0,,,43048661471.0,1190000000.0,2854000000.0,15000000.0,804000000.0,-96000000.0,-1526000000.0,-664000000.0,-2605000000.0,3380000000.0,0.0,602000000.0,580000000.0,580000000.0,0.0,0.0,0.197,2228000000.0,710000000.0,0.0,0.167,1.658,23.876,23.206,2263000000.0,22000000.0,22.51,3.945,3.818,0.0,24116000000.0,2938000000.0,2938000000.0,0.0,,,,,0.0,1617000000.0,1.0,1912423877.0,1908000000,1916000000.0,1.54,268759000000.0,0.0,108000000.0,0.0,140.859,
47,USB,MRQ,2009-09-30,2009-09-30,2009-09-30,2021-09-07,-1753000000.0,265058000000.0,,,,,13.192,0.0,5016000000.0,5016000000.0,0.0,605000000.0,,9.502,61415000000.0,,,61415000000.0,0.0,0.0,169755000000.0,0.026,0.05,689000000.0,689000000.0,0.251,689000000.0,689000000.0,689000000.0,0.31,0.3,0.31,25171000000.0,,25171000000.0,104308762089.0,46.0,36.989,3446000000.0,1.806,1.0,2744000000.0,1.0,11755000000.0,0.0,309702000000.0,,0.0,226597000000.0,,,239178000000.0,,,41795762089.0,-1365000000.0,-2000000.0,-135000000.0,-7608000000.0,-95000000.0,-1985000000.0,-2826000000.0,-2825000000.0,3446000000.0,0.0,603000000.0,583000000.0,583000000.0,0.0,2000000.0,0.212,2053000000.0,691000000.0,0.0,0.161,1.66,28.202,26.659,2251000000.0,20000000.0,21.86,4.061,4.053,0.0,23629000000.0,2744000000.0,2744000000.0,0.0,,,,,0.0,1553000000.0,1.0,1911974478.0,1908000000,1917000000.0,1.438,253303000000.0,0.0,86000000.0,0.0,132.758,
48,USB,MRQ,2009-06-30,2009-06-30,2009-06-30,2021-09-07,-2384000000.0,265560000000.0,,,,,13.187,0.0,6381000000.0,6381000000.0,0.0,485000000.0,,9.957,68894000000.0,,,68894000000.0,0.0,0.0,163883000000.0,0.053,0.05,571000000.0,571000000.0,0.21,571000000.0,571000000.0,571000000.0,0.12,0.12,0.12,24171000000.0,,24171000000.0,90195025720.0,39.0,31.048,-1073000000.0,-0.585,1.0,2714000000.0,1.0,11412000000.0,0.0,316661000000.0,,0.0,226110000000.0,,,240674000000.0,,,31517025720.0,227000000.0,222000000.0,2684000000.0,4119000000.0,-88000000.0,1077000000.0,223000000.0,138000000.0,-1073000000.0,0.0,471000000.0,221000000.0,221000000.0,0.0,14000000.0,0.081,2129000000.0,585000000.0,0.0,0.417,1.304,21.646,21.59,2073000000.0,250000000.0,17.92,3.107,3.238,0.0,23140000000.0,2714000000.0,2714000000.0,0.0,,,,,0.0,1480000000.0,1.0,1758762596.0,1833000000,1840000000.0,1.481,254148000000.0,0.0,100000000.0,0.0,138.651,
49,USB,MRQ,2009-03-31,2009-03-31,2009-03-31,2021-09-07,-2949000000.0,263624000000.0,,,,,15.521,0.0,6154000000.0,6154000000.0,0.0,545000000.0,,8.657,64832000000.0,,,64832000000.0,0.0,0.0,162566000000.0,0.091,0.05,630000000.0,630000000.0,0.25,630000000.0,630000000.0,630000000.0,0.24,0.24,0.24,27223000000.0,,27223000000.0,91125642459.0,29.0,24.83,1847000000.0,1.053,1.0,2517000000.0,1.0,11117000000.0,0.0,311185000000.0,,0.0,224417000000.0,,,235682000000.0,,,25642642459.0,-705000000.0,0.0,0.0,-7463000000.0,-746000000.0,-5100000000.0,2548000000.0,1573000000.0,1847000000.0,0.0,529000000.0,419000000.0,419000000.0,0.0,16000000.0,0.166,1871000000.0,646000000.0,0.0,0.208,0.942,11.866,11.782,2057000000.0,110000000.0,14.61,2.419,2.417,0.0,23015000000.0,2517000000.0,2517000000.0,0.0,,,,,0.0,1489000000.0,1.0,1755143221.0,1754000000,1760000000.0,1.435,252507000000.0,0.0,101000000.0,0.0,143.961,
50,USB,MRQ,2008-12-31,2008-12-31,2008-12-31,2021-09-07,-3363000000.0,265912000000.0,,,,,14.994,0.0,6859000000.0,6859000000.0,0.0,352000000.0,,9.083,72342000000.0,,,72342000000.0,0.0,573000000.0,159350000000.0,0.068,0.425,357000000.0,930000000.0,0.401,930000000.0,357000000.0,357000000.0,0.15,0.15,0.15,26300000000.0,,26300000000.0,114296995605.0,28.0,24.815,1261000000.0,0.719,1.0,2317000000.0,1.0,11405000000.0,0.0,319990000000.0,,0.0,224446000000.0,,,238879000000.0,,,43881995605.0,-259000000.0,846000000.0,30000000.0,-10716000000.0,-755000000.0,2998000000.0,-4518000000.0,-4302000000.0,1261000000.0,0.0,330000000.0,259000000.0,259000000.0,0.0,22000000.0,0.112,1938000000.0,379000000.0,0.0,2.833,1.669,15.567,15.438,1790000000.0,71000000.0,25.01,3.833,3.806,0.0,22541000000.0,2317000000.0,2317000000.0,0.0,,,,,0.0,1492000000.0,1.0,1754577993.0,1754000000,1765000000.0,1.321,254507000000.0,0.0,27000000.0,0.0,145.101,
51,USB,MRQ,2008-09-30,2008-09-30,2008-09-30,2021-09-07,-1828000000.0,247055000000.0,,,,,12.435,0.0,7118000000.0,7118000000.0,0.0,586000000.0,,10.398,77533000000.0,,,77533000000.0,0.0,0.0,139504000000.0,0.047,0.425,774000000.0,774000000.0,0.298,774000000.0,774000000.0,774000000.0,0.32,0.32,0.32,21675000000.0,,21675000000.0,135842734400.0,27.0,23.836,1839000000.0,1.055,1.0,2597000000.0,1.0,11058000000.0,0.0,306412000000.0,,0.0,209561000000.0,,,225380000000.0,,,62748734400.0,-838000000.0,6000000.0,325000000.0,-3355000000.0,-731000000.0,590000000.0,-3267000000.0,-3512000000.0,1839000000.0,0.0,576000000.0,557000000.0,557000000.0,0.0,10000000.0,0.214,1813000000.0,784000000.0,0.0,1.328,2.895,18.026,18.01,1775000000.0,19000000.0,36.02,5.037,5.04,0.0,23032000000.0,2597000000.0,2597000000.0,0.0,,,,,0.0,1449000000.0,1.0,1742052593.0,1743000000,1756000000.0,1.49,235997000000.0,0.0,198000000.0,0.0,135.397,
52,USB,MRQ,2008-06-30,2008-06-30,2008-06-30,2021-09-07,-1519000000.0,246538000000.0,,,,,12.545,0.0,7956000000.0,7956000000.0,0.0,967000000.0,,10.295,81050000000.0,,,81050000000.0,0.0,0.0,135131000000.0,0.06,0.425,1336000000.0,1336000000.0,0.421,1336000000.0,1336000000.0,1336000000.0,0.53,0.53,0.53,21828000000.0,,21828000000.0,113842387553.0,19.0,17.571,1069000000.0,0.614,1.0,3171000000.0,1.0,11164000000.0,0.0,308468000000.0,,0.0,208282000000.0,,,224710000000.0,,,48544387553.0,633000000.0,701000000.0,91000000.0,9114000000.0,-739000000.0,2535000000.0,-2971000000.0,-4431000000.0,1069000000.0,0.0,950000000.0,926000000.0,926000000.0,0.0,17000000.0,0.292,1818000000.0,1353000000.0,0.0,0.802,2.224,12.121,12.074,1811000000.0,24000000.0,27.89,3.676,3.675,0.0,23220000000.0,3171000000.0,3171000000.0,0.0,,,,,0.0,1427000000.0,1.0,1740566065.0,1740000000,1755000000.0,1.822,235374000000.0,0.0,386000000.0,0.0,135.272,
53,USB,MRQ,2008-03-31,2008-03-31,2008-03-31,2021-09-07,-1480000000.0,241781000000.0,,,,,12.462,0.0,7323000000.0,7323000000.0,0.0,1107000000.0,,10.208,72621000000.0,,,72621000000.0,0.0,0.0,138270000000.0,0.051,0.425,1566000000.0,1566000000.0,0.466,1566000000.0,1566000000.0,1566000000.0,0.62,0.62,0.62,21572000000.0,,21572000000.0,122900545514.0,20.0,18.116,1138000000.0,0.657,1.0,3362000000.0,1.0,10647000000.0,0.0,296432000000.0,,0.0,202986000000.0,,,220209000000.0,,,55974545514.0,-1561000000.0,-70000000.0,242000000.0,-3946000000.0,-734000000.0,2864000000.0,-5563000000.0,-4204000000.0,1138000000.0,0.0,1090000000.0,1077000000.0,1077000000.0,0.0,17000000.0,0.32,1779000000.0,1583000000.0,0.0,0.685,2.595,13.264,13.262,1805000000.0,13000000.0,32.36,4.19,4.193,0.0,23033000000.0,3362000000.0,3362000000.0,0.0,,,,,0.0,1409000000.0,1.0,1729744917.0,1731000000,1748000000.0,1.942,231134000000.0,0.0,476000000.0,0.0,133.526,
54,USB,MRQ,2007-12-31,2007-12-31,2007-12-31,2021-09-07,-936000000.0,237615000000.0,,,,,12.172,0.0,8884000000.0,8884000000.0,0.0,1021000000.0,,10.29,75810000000.0,,,75810000000.0,0.0,619000000.0,131445000000.0,0.051,0.425,1404000000.0,2023000000.0,0.608,2023000000.0,1404000000.0,1404000000.0,0.53,0.53,0.53,21046000000.0,,21046000000.0,122277266417.0,20.0,17.913,886000000.0,0.512,1.0,3327000000.0,1.0,10690000000.0,0.0,293851000000.0,,0.0,199704000000.0,,,216569000000.0,,,54804266417.0,2204000000.0,-38000000.0,53000000.0,1272000000.0,-690000000.0,9317000000.0,-7999000000.0,-7776000000.0,886000000.0,0.0,987000000.0,921000000.0,921000000.0,0.0,34000000.0,0.277,1889000000.0,1438000000.0,0.0,0.802,2.604,12.871,12.955,1779000000.0,66000000.0,31.74,4.154,4.174,0.0,22693000000.0,3327000000.0,3327000000.0,0.0,,,,,0.0,1358000000.0,1.0,1726662458.0,1729000000,1738000000.0,1.924,226925000000.0,0.0,417000000.0,0.0,131.246,
55,USB,MRQ,2007-09-30,2007-09-30,2007-09-30,2021-09-07,-1028000000.0,227628000000.0,,,,,11.992,0.0,6636000000.0,6636000000.0,0.0,1096000000.0,,10.004,74109000000.0,,,74109000000.0,0.0,0.0,122748000000.0,0.049,0.4,1554000000.0,1554000000.0,0.465,1554000000.0,1554000000.0,1554000000.0,0.63,0.62,0.63,20686000000.0,,20686000000.0,122733004328.0,19.0,17.523,1043000000.0,0.605,1.0,3345000000.0,1.0,10754000000.0,0.0,284347000000.0,,0.0,191970000000.0,,,206942000000.0,,,56161004328.0,184000000.0,0.0,-133000000.0,744000000.0,-692000000.0,2950000000.0,-3809000000.0,-3842000000.0,1043000000.0,0.0,1081000000.0,1081000000.0,1081000000.0,0.0,15000000.0,0.323,1776000000.0,1569000000.0,0.0,0.635,2.715,12.436,12.56,1779000000.0,0.0,32.53,4.251,4.247,0.0,22500000000.0,3345000000.0,3345000000.0,0.0,,,,,0.0,1301000000.0,1.0,1726437268.0,1725000000,1745000000.0,1.939,216874000000.0,0.0,473000000.0,0.0,125.724,
56,USB,MRQ,2007-06-30,2007-06-30,2007-06-30,2021-09-07,-1072000000.0,222530000000.0,,,,,11.711,0.0,6534000000.0,6534000000.0,0.0,1156000000.0,,9.946,73106000000.0,,,73106000000.0,0.0,0.0,119702000000.0,0.046,0.4,1641000000.0,1641000000.0,0.493,1641000000.0,1641000000.0,1641000000.0,0.66,0.65,0.66,20330000000.0,,20330000000.0,124217952011.0,19.0,17.327,448000000.0,0.258,1.0,3326000000.0,1.0,10945000000.0,0.0,278157000000.0,,0.0,187746000000.0,,,202200000000.0,,,57290952011.0,304000000.0,-13000000.0,-486000000.0,-16000000.0,-697000000.0,428000000.0,-572000000.0,-582000000.0,448000000.0,0.0,1141000000.0,1141000000.0,1141000000.0,0.0,15000000.0,0.343,1670000000.0,1656000000.0,0.0,0.606,2.818,12.395,12.529,1798000000.0,0.0,32.95,4.36,4.353,0.0,22110000000.0,3326000000.0,3326000000.0,0.0,,,,,0.0,1302000000.0,1.0,1738723885.0,1736000000,1760000000.0,1.916,211585000000.0,0.0,500000000.0,0.0,121.881,
57,USB,MRQ,2007-03-31,2007-03-31,2007-03-31,2021-09-07,-653000000.0,221448000000.0,,,,,11.872,0.0,6287000000.0,6287000000.0,0.0,1130000000.0,,9.647,73214000000.0,,,73214000000.0,0.0,0.0,118060000000.0,0.042,0.4,1608000000.0,1608000000.0,0.503,1608000000.0,1608000000.0,1608000000.0,0.64,0.63,0.64,20800000000.0,,20800000000.0,117368356017.0,17.0,16.084,527000000.0,0.301,1.0,3195000000.0,1.0,10800000000.0,0.0,277575000000.0,,0.0,187484000000.0,,,200648000000.0,,,61472356017.0,-2447000000.0,-60000000.0,-990000000.0,8628000000.0,-706000000.0,-213000000.0,-2761000000.0,-1463000000.0,527000000.0,0.0,1115000000.0,1115000000.0,1115000000.0,0.0,15000000.0,0.349,1572000000.0,1623000000.0,0.0,0.625,2.955,13.177,13.297,1818000000.0,0.0,34.97,4.682,4.666,0.0,21660000000.0,3195000000.0,3195000000.0,0.0,,,,,0.0,1248000000.0,1.0,1757859766.0,1752000000,1780000000.0,1.824,210648000000.0,0.0,493000000.0,0.0,120.233,
58,USB,MRQ,2006-12-31,2006-12-31,2006-12-31,2021-09-07,-736000000.0,219232000000.0,,,,,12.044,0.0,8639000000.0,8639000000.0,0.0,1194000000.0,,9.343,64535000000.0,,,64535000000.0,0.0,588000000.0,124882000000.0,0.038,0.4,1613000000.0,2201000000.0,0.658,2201000000.0,1613000000.0,1613000000.0,0.66,0.66,0.66,21197000000.0,,21197000000.0,123274944932.0,18.0,16.652,675000000.0,0.384,1.0,3346000000.0,1.0,10765000000.0,0.0,264363000000.0,,0.0,184948000000.0,,,198035000000.0,,,63616944932.0,2323000000.0,-13000000.0,-21000000.0,-953000000.0,-582000000.0,2349000000.0,-701000000.0,-712000000.0,675000000.0,0.0,1179000000.0,1179000000.0,1179000000.0,0.0,15000000.0,0.352,1729000000.0,1617000000.0,0.0,0.606,3.001,13.527,13.708,1835000000.0,0.0,36.19,4.838,4.894,0.0,21242000000.0,3346000000.0,3346000000.0,0.0,,,,,0.0,1324000000.0,1.0,1757859766.0,1760000000,1789000000.0,1.901,208467000000.0,0.0,434000000.0,0.0,118.447,
59,USB,MRQ,2006-09-30,2006-09-30,2006-09-30,2021-09-07,-541000000.0,216855000000.0,,,,,11.816,0.0,6355000000.0,6355000000.0,0.0,1203000000.0,,9.363,66013000000.0,,,66013000000.0,0.0,0.0,120961000000.0,0.04,0.33,1719000000.0,1719000000.0,0.525,1719000000.0,1719000000.0,1719000000.0,0.67,0.66,0.67,20926000000.0,,20926000000.0,114326231004.0,17.0,15.157,2592000000.0,1.464,1.0,3273000000.0,1.0,10615000000.0,0.0,265898000000.0,,0.0,184543000000.0,,,195929000000.0,,,59038231004.0,-1054000000.0,-141000000.0,-722000000.0,3214000000.0,-589000000.0,-437000000.0,-3209000000.0,-3053000000.0,2592000000.0,0.0,1187000000.0,1187000000.0,1187000000.0,0.0,16000000.0,0.363,1538000000.0,1735000000.0,0.0,0.493,2.821,12.65,12.777,1835000000.0,0.0,33.22,4.57,4.554,0.0,20770000000.0,3273000000.0,3273000000.0,0.0,,,,,0.0,1229000000.0,1.0,1777189374.0,1771000000,1796000000.0,1.848,206240000000.0,0.0,532000000.0,0.0,116.454,
60,USB,MRQ,2006-06-30,2006-06-30,2006-06-30,2021-09-07,-1137000000.0,213405000000.0,,,,,11.463,0.0,7234000000.0,7234000000.0,0.0,1201000000.0,,9.453,62522000000.0,,,62522000000.0,0.0,0.0,122719000000.0,0.042,0.33,1769000000.0,1769000000.0,0.533,1769000000.0,1769000000.0,1769000000.0,0.66,0.66,0.66,20415000000.0,,20415000000.0,107890836355.0,16.0,14.264,310000000.0,0.174,1.0,3316000000.0,1.0,10441000000.0,0.0,258252000000.0,,0.0,180394000000.0,,,192990000000.0,,,54962836355.0,370000000.0,-3000000.0,-165000000.0,2648000000.0,-589000000.0,2869000000.0,-2809000000.0,-2573000000.0,310000000.0,0.0,1184000000.0,1184000000.0,1184000000.0,0.0,17000000.0,0.357,1519000000.0,1797000000.0,0.0,0.5,2.692,11.861,12.062,1817000000.0,0.0,30.88,4.274,4.277,0.0,20164000000.0,3316000000.0,3316000000.0,0.0,,,,,0.0,1203000000.0,1.0,1779884597.0,1781000000,1805000000.0,1.862,202964000000.0,0.0,585000000.0,0.0,113.961,
61,USB,MRQ,2006-03-31,2006-03-31,2006-03-31,2021-09-07,-757000000.0,209907000000.0,,,,,11.247,0.0,7050000000.0,7050000000.0,0.0,1153000000.0,,9.363,59978000000.0,,,59978000000.0,0.0,0.0,121744000000.0,0.041,0.33,1714000000.0,1714000000.0,0.533,1714000000.0,1714000000.0,1714000000.0,0.64,0.63,0.64,20256000000.0,,20256000000.0,104252870073.0,16.0,14.182,1814000000.0,1.007,1.0,3214000000.0,1.0,10395000000.0,0.0,252440000000.0,,0.0,178196000000.0,,,189651000000.0,,,54926870073.0,-1004000000.0,-443000000.0,-980000000.0,2876000000.0,-599000000.0,-720000000.0,-2098000000.0,-1598000000.0,1814000000.0,0.0,1153000000.0,1153000000.0,1153000000.0,0.0,0.0,0.359,1500000000.0,1714000000.0,0.0,0.516,2.712,12.016,12.151,1817000000.0,0.0,30.5,4.327,4.327,0.0,19568000000.0,3214000000.0,3214000000.0,0.0,,,,,0.0,1189000000.0,1.0,1800880986.0,1801000000,1826000000.0,1.785,199512000000.0,0.0,561000000.0,0.0,110.778,
62,USB,MRQ,2005-12-31,2005-12-31,2005-12-31,2021-09-07,-429000000.0,209465000000.0,,,,,11.061,0.0,8004000000.0,8004000000.0,0.0,1143000000.0,,9.428,57269000000.0,,,57269000000.0,0.0,689000000.0,124709000000.0,0.041,0.33,1652000000.0,2341000000.0,0.751,2341000000.0,1652000000.0,1652000000.0,0.63,0.62,0.63,20086000000.0,,20086000000.0,106775578353.0,16.0,14.707,578000000.0,0.318,1.0,3116000000.0,1.0,9879000000.0,0.0,248851000000.0,,0.0,177219000000.0,,,189379000000.0,,,54290578353.0,1159000000.0,-729000000.0,-125000000.0,-1944000000.0,-585000000.0,1260000000.0,-679000000.0,-7000000.0,578000000.0,0.0,1143000000.0,1143000000.0,1143000000.0,0.0,0.0,0.367,1464000000.0,1652000000.0,0.0,0.524,2.703,12.094,12.2,1841000000.0,0.0,29.89,4.366,4.402,0.0,19001000000.0,3116000000.0,3116000000.0,0.0,,,,,0.0,1173000000.0,1.0,1816345880.0,1816000000,1842000000.0,1.716,199586000000.0,0.0,509000000.0,0.0,109.904,
63,USB,MRQ,2005-09-30,2005-09-30,2005-09-30,2021-09-07,-208000000.0,206895000000.0,,,,,10.896,0.0,6918000000.0,6918000000.0,0.0,1154000000.0,,9.416,59403000000.0,,,59403000000.0,0.0,0.0,120795000000.0,0.043,0.3,1740000000.0,1740000000.0,0.542,1740000000.0,1740000000.0,1740000000.0,0.63,0.62,0.63,19864000000.0,,19864000000.0,100195562284.0,15.0,13.731,1086000000.0,0.596,1.0,3213000000.0,1.0,8958000000.0,0.0,250422000000.0,,0.0,177783000000.0,,,187031000000.0,,,51320562284.0,457000000.0,-279000000.0,-363000000.0,4295000000.0,-549000000.0,2355000000.0,-2984000000.0,-2883000000.0,1086000000.0,0.0,1154000000.0,1154000000.0,1154000000.0,0.0,0.0,0.359,1473000000.0,1740000000.0,0.0,0.476,2.584,11.658,11.749,1850000000.0,0.0,28.08,4.112,4.101,0.0,18457000000.0,3213000000.0,3213000000.0,0.0,,,,,0.0,1158000000.0,1.0,1827655352.0,1823000000,1849000000.0,1.762,197937000000.0,0.0,586000000.0,0.0,108.578,
64,USB,MRQ,2005-06-30,2005-06-30,2005-06-30,2021-09-07,113000000.0,203981000000.0,,,,,10.857,0.0,6442000000.0,6442000000.0,0.0,1121000000.0,,9.25,55317000000.0,,,55317000000.0,0.0,0.0,121823000000.0,0.039,0.3,1556000000.0,1556000000.0,0.494,1556000000.0,1556000000.0,1556000000.0,0.61,0.6,0.61,19901000000.0,,19901000000.0,100070358780.0,16.0,13.953,942000000.0,0.514,1.0,3151000000.0,1.0,8956000000.0,0.0,243900000000.0,,0.0,175395000000.0,,,184080000000.0,,,53516358780.0,584000000.0,0.0,-448000000.0,2731000000.0,-553000000.0,3835000000.0,-4193000000.0,-2955000000.0,942000000.0,0.0,1121000000.0,1121000000.0,1121000000.0,0.0,0.0,0.356,1541000000.0,1610000000.0,0.0,0.492,2.689,12.405,12.532,1864000000.0,0.0,29.2,4.315,4.316,0.0,17849000000.0,3151000000.0,3151000000.0,0.0,,,,,0.0,1161000000.0,1.0,1832752013.0,1833000000,1857000000.0,1.719,195025000000.0,0.0,435000000.0,0.0,106.397,
65,USB,MRQ,2005-03-31,2005-03-31,2005-03-31,2021-09-07,-387000000.0,198466000000.0,,,,,10.371,0.0,5881000000.0,5881000000.0,0.0,1071000000.0,,9.332,52435000000.0,,,52435000000.0,0.0,0.0,119718000000.0,0.037,0.3,1623000000.0,1623000000.0,0.549,1623000000.0,1623000000.0,1623000000.0,0.58,0.57,0.58,19208000000.0,,19208000000.0,95393481657.0,15.0,13.262,871000000.0,0.47,1.0,2954000000.0,1.0,8810000000.0,0.0,236210000000.0,,0.0,171561000000.0,,,179258000000.0,,,53811481657.0,-535000000.0,0.0,-548000000.0,4705000000.0,-558000000.0,2576000000.0,-3982000000.0,-3826000000.0,871000000.0,0.0,1071000000.0,1071000000.0,1071000000.0,0.0,0.0,0.363,1331000000.0,1623000000.0,0.0,0.517,2.802,12.721,12.696,1877000000.0,0.0,28.82,4.462,4.426,0.0,17276000000.0,2954000000.0,2954000000.0,0.0,,,,,0.0,1085000000.0,1.0,1867157587.0,1852000000,1880000000.0,1.595,189656000000.0,0.0,552000000.0,0.0,102.406,
66,USB,MRQ,2004-12-31,2004-12-31,2004-12-31,2021-09-07,-16000000.0,195104000000.0,,,,,10.488,0.0,6336000000.0,6336000000.0,0.0,1056000000.0,,8.985,47918000000.0,,,47918000000.0,0.0,794000000.0,120741000000.0,0.033,0.3,1584000000.0,2378000000.0,0.752,2378000000.0,1584000000.0,1584000000.0,0.57,0.56,0.57,19539000000.0,,19539000000.0,102308375625.0,17.0,14.678,1048000000.0,0.563,1.0,3163000000.0,1.0,8628000000.0,0.0,228058000000.0,,0.0,167155000000.0,,,175565000000.0,,,58479375625.0,-593000000.0,-322000000.0,-407000000.0,-2759000000.0,-449000000.0,1559000000.0,-3200000000.0,-3146000000.0,1048000000.0,0.0,1056000000.0,1056000000.0,1056000000.0,0.0,0.0,0.334,1466000000.0,1697000000.0,0.0,0.526,2.993,14.034,14.172,1890000000.0,0.0,31.32,4.889,4.941,0.0,16758000000.0,3163000000.0,3163000000.0,0.0,,,,,0.0,1115000000.0,1.0,1867157587.0,1863000000,1895000000.0,1.698,186476000000.0,0.0,528000000.0,0.0,100.094,
67,USB,MRQ,2004-09-30,2004-09-30,2004-09-30,2021-09-07,162000000.0,192844000000.0,,,,,10.442,0.0,6969000000.0,6969000000.0,0.0,1066000000.0,,8.839,50798000000.0,,,50798000000.0,0.0,0.0,115567000000.0,0.033,0.24,1615000000.0,1615000000.0,0.515,1615000000.0,1615000000.0,1615000000.0,0.57,0.56,0.57,19600000000.0,,19600000000.0,92261272631.0,15.0,13.117,1670000000.0,0.89,1.0,3133000000.0,1.0,8645000000.0,0.0,228028000000.0,,0.0,163668000000.0,,,173244000000.0,,,54311272631.0,-479000000.0,0.0,-395000000.0,5279000000.0,-452000000.0,72000000.0,-2221000000.0,-2039000000.0,1670000000.0,0.0,1066000000.0,1066000000.0,1066000000.0,0.0,0.0,0.34,1513000000.0,1620000000.0,0.0,0.421,2.771,13.284,13.38,1894000000.0,0.0,28.9,4.675,4.669,0.0,16260000000.0,3133000000.0,3133000000.0,0.0,,,,,0.0,1092000000.0,1.0,1879282790.0,1877000000,1904000000.0,1.669,184199000000.0,0.0,549000000.0,0.0,98.135,
68,USB,MRQ,2004-06-30,2004-06-30,2004-06-30,2021-09-07,-533000000.0,190230000000.0,,,,,9.871,0.0,7476000000.0,7476000000.0,0.0,1037000000.0,,9.186,45426000000.0,,,45426000000.0,0.0,0.0,119927000000.0,0.034,0.24,1577000000.0,1577000000.0,0.561,1577000000.0,1577000000.0,1577000000.0,0.55,0.54,0.55,18675000000.0,,18675000000.0,92205565770.0,16.0,13.438,1347000000.0,0.712,1.0,2810000000.0,1.0,8701000000.0,0.0,219479000000.0,,0.0,162254000000.0,,,171555000000.0,,,52235565770.0,364000000.0,0.0,-542000000.0,-1408000000.0,-457000000.0,-1443000000.0,460000000.0,855000000.0,1347000000.0,0.0,1037000000.0,1037000000.0,1037000000.0,0.0,0.0,0.369,1231000000.0,1579000000.0,0.0,0.436,2.797,13.147,13.25,1893000000.0,0.0,27.56,4.676,4.668,0.0,15644000000.0,2810000000.0,2810000000.0,0.0,,,,,0.0,1063000000.0,1.0,1895339832.0,1892000000,1913000000.0,1.485,181529000000.0,0.0,540000000.0,0.0,95.946,
69,USB,MRQ,2004-03-31,2004-03-31,2004-03-31,2021-09-07,394000000.0,192093000000.0,,,,,10.158,0.0,7177000000.0,7177000000.0,0.0,1008000000.0,,8.875,47147000000.0,,,47147000000.0,0.0,0.0,118964000000.0,0.032,0.24,1400000000.0,1400000000.0,0.49,1400000000.0,1400000000.0,1400000000.0,0.53,0.52,0.53,19452000000.0,,19452000000.0,89449806453.0,16.0,13.382,1240000000.0,0.648,1.0,2855000000.0,1.0,8120000000.0,0.0,223943000000.0,,0.0,164694000000.0,,,172641000000.0,,,53292806453.0,-1537000000.0,0.0,-735000000.0,2143000000.0,-462000000.0,857000000.0,-3634000000.0,-3492000000.0,1240000000.0,0.0,1008000000.0,1008000000.0,1008000000.0,0.0,0.0,0.353,1420000000.0,1435000000.0,0.0,0.453,2.74,13.82,13.756,1924000000.0,0.0,27.65,4.715,4.685,0.0,15059000000.0,2855000000.0,2855000000.0,0.0,,,,,0.0,1023000000.0,1.0,1927407105.0,1915000000,1941000000.0,1.491,183973000000.0,0.0,392000000.0,0.0,96.069,
70,USB,MRQ,2003-12-31,2003-12-31,2003-12-31,2021-09-07,68000000.0,189471000000.0,,,,,9.976,0.0,8630000000.0,8630000000.0,0.0,977400000.0,,8.847,44787000000.0,,,44787000000.0,0.0,957000000.0,119052000000.0,0.029,0.24,1484500000.0,2441500000.0,0.866,2441500000.0,1484500000.0,1484500000.0,0.51,0.5,0.51,19242000000.0,,19242000000.0,95466043760.0,17.0,14.397,4147100000.0,2.15,1.0,2819800000.0,1.0,8149000000.0,0.0,217479000000.0,,0.0,160818000000.0,,,170229000000.0,,,57438043760.0,-941100000.0,-382000000.0,-107000000.0,-1775800000.0,-395300000.0,2011800000.0,-7100000000.0,-6975500000.0,4147100000.0,0.0,977400000.0,977400000.0,977400000.0,-7200000.0,0.0,0.347,1342500000.0,1477300000.0,0.0,0.471,2.985,15.387,15.351,1957000000.0,0.0,29.78,5.107,5.094,0.0,14508000000.0,2819800000.0,2819800000.0,0.0,,,,,123000000.0,1045800000.0,1.0,1928745593.0,1928800000,1946800000.0,1.462,181322000000.0,0.0,507100000.0,0.0,94.008,
71,USB,MRQ,2003-09-30,2003-09-30,2003-09-30,2021-09-07,252000000.0,188835000000.0,,,,,10.086,0.0,9187000000.0,9187000000.0,0.0,950900000.0,,8.721,47215000000.0,,,47215000000.0,0.0,0.0,115043000000.0,0.034,0.205,1442800000.0,1442800000.0,0.537,1442800000.0,1442800000.0,1442800000.0,0.49,0.49,0.49,19426000000.0,,19426000000.0,75984551551.0,14.0,12.372,994000000.0,0.516,1.0,2685900000.0,1.0,8467000000.0,0.0,218396000000.0,,0.0,157843000000.0,,,169409000000.0,,,46213551551.0,-5284200000.0,0.0,52300000.0,5913500000.0,-394500000.0,-5713000000.0,-565200000.0,-495200000.0,994000000.0,0.0,950900000.0,950900000.0,950900000.0,-10200000.0,0.0,0.354,1253300000.0,1432600000.0,0.0,0.418,2.379,13.263,13.254,2028000000.0,0.0,23.99,4.324,4.323,0.0,15385000000.0,2685900000.0,2685900000.0,0.0,,,,,0.0,1033100000.0,1.0,1926367301.0,1926000000,1939800000.0,1.395,180368000000.0,0.0,491900000.0,0.0,93.649,
72,USB,MRQ,2003-06-30,2003-06-30,2003-06-30,2021-09-07,636000000.0,194899000000.0,,,,,9.978,0.0,11795000000.0,11795000000.0,0.0,919900000.0,,9.162,41566000000.0,,,41566000000.0,0.0,0.0,126327000000.0,0.033,0.205,1400100000.0,1400100000.0,0.476,1400100000.0,1400100000.0,1400100000.0,0.48,0.48,0.48,19180000000.0,,19180000000.0,79890420452.0,15.0,13.274,1149400000.0,0.598,1.0,2941800000.0,1.0,8313000000.0,0.0,216357000000.0,,0.0,160676000000.0,,,175719000000.0,,,47033420452.0,5643600000.0,0.0,94900000.0,-22600000.0,-393400000.0,10435100000.0,-5940900000.0,-5274800000.0,1149400000.0,0.0,919900000.0,919900000.0,919900000.0,-4900000.0,0.0,0.313,1546600000.0,1395200000.0,0.0,0.427,2.452,13.859,13.842,2064000000.0,0.0,24.5,4.288,4.293,0.0,14795000000.0,2941800000.0,2941800000.0,0.0,,,,,0.0,1036600000.0,1.0,1919731447.0,1922300000,1931600000.0,1.53,186586000000.0,0.0,480200000.0,0.0,97.064,
73,USB,MRQ,2003-03-31,2003-03-31,2003-03-31,2021-09-07,645000000.0,182231000000.0,,,,,9.651,0.0,8910000000.0,8910000000.0,0.0,884800000.0,,8.84,41767000000.0,,,41767000000.0,0.0,0.0,115221000000.0,0.042,0.205,1346600000.0,1346600000.0,0.481,1346600000.0,1346600000.0,1346600000.0,0.46,0.46,0.46,18520000000.0,,18520000000.0,65206502864.0,13.0,11.087,2391500000.0,1.246,1.0,2800500000.0,1.0,8513000000.0,0.0,206575000000.0,,0.0,150070000000.0,,,163711000000.0,,,36436502864.0,-1828300000.0,0.0,31800000.0,2253900000.0,-373800000.0,1599100000.0,-5818900000.0,-5791500000.0,2391500000.0,0.0,884800000.0,884800000.0,884800000.0,-700000.0,0.0,0.316,1454600000.0,1345900000.0,0.0,0.446,1.967,11.052,11.035,1655000000.0,0.0,18.98,3.368,3.367,0.0,14236000000.0,2800500000.0,2800500000.0,0.0,,,,,0.0,1020500000.0,1.0,1919731447.0,1919000000,1925600000.0,1.459,173718000000.0,0.0,461800000.0,0.0,90.525,
74,USB,MRQ,2002-12-31,2002-12-31,2002-12-31,2021-09-07,784000000.0,180027000000.0,,,,,9.622,0.0,10758000000.0,10758000000.0,0.0,728700000.0,,8.765,39528000000.0,,,39528000000.0,0.0,838300000.0,115534000000.0,0.037,0.195,1113900000.0,1952200000.0,0.864,1952200000.0,1113900000.0,1113900000.0,0.38,0.38,0.38,18436000000.0,,18436000000.0,74234246542.0,15.0,12.992,-1143100000.0,-0.597,1.0,2259700000.0,1.0,8646000000.0,0.0,200151000000.0,,0.0,146476000000.0,,,161591000000.0,,,40648246542.0,2002600000.0,1431500000.0,25000000.0,-2784900000.0,-373700000.0,1650900000.0,1494800000.0,111300000.0,-1143100000.0,0.0,728700000.0,728700000.0,728700000.0,22700000.0,0.0,0.322,1123300000.0,1136400000.0,0.0,0.513,2.205,12.83,12.861,1697000000.0,0.0,21.22,3.807,3.808,0.0,13105000000.0,2259700000.0,2259700000.0,0.0,,,,,113300000.0,1087000000.0,1.0,1915562985.0,1916000000,1919100000.0,1.179,171381000000.0,0.0,385200000.0,0.0,89.447,
75,USB,MRQ,2002-09-30,2002-09-30,2002-09-30,2021-09-07,710000000.0,174006000000.0,,,,,9.148,0.0,8705000000.0,8705000000.0,0.0,860300000.0,,8.933,42291000000.0,,,42291000000.0,0.0,0.0,107426000000.0,0.042,0.195,1319800000.0,1319800000.0,0.445,1319800000.0,1319800000.0,1319800000.0,0.45,0.45,0.45,17518000000.0,,17518000000.0,73254181156.0,16.0,13.791,884100000.0,0.462,1.0,2967400000.0,1.0,7519000000.0,0.0,200073000000.0,,0.0,145875000000.0,,,156488000000.0,,,35570181156.0,545200000.0,0.0,4800000.0,-3405800000.0,-373200000.0,-1402200000.0,1063300000.0,1122500000.0,884100000.0,0.0,860300000.0,860300000.0,860300000.0,0.0,0.0,0.29,1647600000.0,1319800000.0,0.0,0.433,2.03,12.236,12.305,1706000000.0,0.0,18.58,3.42,3.421,0.0,13243000000.0,2967400000.0,2967400000.0,0.0,,,,,0.0,1009400000.0,1.0,1914433862.0,1915000000,1923300000.0,1.55,166487000000.0,0.0,459500000.0,0.0,86.938,
76,USB,MRQ,2002-06-30,2002-06-30,2002-06-30,2021-09-07,340000000.0,172956000000.0,,,,,8.703,0.0,7531000000.0,7531000000.0,0.0,823100000.0,,9.388,45215000000.0,,,45215000000.0,0.0,0.0,105056000000.0,0.033,0.195,1262700000.0,1262700000.0,0.453,1262700000.0,1262700000.0,1262700000.0,0.43,0.43,0.43,16650000000.0,,16650000000.0,78775349227.0,24.0,19.438,1336400000.0,0.699,1.0,2789600000.0,1.0,7618000000.0,0.0,203022000000.0,,0.0,146524000000.0,,,156306000000.0,,,44638349227.0,1607500000.0,-62700000.0,-53800000.0,3740300000.0,-373600000.0,5906400000.0,-5635300000.0,-5442200000.0,1336400000.0,0.0,823100000.0,823100000.0,823100000.0,0.0,0.0,0.295,1526900000.0,1262700000.0,0.0,0.453,2.681,21.404,21.62,1718000000.0,0.0,23.35,4.926,4.93,0.0,12756000000.0,2789600000.0,2789600000.0,0.0,,,,,0.0,966000000.0,1.0,1911706605.0,1913200000,1926900000.0,1.458,165338000000.0,0.0,439600000.0,0.0,86.42,
77,USB,MRQ,2002-03-31,2002-03-31,2002-03-31,2021-09-07,-6000000.0,164745000000.0,,,,,8.278,0.0,6499000000.0,6499000000.0,0.0,756000000.0,,9.367,40636000000.0,,,40636000000.0,0.0,0.0,102462000000.0,0.034,0.195,1179200000.0,1179200000.0,0.443,1179200000.0,1179200000.0,1179200000.0,0.39,0.39,0.39,15892000000.0,,15892000000.0,78795594111.0,28.0,21.589,2708900000.0,1.411,1.0,2659300000.0,1.0,7425000000.0,0.0,191457000000.0,,0.0,140236000000.0,,,148853000000.0,,,44525594111.0,-2708500000.0,0.0,-869400000.0,-2573200000.0,-360200000.0,-6550500000.0,1133100000.0,1239600000.0,2708900000.0,0.0,756000000.0,756000000.0,756000000.0,0.0,0.0,0.284,1442900000.0,1216400000.0,0.0,0.5,2.802,24.402,23.758,1737000000.0,0.0,22.57,5.102,4.965,0.0,12306000000.0,2659300000.0,2659300000.0,0.0,,,,,0.0,954000000.0,1.0,1972777763.0,1919800000,1930100000.0,1.385,157320000000.0,0.0,423200000.0,0.0,81.946,
78,USB,MRQ,2001-12-31,2001-12-31,2001-12-31,2021-09-07,95000000.0,171390000000.0,,,,,8.433,104200000.0,9120000000.0,9120000000.0,0.0,467700000.0,,9.412,43390000000.0,,,43390000000.0,0.0,799100000.0,105219000000.0,0.036,0.188,751100000.0,1550200000.0,0.781,1550200000.0,751100000.0,751100000.0,0.24,0.24,0.24,16461000000.0,,16461000000.0,75022083894.0,33.0,24.23,-38400000.0,-0.02,1.0,1984600000.0,1.0,7412000000.0,0.0,198248000000.0,,0.0,142983000000.0,,,154929000000.0,,,40832083894.0,1413000000.0,-1000000.0,-427100000.0,1055400000.0,-365700000.0,2476100000.0,-920500000.0,-872500000.0,-142600000.0,0.0,467700000.0,467700000.0,467700000.0,45200000.0,0.0,0.236,1188300000.0,796300000.0,0.0,0.783,2.481,27.612,27.182,1741000000.0,0.0,20.93,4.809,4.752,0.0,11918000000.0,1984600000.0,1984600000.0,0.0,,,,,227700000.0,1038900000.0,1.0,1950887907.0,1951900000,1962500000.0,1.017,163978000000.0,0.0,283400000.0,0.0,84.009,
79,USB,MRQ,2001-09-30,2001-09-30,2001-09-30,2021-09-07,356000000.0,167830000000.0,,,,,8.612,-36600000.0,7570000000.0,7570000000.0,0.0,38700000.0,,8.98,41760000000.0,,,41760000000.0,0.0,0.0,103805000000.0,0.032,0.188,60600000.0,60600000.0,0.037,60600000.0,60600000.0,60600000.0,0.02,0.02,0.02,16817000000.0,,16817000000.0,74191968852.0,28.0,22.174,1458900000.0,0.747,1.0,1628100000.0,1.0,7448000000.0,0.0,194572000000.0,,0.0,141653000000.0,,,151013000000.0,,,43596968852.0,254800000.0,-740400000.0,48000000.0,3717200000.0,-357800000.0,-443500000.0,-797200000.0,-26300000.0,1495500000.0,0.0,38700000.0,38700000.0,38700000.0,0.0,0.0,0.024,1567500000.0,60600000.0,0.0,9.4,2.592,24.495,23.347,1773000000.0,0.0,22.18,4.8,4.768,0.0,11585000000.0,1628100000.0,1628100000.0,0.0,,,,,0.0,937200000.0,1.0,1965598235.0,1952700000,1965400000.0,0.834,160382000000.0,0.0,21900000.0,0.0,82.133,
80,USB,MRQ,2001-06-30,2001-06-30,2001-06-30,2021-09-07,13000000.0,165156000000.0,,,,,8.112,-36200000.0,7032000000.0,7032000000.0,0.0,562300000.0,,9.686,37627000000.0,,,37627000000.0,0.0,0.0,106944000000.0,0.03,0.188,859800000.0,859800000.0,0.35,859800000.0,859800000.0,859800000.0,0.3,0.29,0.3,15456000000.0,,15456000000.0,71111885515.0,19.0,16.286,78900000.0,0.041,1.0,2454500000.0,1.0,5202000000.0,0.0,190549000000.0,,0.0,142130000000.0,,,149700000000.0,,,43428885515.0,302500000.0,-340000000.0,30100000.0,2135300000.0,-357500000.0,5381500000.0,-5194100000.0,-4734100000.0,115100000.0,0.0,562300000.0,562300000.0,562300000.0,0.0,0.0,0.229,1594700000.0,859800000.0,0.0,0.627,2.81,17.716,17.531,1746000000.0,0.0,22.79,4.348,4.347,0.0,11916000000.0,2454500000.0,2454500000.0,0.0,,,,,0.0,931600000.0,1.0,1905611475.0,1905300000,1917200000.0,1.288,159954000000.0,0.0,297500000.0,0.0,83.952,
81,USB,MRQ,2001-03-31,2001-03-31,2001-03-31,2021-09-07,51000000.0,160274000000.0,,,,,8.018,-31400000.0,7252000000.0,7252000000.0,0.0,410100000.0,,9.515,34935000000.0,,,34935000000.0,0.0,0.0,104842000000.0,0.024,0.188,625600000.0,625600000.0,0.258,625600000.0,625600000.0,625600000.0,0.22,0.21,0.22,15243000000.0,,15243000000.0,40489482222.0,10.0,8.796,682500000.0,0.359,1.0,2424100000.0,1.0,5211000000.0,0.0,182746000000.0,,0.0,136975000000.0,,,145031000000.0,,,22251482222.0,-1356600000.0,0.0,17500000.0,-500900000.0,-154100000.0,-5331800000.0,3261300000.0,3340600000.0,713900000.0,0.0,410100000.0,410100000.0,410100000.0,0.0,0.0,0.169,1798500000.0,625600000.0,0.0,0.855,1.46,8.562,16.934,1787000000.0,0.0,23.2,2.216,4.392,0.0,11711000000.0,2424100000.0,2424100000.0,0.0,,,,,0.0,971200000.0,1.0,959115613.0,1901100000,1915700000.0,1.275,155063000000.0,0.0,215500000.0,0.0,81.565,
82,USB,MRQ,2000-12-31,2000-12-31,2000-12-31,2021-09-07,95000000.0,164921000000.0,,,,,8.002,117900000.0,8475000000.0,8475000000.0,0.0,768700000.0,,9.873,35292000000.0,,,35292000000.0,0.0,654900000.0,109535000000.0,0.019,0.149,1145000000.0,1799900000.0,0.698,1799900000.0,1145000000.0,1145000000.0,0.41,0.4,0.41,15168000000.0,,15168000000.0,42078060044.0,10.0,8.344,1174600000.0,0.62,1.0,2576900000.0,1.0,5309000000.0,0.0,186429000000.0,,0.0,140394000000.0,,,149753000000.0,,,21938060044.0,1504400000.0,1176400000.0,53400000.0,-1994300000.0,-316200000.0,206300000.0,241400000.0,-675000000.0,1056700000.0,0.0,768700000.0,768700000.0,768700000.0,0.0,0.0,0.298,1431900000.0,1145000000.0,0.0,0.363,1.446,7.629,15.282,1836000000.0,0.0,23.075,2.171,4.352,0.0,11658000000.0,2576900000.0,2576900000.0,0.0,,,,,0.0,952200000.0,1.0,950724425.0,1895500000,1907700000.0,1.359,159612000000.0,0.0,376300000.0,0.0,84.206,
83,USB,MRQ,2000-09-30,2000-09-30,2000-09-30,2021-09-07,-33000000.0,86349000000.0,,,,,4.295,-74000000.0,3776000000.0,3776000000.0,0.0,710300000.0,,9.605,23916000000.0,,,23916000000.0,0.0,0.0,51392000000.0,0.019,0.149,1081200000.0,1081200000.0,0.427,1081200000.0,1081200000.0,1081200000.0,0.37,0.37,0.37,8142000000.0,,8142000000.0,35451054832.0,7.0,6.077,1454000000.0,0.767,1.0,2532600000.0,1.0,3254000000.0,0.0,103235000000.0,,0.0,72795000000.0,,,78207000000.0,,,16967054832.0,-948000000.0,-296000000.0,-321500000.0,-252500000.0,-316200000.0,-1482900000.0,-993100000.0,-568500000.0,1528000000.0,0.0,710300000.0,710300000.0,710300000.0,0.0,0.0,0.28,1451400000.0,1081200000.0,0.0,0.403,2.084,5.063,16.217,860000000.0,0.0,17.984,1.313,2.638,0.0,6080000000.0,2532600000.0,2532600000.0,0.0,,,,,0.0,950000000.0,1.0,943442829.0,1895600000,1907100000.0,1.336,83095000000.0,0.0,370900000.0,0.0,43.836,
84,USB,MRQ,2000-06-30,2000-06-30,2000-06-30,2021-09-07,-71000000.0,86174000000.0,,,,,4.149,32800000.0,4428000000.0,4428000000.0,0.0,709800000.0,,9.865,22912000000.0,,,22912000000.0,0.0,0.0,52545000000.0,0.024,0.064,1096400000.0,1096400000.0,0.437,1096400000.0,1096400000.0,1096400000.0,0.37,0.37,0.37,7931000000.0,,7931000000.0,32333782574.0,7.0,6.018,1465800000.0,0.767,1.0,2507500000.0,1.0,3188000000.0,0.0,101470000000.0,,0.0,72020000000.0,,,78243000000.0,,,14472782574.0,994800000.0,-43000000.0,-369500000.0,1050600000.0,-318900000.0,3190500000.0,-3628700000.0,-3527300000.0,1433000000.0,0.0,709800000.0,709800000.0,709800000.0,0.0,0.0,0.283,1411100000.0,1096400000.0,0.0,0.173,1.825,4.765,12.962,855000000.0,0.0,15.217,1.227,2.466,0.0,5839000000.0,2507500000.0,2507500000.0,0.0,,,,,0.0,949500000.0,1.0,951068569.0,1911400000,1925900000.0,1.312,82986000000.0,0.0,386600000.0,0.0,43.416,
85,USB,MRQ,2000-03-31,2000-03-31,2000-03-31,2021-09-07,-83000000.0,83072000000.0,,,,,4.03,-76700000.0,3733000000.0,3733000000.0,0.0,686800000.0,,9.726,21594000000.0,,,21594000000.0,0.0,0.0,51015000000.0,0.02,0.064,1065200000.0,1065200000.0,0.428,1065200000.0,1065200000.0,1065200000.0,0.36,0.36,0.36,7745000000.0,,7745000000.0,31670042769.0,7.0,6.508,629700000.0,0.328,1.0,2487800000.0,1.0,3158000000.0,0.0,97775000000.0,,0.0,69701000000.0,,,75327000000.0,,,16498042769.0,-1677100000.0,-11200000.0,-334600000.0,2483500000.0,-320000000.0,533600000.0,-2917100000.0,-2612400000.0,706400000.0,0.0,686800000.0,686800000.0,686800000.0,0.0,0.0,0.276,1422600000.0,1065200000.0,0.0,0.178,2.13,6.106,14.229,867000000.0,0.0,17.289,1.552,3.125,0.0,5607000000.0,2487800000.0,2487800000.0,0.0,,,,,0.0,960000000.0,1.0,954276365.0,1921700000,1933400000.0,1.295,79914000000.0,0.0,378400000.0,0.0,41.585,
86,USB,MRQ,1999-12-31,1999-12-31,1999-12-31,2021-09-07,-62000000.0,81530000000.0,,,,,4.004,69300000.0,4749000000.0,4749000000.0,0.0,1244300000.0,,9.674,19921000000.0,,,19921000000.0,0.0,600400000.0,51530000000.0,0.021,0.064,1990000000.0,2590400000.0,0.48,2590400000.0,1990000000.0,1990000000.0,0.009,-0.003,0.009,7638000000.0,,7638000000.0,33570344381.0,9.0,7.674,3135400000.0,1.643,1.0,5395500000.0,1.0,3066000000.0,0.0,93636000000.0,,0.0,67702000000.0,,,73892000000.0,,,17325344381.0,598300000.0,238000000.0,-696100000.0,1312000000.0,-603700000.0,-839200000.0,-1628600000.0,-1063800000.0,3066100000.0,0.0,1244300000.0,1244300000.0,1244300000.0,0.0,0.0,0.231,3405500000.0,1990000000.0,0.0,7.111,2.268,7.274,15.058,862000000.0,0.0,18.822,1.836,3.806,0.0,5389000000.0,5395500000.0,5395500000.0,0.0,,,,,0.0,2222800000.0,1.0,920477137.0,1907800000,,2.828,78464000000.0,0.0,745700000.0,0.0,41.128,
87,USB,MRQ,1999-09-30,1999-09-30,1999-09-30,2021-09-07,-28000000.0,77036000000.0,,,,,7.26,-24300000.0,3593000000.0,3593000000.0,0.0,396400000.0,,10.465,19838000000.0,,,19838000000.0,0.0,0.0,47978000000.0,0.019,0.174,621100000.0,621100000.0,0.442,621100000.0,621100000.0,621100000.0,0.435,0.427,0.435,6719000000.0,,6719000000.0,37735650247.0,16.0,15.324,643000000.0,0.695,1.0,1405300000.0,1.0,2355000000.0,0.0,90926000000.0,,0.0,65407000000.0,,,70317000000.0,,,22087650247.0,-294000000.0,-312300000.0,-133800000.0,319300000.0,-142400000.0,-1409500000.0,448200000.0,793900000.0,667300000.0,0.0,396400000.0,396400000.0,396400000.0,0.0,0.0,0.282,784200000.0,621100000.0,0.0,0.4,3.287,14.857,11.885,845000000.0,0.0,23.866,4.142,4.142,0.0,5167000000.0,1405300000.0,1405300000.0,0.0,,,,,0.0,505000000.0,1.0,925501079.0,925501079,,1.518,74681000000.0,0.0,224700000.0,0.0,80.693,
88,USB,MRQ,1999-06-30,1999-06-30,1999-06-30,2021-09-07,-2000000.0,77390000000.0,,,,,6.86,-14900000.0,3887000000.0,3887000000.0,0.0,374300000.0,,11.269,19535000000.0,,,19535000000.0,0.0,0.0,49267000000.0,0.014,0.04,589700000.0,589700000.0,0.439,589700000.0,589700000.0,589700000.0,0.411,0.403,0.411,6308000000.0,,6308000000.0,39148137702.0,18.0,16.582,606700000.0,0.66,1.0,1342500000.0,1.0,2058000000.0,0.0,90980000000.0,,0.0,66261000000.0,,,71082000000.0,,,24264137702.0,-260100000.0,-134600000.0,-45800000.0,485500000.0,-141900000.0,929600000.0,-1811300000.0,-1541600000.0,621600000.0,0.0,374300000.0,374300000.0,374300000.0,0.0,0.0,0.279,752800000.0,589700000.0,0.0,0.097,3.847,17.095,13.679,856000000.0,0.0,26.387,4.652,4.652,0.0,4913000000.0,1342500000.0,1342500000.0,0.0,,,,,0.0,499200000.0,1.0,919536674.0,919536674,,1.46,75332000000.0,0.0,215400000.0,0.0,81.924,
89,USB,MRQ,1999-03-31,1999-03-31,1999-03-31,2021-09-07,54000000.0,76110000000.0,,,,,6.728,-30100000.0,4148000000.0,4148000000.0,0.0,366800000.0,,11.322,19032000000.0,,,19032000000.0,0.0,0.0,48672000000.0,0.016,0.119,573200000.0,573200000.0,0.444,573200000.0,573200000.0,573200000.0,0.403,0.395,0.403,6177000000.0,,6177000000.0,38126444115.0,18.0,16.724,581500000.0,0.633,1.0,1292000000.0,1.0,1965000000.0,0.0,89029000000.0,,0.0,65021000000.0,,,69933000000.0,,,24719444115.0,-707800000.0,-18200000.0,-36700000.0,789500000.0,-141700000.0,-751600000.0,-567800000.0,-334800000.0,611600000.0,0.0,366800000.0,366800000.0,366800000.0,0.0,0.0,0.284,718800000.0,573200000.0,0.0,0.295,4.002,18.1,14.499,876000000.0,0.0,26.925,4.84,4.84,0.0,4681000000.0,1292000000.0,1292000000.0,0.0,,,,,0.0,512200000.0,1.0,918088573.0,918088573,,1.407,74145000000.0,0.0,206400000.0,0.0,80.76,
90,USB,MRQ,1998-12-31,1998-12-31,1998-12-31,2021-09-07,72000000.0,76438000000.0,,,,,6.503,85600000.0,4855000000.0,4855000000.0,0.0,349200000.0,,11.804,18262000000.0,,,18262000000.0,0.0,130400000.0,50034000000.0,0.012,0.119,548100000.0,678500000.0,0.525,678500000.0,548100000.0,548100000.0,0.759,0.744,0.759,5970000000.0,,5970000000.0,38210616179.0,18.0,17.179,363700000.0,0.396,1.0,1293400000.0,1.0,1975000000.0,0.0,87870000000.0,,0.0,64696000000.0,,,70468000000.0,,,25762616179.0,51600000.0,-95000000.0,-188800000.0,1036100000.0,-126900000.0,1920000000.0,-2146500000.0,-1982400000.0,278100000.0,0.0,349200000.0,349200000.0,349200000.0,0.0,0.0,0.27,745300000.0,548100000.0,0.0,0.157,4.315,19.408,15.505,879000000.0,0.0,28.063,5.217,5.217,0.0,4456000000.0,1293400000.0,1293400000.0,0.0,,,,,0.0,467900000.0,1.0,918019985.0,918019985,,1.409,74463000000.0,0.0,198900000.0,0.0,81.113,
91,USB,MRQ,1998-09-30,1998-09-30,1998-09-30,2021-09-07,75000000.0,73884000000.0,,,,,6.346,-19800000.0,4803000000.0,4803000000.0,0.0,329100000.0,,11.438,17251000000.0,,,17251000000.0,0.0,0.0,48496000000.0,0.008,0.091,519500000.0,519500000.0,0.403,519500000.0,519500000.0,519500000.0,0.356,0.348,0.356,5940000000.0,,5940000000.0,37197120313.0,19.0,17.418,329600000.0,0.352,1.0,1288300000.0,1.0,1913000000.0,0.0,84419000000.0,,0.0,62363000000.0,,,67944000000.0,,,26364120313.0,-475500000.0,0.0,-403800000.0,1186000000.0,-129400000.0,-157800000.0,-667100000.0,-758500000.0,349400000.0,0.0,329100000.0,329100000.0,329100000.0,0.0,0.0,0.255,768800000.0,519500000.0,0.0,0.256,4.438,20.83,20.833,886000000.0,0.0,28.166,5.555,5.555,0.0,4234000000.0,1288300000.0,1288300000.0,0.0,,,,,0.0,483900000.0,1.0,936026163.0,936026163,,1.376,71971000000.0,0.0,190400000.0,0.0,76.89,
92,USB,MRQ,1998-06-30,1998-06-30,1998-06-30,2021-09-07,58000000.0,73750000000.0,,,,,6.52,-31800000.0,5280000000.0,5280000000.0,0.0,320600000.0,,11.037,16113000000.0,,,16113000000.0,0.0,0.0,49307000000.0,0.005,0.091,508500000.0,508500000.0,0.412,508500000.0,508500000.0,508500000.0,0.34,0.34,0.34,6127000000.0,,6127000000.0,41391753363.0,28.0,25.873,192200000.0,0.205,1.0,1233100000.0,1.0,1967000000.0,0.0,82616000000.0,,0.0,61724000000.0,,,67623000000.0,,,31944753363.0,396600000.0,-685200000.0,-187100000.0,1081000000.0,-130300000.0,1512100000.0,-1339500000.0,-662400000.0,224000000.0,0.0,320600000.0,320600000.0,320600000.0,0.0,0.0,0.26,724600000.0,508500000.0,0.0,0.268,5.214,36.059,36.123,901000000.0,0.0,33.992,7.182,7.182,0.0,4034000000.0,1233100000.0,1233100000.0,0.0,,,,,0.0,449600000.0,1.0,939770070.0,939770070,,1.312,71783000000.0,0.0,187900000.0,0.0,76.384,
93,USB,MRQ,1998-03-31,1998-03-31,1998-03-31,2021-09-07,57000000.0,70949000000.0,,,,,6.542,-34000000.0,4883000000.0,4883000000.0,0.0,328500000.0,,10.587,14330000000.0,,,14330000000.0,0.0,0.0,48558000000.0,0.003,0.03,517800000.0,517800000.0,0.461,517800000.0,517800000.0,517800000.0,0.348,0.348,0.348,6123000000.0,,6123000000.0,40641881165.0,28.0,25.888,487000000.0,0.52,1.0,1123400000.0,1.0,0.0,0.0,80396000000.0,,0.0,60958000000.0,,,64826000000.0,,,30768881165.0,81600000.0,0.0,36100000.0,-124500000.0,-129800000.0,-687300000.0,247900000.0,413900000.0,521000000.0,0.0,328500000.0,328500000.0,328500000.0,0.0,0.0,0.292,605600000.0,517800000.0,0.0,0.086,5.025,35.526,35.538,864000000.0,0.0,32.872,7.179,7.179,0.0,3844000000.0,1123400000.0,1123400000.0,0.0,,,,,0.0,372600000.0,1.0,936015263.0,936015263,,1.2,70949000000.0,0.0,189300000.0,0.0,75.799,
94,USB,MRQ,1997-12-31,1997-12-31,1997-12-31,2021-09-07,59000000.0,71295000000.0,,,,,6.323,43500000.0,4801000000.0,4801000000.0,0.0,288900000.0,,11.104,14674000000.0,,,14674000000.0,0.0,133800000.0,49027000000.0,0.004,0.026,455900000.0,589700000.0,0.535,589700000.0,455900000.0,455900000.0,0.308,0.3,0.308,5890000000.0,,5890000000.0,37478163889.0,27.0,24.756,459900000.0,0.494,1.0,1101500000.0,1.0,1482000000.0,0.0,79686000000.0,,0.0,61409000000.0,,,65405000000.0,,,27478163889.0,402600000.0,38700000.0,39800000.0,310600000.0,-115700000.0,428800000.0,-442600000.0,-547300000.0,416400000.0,0.0,287500000.0,287500000.0,287500000.0,0.0,1400000.0,0.261,644200000.0,457300000.0,0.0,0.084,4.665,33.19,33.031,860000000.0,0.0,29.497,6.538,6.538,0.0,3645000000.0,1101500000.0,1101500000.0,0.0,,,,,0.0,396000000.0,1.0,931567196.0,931567196,,1.182,69813000000.0,0.0,168400000.0,0.0,74.941,
95,USB,MRQ,1997-09-30,1997-09-30,1997-09-30,2021-09-07,46000000.0,70174000000.0,,,,,6.089,-1400000.0,4398000000.0,4398000000.0,0.0,-47600000.0,,11.223,14398000000.0,,,14398000000.0,0.0,0.0,48374000000.0,0.006,0.026,-16200000.0,-16200000.0,-0.016,-16200000.0,-16200000.0,-16200000.0,-0.055,-0.055,-0.055,5741000000.0,,5741000000.0,17504324873.0,10.0,9.208,168900000.0,0.179,1.0,990000000.0,1.0,0.0,0.0,80174000000.0,,0.0,60584000000.0,,,64433000000.0,,,12923324873.0,-1438600000.0,0.0,11300000.0,1033100000.0,-116800000.0,-1509200000.0,-99700000.0,-72200000.0,170300000.0,0.0,-50700000.0,-50700000.0,-50700000.0,0.0,3100000.0,-0.051,1003100000.0,-13100000.0,0.0,-0.473,2.251,12.169,45.085,885000000.0,0.0,25.428,2.532,4.698,0.0,3472000000.0,990000000.0,990000000.0,0.0,,,,,0.0,396000000.0,1.0,508228165.0,942904061,942904061.0,1.05,70174000000.0,0.0,34500000.0,0.0,74.423,
96,USB,MRQ,1997-06-30,1997-06-30,1997-06-30,2021-09-07,4000000.0,37729000000.0,,,,,6.161,-19600000.0,3510000000.0,3510000000.0,0.0,303900000.0,,10.928,8091000000.0,,,8091000000.0,0.0,0.0,25231000000.0,0.008,0.026,478600000.0,478600000.0,0.447,478600000.0,478600000.0,478600000.0,0.324,0.324,0.324,3163000000.0,,3163000000.0,17098790152.0,8.0,7.395,219900000.0,0.428,1.0,1071200000.0,1.0,0.0,0.0,42310000000.0,,0.0,31255000000.0,,,34566000000.0,,,11396790152.0,852000000.0,-300000.0,-177300000.0,-370400000.0,-111900000.0,1468900000.0,-856400000.0,-850600000.0,239500000.0,0.0,300800000.0,300800000.0,300800000.0,0.0,3100000.0,0.281,589500000.0,481700000.0,0.0,0.08,3.603,8.357,25.653,388000000.0,0.0,22.498,2.211,2.24,0.0,2362000000.0,1071200000.0,1071200000.0,0.0,,,,,0.0,393500000.0,1.0,506568501.0,513419482,513419482.0,2.086,37729000000.0,0.0,177800000.0,0.0,73.486,
97,USB,MRQ,1997-03-31,1997-03-31,1997-03-31,2021-09-07,-26000000.0,36000000000.0,,,,,5.835,-22500000.0,2537000000.0,2537000000.0,0.0,293300000.0,,10.996,8239000000.0,,,8239000000.0,0.0,0.0,23423000000.0,0.011,0.026,461800000.0,461800000.0,0.444,461800000.0,461800000.0,461800000.0,0.103,0.103,0.103,3001000000.0,,3001000000.0,15118268928.0,7.0,6.758,642700000.0,1.25,1.0,1040300000.0,1.0,0.0,0.0,41702000000.0,,0.0,30670000000.0,,,32999000000.0,,,9744268928.0,76900000.0,-18800000.0,-121300000.0,577300000.0,-111900000.0,-574500000.0,-13800000.0,45600000.0,665200000.0,0.0,290300000.0,290300000.0,290300000.0,0.0,3000000.0,0.279,575500000.0,464800000.0,0.0,0.252,3.247,7.407,18.676,393000000.0,0.0,19.236,2.032,2.063,0.0,2256000000.0,1040300000.0,1040300000.0,0.0,,,,,0.0,390300000.0,1.0,506568501.0,514318662,514318662.0,2.023,36000000000.0,0.0,171500000.0,0.0,69.996,
98,USB,MRQ,1996-12-31,1996-12-31,1996-12-31,2021-09-07,5000000.0,69749000000.0,,,,,11.051,86600000.0,4908000000.0,4908000000.0,0.0,532100000.0,,11.103,13058000000.0,,,13058000000.0,0.0,150200000.0,49356000000.0,0.014,0.062,826600000.0,976800000.0,0.488,976800000.0,826600000.0,826600000.0,0.192,0.169,0.192,5763000000.0,,5763000000.0,,,,274100000.0,0.526,1.0,2002300000.0,1.0,0.0,0.0,77899000000.0,,0.0,59666000000.0,,,63986000000.0,,,,-607800000.0,-400000.0,-422900000.0,308900000.0,-114500000.0,-444300000.0,-351000000.0,-336100000.0,187500000.0,0.0,521600000.0,521600000.0,521600000.0,0.0,10500000.0,0.261,1165200000.0,837100000.0,0.0,0.323,,,14.217,1018000000.0,0.0,17.984,,2.092,0.0,3809000000.0,2002300000.0,2002300000.0,0.0,,,,,0.0,824300000.0,1.0,,521492274,,3.84,69749000000.0,0.0,305000000.0,0.0,133.749,
99,USB,MRQ,1996-09-30,1996-09-30,1996-09-30,2021-09-07,,,,,,,,-56700000.0,,,0.0,255700000.0,,,,,,,,0.0,,0.014,0.062,395000000.0,395000000.0,0.379,395000000.0,395000000.0,395000000.0,0.258,0.258,0.258,,,,,,,849000000.0,0.877,1.0,1041900000.0,1.0,,0.0,,,,,,,,,,,683700000.0,-66100000.0,-458900000.0,-5700000.0,-180800000.0,342900000.0,-564900000.0,-557800000.0,905700000.0,0.0,251100000.0,251100000.0,251100000.0,0.0,4600000.0,0.241,642300000.0,399600000.0,,0.24,,,,,0.0,17.621,,,,,1041900000.0,1041900000.0,0.0,,,,,0.0,414300000.0,1.0,,967656405,967656405.0,1.077,,,143900000.0,,,
100,USB,MRQ,1996-06-30,1996-06-30,1996-06-30,2021-09-07,,,,,,,,-13200000.0,,,0.0,254100000.0,,,,,,,,0.0,,0.015,0.062,403400000.0,403400000.0,0.567,403400000.0,403400000.0,403400000.0,0.477,0.477,0.477,,,,,,,549300000.0,1.036,1.0,711200000.0,1.0,,0.0,,,,,,,,,,,118600000.0,64900000.0,-300500000.0,-448800000.0,-58300000.0,-565500000.0,121600000.0,81300000.0,562500000.0,0.0,252500000.0,252500000.0,252500000.0,0.0,1600000.0,0.355,306200000.0,405000000.0,,0.13,,,,,0.0,15.283,,,,,711200000.0,711200000.0,0.0,,,,,0.0,222300000.0,1.0,,530444239,530444239.0,1.341,,,150900000.0,,,
101,USB,MRQ,1996-03-31,1996-03-31,1996-03-31,2021-09-07,,,,,,,,-16700000.0,,,0.0,176800000.0,,,,,,,,0.0,,0.014,0.062,301000000.0,301000000.0,0.414,301000000.0,301000000.0,301000000.0,0.337,0.337,0.337,,,,,,,172900000.0,0.333,1.0,727100000.0,1.0,,0.0,,,,,,,,,,,205300000.0,138800000.0,-199200000.0,-54400000.0,-61200000.0,-1251000000.0,1266700000.0,1181100000.0,189600000.0,0.0,175100000.0,175100000.0,175100000.0,0.0,1700000.0,0.241,424400000.0,302700000.0,,0.184,,,,,0.0,15.71,,,,,727100000.0,727100000.0,0.0,,,,,0.0,219900000.0,1.0,,519994357,519994357.0,1.398,,,125900000.0,,,
102,USB,MRQ,1995-12-31,1995-12-31,1995-12-31,2021-09-07,23000000.0,33874000000.0,,,,,5.361,,1872000000.0,1872000000.0,,,,11.431,7809000000.0,,,7809000000.0,0.0,,22514000000.0,0.016,0.053,,,,,,,,,,2725000000.0,,2725000000.0,,,,,,1.0,,,0.0,,39811000000.0,,0.0,29498000000.0,,,31149000000.0,,,,,,,,,,,,,,,,,,,,,,0.0,,,,13.942,413000000.0,,13.078,,1.706,0.0,1918000000.0,,,,,,,,,,1.0,,508287234,,,33874000000.0,0.0,,0.0,66.643,
0,USB,MRT,2021-06-30,2021-06-30,2021-06-30,2021-09-07,-1202000000.0,558886000000.0,551655250000.0,,,0.041,35.621,0.0,44573000000.0,44573000000.0,0.0,7384000000.0,,9.525,49773000000.0,,,49773000000.0,0.0,513000000.0,437182000000.0,0.029,1.68,9261000000.0,9774000000.0,0.429,9774000000.0,9261000000.0,9261000000.0,4.67,4.67,4.67,53039000000.0,52594250000.0,53039000000.0,90882952356.0,10.0,9.298,8735000000.0,5.866,1.0,22785000000.0,1.0,13274000000.0,0.0,550812000000.0,542118250000.0,0.0,457030000000.0,,,505212000000.0,,,84866952356.0,-7819000000.0,0.0,-1508000000.0,-13234000000.0,-2538000000.0,6247000000.0,-22801000000.0,-22196000000.0,8735000000.0,0.0,7361000000.0,7008000000.0,7008000000.0,0.0,23000000.0,0.308,13501000000.0,9284000000.0,0.0,0.36,1.6,12.11,12.199,3295000000.0,353000000.0,56.97,3.725,3.723,0.0,67039000000.0,22785000000.0,22785000000.0,0.0,0.013,0.133,0.017,0.406,0.0,11796000000.0,1.0,1489677942.0,1489000000,1490000000.0,15.302,545612000000.0,0.0,1900000000.0,0.0,366.428,
1,USB,MRT,2021-03-31,2021-03-31,2021-03-31,2021-09-07,-2095000000.0,553375000000.0,548596750000.0,,,0.038,34.406,0.0,43501000000.0,43501000000.0,0.0,6091000000.0,,9.696,49517000000.0,,,49517000000.0,0.0,520000000.0,433761000000.0,0.03,1.68,7481000000.0,8001000000.0,0.382,8001000000.0,7481000000.0,7481000000.0,3.79,3.8,3.79,51678000000.0,52297000000.0,51678000000.0,73566149406.0,10.0,9.195,2299000000.0,1.531,1.0,20936000000.0,1.0,13367000000.0,0.0,546024000000.0,540683750000.0,0.0,453078000000.0,,,501067000000.0,,,83083149406.0,-3304000000.0,0.0,-635000000.0,-29097000000.0,-2542000000.0,7044000000.0,-12647000000.0,-13202000000.0,2299000000.0,0.0,6068000000.0,5708000000.0,5708000000.0,0.0,23000000.0,0.273,13432000000.0,7504000000.0,0.0,0.443,1.608,14.556,14.594,3388000000.0,360000000.0,55.31,3.968,3.968,0.0,65740000000.0,20936000000.0,20936000000.0,0.0,0.01,0.109,0.014,0.357,0.0,11602000000.0,1.0,1502136131.0,1502000000,1503000000.0,13.939,540008000000.0,0.0,1413000000.0,0.0,359.526,
2,USB,MRT,2020-12-31,2020-12-31,2020-12-31,2021-09-07,322000000.0,553905000000.0,545980250000.0,,,0.036,35.186,0.0,62580000000.0,62580000000.0,0.0,4985000000.0,,9.42,53063000000.0,,,53063000000.0,0.0,527000000.0,429770000000.0,0.036,1.68,6025000000.0,6552000000.0,0.337,6552000000.0,6025000000.0,6025000000.0,3.06,3.06,3.06,53095000000.0,52260500000.0,53095000000.0,82303961049.0,14.0,12.562,3716000000.0,2.463,1.0,19420000000.0,1.0,12782000000.0,0.0,531606000000.0,544748000000.0,0.0,435994000000.0,,,500180000000.0,,,70184961049.0,40175000000.0,0.0,-1657000000.0,-11932000000.0,-2552000000.0,51899000000.0,-15440000000.0,-14804000000.0,3716000000.0,0.0,4959000000.0,4621000000.0,4621000000.0,0.0,26000000.0,0.238,13369000000.0,6051000000.0,0.0,0.549,1.322,15.188,15.225,3468000000.0,338000000.0,46.59,3.614,3.62,0.0,64188000000.0,19420000000.0,19420000000.0,0.0,0.008,0.088,0.011,0.31,0.0,11360000000.0,1.0,1506438314.0,1509000000,1510000000.0,12.869,541123000000.0,0.0,1066000000.0,0.0,358.597,
3,USB,MRT,2020-09-30,2020-09-30,2020-09-30,2021-09-07,612000000.0,540455000000.0,531360500000.0,,,0.036,34.904,0.0,44047000000.0,44047000000.0,0.0,4953000000.0,,9.27,56166000000.0,,,56166000000.0,0.0,523000000.0,413217000000.0,0.047,1.68,5951000000.0,6474000000.0,0.334,6474000000.0,5951000000.0,5951000000.0,3.02,3.03,3.02,52565000000.0,51950000000.0,52565000000.0,64785096306.0,11.0,10.007,4723000000.0,3.136,1.0,19384000000.0,1.0,12543000000.0,0.0,540031000000.0,542854750000.0,0.0,441228000000.0,,,487260000000.0,,,54003096306.0,28775000000.0,0.0,-3905000000.0,-625000000.0,-2580000000.0,46091000000.0,-22039000000.0,-20670000000.0,4723000000.0,0.0,4926000000.0,4604000000.0,4604000000.0,0.0,27000000.0,0.238,13406000000.0,5978000000.0,0.0,0.556,1.027,11.73,11.871,3516000000.0,322000000.0,35.85,2.786,2.785,0.0,63391000000.0,19384000000.0,19384000000.0,0.0,0.009,0.089,0.011,0.307,0.0,11298000000.0,1.0,1506362519.0,1506000000,1507000000.0,12.871,527912000000.0,0.0,1025000000.0,0.0,350.539,
4,USB,MRT,2020-06-30,2020-06-30,2020-06-30,2021-09-07,798000000.0,546652000000.0,518164500000.0,,,0.038,34.429,0.0,52392000000.0,52392000000.0,0.0,5284000000.0,,9.531,63174000000.0,,,63174000000.0,0.0,517000000.0,413306000000.0,0.046,1.68,6399000000.0,6916000000.0,0.353,6916000000.0,6399000000.0,6399000000.0,3.19,3.19,3.19,51850000000.0,52188000000.0,51850000000.0,87298564515.0,14.0,12.623,4485000000.0,2.978,1.0,19608000000.0,1.0,12360000000.0,0.0,545074000000.0,536756250000.0,0.0,439250000000.0,,,494172000000.0,,,55461564515.0,35460000000.0,0.0,-4670000000.0,6034000000.0,-2534000000.0,58658000000.0,-27683000000.0,-25978000000.0,4485000000.0,0.0,5254000000.0,4931000000.0,4931000000.0,0.0,30000000.0,0.251,13179000000.0,6429000000.0,0.0,0.527,1.07,11.248,11.542,3616000000.0,323000000.0,36.82,2.829,2.828,0.0,62526000000.0,19608000000.0,19608000000.0,0.0,0.01,0.094,0.012,0.326,0.0,11194000000.0,1.0,1506289096.0,1506000000,1507000000.0,13.02,534292000000.0,0.0,1145000000.0,0.0,354.776,
5,USB,MRT,2020-03-31,2020-03-31,2020-03-31,2021-09-07,503000000.0,542909000000.0,501931250000.0,,,0.042,33.947,0.0,46805000000.0,46805000000.0,0.0,6417000000.0,,9.523,78642000000.0,,,78642000000.0,0.0,511000000.0,394854000000.0,0.047,1.63,7916000000.0,8427000000.0,0.402,8427000000.0,7916000000.0,7916000000.0,3.87,3.87,3.87,51532000000.0,52453750000.0,51532000000.0,93934941933.0,12.0,11.147,5947000000.0,3.918,1.0,20961000000.0,1.0,12465000000.0,0.0,562281000000.0,527517250000.0,0.0,440393000000.0,,,490747000000.0,,,52449941933.0,28690000000.0,0.0,-5455000000.0,21500000000.0,-2493000000.0,60018000000.0,-37275000000.0,-34997000000.0,5947000000.0,0.0,6386000000.0,6058000000.0,6058000000.0,0.0,31000000.0,0.289,13014000000.0,7947000000.0,0.0,0.421,1.018,8.658,8.902,3660000000.0,328000000.0,34.45,2.502,2.495,0.0,62544000000.0,20961000000.0,20961000000.0,0.0,0.012,0.115,0.015,0.378,0.0,11099000000.0,1.0,1522494686.0,1518000000,1519000000.0,13.808,530444000000.0,0.0,1530000000.0,0.0,349.436,
6,USB,MRT,2019-12-31,2019-12-31,2019-12-31,2021-09-07,-1373000000.0,495426000000.0,485147750000.0,,,0.044,32.798,0.0,22405000000.0,22405000000.0,0.0,6946000000.0,,8.542,63890000000.0,,,63890000000.0,0.0,502000000.0,361916000000.0,0.027,1.58,8562000000.0,9064000000.0,0.424,9064000000.0,8562000000.0,8562000000.0,4.16,4.16,4.16,51853000000.0,52585000000.0,51853000000.0,133183629834.0,16.0,14.694,4889000000.0,3.092,1.0,21379000000.0,1.0,12878000000.0,0.0,524033000000.0,512159000000.0,0.0,420273000000.0,,,442943000000.0,,,92602629834.0,952000000.0,0.0,-4437000000.0,8364000000.0,-2443000000.0,17623000000.0,-21560000000.0,-20265000000.0,4889000000.0,0.0,6914000000.0,6583000000.0,6583000000.0,0.0,32000000.0,0.308,12785000000.0,8594000000.0,0.0,0.38,1.786,14.067,14.252,3702000000.0,331000000.0,59.29,4.331,4.385,0.0,63186000000.0,21379000000.0,21379000000.0,0.0,0.014,0.125,0.017,0.4,0.0,10999000000.0,1.0,1561859164.0,1581000000,1583000000.0,13.522,482548000000.0,0.0,1648000000.0,0.0,305.217,
7,USB,MRT,2019-09-30,2019-09-30,2019-09-30,2021-09-07,-1173000000.0,487671000000.0,478134750000.0,,,0.045,33.979,0.0,15272000000.0,15272000000.0,0.0,7315000000.0,,8.101,55853000000.0,,,55853000000.0,0.0,493000000.0,359715000000.0,0.028,1.53,8869000000.0,9362000000.0,0.434,9362000000.0,8869000000.0,8869000000.0,4.36,4.34,4.36,53517000000.0,52379000000.0,53517000000.0,126314302649.0,14.0,13.492,7601000000.0,4.826,1.0,21564000000.0,1.0,12615000000.0,0.0,515637000000.0,503310500000.0,0.0,416238000000.0,,,433524000000.0,,,87206302649.0,-4810000000.0,0.0,-2986000000.0,-9152000000.0,-2383000000.0,13717000000.0,-26128000000.0,-25619000000.0,7601000000.0,0.0,7284000000.0,6952000000.0,6952000000.0,0.0,31000000.0,0.322,12664000000.0,8900000000.0,0.0,0.351,1.63,12.544,12.693,3673000000.0,332000000.0,55.34,4.044,4.042,0.0,62419000000.0,21564000000.0,21564000000.0,0.0,0.015,0.133,0.018,0.411,0.0,10907000000.0,1.0,1575827659.0,1575000000,1578000000.0,13.691,475056000000.0,0.0,1585000000.0,0.0,301.623,
8,USB,MRT,2019-06-30,2019-06-30,2019-06-30,2021-09-07,-1344000000.0,481719000000.0,472368750000.0,,,0.045,33.279,0.0,16932000000.0,16932000000.0,0.0,7220000000.0,,8.092,56040000000.0,,,56040000000.0,0.0,484000000.0,353177000000.0,0.028,1.48,8769000000.0,9253000000.0,0.433,9253000000.0,8769000000.0,8769000000.0,4.26,4.25,4.26,52913000000.0,51593500000.0,52913000000.0,121385065149.0,14.0,13.118,7780000000.0,4.893,1.0,21362000000.0,1.0,12709000000.0,0.0,508118000000.0,498454500000.0,0.0,407408000000.0,,,428179000000.0,,,83424065149.0,-2089000000.0,0.0,-2932000000.0,659000000.0,-2287000000.0,8811000000.0,-18680000000.0,-18984000000.0,7780000000.0,0.0,7191000000.0,6863000000.0,6863000000.0,0.0,29000000.0,0.321,12564000000.0,8798000000.0,0.0,0.347,1.577,12.156,12.3,3690000000.0,328000000.0,52.4,3.905,3.9,0.0,61252000000.0,21362000000.0,21362000000.0,0.0,0.015,0.133,0.018,0.41,0.0,10761000000.0,1.0,1592062312.0,1590000000,1592000000.0,13.435,469010000000.0,0.0,1578000000.0,0.0,294.975,
9,USB,MRT,2019-03-31,2019-03-31,2019-03-31,2021-09-07,-1773000000.0,475775000000.0,467271250000.0,,,0.045,32.495,0.0,18115000000.0,18115000000.0,0.0,7150000000.0,,8.127,56076000000.0,,,56076000000.0,0.0,474000000.0,348087000000.0,0.029,1.41,8690000000.0,9164000000.0,0.432,9164000000.0,8690000000.0,8690000000.0,4.19,4.18,4.19,52057000000.0,50772250000.0,52057000000.0,111159984348.0,13.0,12.13,10426000000.0,6.508,1.0,21216000000.0,1.0,12888000000.0,0.0,500848000000.0,492619000000.0,0.0,400832000000.0,,,423089000000.0,,,77133984348.0,-1131000000.0,0.0,-2821000000.0,5213000000.0,-2190000000.0,4046000000.0,-15603000000.0,-15542000000.0,10426000000.0,0.0,7120000000.0,6800000000.0,6800000000.0,0.0,30000000.0,0.321,12496000000.0,8720000000.0,0.0,0.337,1.482,11.343,11.501,3686000000.0,320000000.0,48.19,3.636,3.639,0.0,60092000000.0,21216000000.0,21216000000.0,0.0,0.015,0.134,0.018,0.41,0.0,10663000000.0,1.0,1600622211.0,1602000000,1605000000.0,13.243,462887000000.0,0.0,1570000000.0,0.0,288.943,
10,USB,MRT,2018-12-31,2018-12-31,2018-12-31,2021-09-07,-2322000000.0,467374000000.0,463357250000.0,,,0.046,31.229,0.0,21453000000.0,21453000000.0,0.0,7124000000.0,,8.147,55479000000.0,,,55479000000.0,0.0,467000000.0,345475000000.0,0.029,1.34,8650000000.0,9117000000.0,0.431,9117000000.0,8650000000.0,8650000000.0,4.15,4.14,4.15,51029000000.0,50054750000.0,51029000000.0,118535445987.0,14.0,13.002,10564000000.0,6.465,1.0,21142000000.0,1.0,12761000000.0,0.0,488639000000.0,487144250000.0,0.0,397058000000.0,,,415717000000.0,,,73855445987.0,1948000000.0,0.0,-2736000000.0,6638000000.0,-2092000000.0,361000000.0,-8977000000.0,-8688000000.0,10564000000.0,0.0,7096000000.0,6784000000.0,6784000000.0,0.0,28000000.0,0.321,12464000000.0,8678000000.0,0.0,0.323,1.447,10.887,11.012,2457000000.0,312000000.0,45.7,3.493,3.532,0.0,59065000000.0,21142000000.0,21142000000.0,0.0,0.015,0.136,0.018,0.409,0.0,10594000000.0,1.0,1616092910.0,1634000000,1638000000.0,12.939,454613000000.0,0.0,1554000000.0,0.0,278.221,
11,USB,MRT,2018-09-30,2018-09-30,2018-09-30,2021-09-07,-2573000000.0,464607000000.0,462023750000.0,,,0.045,30.924,0.0,20082000000.0,20082000000.0,0.0,6948000000.0,,8.21,64762000000.0,,,64762000000.0,0.0,464000000.0,331178000000.0,0.024,1.27,7810000000.0,8274000000.0,0.396,8274000000.0,7810000000.0,7810000000.0,4.02,4.0,4.02,50375000000.0,49557500000.0,50375000000.0,122316868879.0,16.0,14.783,7745000000.0,4.754,1.0,20919000000.0,1.0,13074000000.0,0.0,496213000000.0,484680250000.0,0.0,392998000000.0,,,413600000000.0,,,86029868879.0,-458000000.0,0.0,-2591000000.0,14520000000.0,-1991000000.0,-1177000000.0,-7026000000.0,-6567000000.0,7745000000.0,0.0,6922000000.0,6618000000.0,6618000000.0,0.0,26000000.0,0.316,13083000000.0,7836000000.0,0.0,0.316,1.708,12.999,13.137,2438000000.0,304000000.0,52.81,4.113,4.112,0.0,57878000000.0,20919000000.0,20919000000.0,0.0,0.014,0.134,0.016,0.373,0.0,10599000000.0,1.0,1629045046.0,1629000000,1633000000.0,12.842,451533000000.0,0.0,888000000.0,0.0,277.184,
12,USB,MRT,2018-06-30,2018-06-30,2018-06-30,2021-09-07,-2315000000.0,461329000000.0,460678750000.0,,,0.045,30.224,0.0,19021000000.0,19021000000.0,0.0,6695000000.0,,8.283,55308000000.0,,,55308000000.0,0.0,463000000.0,340080000000.0,0.024,1.2,7687000000.0,8150000000.0,0.393,8150000000.0,7687000000.0,7687000000.0,3.85,3.82,3.85,49628000000.0,49144500000.0,49628000000.0,113813842047.0,15.0,13.965,6382000000.0,3.887,1.0,20749000000.0,1.0,12840000000.0,0.0,484776000000.0,479750750000.0,0.0,391915000000.0,,,411072000000.0,,,82155842047.0,-9943000000.0,0.0,-2538000000.0,3115000000.0,-1970000000.0,-8844000000.0,-7481000000.0,-7064000000.0,6382000000.0,0.0,6670000000.0,6371000000.0,6371000000.0,0.0,25000000.0,0.307,13037000000.0,7712000000.0,0.0,0.312,1.655,12.895,12.992,2431000000.0,299000000.0,50.02,3.96,3.958,0.0,56742000000.0,20749000000.0,20749000000.0,0.0,0.014,0.13,0.016,0.37,0.0,10444000000.0,1.0,1642459857.0,1642000000,1646000000.0,12.636,448489000000.0,0.0,1017000000.0,0.0,273.136,
13,USB,MRT,2018-03-31,2018-03-31,2018-03-31,2021-09-07,-2193000000.0,460119000000.0,461307500000.0,,,0.044,29.774,0.0,19246000000.0,19246000000.0,0.0,6449000000.0,,8.342,50904000000.0,,,50904000000.0,0.0,464000000.0,344526000000.0,0.023,1.18,7547000000.0,8011000000.0,0.391,8011000000.0,7547000000.0,7547000000.0,3.68,3.65,3.68,49187000000.0,48817500000.0,49187000000.0,112826034537.0,15.0,14.084,4716000000.0,2.855,1.0,20512000000.0,1.0,12828000000.0,0.0,478949000000.0,477189000000.0,0.0,390507000000.0,,,410307000000.0,,,83421034537.0,-1073000000.0,0.0,-2538000000.0,2721000000.0,-1949000000.0,4534000000.0,-10323000000.0,-9513000000.0,4716000000.0,0.0,6420000000.0,6123000000.0,6123000000.0,0.0,29000000.0,0.299,12936000000.0,7576000000.0,0.0,0.321,1.696,13.624,13.723,2441000000.0,297000000.0,50.5,4.067,4.067,0.0,55549000000.0,20512000000.0,20512000000.0,0.0,0.013,0.125,0.016,0.368,0.0,10276000000.0,1.0,1651901674.0,1652000000,1657000000.0,12.416,447291000000.0,0.0,1127000000.0,0.0,270.757,
14,USB,MRT,2017-12-31,2017-12-31,2017-12-31,2021-09-07,-1404000000.0,462040000000.0,458658250000.0,,,0.044,29.243,0.0,19505000000.0,19505000000.0,0.0,6253000000.0,,8.409,48910000000.0,,,48910000000.0,0.0,468000000.0,347215000000.0,0.022,1.16,7482000000.0,7950000000.0,0.391,7950000000.0,7482000000.0,7482000000.0,3.53,3.51,3.53,49040000000.0,48470250000.0,49040000000.0,118746536674.0,16.0,14.937,6472000000.0,3.859,1.0,20307000000.0,1.0,12662000000.0,0.0,478783000000.0,473620000000.0,0.0,427441000000.0,,,412374000000.0,,,88915536674.0,3800000000.0,0.0,-2472000000.0,1605000000.0,-1928000000.0,9454000000.0,-12126000000.0,-11722000000.0,6472000000.0,0.0,6218000000.0,5913000000.0,5913000000.0,0.0,35000000.0,0.291,12790000000.0,7517000000.0,0.0,0.329,1.813,15.037,15.178,2432000000.0,305000000.0,53.58,4.379,4.425,0.0,54142000000.0,20307000000.0,20307000000.0,0.0,0.013,0.122,0.016,0.368,0.0,10086000000.0,1.0,1659491166.0,1677000000,1683000000.0,12.109,449378000000.0,0.0,1264000000.0,0.0,267.965,
15,USB,MRT,2017-09-30,2017-09-30,2017-09-30,2021-09-07,-1219000000.0,459227000000.0,454639250000.0,,,0.044,29.141,0.0,20540000000.0,20540000000.0,0.0,6058000000.0,,8.412,50371000000.0,,,50371000000.0,0.0,467000000.0,342589000000.0,0.021,1.14,8202000000.0,8669000000.0,0.434,8669000000.0,8202000000.0,8202000000.0,3.37,3.36,3.37,48723000000.0,48034750000.0,48723000000.0,112905750677.0,14.0,13.024,8739000000.0,5.227,1.0,19992000000.0,1.0,12563000000.0,0.0,476495000000.0,470148750000.0,0.0,390358000000.0,,,409876000000.0,,,89643750677.0,-3124000000.0,0.0,-2270000000.0,-3279000000.0,-1905000000.0,174000000.0,-12037000000.0,-11780000000.0,8739000000.0,0.0,6014000000.0,5693000000.0,5693000000.0,0.0,44000000.0,0.285,11746000000.0,8246000000.0,0.0,0.338,1.84,15.746,15.902,2402000000.0,321000000.0,53.59,4.484,4.482,0.0,53023000000.0,19992000000.0,19992000000.0,0.0,0.013,0.119,0.017,0.41,0.0,9609000000.0,1.0,1672770119.0,1672000000,1678000000.0,11.957,446664000000.0,0.0,2188000000.0,0.0,267.144,
16,USB,MRT,2017-06-30,2017-06-30,2017-06-30,2021-09-07,-1246000000.0,463844000000.0,453366000000.0,,,0.044,28.694,0.0,28964000000.0,28964000000.0,0.0,6005000000.0,,8.586,52226000000.0,,,52226000000.0,0.0,467000000.0,347262000000.0,0.022,1.12,8118000000.0,8585000000.0,0.433,8585000000.0,8118000000.0,8118000000.0,3.32,3.32,3.32,48320000000.0,47793750000.0,48320000000.0,115311903692.0,14.0,13.432,7431000000.0,4.413,1.0,19849000000.0,1.0,12577000000.0,0.0,474529000000.0,468999750000.0,0.0,388202000000.0,,,414895000000.0,,,87499903692.0,14926000000.0,0.0,-2202000000.0,-3043000000.0,-1873000000.0,22173000000.0,-14678000000.0,-14006000000.0,7431000000.0,0.0,5953000000.0,5642000000.0,5642000000.0,0.0,52000000.0,0.284,11679000000.0,8170000000.0,0.0,0.337,1.811,15.509,15.639,2413000000.0,311000000.0,51.92,4.408,4.405,0.0,52033000000.0,19849000000.0,19849000000.0,0.0,0.012,0.118,0.017,0.409,0.0,9549000000.0,1.0,1685283199.0,1684000000,1690000000.0,11.787,451267000000.0,0.0,2165000000.0,0.0,267.973,
17,USB,MRT,2017-03-31,2017-03-31,2017-03-31,2021-09-07,-1439000000.0,449522000000.0,447020750000.0,,,0.044,28.216,0.0,20319000000.0,20319000000.0,0.0,6029000000.0,,8.391,48131000000.0,,,48131000000.0,0.0,468000000.0,336873000000.0,0.021,1.095,8131000000.0,8599000000.0,0.433,8599000000.0,8131000000.0,8131000000.0,3.3,3.3,3.3,47798000000.0,47561250000.0,47798000000.0,118825650886.0,15.0,13.819,7265000000.0,4.289,1.0,19872000000.0,1.0,12661000000.0,0.0,464673000000.0,467264500000.0,0.0,382923000000.0,,,401089000000.0,,,87244650886.0,9338000000.0,0.0,-2148000000.0,-10385000000.0,-1841000000.0,16863000000.0,-14790000000.0,-15038000000.0,7265000000.0,0.0,5975000000.0,5647000000.0,5647000000.0,0.0,54000000.0,0.284,11687000000.0,8185000000.0,0.0,0.332,1.825,15.45,15.606,2432000000.0,328000000.0,51.5,4.39,4.39,0.0,51069000000.0,19872000000.0,19872000000.0,0.0,0.013,0.119,0.017,0.409,0.0,9472000000.0,1.0,1694070891.0,1694000000,1701000000.0,11.731,436861000000.0,0.0,2156000000.0,0.0,257.887,
18,USB,MRT,2016-12-31,2016-12-31,2016-12-31,2021-09-07,-1535000000.0,445964000000.0,441799750000.0,,,0.044,27.531,0.0,15705000000.0,15705000000.0,0.0,5944000000.0,,8.415,47286000000.0,,,47286000000.0,0.0,470000000.0,334590000000.0,0.021,1.07,8049000000.0,8519000000.0,0.434,8519000000.0,8049000000.0,8049000000.0,3.25,3.24,3.25,47298000000.0,47300500000.0,47298000000.0,117321375384.0,15.0,13.772,5336000000.0,3.106,1.0,19632000000.0,1.0,12647000000.0,0.0,464898000000.0,467070250000.0,0.0,415169000000.0,,,398031000000.0,,,87312375384.0,4558000000.0,0.0,-2201000000.0,-12694000000.0,-1810000000.0,17180000000.0,-17958000000.0,-18280000000.0,5336000000.0,0.0,5888000000.0,5589000000.0,5589000000.0,0.0,56000000.0,0.285,11527000000.0,8105000000.0,0.0,0.329,1.846,15.622,15.806,2443000000.0,299000000.0,51.37,4.447,4.495,0.0,50151000000.0,19632000000.0,19632000000.0,0.0,0.013,0.118,0.017,0.41,0.0,9333000000.0,1.0,1699676375.0,1718000000,1724000000.0,11.427,433317000000.0,0.0,2161000000.0,0.0,252.222,
19,USB,MRT,2016-09-30,2016-09-30,2016-09-30,2021-09-07,-579000000.0,454134000000.0,435772000000.0,,,0.045,27.929,0.0,23664000000.0,23664000000.0,0.0,5942000000.0,,8.495,53673000000.0,,,53673000000.0,0.0,476000000.0,334595000000.0,0.024,1.045,8054000000.0,8530000000.0,0.435,8530000000.0,8054000000.0,8054000000.0,3.24,3.23,3.24,47759000000.0,47008750000.0,47759000000.0,114743676833.0,14.0,13.452,5769000000.0,3.374,1.0,19591000000.0,1.0,12244000000.0,0.0,471899000000.0,465333250000.0,0.0,383095000000.0,,,405735000000.0,,,73407676833.0,13214000000.0,0.0,-2119000000.0,-5772000000.0,-1779000000.0,30725000000.0,-23280000000.0,-22714000000.0,5769000000.0,0.0,5886000000.0,5602000000.0,5602000000.0,0.0,56000000.0,0.286,11481000000.0,8110000000.0,0.0,0.323,1.537,13.104,13.238,2449000000.0,284000000.0,42.89,3.747,3.744,0.0,49231000000.0,19591000000.0,19591000000.0,0.0,0.013,0.119,0.017,0.411,0.0,9336000000.0,1.0,1711533617.0,1710000000,1716000000.0,11.457,441890000000.0,0.0,2168000000.0,0.0,258.415,
20,USB,MRT,2016-06-30,2016-06-30,2016-06-30,2021-09-07,-562000000.0,438463000000.0,426224250000.0,,,0.045,27.472,0.0,14038000000.0,14038000000.0,0.0,5929000000.0,,8.239,55374000000.0,,,55374000000.0,0.0,477000000.0,317590000000.0,0.025,1.02,8009000000.0,8486000000.0,0.438,8486000000.0,8009000000.0,8009000000.0,3.21,3.2,3.21,47390000000.0,46337750000.0,47390000000.0,117293836579.0,15.0,13.822,8069000000.0,4.678,1.0,19390000000.0,1.0,12211000000.0,0.0,467588000000.0,460450500000.0,0.0,377546000000.0,,,390434000000.0,,,69625836579.0,-3887000000.0,0.0,-2148000000.0,-6721000000.0,-1791000000.0,11164000000.0,-23120000000.0,-23157000000.0,8069000000.0,0.0,5873000000.0,5590000000.0,5590000000.0,0.0,56000000.0,0.288,11325000000.0,8065000000.0,0.0,0.318,1.469,12.455,12.564,2459000000.0,283000000.0,40.33,3.591,3.588,0.0,48269000000.0,19390000000.0,19390000000.0,0.0,0.013,0.121,0.017,0.413,0.0,9199000000.0,1.0,1726403089.0,1725000000,1731000000.0,11.241,426252000000.0,0.0,2136000000.0,0.0,247.103,
21,USB,MRT,2016-03-31,2016-03-31,2016-03-31,2021-09-07,-744000000.0,428638000000.0,421377250000.0,,,0.045,26.917,0.0,10981000000.0,10981000000.0,0.0,5890000000.0,,8.154,58649000000.0,,,58649000000.0,0.0,480000000.0,306348000000.0,0.025,1.02,7956000000.0,8436000000.0,0.443,8436000000.0,7956000000.0,7956000000.0,3.18,3.17,3.18,46755000000.0,45624500000.0,46755000000.0,119325643614.0,15.0,14.145,8292000000.0,4.774,1.0,19027000000.0,1.0,12410000000.0,0.0,463896000000.0,456172500000.0,0.0,371699000000.0,,,381245000000.0,,,70517643614.0,-3091000000.0,0.0,-2118000000.0,-4772000000.0,-1785000000.0,12155000000.0,-23538000000.0,-22566000000.0,8292000000.0,0.0,5834000000.0,5572000000.0,5572000000.0,0.0,56000000.0,0.293,11015000000.0,8012000000.0,0.0,0.321,1.508,12.656,12.764,2486000000.0,262000000.0,40.59,3.706,3.706,0.0,47267000000.0,19027000000.0,19027000000.0,0.0,0.013,0.122,0.017,0.418,0.0,9036000000.0,1.0,1737315684.0,1737000000,1743000000.0,10.954,416228000000.0,0.0,2122000000.0,0.0,239.625,
22,USB,MRT,2015-12-31,2015-12-31,2015-12-31,2021-09-07,-1019000000.0,421853000000.0,416776000000.0,,,0.045,26.151,0.0,11147000000.0,11147000000.0,0.0,5933000000.0,,8.13,59955000000.0,,,59955000000.0,0.0,481000000.0,300400000000.0,0.024,1.01,7976000000.0,8457000000.0,0.446,8457000000.0,7976000000.0,7976000000.0,3.18,3.16,3.18,46131000000.0,45005000000.0,46131000000.0,123606385236.0,15.0,14.616,8782000000.0,4.978,1.0,18961000000.0,1.0,12711000000.0,0.0,457950000000.0,451972250000.0,0.0,395482000000.0,,,375036000000.0,,,74637385236.0,493000000.0,0.0,-1895000000.0,-2260000000.0,-1777000000.0,12861000000.0,-21150000000.0,-19624000000.0,8782000000.0,0.0,5879000000.0,5608000000.0,5608000000.0,0.0,54000000.0,0.296,10931000000.0,8030000000.0,0.0,0.318,1.618,13.309,13.418,2513000000.0,271000000.0,42.67,3.936,3.97,0.0,46377000000.0,18961000000.0,18961000000.0,0.0,0.013,0.125,0.018,0.421,0.0,8938000000.0,1.0,1749177062.0,1764000000,1772000000.0,10.749,409142000000.0,0.0,2097000000.0,0.0,231.94,
23,USB,MRT,2015-09-30,2015-09-30,2015-09-30,2021-09-07,-721000000.0,415943000000.0,411945000000.0,,,0.046,25.64,0.0,10450000000.0,10450000000.0,0.0,5945000000.0,,8.212,59419000000.0,,,59419000000.0,0.0,486000000.0,295264000000.0,0.024,1.0,7953000000.0,8439000000.0,0.446,8439000000.0,7953000000.0,7953000000.0,3.18,3.16,3.18,45075000000.0,44342000000.0,45075000000.0,116218779822.0,15.0,13.772,7117000000.0,4.048,1.0,18933000000.0,1.0,12544000000.0,0.0,452368000000.0,447854000000.0,0.0,360384000000.0,,,370176000000.0,,,72218779822.0,4267000000.0,0.0,-1939000000.0,-1513000000.0,-1770000000.0,16701000000.0,-19551000000.0,-18648000000.0,7117000000.0,0.0,5891000000.0,5624000000.0,5624000000.0,0.0,54000000.0,0.297,10926000000.0,8007000000.0,0.0,0.314,1.602,12.841,12.896,2515000000.0,267000000.0,41.01,3.814,3.808,0.0,45413000000.0,18933000000.0,18933000000.0,0.0,0.014,0.127,0.018,0.42,0.0,8893000000.0,1.0,1761004141.0,1758000000,1766000000.0,10.77,403399000000.0,0.0,2062000000.0,0.0,229.465,
24,USB,MRT,2015-06-30,2015-06-30,2015-06-30,2021-09-07,-865000000.0,419075000000.0,405780250000.0,,,0.046,25.148,0.0,17925000000.0,17925000000.0,0.0,5928000000.0,,8.394,61925000000.0,,,61925000000.0,0.0,495000000.0,296848000000.0,0.023,0.99,7924000000.0,8419000000.0,0.449,8419000000.0,7924000000.0,7924000000.0,3.15,3.13,3.15,44537000000.0,43858500000.0,44537000000.0,126207718219.0,16.0,14.991,4845000000.0,2.736,1.0,18744000000.0,1.0,12599000000.0,0.0,450476000000.0,443055750000.0,0.0,356435000000.0,,,373844000000.0,,,76949718219.0,5289000000.0,-255000000.0,-1923000000.0,7205000000.0,-1762000000.0,23868000000.0,-23424000000.0,-22200000000.0,4845000000.0,0.0,5873000000.0,5607000000.0,5607000000.0,0.0,55000000.0,0.299,10765000000.0,7979000000.0,0.0,0.314,1.728,13.724,13.778,2551000000.0,266000000.0,43.4,4.105,4.101,0.0,44434000000.0,18744000000.0,18744000000.0,0.0,0.014,0.128,0.018,0.423,0.0,8730000000.0,1.0,1773034982.0,1771000000,1779000000.0,10.584,406476000000.0,0.0,2051000000.0,0.0,229.518,
25,USB,MRT,2015-03-31,2015-03-31,2015-03-31,2021-09-07,-714000000.0,410233000000.0,398277750000.0,,,0.047,24.861,0.0,14072000000.0,14072000000.0,0.0,5940000000.0,,8.25,63330000000.0,,,63330000000.0,0.0,498000000.0,286601000000.0,0.022,0.98,7955000000.0,8453000000.0,0.449,8453000000.0,7955000000.0,7955000000.0,3.14,3.11,3.14,44277000000.0,43399250000.0,44277000000.0,129283540268.0,16.0,15.294,4311000000.0,2.421,1.0,18846000000.0,1.0,12396000000.0,0.0,447095000000.0,435102250000.0,0.0,351713000000.0,,,365268000000.0,,,77784540268.0,6664000000.0,3436000000.0,-1862000000.0,8669000000.0,-1744000000.0,26021000000.0,-23668000000.0,-26984000000.0,4311000000.0,0.0,5885000000.0,5617000000.0,5617000000.0,0.0,55000000.0,0.298,10836000000.0,8010000000.0,0.0,0.312,1.757,13.848,13.908,2575000000.0,268000000.0,43.67,4.127,4.127,0.0,43463000000.0,18846000000.0,18846000000.0,0.0,0.014,0.129,0.018,0.422,0.0,8617000000.0,1.0,1781189381.0,1781000000,1789000000.0,10.582,397837000000.0,0.0,2070000000.0,0.0,223.378,
26,USB,MRT,2014-12-31,2014-12-31,2014-12-31,2021-09-07,-896000000.0,402529000000.0,388541750000.0,,,0.048,24.115,0.0,10654000000.0,10654000000.0,0.0,5908000000.0,,8.242,62153000000.0,,,62153000000.0,0.0,501000000.0,282733000000.0,0.021,0.965,7938000000.0,8439000000.0,0.451,8439000000.0,7938000000.0,7938000000.0,3.1,3.08,3.1,43479000000.0,42843500000.0,43479000000.0,135062918006.0,17.0,16.005,5332000000.0,2.957,1.0,18710000000.0,1.0,12551000000.0,0.0,441477000000.0,424781000000.0,0.0,376706000000.0,,,358361000000.0,,,80432918006.0,2177000000.0,3436000000.0,-1747000000.0,14551000000.0,-1726000000.0,26657000000.0,-29812000000.0,-33754000000.0,5332000000.0,0.0,5851000000.0,5583000000.0,5583000000.0,0.0,57000000.0,0.298,10715000000.0,7995000000.0,0.0,0.311,1.85,14.407,14.5,2618000000.0,268000000.0,44.95,4.299,4.332,0.0,42530000000.0,18710000000.0,18710000000.0,0.0,0.014,0.13,0.019,0.424,0.0,8538000000.0,1.0,1789386385.0,1803000000,1813000000.0,10.377,389978000000.0,0.0,2087000000.0,0.0,216.294,
27,USB,MRT,2014-09-30,2014-09-30,2014-09-30,2021-09-07,-636000000.0,391284000000.0,378914750000.0,,,0.049,23.994,0.0,6183000000.0,6183000000.0,0.0,5878000000.0,,8.054,60813000000.0,,,60813000000.0,0.0,504000000.0,273097000000.0,0.023,0.95,7788000000.0,8292000000.0,0.45,8292000000.0,7788000000.0,7788000000.0,3.06,3.04,3.06,43141000000.0,42252000000.0,43141000000.0,117730610049.0,15.0,14.198,7255000000.0,4.035,1.0,18440000000.0,1.0,12739000000.0,0.0,433175000000.0,412028500000.0,0.0,342370000000.0,,,347455000000.0,,,75374610049.0,-5432000000.0,3378000000.0,-1637000000.0,16039000000.0,-1707000000.0,19046000000.0,-31733000000.0,-35319000000.0,7255000000.0,0.0,5819000000.0,5552000000.0,5552000000.0,0.0,59000000.0,0.301,10593000000.0,7847000000.0,0.0,0.31,1.747,13.576,13.67,2608000000.0,267000000.0,41.83,4.088,4.079,0.0,41543000000.0,18440000000.0,18440000000.0,0.0,0.015,0.131,0.019,0.422,0.0,8456000000.0,1.0,1801927087.0,1798000000,1807000000.0,10.256,378545000000.0,0.0,1969000000.0,0.0,210.537,
28,USB,MRT,2014-06-30,2014-06-30,2014-06-30,2021-09-07,-682000000.0,389065000000.0,371264000000.0,,,0.049,23.578,0.0,12636000000.0,12636000000.0,0.0,5822000000.0,,8.096,54992000000.0,,,54992000000.0,0.0,506000000.0,276262000000.0,0.022,0.935,7804000000.0,8310000000.0,0.453,8310000000.0,7804000000.0,7804000000.0,3.04,3.02,3.04,42700000000.0,41499750000.0,42700000000.0,125779291632.0,16.0,15.136,8814000000.0,4.867,1.0,18354000000.0,1.0,12759000000.0,0.0,418662000000.0,399063750000.0,0.0,333144000000.0,,,345679000000.0,,,78632291632.0,6018000000.0,3633000000.0,-1533000000.0,8958000000.0,-1687000000.0,25397000000.0,-28193000000.0,-31970000000.0,8814000000.0,0.0,5816000000.0,5547000000.0,5547000000.0,0.0,6000000.0,0.302,10544000000.0,7810000000.0,0.0,0.308,1.842,14.176,14.25,2614000000.0,269000000.0,43.32,4.284,4.274,0.0,40573000000.0,18354000000.0,18354000000.0,0.0,0.015,0.134,0.02,0.425,0.0,8420000000.0,1.0,1815149853.0,1811000000,1821000000.0,10.135,376306000000.0,0.0,1988000000.0,0.0,207.789,
29,USB,MRT,2014-03-31,2014-03-31,2014-03-31,2021-09-07,-850000000.0,371289000000.0,362351500000.0,,,0.05,23.132,0.0,7408000000.0,7408000000.0,0.0,5757000000.0,,7.812,54555000000.0,,,54555000000.0,0.0,512000000.0,260612000000.0,0.021,0.92,7775000000.0,8287000000.0,0.458,8287000000.0,7775000000.0,7775000000.0,3.01,3.0,3.01,42054000000.0,40745500000.0,42054000000.0,117294429310.0,15.0,14.154,12550000000.0,6.903,1.0,18075000000.0,1.0,12626000000.0,0.0,405810000000.0,389462500000.0,0.0,321502000000.0,,,328546000000.0,,,78114429310.0,476000000.0,-58000000.0,-1534000000.0,6899000000.0,-1630000000.0,16071000000.0,-28145000000.0,-27864000000.0,12550000000.0,0.0,5805000000.0,5525000000.0,5525000000.0,0.0,-48000000.0,0.306,10348000000.0,7727000000.0,0.0,0.306,1.857,14.138,14.239,2589000000.0,280000000.0,42.86,4.322,4.311,0.0,39584000000.0,18075000000.0,18075000000.0,0.0,0.015,0.136,0.02,0.43,0.0,8398000000.0,1.0,1822548514.0,1818000000,1828000000.0,9.942,358663000000.0,0.0,1970000000.0,0.0,197.284,
30,USB,MRT,2013-12-31,2013-12-31,2013-12-31,2021-09-07,-1071000000.0,364021000000.0,358391000000.0,,,0.05,22.356,0.0,8477000000.0,8477000000.0,0.0,5732000000.0,,7.837,47657000000.0,,,47657000000.0,0.0,520000000.0,262123000000.0,0.022,0.885,7868000000.0,8388000000.0,0.465,8388000000.0,7868000000.0,7868000000.0,3.02,3.0,3.02,41113000000.0,40114750000.0,41113000000.0,107045719738.0,14.0,12.762,11446000000.0,6.224,1.0,18038000000.0,1.0,12734000000.0,0.0,390467000000.0,385212500000.0,0.0,340204000000.0,,,322214000000.0,,,73782719738.0,225000000.0,-58000000.0,-1758000000.0,464000000.0,-1576000000.0,9803000000.0,-21024000000.0,-20663000000.0,11446000000.0,0.0,5836000000.0,5552000000.0,5552000000.0,0.0,-104000000.0,0.308,10274000000.0,7764000000.0,0.0,0.293,1.795,13.289,13.377,2606000000.0,284000000.0,40.4,4.09,4.119,0.0,38667000000.0,18038000000.0,18038000000.0,0.0,0.015,0.138,0.02,0.436,0.0,8356000000.0,1.0,1826304944.0,1839000000,1849000000.0,9.809,351287000000.0,0.0,2032000000.0,0.0,191.021,
31,USB,MRT,2013-09-30,2013-09-30,2013-09-30,2021-09-07,-1351000000.0,360681000000.0,355849500000.0,,,0.051,21.906,0.0,11615000000.0,11615000000.0,0.0,5636000000.0,,7.952,44878000000.0,,,44878000000.0,0.0,530000000.0,261716000000.0,0.023,0.85,7981000000.0,8511000000.0,0.47,8511000000.0,7981000000.0,7981000000.0,2.97,2.97,2.97,40132000000.0,39586000000.0,40132000000.0,106565354340.0,13.0,12.521,12740000000.0,6.954,1.0,18095000000.0,1.0,12628000000.0,0.0,381316000000.0,383988750000.0,0.0,307190000000.0,,,319129000000.0,,,67280354340.0,2233000000.0,0.0,-1908000000.0,-4638000000.0,-1521000000.0,9146000000.0,-19653000000.0,-18960000000.0,12740000000.0,0.0,5800000000.0,5512000000.0,5512000000.0,0.0,-164000000.0,0.305,10278000000.0,7817000000.0,0.0,0.286,1.676,12.206,12.316,2608000000.0,288000000.0,36.58,3.718,3.703,0.0,37692000000.0,18095000000.0,18095000000.0,0.0,0.015,0.139,0.021,0.441,0.0,8337000000.0,1.0,1839266111.0,1832000000,1843000000.0,9.877,348053000000.0,0.0,2181000000.0,0.0,189.985,
32,USB,MRT,2013-06-30,2013-06-30,2013-06-30,2021-09-07,-1288000000.0,353415000000.0,353742500000.0,,,0.051,21.532,0.0,6618000000.0,6618000000.0,0.0,5638000000.0,,7.872,45903000000.0,,,45903000000.0,0.0,540000000.0,251568000000.0,0.023,0.815,8038000000.0,8578000000.0,0.472,8578000000.0,8038000000.0,8038000000.0,2.95,2.95,2.95,39683000000.0,39218250000.0,39683000000.0,112297566723.0,14.0,13.091,10846000000.0,5.885,1.0,18192000000.0,1.0,12443000000.0,0.0,380257000000.0,385037750000.0,0.0,303404000000.0,,,312365000000.0,,,66864566723.0,-8785000000.0,0.0,-1739000000.0,-9081000000.0,-1467000000.0,-2309000000.0,-17322000000.0,-16211000000.0,10846000000.0,0.0,5806000000.0,5516000000.0,5516000000.0,0.0,-168000000.0,0.303,10322000000.0,7870000000.0,0.0,0.276,1.685,12.122,12.254,2622000000.0,290000000.0,36.15,3.675,3.662,0.0,36707000000.0,18192000000.0,18192000000.0,0.0,0.016,0.141,0.021,0.442,0.0,8349000000.0,1.0,1849642233.0,1843000000,1853000000.0,9.871,340972000000.0,0.0,2232000000.0,0.0,185.009,
33,USB,MRT,2013-03-31,2013-03-31,2013-03-31,2021-09-07,-941000000.0,355447000000.0,353672750000.0,,,0.051,21.276,0.0,6932000000.0,6932000000.0,0.0,5572000000.0,,7.958,52365000000.0,,,52365000000.0,0.0,552000000.0,248012000000.0,0.023,0.78,8004000000.0,8556000000.0,0.47,8556000000.0,8004000000.0,8004000000.0,2.9,2.9,2.9,39531000000.0,38745500000.0,39531000000.0,106790646026.0,13.0,12.481,6535000000.0,3.517,1.0,18205000000.0,1.0,12070000000.0,0.0,388810000000.0,386371500000.0,0.0,301966000000.0,,,314600000000.0,,,63224646026.0,-2629000000.0,-14000000.0,-1542000000.0,-5448000000.0,-1475000000.0,6831000000.0,-15995000000.0,-14910000000.0,6535000000.0,0.0,5737000000.0,5456000000.0,5456000000.0,0.0,-165000000.0,0.3,10366000000.0,7839000000.0,0.0,0.269,1.599,11.588,11.7,2656000000.0,281000000.0,33.93,3.473,3.463,0.0,35720000000.0,18205000000.0,18205000000.0,0.0,0.015,0.141,0.021,0.44,0.0,8290000000.0,1.0,1863384793.0,1858000000,1867000000.0,9.798,343377000000.0,0.0,2267000000.0,0.0,184.81,
34,USB,MRT,2012-12-31,2012-12-31,2012-12-31,2021-09-07,-923000000.0,353855000000.0,350001500000.0,,,0.052,20.667,0.0,8252000000.0,8252000000.0,0.0,5490000000.0,,8.041,51818000000.0,,,51818000000.0,0.0,561000000.0,249183000000.0,0.024,0.78,7883000000.0,8444000000.0,0.464,8444000000.0,7883000000.0,7883000000.0,2.85,2.84,2.85,38998000000.0,37837750000.0,38998000000.0,104794036708.0,13.0,12.41,7958000000.0,4.217,1.0,18182000000.0,1.0,11849000000.0,0.0,385572000000.0,383466500000.0,0.0,301409000000.0,,,313588000000.0,,,60059036708.0,-5710000000.0,94000000.0,-1461000000.0,-10616000000.0,-1347000000.0,6585000000.0,-20253000000.0,-19086000000.0,7958000000.0,0.0,5647000000.0,5383000000.0,5383000000.0,0.0,-157000000.0,0.296,10456000000.0,7726000000.0,0.0,0.274,1.54,11.157,11.207,2670000000.0,264000000.0,31.94,3.303,3.315,0.0,34720000000.0,18182000000.0,18182000000.0,0.0,0.015,0.142,0.021,0.434,0.0,8225000000.0,1.0,1880370592.0,1887000000,1896000000.0,9.635,342006000000.0,0.0,2236000000.0,0.0,181.243,
35,USB,MRT,2012-09-30,2012-09-30,2012-09-30,2021-09-07,-603000000.0,352253000000.0,346568250000.0,,,0.052,20.499,0.0,9382000000.0,9382000000.0,0.0,5443000000.0,,8.081,54117000000.0,,,54117000000.0,0.0,564000000.0,244232000000.0,0.021,0.71,7788000000.0,8352000000.0,0.461,8352000000.0,7788000000.0,7788000000.0,2.82,2.81,2.82,38661000000.0,36582750000.0,38661000000.0,109110751996.0,14.0,13.064,4940000000.0,2.619,1.0,18120000000.0,1.0,11476000000.0,0.0,385512000000.0,381303000000.0,0.0,297693000000.0,,,312428000000.0,,,65008751996.0,-4326000000.0,80000000.0,-1077000000.0,-8538000000.0,-1219000000.0,12512000000.0,-21778000000.0,-21126000000.0,4940000000.0,0.0,5577000000.0,5348000000.0,5348000000.0,0.0,-134000000.0,0.295,10466000000.0,7654000000.0,0.0,0.252,1.682,12.156,12.163,2650000000.0,229000000.0,34.3,3.588,3.57,0.0,33730000000.0,18120000000.0,18120000000.0,0.0,0.015,0.146,0.02,0.43,0.0,8139000000.0,1.0,1895298892.0,1886000000,1897000000.0,9.608,340777000000.0,0.0,2211000000.0,0.0,180.688,
36,USB,MRT,2012-06-30,2012-06-30,2012-06-30,2021-09-07,-830000000.0,353136000000.0,341040250000.0,,,0.052,20.017,0.0,15403000000.0,15403000000.0,0.0,5263000000.0,,8.316,59505000000.0,,,59505000000.0,0.0,568000000.0,241316000000.0,0.02,0.64,7484000000.0,8052000000.0,0.455,8052000000.0,7484000000.0,7484000000.0,2.73,2.71,2.73,37792000000.0,35225000000.0,37792000000.0,109205154709.0,15.0,13.562,4639000000.0,2.457,1.0,17704000000.0,1.0,11646000000.0,0.0,385592000000.0,376794500000.0,0.0,293721000000.0,,,314262000000.0,,,60917154709.0,153000000.0,80000000.0,-1110000000.0,-2826000000.0,-1090000000.0,23186000000.0,-27672000000.0,-27043000000.0,4639000000.0,0.0,5376000000.0,5181000000.0,5181000000.0,0.0,-113000000.0,0.293,10333000000.0,7371000000.0,0.0,0.234,1.612,11.758,11.78,2638000000.0,195000000.0,32.16,3.441,3.43,0.0,32687000000.0,17704000000.0,17704000000.0,0.0,0.015,0.147,0.02,0.423,0.0,7995000000.0,1.0,1894190134.0,1888000000,1898000000.0,9.377,341490000000.0,0.0,2108000000.0,0.0,180.874,
37,USB,MRT,2012-03-31,2012-03-31,2012-03-31,2021-09-07,-944000000.0,340762000000.0,332974750000.0,,,0.052,18.885,0.0,9561000000.0,9561000000.0,0.0,5064000000.0,,8.464,57849000000.0,,,57849000000.0,0.0,568000000.0,233553000000.0,0.018,0.57,7166000000.0,7734000000.0,0.449,7734000000.0,7166000000.0,7166000000.0,2.63,2.6,2.63,35900000000.0,33890000000.0,35900000000.0,108997234141.0,15.0,14.093,6683000000.0,3.516,1.0,17223000000.0,1.0,11860000000.0,0.0,377190000000.0,369369500000.0,0.0,286788000000.0,,,303848000000.0,,,60538234141.0,-4239000000.0,94000000.0,-768000000.0,-4843000000.0,-960000000.0,20076000000.0,-30998000000.0,-30105000000.0,6683000000.0,0.0,5164000000.0,5003000000.0,5003000000.0,0.0,-100000000.0,0.29,10157000000.0,7066000000.0,0.0,0.217,1.686,12.1,12.046,2623000000.0,161000000.0,31.68,3.515,3.497,0.0,31705000000.0,17223000000.0,17223000000.0,0.0,0.015,0.148,0.019,0.416,0.0,7866000000.0,1.0,1910929108.0,1901000000,1910000000.0,9.06,328902000000.0,0.0,2002000000.0,0.0,173.015,
38,USB,MRT,2011-12-31,2011-12-31,2011-12-31,2021-09-07,-1200000000.0,340122000000.0,325649750000.0,,,0.051,17.752,0.0,13962000000.0,13962000000.0,0.0,4788000000.0,,8.981,62421000000.0,,,62421000000.0,0.0,565000000.0,230885000000.0,0.018,0.5,6713000000.0,7278000000.0,0.44,7278000000.0,6713000000.0,6713000000.0,2.47,2.46,2.47,33978000000.0,32541750000.0,33978000000.0,100567329552.0,15.0,13.818,9820000000.0,5.131,1.0,16540000000.0,1.0,11663000000.0,0.0,376918000000.0,362096000000.0,0.0,283052000000.0,,,305151000000.0,,,51622329552.0,-525000000.0,636000000.0,-334000000.0,-1894000000.0,-817000000.0,22359000000.0,-32704000000.0,-32270000000.0,9820000000.0,0.0,4872000000.0,4721000000.0,4721000000.0,0.0,-84000000.0,0.285,9911000000.0,6629000000.0,0.0,0.202,1.519,10.935,10.951,2657000000.0,151000000.0,27.05,3.121,3.13,0.0,30785000000.0,16540000000.0,16540000000.0,0.0,0.014,0.145,0.019,0.406,0.0,7698000000.0,1.0,1908404050.0,1914000000,1923000000.0,8.642,328459000000.0,0.0,1841000000.0,0.0,171.609,
39,USB,MRT,2011-09-30,2011-09-30,2011-09-30,2021-09-07,-930000000.0,330141000000.0,317565750000.0,,,0.05,17.352,0.0,13708000000.0,13708000000.0,0.0,4416000000.0,,8.906,62653000000.0,,,62653000000.0,0.0,570000000.0,222632000000.0,0.018,0.425,6125000000.0,6695000000.0,0.425,6695000000.0,6125000000.0,6125000000.0,2.27,2.25,2.27,33230000000.0,31427000000.0,33230000000.0,92452582880.0,15.0,13.809,11190000000.0,5.843,1.0,15745000000.0,1.0,11608000000.0,0.0,367478000000.0,354173000000.0,0.0,273571000000.0,,,295931000000.0,,,45218582880.0,9238000000.0,741000000.0,-195000000.0,-2231000000.0,-674000000.0,30894000000.0,-32846000000.0,-32796000000.0,11190000000.0,0.0,4496000000.0,4358000000.0,4358000000.0,0.0,-80000000.0,0.277,9700000000.0,6045000000.0,0.0,0.187,1.361,10.376,10.37,2581000000.0,138000000.0,23.54,2.872,2.863,0.0,29704000000.0,15745000000.0,15745000000.0,0.0,0.014,0.139,0.017,0.389,0.0,7550000000.0,1.0,1920925356.0,1915000000,1922000000.0,8.222,318533000000.0,0.0,1629000000.0,0.0,166.336,
40,USB,MRT,2011-06-30,2011-06-30,2011-06-30,2021-09-07,-977000000.0,320874000000.0,307694000000.0,,,0.049,16.893,0.0,15250000000.0,15250000000.0,0.0,4058000000.0,,8.86,62484000000.0,,,62484000000.0,0.0,874000000.0,214883000000.0,0.014,0.35,5530000000.0,6404000000.0,0.425,6404000000.0,5530000000.0,5530000000.0,2.08,2.06,2.08,32452000000.0,30407250000.0,32452000000.0,98144846985.0,18.0,15.326,10090000000.0,5.252,1.0,15066000000.0,1.0,12216000000.0,0.0,355892000000.0,347053000000.0,0.0,263933000000.0,,,287533000000.0,,,49148846985.0,10217000000.0,741000000.0,180000000.0,-798000000.0,-528000000.0,29394000000.0,-29267000000.0,-29231000000.0,10090000000.0,0.0,4131000000.0,3992000000.0,3992000000.0,0.0,-73000000.0,0.265,9609000000.0,5457000000.0,0.0,0.168,1.515,12.312,12.264,2529000000.0,139000000.0,25.51,3.262,3.253,0.0,28701000000.0,15066000000.0,15066000000.0,0.0,0.013,0.131,0.016,0.367,0.0,7426000000.0,1.0,1926650215.0,1921000000,1929000000.0,7.843,308658000000.0,0.0,1399000000.0,0.0,160.676,
41,USB,MRT,2011-03-31,2011-03-31,2011-03-31,2021-09-07,-1339000000.0,311462000000.0,298286250000.0,,,0.048,15.906,0.0,13800000000.0,13800000000.0,0.0,3631000000.0,,9.182,62796000000.0,,,62796000000.0,0.0,733000000.0,208293000000.0,0.01,0.275,4834000000.0,5567000000.0,0.388,5567000000.0,4834000000.0,4834000000.0,1.92,1.91,1.92,30507000000.0,29336500000.0,30507000000.0,100404028287.0,21.0,18.036,8593000000.0,4.48,1.0,14332000000.0,1.0,12362000000.0,0.0,348096000000.0,340348500000.0,0.0,257370000000.0,,,280127000000.0,,,50797028287.0,5420000000.0,741000000.0,185000000.0,-408000000.0,-383000000.0,21768000000.0,-24941000000.0,-24917000000.0,8593000000.0,0.0,3694000000.0,3687000000.0,3687000000.0,0.0,-63000000.0,0.257,9561000000.0,4771000000.0,0.0,0.143,1.665,13.777,13.766,2508000000.0,7000000.0,26.43,3.544,3.537,0.0,27769000000.0,14332000000.0,14332000000.0,0.0,0.012,0.126,0.014,0.337,0.0,7290000000.0,1.0,1921945830.0,1918000000,1928000000.0,7.472,299100000000.0,0.0,1140000000.0,0.0,155.944,
42,USB,MRT,2010-12-31,2010-12-31,2010-12-31,2021-09-07,-1469000000.0,307786000000.0,291027750000.0,,,0.047,15.439,0.0,14487000000.0,14487000000.0,0.0,3265000000.0,,9.4,64094000000.0,,,64094000000.0,0.0,596000000.0,204252000000.0,0.007,0.2,4252000000.0,4848000000.0,0.357,4848000000.0,4252000000.0,4252000000.0,1.74,1.73,1.74,29519000000.0,28387000000.0,29519000000.0,111960749310.0,26.0,23.094,5241000000.0,2.741,1.0,13583000000.0,1.0,12167000000.0,0.0,345226000000.0,334636500000.0,0.0,253100000000.0,,,277464000000.0,,,51736749310.0,8281000000.0,923000000.0,119000000.0,-758000000.0,-383000000.0,19412000000.0,-16372000000.0,-16359000000.0,5241000000.0,0.0,3317000000.0,3332000000.0,3332000000.0,0.0,-52000000.0,0.245,9383000000.0,4200000000.0,0.0,0.115,1.753,15.527,15.5,2487000000.0,-15000000.0,26.97,3.809,3.796,0.0,27005000000.0,13583000000.0,13583000000.0,0.0,0.011,0.117,0.013,0.313,0.0,7103000000.0,1.0,1918307353.0,1912000000,1921000000.0,7.104,295619000000.0,0.0,935000000.0,0.0,154.612,
43,USB,MRT,2010-09-30,2010-09-30,2010-09-30,2021-09-07,-894000000.0,290654000000.0,284375250000.0,,,0.045,15.238,0.0,4470000000.0,4470000000.0,0.0,2911000000.0,,8.943,64694000000.0,,,64694000000.0,0.0,1054000000.0,187406000000.0,0.009,0.2,3673000000.0,4727000000.0,0.37,4727000000.0,3673000000.0,3673000000.0,1.55,1.55,1.55,29151000000.0,27498000000.0,29151000000.0,99350015934.0,27.0,21.018,6186000000.0,3.234,1.0,12765000000.0,1.0,11880000000.0,0.0,338998000000.0,329941250000.0,0.0,246697000000.0,,,260711000000.0,,,41449015934.0,-546000000.0,3686000000.0,71000000.0,587000000.0,-383000000.0,1647000000.0,-8379000000.0,-10001000000.0,6186000000.0,0.0,2945000000.0,2961000000.0,2961000000.0,0.0,-34000000.0,0.232,9126000000.0,3639000000.0,0.0,0.129,1.422,13.998,13.948,2304000000.0,-16000000.0,21.62,3.247,3.24,0.0,26147000000.0,12765000000.0,12765000000.0,0.0,0.01,0.108,0.011,0.288,0.0,6845000000.0,1.0,1917160774.0,1913000000,1920000000.0,6.673,278774000000.0,0.0,728000000.0,0.0,145.726,
44,USB,MRT,2010-06-30,2010-06-30,2010-06-30,2021-09-07,-1060000000.0,283243000000.0,277976250000.0,,,0.043,14.733,0.0,5033000000.0,5033000000.0,0.0,2622000000.0,,9.028,62934000000.0,,,62934000000.0,0.0,607000000.0,183123000000.0,0.009,0.2,3194000000.0,3801000000.0,0.318,3801000000.0,3194000000.0,3194000000.0,1.4,1.4,1.4,28169000000.0,26503000000.0,28169000000.0,98057585862.0,31.0,25.798,10786000000.0,5.641,1.0,11970000000.0,1.0,12070000000.0,0.0,329074000000.0,322617250000.0,0.0,239543000000.0,,,254303000000.0,,,42842585862.0,-1348000000.0,3684000000.0,-77000000.0,-8733000000.0,-383000000.0,-6233000000.0,-5901000000.0,-7894000000.0,10786000000.0,0.0,2640000000.0,2673000000.0,2673000000.0,0.0,-18000000.0,0.223,8794000000.0,3176000000.0,0.0,0.143,1.521,16.028,15.964,2257000000.0,-33000000.0,22.35,3.579,3.57,0.0,25367000000.0,11970000000.0,11970000000.0,0.0,0.01,0.101,0.01,0.267,0.0,6579000000.0,1.0,1916894222.0,1912000000,1921000000.0,6.26,271173000000.0,0.0,554000000.0,0.0,141.827,
45,USB,MRT,2010-03-31,2010-03-31,2010-03-31,2021-09-07,-1267000000.0,282428000000.0,273555500000.0,,,0.042,13.984,0.0,8380000000.0,8380000000.0,0.0,2355000000.0,,9.549,63595000000.0,,,63595000000.0,0.0,607000000.0,184039000000.0,0.008,0.2,2800000000.0,3407000000.0,0.3,3407000000.0,2800000000.0,2800000000.0,1.07,1.07,1.07,26709000000.0,25503500000.0,26709000000.0,107203797406.0,38.0,31.466,8629000000.0,4.518,1.0,11356000000.0,1.0,12395000000.0,0.0,325248000000.0,319514000000.0,0.0,236715000000.0,,,255040000000.0,,,49517797406.0,2226000000.0,3906000000.0,2592000000.0,-4695000000.0,-375000000.0,-4217000000.0,-2186000000.0,-4741000000.0,8629000000.0,0.0,2345000000.0,2032000000.0,2032000000.0,0.0,10000000.0,0.179,8546000000.0,2810000000.0,0.0,0.187,1.854,24.369,24.187,2246000000.0,313000000.0,25.88,4.36,4.353,0.0,24597000000.0,11356000000.0,11356000000.0,0.0,0.007,0.08,0.009,0.247,0.0,6295000000.0,1.0,1913361569.0,1910000000,1919000000.0,5.946,270033000000.0,0.0,455000000.0,0.0,141.379,
46,USB,MRT,2009-12-31,2009-12-31,2009-12-31,2021-09-07,-1484000000.0,281176000000.0,268854500000.0,,,0.041,14.026,0.0,6206000000.0,6206000000.0,0.0,2237000000.0,,9.803,63892000000.0,,,63892000000.0,0.0,607000000.0,183242000000.0,0.009,0.2,2600000000.0,3207000000.0,0.294,3207000000.0,2600000000.0,2600000000.0,0.97,0.97,0.97,25963000000.0,25632000000.0,25963000000.0,99447661471.0,38.0,31.01,7600000000.0,4.106,1.0,10913000000.0,1.0,12417000000.0,0.0,326445000000.0,315998250000.0,0.0,239216000000.0,,,254515000000.0,,,43048661471.0,-653000000.0,3074000000.0,2564000000.0,-10148000000.0,-1025000000.0,-7534000000.0,-719000000.0,-3719000000.0,7600000000.0,0.0,2205000000.0,1803000000.0,1803000000.0,0.0,32000000.0,0.165,8281000000.0,2632000000.0,0.0,0.206,1.658,23.876,23.206,2263000000.0,402000000.0,22.51,3.945,3.818,0.0,24116000000.0,10913000000.0,10913000000.0,0.0,0.007,0.07,0.008,0.238,0.0,6139000000.0,1.0,1912423877.0,1851000000,1859000000.0,5.896,268759000000.0,0.0,395000000.0,0.0,145.197,
47,USB,MRT,2009-09-30,2009-09-30,2009-09-30,2021-09-07,-1753000000.0,265058000000.0,265038500000.0,,,0.039,13.192,0.0,5016000000.0,5016000000.0,0.0,1987000000.0,,9.502,61415000000.0,,,61415000000.0,0.0,573000000.0,169755000000.0,0.026,0.575,2247000000.0,2820000000.0,0.274,2820000000.0,2247000000.0,2247000000.0,0.82,0.81,0.82,25171000000.0,25716250000.0,25171000000.0,104308762089.0,46.0,36.989,5481000000.0,2.873,1.0,10292000000.0,1.0,11755000000.0,0.0,309702000000.0,314384500000.0,0.0,226597000000.0,,,239178000000.0,,,41795762089.0,-2102000000.0,1066000000.0,2579000000.0,-21668000000.0,-1684000000.0,-3010000000.0,-4573000000.0,-5416000000.0,5481000000.0,0.0,1933000000.0,1482000000.0,1482000000.0,0.0,54000000.0,0.144,7991000000.0,2301000000.0,0.0,0.701,1.66,28.202,26.659,2251000000.0,451000000.0,21.86,4.061,4.053,0.0,23629000000.0,10292000000.0,10292000000.0,0.0,0.006,0.058,0.007,0.218,0.0,6014000000.0,1.0,1911974478.0,1908000000,1917000000.0,5.394,253303000000.0,0.0,314000000.0,0.0,132.758,
48,USB,MRT,2009-06-30,2009-06-30,2009-06-30,2021-09-07,-2384000000.0,265560000000.0,260537750000.0,,,0.039,13.187,0.0,6381000000.0,6381000000.0,0.0,1968000000.0,,9.957,68894000000.0,,,68894000000.0,0.0,573000000.0,163883000000.0,0.053,0.95,2332000000.0,2905000000.0,0.286,2905000000.0,2332000000.0,2332000000.0,0.83,0.83,0.83,24171000000.0,24842250000.0,24171000000.0,90195025720.0,39.0,31.048,3874000000.0,2.113,1.0,10145000000.0,1.0,11412000000.0,0.0,316661000000.0,313562000000.0,0.0,226110000000.0,,,240674000000.0,,,31517025720.0,-1575000000.0,1074000000.0,3039000000.0,-17415000000.0,-2320000000.0,-435000000.0,-5014000000.0,-6103000000.0,3874000000.0,0.0,1906000000.0,1456000000.0,1456000000.0,0.0,62000000.0,0.144,7751000000.0,2394000000.0,0.0,1.145,1.304,21.646,21.59,2073000000.0,450000000.0,17.92,3.107,3.238,0.0,23140000000.0,10145000000.0,10145000000.0,0.0,0.006,0.059,0.007,0.23,0.0,5910000000.0,1.0,1758762596.0,1833000000,1840000000.0,5.535,254148000000.0,0.0,426000000.0,0.0,138.651,
49,USB,MRT,2009-03-31,2009-03-31,2009-03-31,2021-09-07,-2949000000.0,263624000000.0,255782250000.0,,,0.041,15.521,0.0,6154000000.0,6154000000.0,0.0,2450000000.0,,8.657,64832000000.0,,,64832000000.0,0.0,573000000.0,162566000000.0,0.091,1.325,3097000000.0,3670000000.0,0.346,3670000000.0,3097000000.0,3097000000.0,1.24,1.24,1.24,27223000000.0,24256500000.0,27223000000.0,91125642459.0,29.0,24.83,6016000000.0,3.43,1.0,10602000000.0,1.0,11117000000.0,0.0,311185000000.0,311513750000.0,0.0,224417000000.0,,,235682000000.0,,,25642642459.0,-1169000000.0,1553000000.0,446000000.0,-12420000000.0,-2971000000.0,1023000000.0,-8208000000.0,-10672000000.0,6016000000.0,0.0,2385000000.0,2161000000.0,2161000000.0,0.0,65000000.0,0.204,7440000000.0,3162000000.0,0.0,1.069,0.942,11.866,11.782,2057000000.0,224000000.0,14.61,2.419,2.417,0.0,23015000000.0,10602000000.0,10602000000.0,0.0,0.008,0.089,0.01,0.292,0.0,5857000000.0,1.0,1755143221.0,1754000000,1760000000.0,6.044,252507000000.0,0.0,712000000.0,0.0,143.961,
50,USB,MRT,2008-12-31,2008-12-31,2008-12-31,2021-09-07,-3363000000.0,265912000000.0,250321500000.0,,,0.046,15.098,0.0,6859000000.0,6859000000.0,0.0,3012000000.0,,9.083,72342000000.0,,,72342000000.0,0.0,573000000.0,159350000000.0,0.068,1.7,4033000000.0,4606000000.0,0.402,4606000000.0,4033000000.0,4033000000.0,1.62,1.61,1.62,26300000000.0,22843750000.0,26300000000.0,114296995605.0,28.0,24.815,5307000000.0,3.046,1.0,11447000000.0,1.0,11405000000.0,0.0,319990000000.0,307825500000.0,0.0,224446000000.0,,,238879000000.0,,,43881995605.0,-2025000000.0,1483000000.0,688000000.0,-8903000000.0,-2959000000.0,8987000000.0,-16319000000.0,-16449000000.0,5307000000.0,0.0,2946000000.0,2819000000.0,2819000000.0,0.0,66000000.0,0.246,7348000000.0,4099000000.0,0.0,1.049,1.669,15.567,15.438,1790000000.0,127000000.0,25.01,3.833,3.806,0.0,22541000000.0,11447000000.0,11447000000.0,0.0,0.011,0.123,0.013,0.352,0.0,5777000000.0,1.0,1754577993.0,1742000000,1756000000.0,6.571,254507000000.0,0.0,1087000000.0,0.0,146.1,
51,USB,MRT,2008-09-30,2008-09-30,2008-09-30,2021-09-07,-1828000000.0,247055000000.0,243247250000.0,,,0.051,12.435,0.0,7118000000.0,7118000000.0,0.0,3681000000.0,,10.398,77533000000.0,,,77533000000.0,0.0,619000000.0,139504000000.0,0.047,1.7,5080000000.0,5699000000.0,0.457,5699000000.0,5080000000.0,5080000000.0,2.0,2.0,2.0,21675000000.0,21530250000.0,21675000000.0,135842734400.0,27.0,23.836,4932000000.0,2.83,1.0,12457000000.0,1.0,11058000000.0,0.0,306412000000.0,301290750000.0,0.0,209561000000.0,,,225380000000.0,,,62748734400.0,438000000.0,599000000.0,711000000.0,3085000000.0,-2894000000.0,15306000000.0,-19800000000.0,-19923000000.0,4932000000.0,0.0,3603000000.0,3481000000.0,3481000000.0,0.0,78000000.0,0.279,7299000000.0,5158000000.0,0.0,0.85,2.895,18.026,18.01,1775000000.0,122000000.0,36.02,5.037,5.04,0.0,23032000000.0,12457000000.0,12457000000.0,0.0,0.014,0.162,0.017,0.408,0.0,5643000000.0,1.0,1742052593.0,1743000000,1756000000.0,7.147,235997000000.0,0.0,1477000000.0,0.0,135.397,
52,USB,MRT,2008-06-30,2008-06-30,2008-06-30,2021-09-07,-1519000000.0,246538000000.0,238390500000.0,,,0.055,12.545,0.0,7956000000.0,7956000000.0,0.0,4191000000.0,,10.295,81050000000.0,,,81050000000.0,0.0,619000000.0,135131000000.0,0.06,1.675,5860000000.0,6479000000.0,0.491,6479000000.0,5860000000.0,5860000000.0,2.31,2.3,2.31,21828000000.0,21283000000.0,21828000000.0,113842387553.0,19.0,17.571,4136000000.0,2.377,1.0,13205000000.0,1.0,11164000000.0,0.0,308468000000.0,295774500000.0,0.0,208282000000.0,,,224710000000.0,,,48544387553.0,1460000000.0,593000000.0,253000000.0,7184000000.0,-2855000000.0,17666000000.0,-20342000000.0,-20253000000.0,4136000000.0,0.0,4108000000.0,4005000000.0,4005000000.0,0.0,83000000.0,0.303,7262000000.0,5943000000.0,0.0,0.725,2.224,12.121,12.074,1811000000.0,103000000.0,27.89,3.676,3.675,0.0,23220000000.0,13205000000.0,13205000000.0,0.0,0.017,0.188,0.02,0.444,0.0,5495000000.0,1.0,1740566065.0,1740000000,1755000000.0,7.589,235374000000.0,0.0,1752000000.0,0.0,135.272,
53,USB,MRT,2008-03-31,2008-03-31,2008-03-31,2021-09-07,-1480000000.0,241781000000.0,232388500000.0,,,0.057,12.462,0.0,7323000000.0,7323000000.0,0.0,4380000000.0,,10.208,72621000000.0,,,72621000000.0,0.0,619000000.0,138270000000.0,0.051,1.65,6165000000.0,6784000000.0,0.508,6784000000.0,6165000000.0,6165000000.0,2.44,2.42,2.44,21572000000.0,20908500000.0,21572000000.0,122900545514.0,20.0,18.116,3515000000.0,2.031,1.0,13360000000.0,1.0,10647000000.0,0.0,296432000000.0,288196750000.0,0.0,202986000000.0,,,220209000000.0,,,55974545514.0,1131000000.0,-121000000.0,-324000000.0,-1946000000.0,-2813000000.0,15559000000.0,-17943000000.0,-16404000000.0,3515000000.0,0.0,4299000000.0,4220000000.0,4220000000.0,0.0,81000000.0,0.316,7114000000.0,6246000000.0,0.0,0.676,2.595,13.264,13.262,1805000000.0,79000000.0,32.36,4.19,4.193,0.0,23033000000.0,13360000000.0,13360000000.0,0.0,0.018,0.202,0.021,0.461,0.0,5370000000.0,1.0,1729744917.0,1731000000,1748000000.0,7.718,231134000000.0,0.0,1866000000.0,0.0,133.526,
54,USB,MRT,2007-12-31,2007-12-31,2007-12-31,2021-09-07,-936000000.0,237615000000.0,227305250000.0,,,0.058,12.13,0.0,8884000000.0,8884000000.0,0.0,4403000000.0,,10.29,75810000000.0,,,75810000000.0,0.0,619000000.0,131445000000.0,0.051,1.625,6207000000.0,6826000000.0,0.517,6826000000.0,6207000000.0,6207000000.0,2.45,2.42,2.45,21046000000.0,20715500000.0,21046000000.0,122277266417.0,20.0,17.913,2904000000.0,1.674,1.0,13193000000.0,1.0,10690000000.0,0.0,293851000000.0,283482500000.0,0.0,199704000000.0,,,216569000000.0,,,54804266417.0,245000000.0,-111000000.0,-1556000000.0,10628000000.0,-2785000000.0,12482000000.0,-15141000000.0,-13663000000.0,2904000000.0,0.0,4324000000.0,4258000000.0,4258000000.0,0.0,79000000.0,0.323,6907000000.0,6286000000.0,0.0,0.663,2.604,12.871,12.955,1779000000.0,66000000.0,31.74,4.154,4.174,0.0,22693000000.0,13193000000.0,13193000000.0,0.0,0.019,0.206,0.022,0.47,0.0,5209000000.0,1.0,1726662458.0,1735000000,1756000000.0,7.604,226925000000.0,0.0,1883000000.0,0.0,130.793,
55,USB,MRT,2007-09-30,2007-09-30,2007-09-30,2021-09-07,-1028000000.0,227628000000.0,222709500000.0,,,0.059,11.992,0.0,6636000000.0,6636000000.0,0.0,4576000000.0,,10.004,74109000000.0,,,74109000000.0,0.0,588000000.0,122748000000.0,0.049,1.6,6416000000.0,7004000000.0,0.53,7004000000.0,6416000000.0,6416000000.0,2.59,2.56,2.59,20686000000.0,20753250000.0,20686000000.0,122733004328.0,19.0,17.523,2693000000.0,1.561,1.0,13212000000.0,1.0,10754000000.0,0.0,284347000000.0,276110500000.0,0.0,191970000000.0,,,206942000000.0,,,56161004328.0,364000000.0,-86000000.0,-1630000000.0,8403000000.0,-2677000000.0,5514000000.0,-7843000000.0,-6599000000.0,2693000000.0,0.0,4516000000.0,4516000000.0,4516000000.0,0.0,60000000.0,0.342,6747000000.0,6465000000.0,0.0,0.618,2.715,12.436,12.56,1779000000.0,0.0,32.53,4.251,4.247,0.0,22500000000.0,13212000000.0,13212000000.0,0.0,0.02,0.218,0.023,0.486,0.0,5175000000.0,1.0,1726437268.0,1725000000,1745000000.0,7.659,216874000000.0,0.0,1900000000.0,0.0,125.724,
56,USB,MRT,2007-06-30,2007-06-30,2007-06-30,2021-09-07,-1072000000.0,222530000000.0,220016250000.0,,,0.06,11.711,0.0,6534000000.0,6534000000.0,0.0,4683000000.0,,9.946,73106000000.0,,,73106000000.0,0.0,588000000.0,119702000000.0,0.046,1.53,6581000000.0,7169000000.0,0.546,7169000000.0,6581000000.0,6581000000.0,2.63,2.6,2.63,20330000000.0,20813250000.0,20330000000.0,124217952011.0,19.0,17.327,4242000000.0,2.444,1.0,13140000000.0,1.0,10945000000.0,0.0,278157000000.0,271498250000.0,0.0,187746000000.0,,,202200000000.0,,,57290952011.0,-874000000.0,-227000000.0,-2219000000.0,10873000000.0,-2574000000.0,2127000000.0,-7243000000.0,-5810000000.0,4242000000.0,0.0,4622000000.0,4622000000.0,4622000000.0,0.0,61000000.0,0.352,6509000000.0,6631000000.0,0.0,0.582,2.818,12.395,12.529,1798000000.0,0.0,32.95,4.36,4.353,0.0,22110000000.0,13140000000.0,13140000000.0,0.0,0.021,0.222,0.024,0.501,0.0,5103000000.0,1.0,1738723885.0,1736000000,1760000000.0,7.569,211585000000.0,0.0,1959000000.0,0.0,121.881,
57,USB,MRT,2007-03-31,2007-03-31,2007-03-31,2021-09-07,-653000000.0,221448000000.0,217735000000.0,,,0.06,11.872,0.0,6287000000.0,6287000000.0,0.0,4728000000.0,,9.647,73214000000.0,,,73214000000.0,0.0,588000000.0,118060000000.0,0.042,1.46,6709000000.0,7297000000.0,0.556,7297000000.0,6709000000.0,6709000000.0,2.63,2.61,2.63,20800000000.0,20834500000.0,20800000000.0,117368356017.0,17.0,16.084,4104000000.0,2.342,1.0,13130000000.0,1.0,10800000000.0,0.0,277575000000.0,266522000000.0,0.0,187484000000.0,,,200648000000.0,,,61472356017.0,-808000000.0,-217000000.0,-1898000000.0,13537000000.0,-2466000000.0,4568000000.0,-9480000000.0,-7801000000.0,4104000000.0,0.0,4665000000.0,4665000000.0,4665000000.0,0.0,63000000.0,0.355,6358000000.0,6772000000.0,0.0,0.555,2.955,13.177,13.297,1818000000.0,0.0,34.97,4.682,4.666,0.0,21660000000.0,13130000000.0,13130000000.0,0.0,0.021,0.224,0.025,0.511,0.0,5004000000.0,1.0,1757859766.0,1752000000,1780000000.0,7.494,210648000000.0,0.0,2044000000.0,0.0,120.233,
58,USB,MRT,2006-12-31,2006-12-31,2006-12-31,2021-09-07,-736000000.0,219232000000.0,214849750000.0,,,0.061,11.922,0.0,8639000000.0,8639000000.0,0.0,4751000000.0,,9.343,64535000000.0,,,64535000000.0,0.0,588000000.0,124882000000.0,0.038,1.39,6815000000.0,7403000000.0,0.563,7403000000.0,6815000000.0,6815000000.0,2.64,2.61,2.64,21197000000.0,20698500000.0,21197000000.0,123274944932.0,18.0,16.652,5391000000.0,3.032,1.0,13149000000.0,1.0,10765000000.0,0.0,264363000000.0,260238250000.0,0.0,184948000000.0,,,198035000000.0,,,63616944932.0,635000000.0,-600000000.0,-1888000000.0,7785000000.0,-2359000000.0,4061000000.0,-8817000000.0,-7936000000.0,5391000000.0,0.0,4703000000.0,4703000000.0,4703000000.0,0.0,48000000.0,0.358,6286000000.0,6863000000.0,0.0,0.527,3.001,13.527,13.708,1835000000.0,0.0,36.19,4.838,4.894,0.0,21242000000.0,13149000000.0,13149000000.0,0.0,0.022,0.227,0.026,0.518,0.0,4945000000.0,1.0,1757859766.0,1778000000,1804000000.0,7.395,208467000000.0,0.0,2112000000.0,0.0,117.248,
59,USB,MRT,2006-09-30,2006-09-30,2006-09-30,2021-09-07,-541000000.0,216855000000.0,212408000000.0,,,0.061,11.816,0.0,6355000000.0,6355000000.0,0.0,4700000000.0,,9.363,66013000000.0,,,66013000000.0,0.0,689000000.0,120961000000.0,0.04,1.32,6854000000.0,7543000000.0,0.584,7543000000.0,6854000000.0,6854000000.0,2.6,2.57,2.6,20926000000.0,20420750000.0,20926000000.0,114326231004.0,17.0,15.157,5294000000.0,2.989,1.0,12919000000.0,1.0,10615000000.0,0.0,265898000000.0,256360250000.0,0.0,184543000000.0,,,195929000000.0,,,59038231004.0,-529000000.0,-1316000000.0,-1992000000.0,6794000000.0,-2362000000.0,2972000000.0,-8795000000.0,-7231000000.0,5294000000.0,0.0,4667000000.0,4667000000.0,4667000000.0,0.0,33000000.0,0.361,6021000000.0,6898000000.0,0.0,0.508,2.821,12.65,12.777,1835000000.0,0.0,33.22,4.57,4.554,0.0,20770000000.0,12919000000.0,12919000000.0,0.0,0.022,0.229,0.027,0.531,0.0,4794000000.0,1.0,1777189374.0,1771000000,1796000000.0,7.295,206240000000.0,0.0,2187000000.0,0.0,116.454,
60,USB,MRT,2006-06-30,2006-06-30,2006-06-30,2021-09-07,-1137000000.0,213405000000.0,209918000000.0,,,0.061,11.463,0.0,7234000000.0,7234000000.0,0.0,4651000000.0,,9.453,62522000000.0,,,62522000000.0,0.0,689000000.0,122719000000.0,0.042,1.29,6875000000.0,7564000000.0,0.588,7564000000.0,6875000000.0,6875000000.0,2.56,2.53,2.56,20415000000.0,20155250000.0,20415000000.0,107890836355.0,16.0,14.264,3788000000.0,2.127,1.0,12859000000.0,1.0,10441000000.0,0.0,258252000000.0,252491250000.0,0.0,180394000000.0,,,192990000000.0,,,54962836355.0,982000000.0,-1454000000.0,-1633000000.0,7875000000.0,-2322000000.0,5764000000.0,-8570000000.0,-7061000000.0,3788000000.0,0.0,4634000000.0,4634000000.0,4634000000.0,0.0,17000000.0,0.36,5956000000.0,6903000000.0,0.0,0.504,2.692,11.861,12.062,1817000000.0,0.0,30.88,4.274,4.277,0.0,20164000000.0,12859000000.0,12859000000.0,0.0,0.022,0.23,0.027,0.535,0.0,4723000000.0,1.0,1779884597.0,1781000000,1805000000.0,7.22,202964000000.0,0.0,2241000000.0,0.0,113.961,
61,USB,MRT,2006-03-31,2006-03-31,2006-03-31,2021-09-07,-757000000.0,209907000000.0,207562000000.0,,,0.061,11.247,0.0,7050000000.0,7050000000.0,0.0,4571000000.0,,9.363,59978000000.0,,,59978000000.0,0.0,689000000.0,121744000000.0,0.041,1.26,6662000000.0,7351000000.0,0.579,7351000000.0,6662000000.0,6662000000.0,2.51,2.47,2.51,20256000000.0,20026750000.0,20256000000.0,104252870073.0,16.0,14.182,4420000000.0,2.454,1.0,12694000000.0,1.0,10395000000.0,0.0,252440000000.0,248903250000.0,0.0,178196000000.0,,,189651000000.0,,,54926870073.0,1196000000.0,-1451000000.0,-1916000000.0,7958000000.0,-2286000000.0,6730000000.0,-9954000000.0,-7443000000.0,4420000000.0,0.0,4571000000.0,4571000000.0,4571000000.0,0.0,0.0,0.36,5978000000.0,6716000000.0,0.0,0.502,2.712,12.016,12.151,1817000000.0,0.0,30.5,4.327,4.327,0.0,19568000000.0,12694000000.0,12694000000.0,0.0,0.022,0.228,0.027,0.525,0.0,4681000000.0,1.0,1800880986.0,1801000000,1826000000.0,7.048,199512000000.0,0.0,2091000000.0,0.0,110.778,
62,USB,MRT,2005-12-31,2005-12-31,2005-12-31,2021-09-07,-429000000.0,209465000000.0,204701750000.0,,,0.061,10.97,0.0,8004000000.0,8004000000.0,0.0,4489000000.0,,9.428,57269000000.0,,,57269000000.0,0.0,689000000.0,124709000000.0,0.041,1.23,6571000000.0,7260000000.0,0.584,7260000000.0,6571000000.0,6571000000.0,2.45,2.42,2.45,20086000000.0,19764750000.0,20086000000.0,106775578353.0,16.0,14.707,3477000000.0,1.899,1.0,12434000000.0,1.0,9879000000.0,0.0,248851000000.0,244845750000.0,0.0,177219000000.0,,,189379000000.0,,,54290578353.0,1665000000.0,-1008000000.0,-1484000000.0,9787000000.0,-2245000000.0,10026000000.0,-11838000000.0,-9671000000.0,3477000000.0,0.0,4489000000.0,4489000000.0,4489000000.0,0.0,0.0,0.361,5809000000.0,6625000000.0,0.0,0.502,2.703,12.094,12.2,1841000000.0,0.0,29.89,4.366,4.402,0.0,19001000000.0,12434000000.0,12434000000.0,0.0,0.022,0.227,0.027,0.528,0.0,4577000000.0,1.0,1816345880.0,1831000000,1857000000.0,6.791,199586000000.0,0.0,2082000000.0,0.0,109.004,
63,USB,MRT,2005-09-30,2005-09-30,2005-09-30,2021-09-07,-208000000.0,206895000000.0,201111500000.0,,,0.062,10.896,0.0,6918000000.0,6918000000.0,0.0,4402000000.0,,9.416,59403000000.0,,,59403000000.0,0.0,794000000.0,120795000000.0,0.043,1.2,6503000000.0,7297000000.0,0.585,7297000000.0,6503000000.0,6503000000.0,2.39,2.35,2.39,19864000000.0,19628000000.0,19864000000.0,100195562284.0,15.0,13.731,3947000000.0,2.165,1.0,12481000000.0,1.0,8958000000.0,0.0,250422000000.0,239647500000.0,0.0,177783000000.0,,,187031000000.0,,,51320562284.0,-87000000.0,-601000000.0,-1766000000.0,8972000000.0,-2109000000.0,10325000000.0,-14359000000.0,-12810000000.0,3947000000.0,0.0,4402000000.0,4402000000.0,4402000000.0,0.0,0.0,0.353,5811000000.0,6670000000.0,0.0,0.502,2.584,11.658,11.749,1850000000.0,0.0,28.08,4.112,4.101,0.0,18457000000.0,12481000000.0,12481000000.0,0.0,0.022,0.224,0.027,0.521,0.0,4519000000.0,1.0,1827655352.0,1823000000,1849000000.0,6.846,197937000000.0,0.0,2101000000.0,0.0,108.578,
64,USB,MRT,2005-06-30,2005-06-30,2005-06-30,2021-09-07,113000000.0,203981000000.0,197598750000.0,,,0.063,10.857,0.0,6442000000.0,6442000000.0,0.0,4314000000.0,,9.25,55317000000.0,,,55317000000.0,0.0,794000000.0,121823000000.0,0.039,1.14,6378000000.0,7172000000.0,0.578,7172000000.0,6378000000.0,6378000000.0,2.33,2.29,2.33,19901000000.0,19562000000.0,19901000000.0,100070358780.0,16.0,13.953,4531000000.0,2.472,1.0,12401000000.0,1.0,8956000000.0,0.0,243900000000.0,234049000000.0,0.0,175395000000.0,,,184080000000.0,,,53516358780.0,-1023000000.0,-322000000.0,-1798000000.0,9956000000.0,-2012000000.0,8042000000.0,-13596000000.0,-11966000000.0,4531000000.0,0.0,4314000000.0,4314000000.0,4314000000.0,0.0,0.0,0.348,5851000000.0,6550000000.0,0.0,0.489,2.689,12.405,12.532,1864000000.0,0.0,29.2,4.315,4.316,0.0,17849000000.0,12401000000.0,12401000000.0,0.0,0.022,0.221,0.027,0.514,0.0,4453000000.0,1.0,1832752013.0,1833000000,1857000000.0,6.765,195025000000.0,0.0,2064000000.0,0.0,106.397,
65,USB,MRT,2005-03-31,2005-03-31,2005-03-31,2021-09-07,-387000000.0,198466000000.0,194161000000.0,,,0.062,10.371,0.0,5881000000.0,5881000000.0,0.0,4230000000.0,,9.332,52435000000.0,,,52435000000.0,0.0,794000000.0,119718000000.0,0.037,1.08,6399000000.0,7193000000.0,0.596,7193000000.0,6399000000.0,6399000000.0,2.27,2.23,2.27,19208000000.0,19255500000.0,19208000000.0,95393481657.0,15.0,13.262,4936000000.0,2.665,1.0,12060000000.0,1.0,8810000000.0,0.0,236210000000.0,227943750000.0,0.0,171561000000.0,,,179258000000.0,,,53811481657.0,-1243000000.0,-322000000.0,-1892000000.0,5817000000.0,-1916000000.0,2764000000.0,-8943000000.0,-8156000000.0,4936000000.0,0.0,4230000000.0,4230000000.0,4230000000.0,0.0,0.0,0.351,5541000000.0,6519000000.0,0.0,0.476,2.802,12.721,12.696,1877000000.0,0.0,28.82,4.462,4.426,0.0,17276000000.0,12060000000.0,12060000000.0,0.0,0.022,0.22,0.028,0.531,0.0,4355000000.0,1.0,1867157587.0,1852000000,1880000000.0,6.512,189656000000.0,0.0,2169000000.0,0.0,102.406,
66,USB,MRT,2004-12-31,2004-12-31,2004-12-31,2021-09-07,-16000000.0,195104000000.0,192567750000.0,,,0.062,10.355,0.0,6336000000.0,6336000000.0,0.0,4167000000.0,,8.985,47918000000.0,,,47918000000.0,0.0,794000000.0,120741000000.0,0.033,1.02,6176000000.0,6970000000.0,0.583,6970000000.0,6176000000.0,6176000000.0,2.21,2.18,2.21,19539000000.0,19316500000.0,19539000000.0,102308375625.0,17.0,14.678,5305000000.0,2.811,1.0,11961000000.0,1.0,8628000000.0,0.0,228058000000.0,224877000000.0,0.0,167155000000.0,,,175565000000.0,,,58479375625.0,-2245000000.0,-322000000.0,-2079000000.0,3255000000.0,-1820000000.0,1045000000.0,-8595000000.0,-7822000000.0,5305000000.0,0.0,4167000000.0,4167000000.0,4167000000.0,0.0,0.0,0.348,5630000000.0,6331000000.0,0.0,0.462,2.993,14.034,14.172,1890000000.0,0.0,31.32,4.889,4.941,0.0,16758000000.0,11961000000.0,11961000000.0,0.0,0.022,0.216,0.027,0.516,0.0,4293000000.0,1.0,1867157587.0,1887000000,1913000000.0,6.339,186476000000.0,0.0,2009000000.0,0.0,98.821,
67,USB,MRT,2004-09-30,2004-09-30,2004-09-30,2021-09-07,162000000.0,192844000000.0,191159500000.0,,,0.061,10.442,0.0,6969000000.0,6969000000.0,0.0,4088400000.0,,8.839,50798000000.0,,,50798000000.0,0.0,957000000.0,115567000000.0,0.033,0.96,6076500000.0,7033500000.0,0.605,7033500000.0,6076500000.0,6076500000.0,2.16,2.12,2.16,19600000000.0,19242250000.0,19600000000.0,92261272631.0,15.0,13.117,8404100000.0,4.477,1.0,11617800000.0,1.0,8645000000.0,0.0,228028000000.0,222232250000.0,0.0,163668000000.0,,,173244000000.0,,,54311272631.0,-2593100000.0,-382000000.0,-1779000000.0,4238200000.0,-1766300000.0,1497800000.0,-12495000000.0,-11651500000.0,8404100000.0,0.0,4088400000.0,4088400000.0,4088400000.0,-7200000.0,0.0,0.352,5506500000.0,6111300000.0,0.0,0.444,2.771,13.284,13.38,1894000000.0,0.0,28.9,4.675,4.669,0.0,16260000000.0,11617800000.0,11617800000.0,0.0,0.021,0.212,0.027,0.523,123000000.0,4223800000.0,1.0,1879282790.0,1877000000,1904000000.0,6.19,184199000000.0,0.0,1988100000.0,0.0,98.135,
68,USB,MRT,2004-06-30,2004-06-30,2004-06-30,2021-09-07,-533000000.0,190230000000.0,190157250000.0,,,0.059,9.871,0.0,7476000000.0,7476000000.0,0.0,3973300000.0,,9.186,45426000000.0,,,45426000000.0,0.0,957000000.0,119927000000.0,0.034,0.925,5904300000.0,6861300000.0,0.614,6861300000.0,5904300000.0,5904300000.0,2.08,2.05,2.08,18675000000.0,19198750000.0,18675000000.0,92205565770.0,16.0,13.438,7728100000.0,4.085,1.0,11170700000.0,1.0,8701000000.0,0.0,219479000000.0,219824250000.0,0.0,162254000000.0,,,171555000000.0,,,52235565770.0,-7398300000.0,-382000000.0,-1331700000.0,4872700000.0,-1708800000.0,-4287200000.0,-10839200000.0,-10107700000.0,7728100000.0,0.0,3973300000.0,3973300000.0,3973300000.0,-17400000.0,0.0,0.356,5246800000.0,5923900000.0,0.0,0.445,2.797,13.147,13.25,1893000000.0,0.0,27.56,4.676,4.668,0.0,15644000000.0,11170700000.0,11170700000.0,0.0,0.021,0.207,0.027,0.529,123000000.0,4164900000.0,1.0,1895339832.0,1892000000,1913000000.0,5.904,181529000000.0,0.0,1931000000.0,0.0,95.946,
69,USB,MRT,2004-03-31,2004-03-31,2004-03-31,2021-09-07,394000000.0,192093000000.0,191324500000.0,,,0.059,10.158,0.0,7177000000.0,7177000000.0,0.0,3856200000.0,,8.875,47147000000.0,,,47147000000.0,0.0,957000000.0,118964000000.0,0.032,0.89,5727400000.0,6684400000.0,0.591,6684400000.0,5727400000.0,5727400000.0,2.01,1.99,2.01,19452000000.0,19325000000.0,19452000000.0,89449806453.0,16.0,13.382,7530500000.0,3.932,1.0,11302500000.0,1.0,8120000000.0,0.0,223943000000.0,219043750000.0,0.0,164694000000.0,,,172641000000.0,,,53292806453.0,-2118700000.0,-382000000.0,-694800000.0,6258100000.0,-1645200000.0,7590900000.0,-17240100000.0,-16237500000.0,7530500000.0,0.0,3856200000.0,3856200000.0,3856200000.0,-22300000.0,0.0,0.341,5562400000.0,5740100000.0,0.0,0.443,2.74,13.82,13.756,1924000000.0,0.0,27.65,4.715,4.685,0.0,15059000000.0,11302500000.0,11302500000.0,0.0,0.02,0.2,0.026,0.507,123000000.0,4138500000.0,1.0,1927407105.0,1915000000,1941000000.0,5.902,183973000000.0,0.0,1871200000.0,0.0,96.069,
70,USB,MRT,2003-12-31,2003-12-31,2003-12-31,2021-09-07,68000000.0,189471000000.0,188859000000.0,,,0.06,10.001,0.0,8630000000.0,8630000000.0,0.0,3733000000.0,,8.847,44787000000.0,,,44787000000.0,0.0,957000000.0,119052000000.0,0.029,0.855,5674000000.0,6631000000.0,0.59,6631000000.0,5674000000.0,5674000000.0,1.94,1.93,1.94,19242000000.0,19092000000.0,19242000000.0,95466043760.0,17.0,14.397,8682000000.0,4.512,1.0,11248000000.0,1.0,8149000000.0,0.0,217479000000.0,214701750000.0,0.0,160818000000.0,,,170229000000.0,,,57438043760.0,-2410000000.0,-382000000.0,72000000.0,6369000000.0,-1557000000.0,8333000000.0,-19425000000.0,-18537000000.0,8682000000.0,0.0,3733000000.0,3733000000.0,3733000000.0,-23000000.0,0.0,0.332,5597000000.0,5651000000.0,0.0,0.441,2.985,15.387,15.351,1957000000.0,0.0,29.78,5.107,5.094,0.0,14508000000.0,11248000000.0,11248000000.0,0.0,0.02,0.196,0.026,0.504,123000000.0,4136000000.0,1.0,1928745593.0,1924000000,1936000000.0,5.846,181322000000.0,0.0,1941000000.0,0.0,94.242,
71,USB,MRT,2003-09-30,2003-09-30,2003-09-30,2021-09-07,252000000.0,188835000000.0,186498000000.0,,,0.057,10.086,0.0,9187000000.0,9187000000.0,0.0,3484300000.0,,8.721,47215000000.0,,,47215000000.0,0.0,838300000.0,115043000000.0,0.034,0.81,5303400000.0,6141700000.0,0.575,6141700000.0,5303400000.0,5303400000.0,1.81,1.81,1.81,19426000000.0,18890500000.0,19426000000.0,75984551551.0,14.0,12.372,3391800000.0,1.761,1.0,10687900000.0,1.0,8467000000.0,0.0,218396000000.0,210369750000.0,0.0,157843000000.0,,,169409000000.0,,,46213551551.0,533700000.0,1431500000.0,204000000.0,5359900000.0,-1535400000.0,7972100000.0,-10830200000.0,-11450200000.0,3391800000.0,0.0,3484300000.0,3484300000.0,3484300000.0,6900000.0,0.0,0.326,5377800000.0,5310100000.0,0.0,0.448,2.379,13.263,13.254,2028000000.0,0.0,23.99,4.324,4.323,0.0,15385000000.0,10687900000.0,10687900000.0,0.0,0.019,0.184,0.025,0.496,113300000.0,4177200000.0,1.0,1926367301.0,1926000000,1939800000.0,5.549,180368000000.0,0.0,1819100000.0,0.0,93.649,
72,USB,MRT,2003-06-30,2003-06-30,2003-06-30,2021-09-07,636000000.0,194899000000.0,182790750000.0,,,0.06,9.978,0.0,11795000000.0,11795000000.0,0.0,3393700000.0,,9.162,41566000000.0,,,41566000000.0,0.0,838300000.0,126327000000.0,0.033,0.8,5180400000.0,6018700000.0,0.549,6018700000.0,5180400000.0,5180400000.0,1.77,1.77,1.77,19180000000.0,18413500000.0,19180000000.0,79890420452.0,15.0,13.274,3281900000.0,1.707,1.0,10969400000.0,1.0,8313000000.0,0.0,216357000000.0,205789000000.0,0.0,160676000000.0,,,175719000000.0,,,47033420452.0,6363100000.0,1431500000.0,156500000.0,-3959400000.0,-1514100000.0,12282900000.0,-9201700000.0,-9832500000.0,3281900000.0,0.0,3393700000.0,3393700000.0,3393700000.0,17100000.0,0.0,0.309,5772100000.0,5197300000.0,0.0,0.452,2.452,13.859,13.842,2064000000.0,0.0,24.5,4.288,4.293,0.0,14795000000.0,10969400000.0,10969400000.0,0.0,0.019,0.184,0.025,0.472,113300000.0,4153500000.0,1.0,1919731447.0,1922300000,1931600000.0,5.706,186586000000.0,0.0,1786700000.0,0.0,97.064,
73,USB,MRT,2003-03-31,2003-03-31,2003-03-31,2021-09-07,645000000.0,182231000000.0,177305000000.0,,,0.061,9.651,0.0,8910000000.0,8910000000.0,0.0,3296900000.0,,8.84,41767000000.0,,,41767000000.0,0.0,838300000.0,115221000000.0,0.042,0.79,5043000000.0,5881300000.0,0.544,5881300000.0,5043000000.0,5043000000.0,1.72,1.72,1.72,18520000000.0,17781000000.0,18520000000.0,65206502864.0,13.0,11.087,3468900000.0,1.808,1.0,10817200000.0,1.0,8513000000.0,0.0,206575000000.0,202455250000.0,0.0,150070000000.0,,,163711000000.0,,,36436502864.0,2327000000.0,1368800000.0,7800000.0,-196500000.0,-1494300000.0,7754200000.0,-8896100000.0,-9999900000.0,3468900000.0,0.0,3296900000.0,3296900000.0,3296900000.0,22000000.0,0.0,0.305,5752400000.0,5064800000.0,0.0,0.459,1.967,11.052,11.035,1655000000.0,0.0,18.98,3.368,3.367,0.0,14236000000.0,10817200000.0,10817200000.0,0.0,0.019,0.185,0.025,0.466,113300000.0,4082900000.0,1.0,1919731447.0,1919000000,1925600000.0,5.637,173718000000.0,0.0,1746100000.0,0.0,90.525,
74,USB,MRT,2002-12-31,2002-12-31,2002-12-31,2021-09-07,784000000.0,180027000000.0,172933500000.0,,,0.062,9.622,0.0,10758000000.0,10758000000.0,0.0,3168100000.0,,8.765,39528000000.0,,,39528000000.0,0.0,838300000.0,115534000000.0,0.037,0.78,4875600000.0,5713900000.0,0.535,5713900000.0,4875600000.0,4875600000.0,1.65,1.65,1.65,18436000000.0,17124000000.0,18436000000.0,74234246542.0,15.0,12.992,3786300000.0,1.976,1.0,10676000000.0,1.0,8646000000.0,0.0,200151000000.0,198675750000.0,0.0,146476000000.0,,,161591000000.0,,,40648246542.0,1446800000.0,1368800000.0,-893400000.0,-5023600000.0,-1480700000.0,-395400000.0,-1944100000.0,-2968800000.0,3786300000.0,0.0,3168100000.0,3168100000.0,3168100000.0,22700000.0,0.0,0.297,5740700000.0,4935300000.0,0.0,0.473,2.205,12.83,12.861,1697000000.0,0.0,21.22,3.807,3.808,0.0,13105000000.0,10676000000.0,10676000000.0,0.0,0.018,0.185,0.025,0.457,113300000.0,4080100000.0,1.0,1915562985.0,1916000000,1924800000.0,5.572,171381000000.0,0.0,1707500000.0,0.0,89.447,
75,USB,MRT,2002-09-30,2002-09-30,2002-09-30,2021-09-07,710000000.0,174006000000.0,170774250000.0,,,0.061,9.148,104200000.0,8705000000.0,8705000000.0,0.0,2907100000.0,,8.933,42291000000.0,,,42291000000.0,0.0,799100000.0,107426000000.0,0.042,0.772,4512800000.0,5311900000.0,0.511,5311900000.0,4512800000.0,4512800000.0,1.51,1.51,1.51,17518000000.0,16630250000.0,17518000000.0,73254181156.0,16.0,13.791,4891000000.0,2.554,1.0,10400900000.0,1.0,7519000000.0,0.0,200073000000.0,198200000000.0,0.0,145875000000.0,,,156488000000.0,,,35570181156.0,857200000.0,-63700000.0,-1345500000.0,-1183300000.0,-1472700000.0,429800000.0,-4359400000.0,-3952600000.0,4786800000.0,0.0,2907100000.0,2907100000.0,2907100000.0,45200000.0,0.0,0.28,5805700000.0,4595200000.0,0.0,0.511,2.03,12.236,12.305,1706000000.0,0.0,18.58,3.42,3.421,0.0,13243000000.0,10400900000.0,10400900000.0,0.0,0.017,0.175,0.023,0.434,227700000.0,3968300000.0,1.0,1914433862.0,1915000000,1923300000.0,5.431,166487000000.0,0.0,1605700000.0,0.0,86.938,
76,USB,MRT,2002-06-30,2002-06-30,2002-06-30,2021-09-07,340000000.0,172956000000.0,169230250000.0,,,0.054,8.703,67600000.0,7531000000.0,7531000000.0,0.0,2085500000.0,,9.388,45215000000.0,,,45215000000.0,0.0,799100000.0,105056000000.0,0.033,0.765,3253600000.0,4052700000.0,0.447,4052700000.0,3253600000.0,3253600000.0,1.08,1.08,1.08,16650000000.0,16455000000.0,16650000000.0,78775349227.0,24.0,19.438,5465800000.0,2.857,1.0,9061600000.0,1.0,7618000000.0,0.0,203022000000.0,196824750000.0,0.0,146524000000.0,,,156306000000.0,,,44638349227.0,566800000.0,-804100000.0,-1302300000.0,5939700000.0,-1457300000.0,1388500000.0,-6219900000.0,-5101400000.0,5398200000.0,0.0,2085500000.0,2085500000.0,2085500000.0,45200000.0,0.0,0.23,5725600000.0,3336000000.0,0.0,0.708,2.681,21.404,21.62,1718000000.0,0.0,23.35,4.926,4.93,0.0,12756000000.0,9061600000.0,9061600000.0,0.0,0.012,0.127,0.017,0.359,227700000.0,3896100000.0,1.0,1911706605.0,1913200000,1926900000.0,4.736,165338000000.0,0.0,1168100000.0,0.0,86.42,
77,USB,MRT,2002-03-31,2002-03-31,2002-03-31,2021-09-07,-6000000.0,164745000000.0,167280250000.0,,,0.052,8.278,31400000.0,6499000000.0,6499000000.0,0.0,1824700000.0,,9.367,40636000000.0,,,40636000000.0,0.0,799100000.0,102462000000.0,0.034,0.758,2850700000.0,3649800000.0,0.418,3649800000.0,2850700000.0,2850700000.0,0.95,0.94,0.95,15892000000.0,16156500000.0,15892000000.0,78795594111.0,28.0,21.589,4208300000.0,2.192,1.0,8726500000.0,1.0,7425000000.0,0.0,191457000000.0,193706500000.0,0.0,140236000000.0,,,148853000000.0,,,44525594111.0,-738200000.0,-1081400000.0,-1218400000.0,4334700000.0,-1441200000.0,863600000.0,-5778700000.0,-4393300000.0,4176900000.0,0.0,1824700000.0,1824700000.0,1824700000.0,45200000.0,0.0,0.209,5793400000.0,2933100000.0,0.0,0.798,2.802,24.402,23.758,1737000000.0,0.0,22.57,5.102,4.965,0.0,12306000000.0,8726500000.0,8726500000.0,0.0,0.011,0.113,0.015,0.327,227700000.0,3861700000.0,1.0,1972777763.0,1919800000,1930100000.0,4.546,157320000000.0,0.0,1026000000.0,0.0,81.946,
78,USB,MRT,2001-12-31,2001-12-31,2001-12-31,2021-09-07,95000000.0,171390000000.0,166162500000.0,,,0.051,8.538,0.0,9120000000.0,9120000000.0,0.0,1478800000.0,,9.412,43390000000.0,,,43390000000.0,0.0,799100000.0,105219000000.0,0.036,0.75,2297100000.0,3096200000.0,0.365,3096200000.0,2297100000.0,2297100000.0,0.77,0.76,0.77,16461000000.0,15994250000.0,16461000000.0,75022083894.0,33.0,24.23,2181900000.0,1.132,1.0,8491300000.0,1.0,7412000000.0,0.0,198248000000.0,191528750000.0,0.0,142983000000.0,,,154929000000.0,,,40832083894.0,613700000.0,-1081400000.0,-331500000.0,6407000000.0,-1235100000.0,2082300000.0,-3650500000.0,-2292300000.0,2181900000.0,0.0,1478800000.0,1478800000.0,1478800000.0,45200000.0,0.0,0.174,6149000000.0,2342300000.0,0.0,0.974,2.481,27.612,27.182,1741000000.0,0.0,20.93,4.809,4.752,0.0,11918000000.0,8491300000.0,8491300000.0,0.0,0.009,0.092,0.012,0.271,227700000.0,3878900000.0,1.0,1950887907.0,1927900000,1940300000.0,4.404,163978000000.0,0.0,818300000.0,0.0,85.055,
79,USB,MRT,2001-09-30,2001-09-30,2001-09-30,2021-09-07,356000000.0,167830000000.0,164545250000.0,,,0.055,8.612,13700000.0,7570000000.0,7570000000.0,0.0,1779800000.0,,8.98,41760000000.0,,,41760000000.0,0.0,654900000.0,103805000000.0,0.032,0.712,2691000000.0,3345900000.0,0.368,3345900000.0,2691000000.0,2691000000.0,0.95,0.92,0.95,16817000000.0,15671000000.0,16817000000.0,74191968852.0,28.0,22.174,3394900000.0,1.739,1.0,9083600000.0,1.0,7448000000.0,0.0,194572000000.0,188574000000.0,0.0,141653000000.0,,,151013000000.0,,,43596968852.0,705100000.0,96000000.0,149000000.0,3357300000.0,-1185600000.0,-187500000.0,-2488600000.0,-2094800000.0,3381200000.0,0.0,1779800000.0,1779800000.0,1779800000.0,0.0,0.0,0.196,6392600000.0,2691000000.0,0.0,0.749,2.592,24.495,23.347,1773000000.0,0.0,22.18,4.8,4.768,0.0,11585000000.0,9083600000.0,9083600000.0,0.0,0.011,0.114,0.014,0.296,0.0,3792200000.0,1.0,1965598235.0,1952700000,1965400000.0,4.652,160382000000.0,0.0,911200000.0,0.0,82.133,
80,USB,MRT,2001-06-30,2001-06-30,2001-06-30,2021-09-07,13000000.0,165156000000.0,144175000000.0,,,0.069,8.112,-23700000.0,7032000000.0,7032000000.0,0.0,2451400000.0,,9.686,37627000000.0,,,37627000000.0,0.0,654900000.0,106944000000.0,0.03,0.673,3711600000.0,4366500000.0,0.437,4366500000.0,3711600000.0,3711600000.0,1.3,1.27,1.3,15456000000.0,13502250000.0,15456000000.0,71111885515.0,19.0,16.286,3390000000.0,1.779,1.0,9988100000.0,1.0,5202000000.0,0.0,190549000000.0,165739750000.0,0.0,142130000000.0,,,149700000000.0,,,43428885515.0,-497700000.0,540400000.0,-220500000.0,-612400000.0,-1144000000.0,-1226900000.0,-2684500000.0,-2637000000.0,3413700000.0,0.0,2451400000.0,2451400000.0,2451400000.0,0.0,0.0,0.245,6276500000.0,3711600000.0,0.0,0.518,2.81,17.716,17.531,1746000000.0,0.0,22.79,4.348,4.347,0.0,11916000000.0,9988100000.0,9988100000.0,0.0,0.017,0.182,0.022,0.372,0.0,3805000000.0,1.0,1905611475.0,1905300000,1917200000.0,5.242,159954000000.0,0.0,1260200000.0,0.0,83.952,
81,USB,MRT,2001-03-31,2001-03-31,2001-03-31,2021-09-07,51000000.0,160274000000.0,124429500000.0,,,0.081,8.018,45300000.0,7252000000.0,7252000000.0,0.0,2598900000.0,,9.515,34935000000.0,,,34935000000.0,0.0,654900000.0,104842000000.0,0.024,0.55,3948200000.0,4603100000.0,0.458,4603100000.0,3948200000.0,3948200000.0,1.37,1.35,1.37,15243000000.0,11621000000.0,15243000000.0,40489482222.0,10.0,8.796,4776900000.0,2.513,1.0,10041100000.0,1.0,5211000000.0,0.0,182746000000.0,143470000000.0,0.0,136975000000.0,,,145031000000.0,,,22251482222.0,194600000.0,837400000.0,-620100000.0,-1697100000.0,-1105400000.0,-3417900000.0,-1119100000.0,-1430200000.0,4731600000.0,0.0,2598900000.0,2598900000.0,2598900000.0,0.0,0.0,0.259,6092900000.0,3948200000.0,0.0,0.401,1.46,8.562,16.934,1787000000.0,0.0,23.2,2.216,4.392,0.0,11711000000.0,10041100000.0,10041100000.0,0.0,0.021,0.224,0.028,0.393,0.0,3822900000.0,1.0,959115613.0,1901100000,1915700000.0,5.282,155063000000.0,0.0,1349300000.0,0.0,81.565,
82,USB,MRT,2000-12-31,2000-12-31,2000-12-31,2021-09-07,95000000.0,164921000000.0,105129000000.0,,,0.096,7.958,0.0,8475000000.0,8475000000.0,0.0,2875600000.0,,9.873,35292000000.0,,,35292000000.0,0.0,654900000.0,109535000000.0,0.019,0.427,4387800000.0,5042700000.0,0.499,5042700000.0,4387800000.0,4387800000.0,1.51,1.5,1.51,15168000000.0,9746500000.0,15168000000.0,42078060044.0,10.0,8.344,4724100000.0,2.479,1.0,10104800000.0,1.0,5309000000.0,0.0,186429000000.0,122227250000.0,0.0,140394000000.0,,,149753000000.0,,,21938060044.0,-125900000.0,826200000.0,-972200000.0,1287300000.0,-1271300000.0,2447500000.0,-7297500000.0,-7383200000.0,4724100000.0,0.0,2875600000.0,2875600000.0,2875600000.0,0.0,0.0,0.285,5717000000.0,4387800000.0,0.0,0.283,1.446,7.629,15.282,1836000000.0,0.0,23.075,2.171,4.352,0.0,11658000000.0,10104800000.0,10104800000.0,0.0,0.027,0.295,0.036,0.434,0.0,3845300000.0,1.0,950724425.0,1906000000,1918500000.0,5.302,159612000000.0,0.0,1512200000.0,0.0,83.742,
83,USB,MRT,2000-09-30,2000-09-30,2000-09-30,2021-09-07,-33000000.0,86349000000.0,84281250000.0,,,0.153,4.295,-48600000.0,3776000000.0,3776000000.0,0.0,3351200000.0,,9.605,23916000000.0,,,23916000000.0,0.0,600400000.0,51392000000.0,0.019,0.342,5232800000.0,5833200000.0,0.451,5833200000.0,5232800000.0,5232800000.0,1.109,1.097,1.109,8142000000.0,7864000000.0,8142000000.0,35451054832.0,7.0,6.077,6684900000.0,3.527,1.0,12923400000.0,1.0,3254000000.0,0.0,103235000000.0,99029000000.0,0.0,72795000000.0,,,78207000000.0,,,16967054832.0,-1032000000.0,-112200000.0,-1721700000.0,4593600000.0,-1558800000.0,1402000000.0,-9167500000.0,-7772000000.0,6733500000.0,0.0,3351200000.0,3351200000.0,3351200000.0,0.0,0.0,0.259,7690600000.0,5232800000.0,0.0,0.308,2.084,5.063,16.217,860000000.0,0.0,17.984,1.313,2.638,0.0,6080000000.0,12923400000.0,12923400000.0,0.0,0.04,0.426,0.053,0.405,0.0,5082300000.0,1.0,943442829.0,1895600000,,6.818,83095000000.0,0.0,1881600000.0,0.0,43.836,
84,USB,MRT,2000-06-30,2000-06-30,2000-06-30,2021-09-07,-71000000.0,86174000000.0,81953000000.0,,,0.144,4.149,1100000.0,4428000000.0,4428000000.0,0.0,3037300000.0,,9.865,22912000000.0,,,22912000000.0,0.0,600400000.0,52545000000.0,0.024,0.367,4772700000.0,5373100000.0,0.455,5373100000.0,4772700000.0,4772700000.0,1.174,1.154,1.174,7931000000.0,7508250000.0,7931000000.0,32333782574.0,7.0,6.018,5873900000.0,3.073,1.0,11796100000.0,1.0,3188000000.0,0.0,101470000000.0,95951750000.0,0.0,72020000000.0,,,78243000000.0,,,14472782574.0,-378000000.0,-128500000.0,-1534000000.0,5165400000.0,-1385000000.0,1475400000.0,-7726200000.0,-6409600000.0,5872800000.0,0.0,3037300000.0,3037300000.0,3037300000.0,0.0,0.0,0.257,7023400000.0,4772700000.0,0.0,0.313,1.825,4.765,12.962,855000000.0,0.0,15.217,1.227,2.466,0.0,5839000000.0,11796100000.0,11796100000.0,0.0,0.037,0.405,0.05,0.405,0.0,4637300000.0,1.0,951068569.0,1911400000,,6.171,82986000000.0,0.0,1735400000.0,0.0,43.416,
85,USB,MRT,2000-03-31,2000-03-31,2000-03-31,2021-09-07,-83000000.0,83072000000.0,79757000000.0,,,0.133,4.03,-46600000.0,3733000000.0,3733000000.0,0.0,2701800000.0,,9.726,21594000000.0,,,21594000000.0,0.0,600400000.0,51015000000.0,0.02,0.342,4266000000.0,4866400000.0,0.458,4866400000.0,4266000000.0,4266000000.0,1.215,1.187,1.215,7745000000.0,7102500000.0,7745000000.0,31670042769.0,7.0,6.508,5014800000.0,2.61,1.0,10631100000.0,1.0,3158000000.0,0.0,97775000000.0,93329250000.0,0.0,69701000000.0,,,75327000000.0,,,16498042769.0,-1632900000.0,-220100000.0,-1210300000.0,4600300000.0,-1208000000.0,-785500000.0,-5908800000.0,-4423900000.0,5061400000.0,0.0,2701800000.0,2701800000.0,2701800000.0,0.0,0.0,0.254,6365100000.0,4266000000.0,0.0,0.281,2.13,6.106,14.229,867000000.0,0.0,17.289,1.552,3.125,0.0,5607000000.0,10631100000.0,10631100000.0,0.0,0.034,0.38,0.046,0.401,0.0,4187000000.0,1.0,954276365.0,1921700000,,5.532,79914000000.0,0.0,1564200000.0,0.0,41.585,
86,USB,MRT,1999-12-31,1999-12-31,1999-12-31,2021-09-07,-62000000.0,81530000000.0,78016500000.0,,,0.121,4.004,0.0,4749000000.0,4749000000.0,0.0,2381800000.0,,9.674,19921000000.0,,,19921000000.0,0.0,600400000.0,51530000000.0,0.021,0.396,3774000000.0,4374400000.0,0.464,4374400000.0,3774000000.0,3774000000.0,1.25,1.23,1.25,7638000000.0,6710500000.0,7638000000.0,33570344381.0,9.0,7.674,4966600000.0,2.603,1.0,9435300000.0,1.0,3066000000.0,0.0,93636000000.0,91142750000.0,0.0,67702000000.0,,,73892000000.0,,,17325344381.0,-663600000.0,-227100000.0,-912400000.0,2906300000.0,-1029700000.0,-2070700000.0,-3559500000.0,-2146300000.0,4966600000.0,0.0,2381800000.0,2381800000.0,2381800000.0,0.0,0.0,0.252,5661300000.0,3774000000.0,0.0,0.317,2.268,7.274,15.058,862000000.0,0.0,18.822,1.836,3.806,0.0,5389000000.0,9435300000.0,9435300000.0,0.0,0.031,0.355,0.041,0.4,0.0,3739200000.0,1.0,920477137.0,1907800000,1930000000.0,4.946,78464000000.0,0.0,1392200000.0,0.0,41.128,
87,USB,MRT,1999-09-30,1999-09-30,1999-09-30,2021-09-07,-28000000.0,77036000000.0,76743500000.0,,,0.069,7.26,16300000.0,3593000000.0,3593000000.0,0.0,1486700000.0,,10.465,19838000000.0,,,19838000000.0,0.0,130400000.0,47978000000.0,0.019,0.451,2332100000.0,2462500000.0,0.462,2462500000.0,2332100000.0,2332100000.0,2.008,1.97,2.008,6719000000.0,6293500000.0,6719000000.0,37735650247.0,16.0,15.324,2194900000.0,2.372,1.0,5333200000.0,1.0,2355000000.0,0.0,90926000000.0,89701250000.0,0.0,65407000000.0,,,70317000000.0,,,22087650247.0,-1210300000.0,-560100000.0,-405100000.0,2630400000.0,-552900000.0,688500000.0,-4077400000.0,-3064900000.0,2178600000.0,0.0,1486700000.0,1486700000.0,1486700000.0,0.0,0.0,0.279,3001100000.0,2332100000.0,0.0,0.225,3.287,14.857,11.885,845000000.0,0.0,23.866,4.142,4.142,0.0,5167000000.0,5333200000.0,5333200000.0,0.0,0.019,0.236,0.026,0.437,0.0,1984300000.0,1.0,925501079.0,925501079,,5.763,74681000000.0,0.0,845400000.0,0.0,80.693,
88,USB,MRT,1999-06-30,1999-06-30,1999-06-30,2021-09-07,-2000000.0,77390000000.0,75955500000.0,,,0.069,6.86,20800000.0,3887000000.0,3887000000.0,0.0,1419400000.0,,11.269,19535000000.0,,,19535000000.0,0.0,130400000.0,49267000000.0,0.014,0.368,2230500000.0,2360900000.0,0.453,2360900000.0,2230500000.0,2230500000.0,1.929,1.891,1.929,6308000000.0,6098750000.0,6308000000.0,39148137702.0,18.0,16.582,1881500000.0,2.046,1.0,5216200000.0,1.0,2058000000.0,0.0,90980000000.0,88074500000.0,0.0,66261000000.0,,,71082000000.0,,,24264137702.0,-1391800000.0,-247800000.0,-675100000.0,3497100000.0,-539900000.0,1940200000.0,-5192700000.0,-4617300000.0,1860700000.0,0.0,1419400000.0,1419400000.0,1419400000.0,0.0,0.0,0.272,2985700000.0,2230500000.0,0.0,0.191,3.847,17.095,13.679,856000000.0,0.0,26.387,4.652,4.652,0.0,4913000000.0,5216200000.0,5216200000.0,0.0,0.019,0.233,0.025,0.428,0.0,1963200000.0,1.0,919536674.0,919536674,,5.673,75332000000.0,0.0,811100000.0,0.0,81.924,
89,USB,MRT,1999-03-31,1999-03-31,1999-03-31,2021-09-07,54000000.0,76110000000.0,75045500000.0,,,0.068,6.728,3900000.0,4148000000.0,4148000000.0,0.0,1365700000.0,,11.322,19032000000.0,,,19032000000.0,0.0,130400000.0,48672000000.0,0.016,0.419,2149300000.0,2279700000.0,0.446,2279700000.0,2149300000.0,2149300000.0,1.857,1.827,1.857,6177000000.0,6053500000.0,6177000000.0,38126444115.0,18.0,16.724,1467000000.0,1.598,1.0,5106800000.0,1.0,1965000000.0,0.0,89029000000.0,85983500000.0,0.0,65021000000.0,,,69933000000.0,,,24719444115.0,-735100000.0,-798400000.0,-816400000.0,4092600000.0,-528300000.0,2522700000.0,-4720900000.0,-3738100000.0,1463100000.0,0.0,1365700000.0,1365700000.0,1365700000.0,0.0,0.0,0.267,2957500000.0,2149300000.0,0.0,0.226,4.002,18.1,14.499,876000000.0,0.0,26.925,4.84,4.84,0.0,4681000000.0,5106800000.0,5106800000.0,0.0,0.018,0.226,0.025,0.421,0.0,1913600000.0,1.0,918088573.0,918088573,,5.562,74145000000.0,0.0,783600000.0,0.0,80.76,
90,USB,MRT,1998-12-31,1998-12-31,1998-12-31,2021-09-07,72000000.0,76438000000.0,73755250000.0,,,0.067,6.503,0.0,4855000000.0,4855000000.0,0.0,1327400000.0,,11.804,18262000000.0,,,18262000000.0,0.0,130400000.0,50034000000.0,0.012,0.331,2093900000.0,2224300000.0,0.45,2224300000.0,2093900000.0,2093900000.0,1.81,1.78,1.81,5970000000.0,6040000000.0,5970000000.0,38210616179.0,18.0,17.179,1372500000.0,1.495,1.0,4938200000.0,1.0,1975000000.0,0.0,87870000000.0,83825250000.0,0.0,64696000000.0,,,70468000000.0,,,25762616179.0,54300000.0,-780200000.0,-743600000.0,3178600000.0,-516400000.0,2587000000.0,-3905200000.0,-2989400000.0,1372500000.0,0.0,1327400000.0,1327400000.0,1327400000.0,0.0,0.0,0.269,2844300000.0,2093900000.0,0.0,0.183,4.315,19.408,15.505,879000000.0,0.0,28.063,5.217,5.217,0.0,4456000000.0,4938200000.0,4938200000.0,0.0,0.018,0.22,0.025,0.424,0.0,1774000000.0,1.0,918019985.0,918019985,,5.379,74463000000.0,0.0,766500000.0,0.0,81.113,
91,USB,MRT,1998-09-30,1998-09-30,1998-09-30,2021-09-07,75000000.0,73884000000.0,72469500000.0,,,0.065,6.346,-42100000.0,4803000000.0,4803000000.0,0.0,1267100000.0,,11.438,17251000000.0,,,17251000000.0,0.0,133800000.0,48496000000.0,0.008,0.238,2001700000.0,2135500000.0,0.45,2135500000.0,2001700000.0,2001700000.0,1.352,1.336,1.352,5940000000.0,6020000000.0,5940000000.0,37197120313.0,19.0,17.418,1468700000.0,1.569,1.0,4746300000.0,1.0,1913000000.0,0.0,84419000000.0,81779250000.0,0.0,62363000000.0,,,67944000000.0,,,26364120313.0,405300000.0,-646500000.0,-515000000.0,2453100000.0,-505200000.0,1095800000.0,-2201300000.0,-1554300000.0,1510800000.0,0.0,1265700000.0,1265700000.0,1265700000.0,0.0,1400000.0,0.267,2743200000.0,2003100000.0,0.0,0.176,4.438,20.83,20.833,886000000.0,0.0,28.166,5.555,5.555,0.0,4234000000.0,4746300000.0,4746300000.0,0.0,0.017,0.21,0.024,0.422,0.0,1702100000.0,1.0,936026163.0,936026163,,5.071,71971000000.0,0.0,736000000.0,0.0,76.89,
92,USB,MRT,1998-06-30,1998-06-30,1998-06-30,2021-09-07,58000000.0,73750000000.0,71542000000.0,,,0.062,6.52,-23700000.0,5280000000.0,5280000000.0,0.0,890400000.0,,11.037,16113000000.0,,,16113000000.0,0.0,133800000.0,49307000000.0,0.005,0.174,1466000000.0,1599800000.0,0.36,1599800000.0,1466000000.0,1466000000.0,0.941,0.933,0.941,6127000000.0,5970250000.0,6127000000.0,41391753363.0,28.0,25.873,1308000000.0,1.392,1.0,4448000000.0,1.0,1967000000.0,0.0,82616000000.0,80718000000.0,0.0,61724000000.0,,,67623000000.0,,,31944753363.0,-557800000.0,-646500000.0,-99900000.0,2300200000.0,-492600000.0,-255600000.0,-1633900000.0,-868000000.0,1331700000.0,0.0,885900000.0,885900000.0,885900000.0,0.0,4500000.0,0.199,2977500000.0,1470500000.0,0.0,0.185,5.214,36.059,36.123,901000000.0,0.0,33.992,7.182,7.182,0.0,4034000000.0,4448000000.0,4448000000.0,0.0,0.012,0.148,0.018,0.33,0.0,1614200000.0,1.0,939770070.0,939770070,,4.733,71783000000.0,0.0,580100000.0,0.0,76.384,
93,USB,MRT,1998-03-31,1998-03-31,1998-03-31,2021-09-07,57000000.0,70949000000.0,62536750000.0,,,0.069,6.542,-11500000.0,4883000000.0,4883000000.0,0.0,873700000.0,,10.587,14330000000.0,,,14330000000.0,0.0,133800000.0,48558000000.0,0.003,0.109,1436100000.0,1569900000.0,0.366,1569900000.0,1436100000.0,1436100000.0,0.925,0.917,0.925,6123000000.0,5229250000.0,6123000000.0,40641881165.0,28.0,25.888,1335700000.0,1.427,1.0,4286100000.0,1.0,0.0,0.0,80396000000.0,70641500000.0,0.0,60958000000.0,,,64826000000.0,,,30768881165.0,-102400000.0,38400000.0,-90100000.0,848800000.0,-474200000.0,-298800000.0,-1150800000.0,-1056200000.0,1347200000.0,0.0,866100000.0,866100000.0,866100000.0,0.0,7600000.0,0.202,2842400000.0,1443700000.0,0.0,0.118,5.025,35.526,35.538,864000000.0,0.0,32.872,7.179,7.179,0.0,3844000000.0,4286100000.0,4286100000.0,0.0,0.014,0.166,0.02,0.335,0.0,1558100000.0,1.0,936015263.0,936015263,,4.579,70949000000.0,0.0,570000000.0,0.0,75.799,
94,USB,MRT,1997-12-31,1997-12-31,1997-12-31,2021-09-07,59000000.0,71295000000.0,53799500000.0,,,0.078,6.323,0.0,4801000000.0,4801000000.0,0.0,838500000.0,,11.104,14674000000.0,,,14674000000.0,0.0,133800000.0,49027000000.0,0.004,0.105,1380100000.0,1513900000.0,0.36,1513900000.0,1380100000.0,1380100000.0,0.893,0.877,0.893,5890000000.0,4448750000.0,5890000000.0,37478163889.0,27.0,24.756,1491400000.0,1.601,1.0,4203000000.0,1.0,1482000000.0,0.0,79686000000.0,60968000000.0,0.0,61409000000.0,,,65405000000.0,,,27478163889.0,-107100000.0,19600000.0,-247500000.0,1550600000.0,-456300000.0,-186000000.0,-1412500000.0,-1424500000.0,1491400000.0,0.0,827900000.0,827900000.0,827900000.0,0.0,10600000.0,0.197,2812300000.0,1390700000.0,0.0,0.118,4.665,33.19,33.031,860000000.0,0.0,29.497,6.538,6.538,0.0,3645000000.0,4203000000.0,4203000000.0,0.0,0.015,0.186,0.023,0.328,0.0,1604400000.0,1.0,931567196.0,931567196,,4.512,69813000000.0,0.0,552200000.0,0.0,74.941,
95,USB,MRT,1997-09-30,1997-09-30,1997-09-30,2021-09-07,46000000.0,70174000000.0,53413000000.0,,,0.096,6.089,43100000.0,4398000000.0,4398000000.0,0.0,1081700000.0,,11.223,14398000000.0,,,14398000000.0,0.0,150200000.0,48374000000.0,0.006,0.141,1750800000.0,1901000000.0,0.372,1901000000.0,1750800000.0,1750800000.0,0.564,0.54,0.564,5741000000.0,4417000000.0,5741000000.0,17504324873.0,10.0,9.208,1305600000.0,1.385,1.0,5103800000.0,1.0,0.0,0.0,80174000000.0,60521250000.0,0.0,60584000000.0,,,64433000000.0,,,12923324873.0,-1117500000.0,-19500000.0,-710200000.0,1548900000.0,-455100000.0,-1059100000.0,-1320900000.0,-1213300000.0,1262500000.0,0.0,1062000000.0,1062000000.0,1062000000.0,0.0,19700000.0,0.208,3333300000.0,1770500000.0,0.0,0.25,2.251,12.169,45.085,885000000.0,0.0,25.428,2.532,4.698,0.0,3472000000.0,5103800000.0,5103800000.0,0.0,0.02,0.24,0.029,0.343,0.0,2004100000.0,1.0,508228165.0,942904061,,5.413,70174000000.0,0.0,688800000.0,0.0,74.423,
96,USB,MRT,1997-06-30,1997-06-30,1997-06-30,2021-09-07,4000000.0,37729000000.0,,,,,6.161,-12200000.0,3510000000.0,3510000000.0,0.0,1385000000.0,,10.928,8091000000.0,,,8091000000.0,0.0,150200000.0,25231000000.0,0.008,0.177,2162000000.0,2312200000.0,0.448,2312200000.0,2162000000.0,2162000000.0,0.877,0.854,0.877,3163000000.0,,3163000000.0,17098790152.0,8.0,7.395,1985700000.0,3.868,1.0,5155700000.0,1.0,0.0,0.0,42310000000.0,,0.0,31255000000.0,,,34566000000.0,,,11396790152.0,1004800000.0,-85600000.0,-1180400000.0,510100000.0,-519100000.0,793000000.0,-1786100000.0,-1698900000.0,1997900000.0,0.0,1363800000.0,1363800000.0,1363800000.0,0.0,21200000.0,0.265,2972500000.0,2183200000.0,0.0,0.202,3.603,8.357,25.653,388000000.0,0.0,22.498,2.211,2.24,0.0,2362000000.0,5155700000.0,5155700000.0,0.0,,,,0.419,0.0,2022400000.0,1.0,506568501.0,513419482,,10.042,37729000000.0,0.0,798200000.0,0.0,73.486,
97,USB,MRT,1997-03-31,1997-03-31,1997-03-31,2021-09-07,-26000000.0,36000000000.0,,,,,5.835,-5800000.0,2537000000.0,2537000000.0,0.0,1335200000.0,,10.996,8239000000.0,,,8239000000.0,0.0,150200000.0,23423000000.0,0.011,0.212,2086800000.0,2237000000.0,0.466,2237000000.0,2086800000.0,2086800000.0,1.03,1.007,1.03,3001000000.0,,3001000000.0,15118268928.0,7.0,6.758,2315100000.0,4.501,1.0,4795700000.0,1.0,0.0,0.0,41702000000.0,,0.0,30670000000.0,,,32999000000.0,,,9744268928.0,271400000.0,-20400000.0,-1303600000.0,431700000.0,-465500000.0,-1241400000.0,-808100000.0,-767000000.0,2320900000.0,0.0,1315500000.0,1315500000.0,1315500000.0,0.0,19700000.0,0.274,2689200000.0,2106500000.0,0.0,0.206,3.247,7.407,18.676,393000000.0,0.0,19.236,2.032,2.063,0.0,2256000000.0,4795700000.0,4795700000.0,0.0,,,,0.435,0.0,1851200000.0,1.0,506568501.0,514318662,,9.324,36000000000.0,0.0,771300000.0,0.0,69.996,
98,USB,MRT,1996-12-31,1996-12-31,1996-12-31,2021-09-07,5000000.0,69749000000.0,51811500000.0,,,0.087,11.051,0.0,4908000000.0,4908000000.0,0.0,1218700000.0,,11.103,13058000000.0,,,13058000000.0,0.0,150200000.0,49356000000.0,0.014,0.248,1926000000.0,2076200000.0,0.463,2076200000.0,1926000000.0,1926000000.0,1.265,1.241,1.265,5763000000.0,4244000000.0,5763000000.0,,,,1845300000.0,3.538,1.0,4482500000.0,1.0,0.0,0.0,77899000000.0,58855000000.0,0.0,59666000000.0,,,63986000000.0,,,,399800000.0,137200000.0,-1381500000.0,-200000000.0,-414800000.0,-1917900000.0,472400000.0,368500000.0,1845300000.0,0.0,1200300000.0,1200300000.0,1200300000.0,0.0,18400000.0,0.268,2538100000.0,1944400000.0,0.0,0.196,,,14.217,1018000000.0,0.0,17.984,,2.092,0.0,3809000000.0,4482500000.0,4482500000.0,0.0,0.023,0.283,0.033,0.43,0.0,1680800000.0,1.0,,521492274,521492274.0,8.596,69749000000.0,0.0,725700000.0,0.0,133.749,
99,USB,MRT,1996-09-30,1996-09-30,1996-09-30,2021-09-07,,,,,,,,,,,,,,,,,,,,,,0.014,0.238,,,,,,,,,,,,,,,,,,1.0,,,,,,,,,,,,,,,,,,,,,,,,,,,,,,,,,,,,,,,,17.621,,,,,,,,,,,,,,1.0,,967656405,,,,,,,,
100,USB,MRT,1996-06-30,1996-06-30,1996-06-30,2021-09-07,,,,,,,,,,,,,,,,,,,,,,0.015,0.229,,,,,,,,,,,,,,,,,,1.0,,,,,,,,,,,,,,,,,,,,,,,,,,,,,,,,,,,,,,,,15.283,,,,,,,,,,,,,,1.0,,530444239,,,,,,,,
101,USB,MRT,1996-03-31,1996-03-31,1996-03-31,2021-09-07,,,,,,,,,,,,,,,,,,,,,,0.014,0.22,,,,,,,,,,,,,,,,,,1.0,,,,,,,,,,,,,,,,,,,,,,,,,,,,,,,,,,,,,,,,15.71,,,,,,,,,,,,,,1.0,,519994357,,,,,,,,
102,USB,MRT,1995-12-31,1995-12-31,1995-12-31,2021-09-07,23000000.0,33874000000.0,,,,,5.361,-47200000.0,1872000000.0,1872000000.0,0.0,897100000.0,,11.431,7809000000.0,,,7809000000.0,0.0,158900000.0,22514000000.0,0.016,0.211,1401300000.0,1560200000.0,0.4,1560200000.0,1401300000.0,1401300000.0,0.938,0.917,0.938,2725000000.0,,2725000000.0,,,,1403500000.0,2.761,1.0,3896900000.0,1.0,0.0,0.0,39811000000.0,,0.0,29498000000.0,,,31149000000.0,,,,410500000.0,-34700000.0,-632100000.0,866000000.0,-344500000.0,-1100500000.0,60300000.0,48600000.0,1450700000.0,0.0,877400000.0,877400000.0,877400000.0,0.0,19700000.0,0.225,2475900000.0,1421000000.0,0.0,0.225,,,13.942,413000000.0,0.0,13.078,,1.706,0.0,1918000000.0,3896900000.0,3896900000.0,0.0,,,,0.36,0.0,1626900000.0,1.0,,508287234,508287234.0,7.667,33874000000.0,0.0,523900000.0,0.0,66.643,
103,USB,MRT,1994-12-31,1994-12-31,1994-12-31,2021-09-07,,,,,,,,-65100000.0,,,0.0,305000000.0,,,,,,,,74500000.0,,0.021,0.184,484200000.0,558700000.0,0.301,558700000.0,484200000.0,484200000.0,0.567,0.567,0.567,,,,,,,1324200000.0,2.561,1.0,1854700000.0,1.0,,0.0,,,,,,,,,,,-956700000.0,-32700000.0,-205500000.0,2416700000.0,-168600000.0,-2241000000.0,-105000000.0,-126700000.0,1389300000.0,0.0,292400000.0,292400000.0,292400000.0,8500000.0,12600000.0,0.158,1349400000.0,505300000.0,,0.325,,,15.429,,0.0,8.748,,2.439,,,1854700000.0,1854700000.0,0.0,,,,0.261,0.0,858200000.0,1.0,,517163591,517163591.0,3.586,,,191800000.0,,,
