None,ticker,dimension,calendardate,datekey,reportperiod,lastupdated,accoci,assets,assetsavg,assetsc,assetsnc,assetturnover,bvps,capex,cashneq,cashnequsd,cor,consolinc,currentratio,de,debt,debtc,debtnc,debtusd,deferredrev,depamor,deposits,divyield,dps,ebit,ebitda,ebitdamargin,ebitdausd,ebitusd,ebt,eps,epsdil,epsusd,equity,equityavg,equityusd,ev,evebit,evebitda,fcf,fcfps,fxusd,gp,grossmargin,intangibles,intexp,invcap,invcapavg,inventory,investments,investmentsc,investmentsnc,liabilities,liabilitiesc,liabilitiesnc,marketcap,ncf,ncfbus,ncfcommon,ncfdebt,ncfdiv,ncff,ncfi,ncfinv,ncfo,ncfx,netinc,netinccmn,netinccmnusd,netincdis,netincnci,netmargin,opex,opinc,payables,payoutratio,pb,pe,pe1,ppnenet,prefdivis,price,ps,ps1,receivables,retearn,revenue,revenueusd,rnd,roa,roe,roic,ros,sbcomp,sgna,sharefactor,sharesbas,shareswa,shareswadil,sps,tangibles,taxassets,taxexp,taxliabilities,tbvps,workingcapital
0,XEL,MRY,2020-12-31,2020-12-31,2020-12-31,2021-09-07,-141000000.0,53957000000.0,53063500000.0,3275000000.0,50682000000.0,0.217,27.657,-4685000000.0,129000000.0,129000000.0,6562000000.0,1473000000.0,0.773,2.702,22392000000.0,1272000000.0,21120000000.0,22392000000.0,0.0,1959000000.0,197000000.0,0.026,1.72,2307000000.0,4266000000.0,0.37,4266000000.0,2307000000.0,1467000000.0,2.79,2.79,2.79,14575000000.0,13759750000.0,14575000000.0,56817269726.0,25.0,13.319,-1837000000.0,-3.486,1.0,4964000000.0,0.431,0.0,840000000.0,71981000000.0,69844000000.0,535000000.0,3175000000.0,49000000.0,3126000000.0,39382000000.0,4239000000.0,35143000000.0,35032269726.0,-119000000.0,0.0,727000000.0,1928000000.0,-856000000.0,1773000000.0,-4740000000.0,-20000000.0,2848000000.0,0.0,1473000000.0,1473000000.0,1473000000.0,0.0,0.0,0.128,2848000000.0,2116000000.0,1237000000.0,0.616,2.404,23.783,23.896,44440000000.0,0.0,66.67,3.039,3.048,1630000000.0,5968000000.0,11526000000.0,11526000000.0,0.0,0.028,0.107,0.033,0.2,73000000.0,0.0,1.0,525457773.0,527000000,528000000.0,21.871,53957000000.0,42000000.0,-6000000.0,5324000000.0,102.385,-964000000.0
1,XEL,MRY,2019-12-31,2019-12-31,2019-12-31,2021-09-07,-141000000.0,50448000000.0,49280500000.0,3113000000.0,47335000000.0,0.234,25.509,-4225000000.0,248000000.0,248000000.0,6806000000.0,1372000000.0,0.681,2.811,20660000000.0,1529000000.0,19131000000.0,20660000000.0,0.0,1785000000.0,203000000.0,0.026,1.62,2273000000.0,4058000000.0,0.352,4058000000.0,2273000000.0,1500000000.0,2.64,2.64,2.64,13239000000.0,12768750000.0,13239000000.0,52883400215.0,23.0,13.032,-962000000.0,-1.854,1.0,4723000000.0,0.41,0.0,773000000.0,66292000000.0,64165000000.0,544000000.0,2808000000.0,55000000.0,2753000000.0,37209000000.0,4568000000.0,32641000000.0,33293400215.0,101000000.0,0.0,458000000.0,1528000000.0,-791000000.0,1181000000.0,-4343000000.0,-20000000.0,3263000000.0,0.0,1372000000.0,1372000000.0,1372000000.0,0.0,0.0,0.119,2619000000.0,2104000000.0,1294000000.0,0.614,2.515,24.266,24.049,41155000000.0,0.0,63.49,2.888,2.858,1550000000.0,5413000000.0,11529000000.0,11529000000.0,0.0,0.028,0.107,0.035,0.197,58000000.0,0.0,1.0,524388096.0,519000000,520000000.0,22.214,50448000000.0,43000000.0,128000000.0,5024000000.0,97.202,-1455000000.0
2,XEL,MRY,2018-12-31,2018-12-31,2018-12-31,2021-09-07,-124000000.0,45987000000.0,44555250000.0,3094000000.0,42893000000.0,0.259,23.918,-3957000000.0,147000000.0,147000000.0,7084000000.0,1261000000.0,0.694,2.763,17437000000.0,1505000000.0,15932000000.0,17437000000.0,0.0,1659000000.0,199000000.0,0.031,1.52,2142000000.0,3801000000.0,0.329,3801000000.0,2142000000.0,1442000000.0,2.47,2.47,2.47,12222000000.0,11899500000.0,12222000000.0,41743328011.0,19.0,10.982,-835000000.0,-1.634,1.0,4453000000.0,0.386,0.0,700000000.0,58817000000.0,57008500000.0,548000000.0,2438000000.0,87000000.0,2351000000.0,33765000000.0,4460000000.0,29305000000.0,25317328011.0,64000000.0,0.0,230000000.0,1448000000.0,-730000000.0,928000000.0,-3986000000.0,-20000000.0,3122000000.0,0.0,1261000000.0,1261000000.0,1261000000.0,0.0,0.0,0.109,2488000000.0,1965000000.0,1237000000.0,0.615,2.071,20.077,19.947,36944000000.0,0.0,49.27,2.194,2.182,1615000000.0,4893000000.0,11537000000.0,11537000000.0,0.0,0.028,0.106,0.038,0.186,45000000.0,0.0,1.0,513848752.0,511000000,511000000.0,22.577,45987000000.0,79000000.0,181000000.0,4669000000.0,89.994,-1366000000.0
3,XEL,MRY,2017-12-31,2017-12-31,2017-12-31,2021-09-07,-125000000.0,43030000000.0,42161281000.0,2973000000.0,40057000000.0,0.27,22.505,-3244000000.0,83000000.0,83000000.0,6884000000.0,1148000000.0,0.727,2.756,15946000000.0,1300000000.0,14646000000.0,15946000000.0,0.0,1495000000.0,193000000.0,0.03,1.44,2353000000.0,3848000000.0,0.337,3848000000.0,2353000000.0,1690000000.0,2.26,2.25,2.26,11455000000.0,11271910750.0,11455000000.0,39811730205.0,17.0,10.346,-118000000.0,-0.232,1.0,4520000000.0,0.396,0.0,663000000.0,54805000000.0,53925420000.0,610000000.0,2489000000.0,44000000.0,2445000000.0,31575000000.0,4088000000.0,27487000000.0,24428472205.0,-2000000.0,0.0,0.0,910000000.0,-721000000.0,168000000.0,-3296000000.0,-28000000.0,3126000000.0,0.0,1148000000.0,1148000000.0,1148000000.0,0.0,0.0,0.101,2297000000.0,2223000000.0,1243000000.0,0.637,2.133,21.279,21.288,34329000000.0,0.0,48.11,2.142,2.147,1561000000.0,4413000000.0,11404000000.0,11404000000.0,0.0,0.027,0.102,0.044,0.206,57000000.0,0.0,1.0,507762881.0,509000000,509000000.0,22.405,43030000000.0,68000000.0,542000000.0,4351000000.0,84.538,-1115000000.0
4,XEL,MRY,2016-12-31,2016-12-31,2016-12-31,2021-09-07,-110000000.0,41155000000.0,40009939500.0,2842000000.0,38313000000.0,0.278,21.652,-3195000000.0,85000000.0,85000000.0,6787000000.0,1123000000.0,0.875,2.734,15017000000.0,674000000.0,14343000000.0,15017000000.0,0.0,1319000000.0,195000000.0,0.033,1.36,2351000000.0,3670000000.0,0.33,3670000000.0,2351000000.0,1704000000.0,2.21,2.21,2.21,11021000000.0,10845927500.0,11021000000.0,34978294756.0,15.0,9.531,-143000000.0,-0.281,1.0,4320000000.0,0.389,0.0,647000000.0,52840000000.0,51082458500.0,604000000.0,2180000000.0,38000000.0,2142000000.0,30134000000.0,3247000000.0,26887000000.0,20673678756.0,0.0,0.0,-32000000.0,934000000.0,-681000000.0,209000000.0,-3261000000.0,-68000000.0,3052000000.0,0.0,1123000000.0,1123000000.0,1123000000.0,0.0,0.0,0.101,2080000000.0,2240000000.0,1045000000.0,0.615,1.876,18.409,18.416,32842000000.0,0.0,40.7,1.861,1.865,1506000000.0,3982000000.0,11107000000.0,11107000000.0,0.0,0.028,0.104,0.046,0.212,41000000.0,0.0,1.0,507952795.0,509000000,509000000.0,21.821,41155000000.0,107000000.0,581000000.0,7304000000.0,80.855,-405000000.0
5,XEL,MRY,2015-12-31,2015-12-31,2015-12-31,2021-09-07,-109753000.0,38821477000.0,37749658250.0,2770226000.0,36051251000.0,0.292,20.868,-3683000000.0,84940000.0,84940000.0,7034000000.0,984000000.0,0.683,2.662,14100051000.0,1532860000.0,12567191000.0,14100051000.0,0.0,1143000000.0,228999000.0,0.036,1.28,2122000000.0,3265000000.0,0.296,3265000000.0,2122000000.0,1527000000.0,1.94,1.94,1.94,10600920000.0,10407421500.0,10600920000.0,31232923480.0,15.0,9.566,-645000000.0,-1.27,1.0,3990000000.0,0.362,0.0,595000000.0,48778291000.0,47369043250.0,608584000.0,1987920000.0,33842000.0,1954078000.0,28220557000.0,4058297000.0,24162260000.0,18224216480.0,5000000.0,-2000000.0,7000000.0,1201000000.0,-607000000.0,590000000.0,-3623000000.0,-21000000.0,3038000000.0,0.0,984000000.0,984000000.0,984000000.0,0.0,0.0,0.089,1990000000.0,2000000000.0,960982000.0,0.66,1.719,18.521,18.51,31205851000.0,0.0,35.91,1.653,1.655,1379473000.0,3552728000.0,11024000000.0,11024000000.0,0.0,0.026,0.095,0.045,0.192,45000000.0,0.0,1.0,507496978.0,508000000,508000000.0,21.701,38821477000.0,163023000.0,543000000.0,6660050000.0,76.42,-1288071000.0
6,XEL,MRY,2014-12-31,2014-12-31,2014-12-31,2021-09-07,-108139000.0,36957884000.0,35309430250.0,3364380000.0,33593504000.0,0.331,20.273,-3199791000.0,79608000.0,79608000.0,7951352000.0,1021306000.0,0.828,2.618,12982428000.0,1298858000.0,11683570000.0,12982428000.0,0.0,1036515000.0,256945000.0,0.033,1.2,2111729000.0,3148244000.0,0.269,3148244000.0,2111729000.0,1545121000.0,2.03,2.03,2.03,10214482000.0,10009334500.0,10214482000.0,30692965354.0,15.0,9.749,-540305000.0,-1.072,1.0,3734783000.0,0.32,0.0,566608000.0,45796121000.0,44400550250.0,597183000.0,1972138000.0,85723000.0,1886415000.0,26743402000.0,4064583000.0,22678819000.0,18164238354.0,-27536000.0,-2376000.0,180798000.0,822136000.0,-561411000.0,430229000.0,-3117251000.0,-7139000.0,2659486000.0,0.0,1021306000.0,1021306000.0,1021306000.0,0.0,0.0,0.087,1786653000.0,1948130000.0,1173006000.0,0.591,1.778,17.785,17.695,28756916000.0,0.0,35.92,1.554,1.549,1554998000.0,3220958000.0,11686135000.0,11686135000.0,0.0,0.029,0.102,0.048,0.181,32189000.0,0.0,1.0,505685923.0,503847000,504117000.0,23.194,36957884000.0,431698000.0,523815000.0,6323299000.0,73.351,-700203000.0
7,XEL,MRY,2013-12-31,2013-12-31,2013-12-31,2021-09-07,-106275000.0,33907490000.0,32722019750.0,3218040000.0,30689450000.0,0.334,19.283,-3358207000.0,107144000.0,107144000.0,7408278000.0,948234000.0,0.881,2.545,12183123000.0,1063145000.0,11119978000.0,12183123000.0,0.0,1001843000.0,275555000.0,0.04,1.11,2007409000.0,3009252000.0,0.276,3009252000.0,2007409000.0,1432210000.0,1.91,1.91,1.91,9565950000.0,9392148500.0,9565950000.0,25542780211.0,13.0,8.488,-774171000.0,-1.561,1.0,3506644000.0,0.321,0.0,575199000.0,42328971000.0,41438521750.0,576538000.0,1932539000.0,91707000.0,1840832000.0,24341540000.0,3654498000.0,20687042000.0,13904047211.0,24821000.0,-7504000.0,231767000.0,936444000.0,-514042000.0,654169000.0,-3213384000.0,-20590000.0,2584036000.0,0.0,948234000.0,948234000.0,948234000.0,0.0,0.0,0.087,1659089000.0,1847555000.0,1261238000.0,0.581,1.453,14.663,14.628,26122159000.0,0.0,27.94,1.274,1.27,1431390000.0,2807983000.0,10914922000.0,10914922000.0,0.0,0.029,0.101,0.048,0.184,24613000.0,0.0,1.0,497639485.0,496073000,496532000.0,22.003,33907490000.0,401762000.0,483976000.0,5789051000.0,68.352,-436458000.0
8,XEL,MRY,2012-12-31,2012-12-31,2012-12-31,2021-09-07,-112653000.0,31140686000.0,30367895000.0,2625139000.0,28515547000.0,0.334,18.188,-2570209000.0,82323000.0,82323000.0,6710036000.0,905229000.0,0.894,2.509,11279408000.0,892637000.0,10386771000.0,11279408000.0,0.0,943702000.0,252888000.0,0.04,1.07,1956984000.0,2900686000.0,0.286,2900686000.0,1956984000.0,1355432000.0,1.86,1.85,1.86,8874077000.0,8708854000.0,8874077000.0,23827900994.0,12.0,8.215,-565453000.0,-1.159,1.0,3418187000.0,0.337,0.0,601552000.0,39400698000.0,37772561750.0,535574000.0,1813175000.0,69013000.0,1744162000.0,22266609000.0,2937073000.0,19329536000.0,13024317994.0,21639000.0,-980000.0,-33786000.0,870368000.0,-486757000.0,349825000.0,-2332942000.0,-14949000.0,2004756000.0,0.0,905229000.0,905229000.0,905229000.0,0.0,0.0,0.089,1595504000.0,1822683000.0,959093000.0,0.575,1.468,14.388,14.36,23809348000.0,0.0,26.71,1.286,1.287,1381409000.0,2413816000.0,10128223000.0,10128223000.0,0.0,0.03,0.104,0.052,0.193,26970000.0,0.0,1.0,487619543.0,487899000,488434000.0,20.759,31140686000.0,32528000.0,450203000.0,4852111000.0,63.826,-311934000.0
9,XEL,MRY,2011-12-31,2011-12-31,2011-12-31,2021-09-07,-94035000.0,29497267000.0,28376248500.0,2982564000.0,26514703000.0,0.375,17.488,-2205567000.0,155971000.0,155971000.0,7326356000.0,841172000.0,0.831,2.478,10548755000.0,1436336000.0,9112419000.0,10548755000.0,0.0,908853000.0,248345000.0,0.037,1.032,1900788000.0,2809641000.0,0.264,2809641000.0,1900788000.0,1309488000.0,1.72,1.72,1.72,8482198000.0,8332387250.0,8482198000.0,23463580737.0,12.0,8.351,199955000.0,0.412,1.0,3328414000.0,0.312,0.0,591300000.0,36301412000.0,35710626250.0,618232000.0,1680742000.0,64340000.0,1616402000.0,21015069000.0,3588639000.0,17426430000.0,13404176737.0,-47753000.0,-2446000.0,38691000.0,335575000.0,-474760000.0,-205474000.0,-2247801000.0,0.0,2405522000.0,0.0,841172000.0,834378000.0,834378000.0,0.0,0.0,0.078,1546812000.0,1781602000.0,902078000.0,0.6,1.58,16.065,16.07,22353367000.0,6794000.0,27.64,1.258,1.258,1441860000.0,2032556000.0,10654770000.0,10654770000.0,0.0,0.029,0.1,0.053,0.178,45006000.0,0.0,1.0,484955743.0,485039000,485615000.0,21.967,29497267000.0,178446000.0,468316000.0,4396833000.0,60.814,-606075000.0
10,XEL,MRY,2010-12-31,2010-12-31,2010-12-31,2021-09-07,-53093000.0,27387690000.0,26146717250.0,2732643000.0,24655047000.0,0.394,17.495,-2860865000.0,108437000.0,108437000.0,7260375000.0,755834000.0,1.077,2.388,10132690000.0,583560000.0,9549130000.0,10132690000.0,0.0,872186000.0,269087000.0,0.043,1.002,1769760000.0,2641946000.0,0.256,2641946000.0,1769760000.0,1192469000.0,1.63,1.62,1.63,8083519000.0,7609222250.0,8083519000.0,19941406313.0,11.0,7.548,-966923000.0,-2.093,1.0,3050572000.0,0.296,0.0,577291000.0,34875410000.0,32921887750.0,560800000.0,1714540000.0,54079000.0,1660461000.0,19304171000.0,2536533000.0,16767638000.0,10835659313.0,-7211000.0,-8046000.0,457258000.0,880423000.0,-432110000.0,905571000.0,-2806724000.0,4935000.0,1893942000.0,0.0,755834000.0,751593000.0,751593000.0,-3878000.0,0.0,0.073,1430603000.0,1619969000.0,979750000.0,0.615,1.34,14.417,14.448,20663082000.0,4241000.0,23.55,1.051,1.055,1427165000.0,1701703000.0,10310947000.0,10310947000.0,0.0,0.029,0.099,0.054,0.172,35807000.0,0.0,1.0,460112922.0,462052000,463391000.0,22.316,27387690000.0,0.0,436635000.0,3737284000.0,59.274,196110000.0
11,XEL,MRY,2009-12-31,2009-12-31,2009-12-31,2021-09-07,-49709000.0,25305961000.0,25000670250.0,2976635000.0,22329326000.0,0.386,15.957,-1777608000.0,115648000.0,115648000.0,6869134000.0,680887000.0,0.963,2.475,9245766000.0,1049368000.0,8196398000.0,9245766000.0,0.0,835597000.0,295470000.0,0.046,0.972,1613855000.0,2449452000.0,0.254,2449452000.0,1613855000.0,1052201000.0,1.48,1.48,1.48,7283245000.0,7149307500.0,7283245000.0,18223747590.0,11.0,7.44,135298000.0,0.296,1.0,2775169000.0,0.288,0.0,561654000.0,31346080000.0,30930885500.0,566205000.0,1769065000.0,97700000.0,1671365000.0,18022716000.0,3089999000.0,14932717000.0,9690019590.0,-144194000.0,-42490000.0,20133000.0,72369000.0,-414922000.0,-322420000.0,-1734680000.0,20679000.0,1912906000.0,0.0,680887000.0,676646000.0,676646000.0,4637000.0,0.0,0.07,1306597000.0,1468572000.0,1083572000.0,0.657,1.33,14.321,14.338,18508296000.0,4241000.0,21.22,1.005,1.004,1424201000.0,1419201000.0,9644303000.0,9644303000.0,0.0,0.027,0.095,0.052,0.167,29672000.0,0.0,1.0,456645598.0,456433000,457139000.0,21.13,25305961000.0,223079000.0,371314000.0,3513398000.0,55.443,-113364000.0
12,XEL,MRY,2008-12-31,2008-12-31,2008-12-31,2021-09-07,0.0,24958495000.0,24134122000.0,3015529000.0,21942966000.0,0.464,15.933,-2113655000.0,249198000.0,249198000.0,8579693000.0,645554000.0,0.99,2.584,8745710000.0,1014022000.0,7731688000.0,8745710000.0,0.0,843461000.0,323445000.0,0.051,0.942,1537159000.0,2380620000.0,0.212,2380620000.0,1537159000.0,984240000.0,1.47,1.46,1.47,6963741000.0,6635899750.0,6963741000.0,16690288931.0,11.0,7.011,-426049000.0,-0.975,1.0,2623463000.0,0.234,0.0,552919000.0,30408762000.0,29436994500.0,666709000.0,1232081000.0,0.0,1232081000.0,17994754000.0,3046245000.0,14948509000.0,8329858931.0,201931000.0,-97924000.0,352871000.0,700437000.0,-382282000.0,671026000.0,-2156701000.0,-40649000.0,1687606000.0,0.0,645554000.0,641313000.0,641313000.0,166000.0,0.0,0.057,1232672000.0,1390791000.0,1120324000.0,0.641,1.196,12.989,12.619,17688720000.0,4241000.0,18.55,0.744,0.724,1644260000.0,,11203156000.0,11203156000.0,0.0,0.027,0.097,0.052,0.137,25511000.0,0.0,1.0,449048999.0,437054000,441813000.0,25.633,24958495000.0,0.0,338686000.0,3118818000.0,57.106,-30716000.0
13,XEL,MRY,2007-12-31,2007-12-31,2007-12-31,2021-09-07,0.0,23184727000.0,22555269000.0,2807193000.0,20377534000.0,0.445,15.142,-2096857000.0,51120000.0,51120000.0,7497871000.0,577348000.0,0.771,2.68,8068255000.0,1726095000.0,6342160000.0,8068255000.0,0.0,834455000.0,305239000.0,0.04,0.913,1435270000.0,2269725000.0,0.226,2269725000.0,1435270000.0,871832000.0,1.38,1.35,1.38,6301002000.0,6078016750.0,6301002000.0,17096935860.0,12.0,7.533,-465323000.0,-1.118,1.0,2536299000.0,0.253,0.0,563438000.0,27560738000.0,27291268000.0,531610000.0,1372098000.0,0.0,1372098000.0,16883725000.0,3641124000.0,13242601000.0,9477821860.0,32599000.0,9291000.0,10539000.0,856386000.0,-378892000.0,483174000.0,-2082109000.0,-22560000.0,1631534000.0,0.0,577348000.0,573107000.0,573107000.0,-1449000.0,0.0,0.057,1185226000.0,1351073000.0,1079345000.0,0.662,1.504,16.538,16.355,16675689000.0,4241000.0,22.57,0.945,0.936,1683539000.0,,10034170000.0,10034170000.0,0.0,0.025,0.094,0.053,0.143,22871000.0,0.0,1.0,419930078.0,416139000,433131000.0,24.113,23184727000.0,0.0,294484000.0,2906883000.0,55.714,-833931000.0
14,XEL,MRY,2006-12-31,2006-12-31,2006-12-31,2021-09-07,0.0,21958346000.0,21394692750.0,2634186000.0,19324160000.0,0.46,14.338,-1602950000.0,37458000.0,37458000.0,7478832000.0,571754000.0,0.919,2.775,7412349000.0,962711000.0,6449638000.0,7412349000.0,0.0,857129000.0,302168000.0,0.038,0.882,1240132000.0,2097261000.0,0.213,2097261000.0,1240132000.0,753165000.0,1.4,1.36,1.4,5816822000.0,5642236250.0,5816822000.0,16549202997.0,13.0,7.891,321046000.0,0.791,1.0,2361472000.0,0.24,0.0,486967000.0,26467956000.0,25805989500.0,646342000.0,1279573000.0,0.0,1279573000.0,16141524000.0,2865281000.0,13276243000.0,9382708997.0,-47809000.0,0.0,16275000.0,-79224000.0,-358746000.0,-421695000.0,-1550110000.0,-34534000.0,1923996000.0,0.0,571754000.0,567513000.0,567513000.0,-3073000.0,0.0,0.058,1184478000.0,1176994000.0,1101270000.0,0.63,1.613,16.533,16.471,15548658000.0,4241000.0,23.06,0.953,0.951,1347593000.0,,9840304000.0,9840304000.0,0.0,0.027,0.101,0.048,0.126,40384000.0,0.0,1.0,406882437.0,405689000,429605000.0,24.256,21958346000.0,0.0,181411000.0,2630577000.0,54.126,-231095000.0
15,XEL,MRY,2005-12-31,2005-12-31,2005-12-31,2021-09-07,0.0,21504920000.0,20954541000.0,3141861000.0,18363059000.0,0.459,13.41,-1300216000.0,72196000.0,72196000.0,7477627000.0,512972000.0,0.855,2.986,7479404000.0,1581615000.0,5897789000.0,7479404000.0,0.0,782074000.0,310092000.0,0.046,0.853,1149881000.0,1931955000.0,0.201,1931955000.0,1149881000.0,686511000.0,1.26,1.23,1.26,5395255000.0,5318789750.0,5395255000.0,14258886822.0,12.0,7.381,-116499000.0,-0.29,1.0,2147850000.0,0.223,0.0,463370000.0,25239302000.0,25290677750.0,637566000.0,1145659000.0,0.0,1145659000.0,16109665000.0,3672826000.0,12436839000.0,7437309822.0,69405000.0,0.0,9085000.0,445530000.0,-343092000.0,111323000.0,-1225635000.0,-76397000.0,1183717000.0,0.0,512972000.0,508731000.0,508731000.0,-13934000.0,0.0,0.053,1055131000.0,1092719000.0,1187489000.0,0.677,1.378,14.619,14.651,14696310000.0,4241000.0,18.46,0.773,0.772,1625585000.0,,9625477000.0,9625477000.0,0.0,0.024,0.096,0.045,0.119,27598000.0,0.0,1.0,402887856.0,402330000,425671000.0,23.924,21504920000.0,0.0,173539000.0,2558250000.0,53.451,-530965000.0
16,XEL,MRY,2004-12-31,2004-12-31,2004-12-31,2021-09-07,0.0,20304843000.0,19982264250.0,2571240000.0,17733603000.0,0.411,13.025,-1276412000.0,23361000.0,23361000.0,6151116000.0,355961000.0,1.101,2.903,7028975000.0,535955000.0,6493020000.0,7028975000.0,0.0,739025000.0,303928000.0,0.045,0.81,976190000.0,1715215000.0,0.209,1715215000.0,976190000.0,517896000.0,0.88,0.87,0.88,5202918000.0,5225740000.0,5202918000.0,13985678995.0,14.0,8.154,-463237000.0,-1.16,1.0,2064445000.0,0.251,0.0,458294000.0,24974463000.0,24649247000.0,514860000.0,1023481000.0,0.0,1023481000.0,15101925000.0,2335994000.0,12765931000.0,7286182995.0,-528794000.0,0.0,-25038000.0,234990000.0,-320444000.0,-110692000.0,-1231277000.0,-68260000.0,813175000.0,0.0,355961000.0,351720000.0,351720000.0,166303000.0,0.0,0.043,988730000.0,1075715000.0,903609000.0,0.92,1.4,20.716,20.682,14076069000.0,4241000.0,18.2,0.887,0.885,1196695000.0,,8215561000.0,8215561000.0,0.0,0.018,0.067,0.04,0.119,0.0,0.0,1.0,400339725.0,399456000,423334000.0,20.567,20304843000.0,0.0,161935000.0,2425132000.0,50.831,235246000.0
17,XEL,MRY,2003-12-31,2003-12-31,2003-12-31,2021-09-07,0.0,20205380000.0,20834538250.0,3131239000.0,17074141000.0,0.371,12.956,-946476000.0,605646000.0,605646000.0,5601495000.0,622392000.0,1.172,2.911,6712371000.0,218518000.0,6493853000.0,6712371000.0,0.0,757838000.0,211046000.0,0.044,0.75,1241774000.0,1999612000.0,0.259,1999612000.0,1241774000.0,793084000.0,1.55,1.5,1.55,5166440000.0,4745440500.0,5166440000.0,12878050742.0,10.0,6.44,434265000.0,1.089,1.0,2129772000.0,0.275,0.0,448690000.0,23641039000.0,23765266750.0,442771000.0,967294000.0,0.0,967294000.0,15038940000.0,2671066000.0,12367874000.0,6772041742.0,85019000.0,0.0,3219000.0,-46275000.0,-303316000.0,-366872000.0,-928850000.0,-95128000.0,1380741000.0,0.0,622392000.0,618151000.0,618151000.0,-99568000.0,0.0,0.08,1005341000.0,1124431000.0,774336000.0,0.484,1.311,10.955,10.955,13295828000.0,4241000.0,16.98,0.876,0.876,1013643000.0,,7731267000.0,7731267000.0,0.0,0.03,0.13,0.052,0.161,0.0,0.0,1.0,398824602.0,398765000,418912000.0,19.388,20205380000.0,0.0,170692000.0,2341007000.0,50.67,460173000.0
18,XEL,MRY,2002-12-31,2002-12-31,2002-12-31,2021-09-07,0.0,29436437000.0,29395193500.0,3737168000.0,25699269000.0,0.237,12.21,-907462000.0,507700000.0,507700000.0,4717414000.0,-2217991000.0,0.303,5.31,6380863000.0,1061906000.0,5318957000.0,6380863000.0,0.0,768250000.0,161283000.0,0.102,1.125,-1571436000.0,-803186000.0,-0.115,-803186000.0,-1571436000.0,-1972145000.0,-5.82,-5.77,-5.82,4664984000.0,5802812500.0,4664984000.0,19327993429.0,-12.0,-24.064,807649000.0,2.114,1.0,2256831000.0,0.324,0.0,400709000.0,22960764000.0,30751917750.0,448036000.0,815171000.0,0.0,815171000.0,24771453000.0,12348836000.0,12422617000.0,4385854429.0,583872000.0,0.0,69488000.0,541904000.0,-496375000.0,1580087000.0,-2711326000.0,-10213000.0,1715111000.0,0.0,-2217991000.0,-2222232000.0,-2222232000.0,2769379000.0,0.0,-0.319,1083073000.0,1173758000.0,698170000.0,-0.193,0.94,-1.974,-1.89,13314344000.0,4241000.0,11.0,0.629,0.603,927460000.0,,6974245000.0,6974245000.0,0.0,-0.076,-0.383,-0.051,-0.225,0.0,0.0,1.0,398714039.0,382051000,384646000.0,18.255,29436437000.0,0.0,245846000.0,2306923000.0,77.048,-8611668000.0
19,XEL,MRY,2001-12-31,2001-12-31,2001-12-31,2021-09-07,0.0,28754114000.0,26624068000.0,3330414000.0,25423700000.0,0.328,18.062,-1157537000.0,403981000.0,403981000.0,6402938000.0,794966000.0,0.609,3.642,14173339000.0,2617750000.0,11555589000.0,14173339000.0,0.0,767445000.0,0.0,0.054,1.5,1426944000.0,2194389000.0,0.252,2194389000.0,1426944000.0,1099308000.0,2.31,2.3,2.31,6194477000.0,5630364750.0,6194477000.0,23134947678.0,16.0,10.543,426475000.0,1.244,1.0,2321089000.0,0.266,103616000.0,327636000.0,36950776000.0,33767514750.0,781514000.0,1891772000.0,0.0,1891772000.0,22559637000.0,5469080000.0,17090557000.0,9584977678.0,124819000.0,0.0,129011000.0,-44713000.0,-518894000.0,3713332000.0,-5172525000.0,49900000.0,1584012000.0,0.0,794966000.0,790725000.0,790725000.0,-203945000.0,0.0,0.091,1101865000.0,1219224000.0,1263690000.0,0.649,1.547,12.122,12.009,19781428000.0,4241000.0,27.74,1.099,1.09,2323253000.0,,8724027000.0,8724027000.0,0.0,0.03,0.14,0.042,0.164,0.0,0.0,1.0,345529116.0,342952000,343742000.0,25.438,28650498000.0,0.0,304342000.0,2565223000.0,83.541,-2138666000.0
20,XEL,MRY,2000-12-31,2000-12-31,2000-12-31,2021-09-07,0.0,21768843000.0,16593016000.0,3128074000.0,18640769000.0,0.556,16.463,-3181103000.0,228626000.0,228626000.0,6385067000.0,526828000.0,0.67,2.914,9662124000.0,2078683000.0,7583441000.0,9662124000.0,0.0,828780000.0,0.0,0.051,1.482,1440031000.0,2268811000.0,0.246,2268811000.0,1440031000.0,825858000.0,1.54,1.54,1.54,5561784000.0,4089869500.0,5561784000.0,19199432364.0,13.0,8.462,-1773378000.0,-5.249,1.0,2838399000.0,0.308,0.0,614173000.0,26530533000.0,20919797500.0,567332000.0,2192318000.0,0.0,2192318000.0,16207059000.0,4671808000.0,11535251000.0,9897514364.0,-38516000.0,0.0,116678000.0,1940278000.0,-494992000.0,2015669000.0,-3346994000.0,-113076000.0,1407725000.0,360000.0,526828000.0,522587000.0,522587000.0,-32006000.0,0.0,0.057,1359200000.0,1479199000.0,1608989000.0,0.962,1.78,18.939,18.87,15272914000.0,4241000.0,29.06,1.073,1.064,2065064000.0,,9223466000.0,9223466000.0,0.0,0.031,0.128,0.069,0.156,0.0,0.0,1.0,340588932.0,337832000,338111000.0,27.302,21768843000.0,0.0,299030000.0,2229138000.0,64.437,-1543734000.0
21,XEL,MRY,1999-12-31,1999-12-31,1999-12-31,2021-09-07,0.0,18070358000.0,12733327500.0,2060944000.0,16009414000.0,0.616,15.937,-2799125000.0,139731000.0,139731000.0,5560323000.0,570933000.0,0.592,2.416,7691220000.0,1863735000.0,5827485000.0,7691220000.0,0.0,718323000.0,0.0,0.074,1.445,1164883000.0,1883206000.0,0.24,1883206000.0,1164883000.0,750606000.0,1.7,1.7,1.7,5290220000.0,3885733000.0,5290220000.0,6531362998.0,6.0,3.468,-1473696000.0,-4.44,1.0,2277203000.0,0.291,0.0,414277000.0,22138628000.0,15312280000.0,562125000.0,2090088000.0,0.0,2090088000.0,12780138000.0,3483219000.0,9296919000.0,3018571998.0,40700000.0,0.0,95317000.0,2065294000.0,-492456000.0,1668155000.0,-2952884000.0,-115706000.0,1325429000.0,0.0,570933000.0,565641000.0,565641000.0,0.0,0.0,0.072,1071881000.0,1205322000.0,793139000.0,0.85,0.571,5.337,11.471,12798949000.0,5292000.0,19.5,0.385,0.826,1210864000.0,2253800000.0,7837526000.0,7837526000.0,0.0,0.044,0.146,0.076,0.149,0.0,0.0,1.0,154798564.0,331943000,332054000.0,23.611,18070358000.0,0.0,179673000.0,2253730000.0,54.438,-1422275000.0
22,XEL,MRY,1998-12-31,1998-12-31,1998-12-31,2021-09-07,0.0,7396297000.0,,754065000.0,6642232000.0,,7.661,-1073458000.0,42364000.0,42364000.0,4548356000.0,624330000.0,0.612,1.981,2460176000.0,609030000.0,1851146000.0,2460176000.0,0.0,659226000.0,0.0,0.051,1.425,1248007000.0,1907233000.0,0.283,1907233000.0,1248007000.0,864721000.0,1.91,1.91,1.91,2481246000.0,,2481246000.0,,,,288146000.0,0.89,1.0,2179939000.0,0.324,95915000.0,383286000.0,8485932000.0,,58806000.0,969023000.0,0.0,969023000.0,4915051000.0,1232262000.0,3682789000.0,,-28357000.0,0.0,234171000.0,162146000.0,-476172000.0,-168979000.0,-1220982000.0,-114673000.0,1361604000.0,0.0,624330000.0,618782000.0,618782000.0,0.0,0.0,0.092,984273000.0,1195666000.0,271799000.0,0.746,,,14.529,4677758000.0,5548000.0,27.75,,1.336,497773000.0,1432696000.0,6728295000.0,6728295000.0,0.0,,,,0.185,0.0,0.0,1.0,,323883000,324355000.0,20.774,7300382000.0,0.0,240391000.0,1113701000.0,22.54,-478197000.0
23,XEL,MRY,1997-12-31,1997-12-31,1997-12-31,2021-09-07,,,,,,,,-592133000.0,,,927534000.0,237320000.0,,,,,,,,358928000.0,,0.048,1.402,478762000.0,837690000.0,0.306,837690000.0,478762000.0,334030000.0,1.61,1.61,1.61,,,,,,,97652000.0,0.695,1.0,1806212000.0,0.661,,144732000.0,,,,,,,,,,,3647000.0,0.0,267965000.0,50075000.0,-207726000.0,262351000.0,-948489000.0,-324059000.0,689785000.0,0.0,237320000.0,226249000.0,226249000.0,0.0,0.0,0.083,1299601000.0,506611000.0,,0.871,,,18.09,,11071000.0,29.125,,1.498,,,2733746000.0,2733746000.0,0.0,,,,0.175,0.0,0.0,1.0,,140594000,140870000.0,19.444,,,96710000.0,,,
0,XEL,MRQ,2021-06-30,2021-06-30,2021-06-30,2021-09-07,-135000000.0,56779000000.0,,4147000000.0,52632000000.0,,27.443,-943000000.0,538000000.0,538000000.0,1874000000.0,311000000.0,0.838,2.838,24910000000.0,2051000000.0,22859000000.0,24910000000.0,0.0,526000000.0,196000000.0,0.027,0.458,485000000.0,1011000000.0,0.33,1011000000.0,485000000.0,273000000.0,0.58,0.58,0.58,14792000000.0,,14792000000.0,59085063984.0,25.0,13.347,-318000000.0,-0.59,1.0,1194000000.0,0.389,0.0,212000000.0,76201000000.0,,500000000.0,3629000000.0,148000000.0,3481000000.0,41987000000.0,4950000000.0,37037000000.0,35457063984.0,-501000000.0,0.0,0.0,269000000.0,-237000000.0,41000000.0,-1167000000.0,-213000000.0,625000000.0,0.0,311000000.0,311000000.0,311000000.0,0.0,0.0,0.101,756000000.0,438000000.0,1273000000.0,0.79,2.397,22.671,22.408,45531000000.0,0.0,65.88,2.784,2.788,1647000000.0,6146000000.0,3068000000.0,3068000000.0,0.0,,,,,12000000.0,0.0,1.0,538206800.0,539000000,539000000.0,5.692,56779000000.0,52000000.0,-38000000.0,5235000000.0,105.341,-803000000.0
1,XEL,MRQ,2021-03-31,2021-03-31,2021-03-31,2021-09-07,-138000000.0,56511000000.0,,4315000000.0,52196000000.0,,27.323,-1024000000.0,1039000000.0,1039000000.0,2277000000.0,362000000.0,0.885,2.844,24667000000.0,1767000000.0,22900000000.0,24667000000.0,0.0,517000000.0,195000000.0,0.026,0.458,545000000.0,1062000000.0,0.3,1062000000.0,545000000.0,340000000.0,0.67,0.67,0.67,14700000000.0,,14700000000.0,58022023883.0,25.0,13.265,-1160000000.0,-2.156,1.0,1264000000.0,0.357,0.0,205000000.0,75262000000.0,,469000000.0,3257000000.0,44000000.0,3213000000.0,41811000000.0,4877000000.0,36934000000.0,35759023883.0,910000000.0,0.0,0.0,2314000000.0,-223000000.0,2081000000.0,-1035000000.0,-5000000.0,-136000000.0,0.0,362000000.0,362000000.0,362000000.0,0.0,0.0,0.102,757000000.0,507000000.0,1213000000.0,0.684,2.433,23.22,22.934,45022000000.0,0.0,66.51,2.918,2.92,1550000000.0,6082000000.0,3541000000.0,3541000000.0,0.0,,,,,9000000.0,0.0,1.0,537648833.0,538000000,539000000.0,6.582,56511000000.0,41000000.0,-22000000.0,5449000000.0,105.039,-562000000.0
2,XEL,MRQ,2020-12-31,2020-12-31,2020-12-31,2021-09-07,-141000000.0,53957000000.0,,3275000000.0,50682000000.0,,27.5,-1688000000.0,129000000.0,129000000.0,1790000000.0,288000000.0,0.773,2.702,22392000000.0,1272000000.0,21120000000.0,22392000000.0,0.0,500000000.0,197000000.0,0.026,0.43,470000000.0,970000000.0,0.329,970000000.0,470000000.0,258000000.0,0.54,0.54,0.54,14575000000.0,,14575000000.0,56817269726.0,25.0,13.319,-1014000000.0,-1.913,1.0,1157000000.0,0.393,0.0,212000000.0,71981000000.0,,535000000.0,3175000000.0,49000000.0,3126000000.0,39382000000.0,4239000000.0,35143000000.0,35032269726.0,-756000000.0,0.0,722000000.0,-216000000.0,-218000000.0,289000000.0,-1719000000.0,-5000000.0,674000000.0,0.0,288000000.0,288000000.0,288000000.0,0.0,0.0,0.098,731000000.0,426000000.0,1237000000.0,0.796,2.404,23.783,23.896,44440000000.0,0.0,66.67,3.039,3.048,1630000000.0,5968000000.0,2947000000.0,2947000000.0,0.0,,,,,13000000.0,0.0,1.0,525457773.0,530000000,531000000.0,5.56,53957000000.0,42000000.0,-30000000.0,5324000000.0,101.806,-964000000.0
3,XEL,MRQ,2020-09-30,2020-09-30,2020-09-30,2021-09-07,-143000000.0,53708000000.0,,3837000000.0,49871000000.0,,26.192,-428000000.0,885000000.0,885000000.0,1625000000.0,603000000.0,0.873,2.898,22670000000.0,1157000000.0,21513000000.0,22670000000.0,0.0,517000000.0,201000000.0,0.025,0.43,867000000.0,1384000000.0,0.435,1384000000.0,867000000.0,646000000.0,1.15,1.14,1.15,13777000000.0,,13777000000.0,58097872399.0,25.0,13.693,598000000.0,1.137,1.0,1557000000.0,0.489,0.0,221000000.0,71100000000.0,,512000000.0,2913000000.0,69000000.0,2844000000.0,39931000000.0,4393000000.0,35538000000.0,36253872399.0,-749000000.0,0.0,5000000.0,-1118000000.0,-217000000.0,-1334000000.0,-441000000.0,-5000000.0,1026000000.0,0.0,603000000.0,603000000.0,603000000.0,0.0,0.0,0.19,744000000.0,813000000.0,1602000000.0,0.374,2.631,24.546,24.646,43761000000.0,0.0,69.01,3.187,3.191,1485000000.0,5912000000.0,3182000000.0,3182000000.0,0.0,,,,,19000000.0,0.0,1.0,525342304.0,526000000,528000000.0,6.049,53708000000.0,78000000.0,43000000.0,5246000000.0,102.106,-556000000.0
4,XEL,MRQ,2020-06-30,2020-06-30,2020-06-30,2021-09-07,-145000000.0,53456000000.0,,4390000000.0,49066000000.0,,25.398,-962000000.0,1625000000.0,1625000000.0,1477000000.0,287000000.0,0.802,2.994,23469000000.0,2700000000.0,20769000000.0,23469000000.0,0.0,476000000.0,201000000.0,0.027,0.43,482000000.0,958000000.0,0.37,958000000.0,482000000.0,274000000.0,0.54,0.54,0.54,13385000000.0,,13385000000.0,53997176250.0,24.0,13.144,-483000000.0,-0.917,1.0,1109000000.0,0.429,0.0,208000000.0,69827000000.0,,487000000.0,2793000000.0,72000000.0,2721000000.0,40071000000.0,5473000000.0,34598000000.0,32823176250.0,1390000000.0,0.0,0.0,2092000000.0,-217000000.0,1885000000.0,-974000000.0,-5000000.0,479000000.0,0.0,287000000.0,287000000.0,287000000.0,0.0,0.0,0.111,687000000.0,422000000.0,1188000000.0,0.796,2.452,23.428,23.408,42353000000.0,0.0,62.5,2.929,2.939,1412000000.0,5538000000.0,2586000000.0,2586000000.0,0.0,,,,,15000000.0,0.0,1.0,525170820.0,527000000,527000000.0,4.907,53456000000.0,73000000.0,-13000000.0,4959000000.0,101.435,-1083000000.0
5,XEL,MRQ,2020-03-31,2020-03-31,2020-03-31,2021-09-07,-148000000.0,51133000000.0,,2983000000.0,48150000000.0,,25.289,-1607000000.0,244000000.0,244000000.0,1670000000.0,295000000.0,0.511,2.844,21418000000.0,3062000000.0,18356000000.0,21418000000.0,0.0,466000000.0,202000000.0,0.027,0.43,488000000.0,954000000.0,0.339,954000000.0,488000000.0,289000000.0,0.56,0.56,0.56,13302000000.0,,13302000000.0,51855542147.0,23.0,12.823,-938000000.0,-1.783,1.0,1141000000.0,0.406,0.0,199000000.0,66468000000.0,,488000000.0,2513000000.0,45000000.0,2468000000.0,37831000000.0,5839000000.0,31992000000.0,31637542147.0,-4000000.0,0.0,0.0,1170000000.0,-204000000.0,933000000.0,-1606000000.0,-5000000.0,669000000.0,0.0,295000000.0,295000000.0,295000000.0,0.0,0.0,0.105,686000000.0,455000000.0,996000000.0,0.768,2.378,23.401,23.282,42036000000.0,0.0,60.3,2.825,2.832,1400000000.0,5478000000.0,2811000000.0,2811000000.0,0.0,,,,,26000000.0,0.0,1.0,524669024.0,526000000,527000000.0,5.344,51133000000.0,68000000.0,-6000000.0,5093000000.0,97.211,-2856000000.0
6,XEL,MRQ,2019-12-31,2019-12-31,2019-12-31,2021-09-07,-141000000.0,50448000000.0,,3113000000.0,47335000000.0,,25.217,-1207000000.0,248000000.0,248000000.0,1689000000.0,292000000.0,0.681,2.811,20660000000.0,1529000000.0,19131000000.0,20660000000.0,0.0,453000000.0,203000000.0,0.026,0.405,494000000.0,947000000.0,0.338,947000000.0,494000000.0,299000000.0,0.55,0.56,0.55,13239000000.0,,13239000000.0,52883400215.0,23.0,13.032,-501000000.0,-0.954,1.0,1109000000.0,0.396,0.0,195000000.0,66292000000.0,,544000000.0,2808000000.0,55000000.0,2753000000.0,37209000000.0,4568000000.0,32641000000.0,33293400215.0,-616000000.0,0.0,1000000.0,95000000.0,-204000000.0,-108000000.0,-1214000000.0,-10000000.0,706000000.0,0.0,292000000.0,292000000.0,292000000.0,0.0,0.0,0.104,659000000.0,450000000.0,1294000000.0,0.736,2.515,24.266,24.049,41155000000.0,0.0,63.49,2.888,2.858,1550000000.0,5413000000.0,2798000000.0,2798000000.0,0.0,,,,,11000000.0,0.0,1.0,524388096.0,525000000,526000000.0,5.33,50448000000.0,43000000.0,7000000.0,5024000000.0,96.091,-1455000000.0
7,XEL,MRQ,2019-09-30,2019-09-30,2019-09-30,2021-09-07,-142000000.0,50240000000.0,,3600000000.0,46640000000.0,,25.32,-1329000000.0,864000000.0,864000000.0,1596000000.0,527000000.0,0.717,2.823,20454000000.0,1859000000.0,18595000000.0,20454000000.0,0.0,451000000.0,203000000.0,0.025,0.405,798000000.0,1249000000.0,0.415,1249000000.0,798000000.0,599000000.0,1.02,1.01,1.02,13141000000.0,,13141000000.0,53046043220.0,25.0,13.46,-106000000.0,-0.204,1.0,1417000000.0,0.47,0.0,199000000.0,64809000000.0,,544000000.0,2682000000.0,61000000.0,2621000000.0,37099000000.0,5021000000.0,32078000000.0,33419043220.0,511000000.0,0.0,457000000.0,455000000.0,-200000000.0,709000000.0,-1421000000.0,0.0,1223000000.0,0.0,527000000.0,527000000.0,527000000.0,0.0,0.0,0.175,659000000.0,758000000.0,1258000000.0,0.397,2.543,25.826,25.853,40421000000.0,0.0,64.89,2.878,2.901,1444000000.0,5336000000.0,3013000000.0,3013000000.0,0.0,,,,,12000000.0,0.0,1.0,515010683.0,519000000,521000000.0,5.805,50240000000.0,39000000.0,72000000.0,4920000000.0,96.802,-1421000000.0
8,XEL,MRQ,2019-06-30,2019-06-30,2019-06-30,2021-09-07,-135000000.0,48584000000.0,,2939000000.0,45645000000.0,,23.965,-845000000.0,353000000.0,353000000.0,1521000000.0,238000000.0,0.581,2.929,19980000000.0,2216000000.0,17764000000.0,19980000000.0,0.0,443000000.0,198000000.0,0.026,0.405,451000000.0,894000000.0,0.347,894000000.0,451000000.0,262000000.0,0.46,0.46,0.46,12366000000.0,,12366000000.0,49599908133.0,24.0,12.793,-304000000.0,-0.589,1.0,1056000000.0,0.41,0.0,189000000.0,63151000000.0,,483000000.0,2682000000.0,86000000.0,2596000000.0,36218000000.0,5060000000.0,31158000000.0,30617908133.0,259000000.0,0.0,0.0,772000000.0,-200000000.0,574000000.0,-856000000.0,-5000000.0,541000000.0,0.0,238000000.0,238000000.0,238000000.0,0.0,0.0,0.092,646000000.0,410000000.0,1057000000.0,0.88,2.476,24.339,24.282,39414000000.0,0.0,59.49,2.629,2.636,1376000000.0,5024000000.0,2577000000.0,2577000000.0,0.0,,,,,16000000.0,0.0,1.0,514673191.0,516000000,518000000.0,4.994,48584000000.0,41000000.0,24000000.0,4712000000.0,94.155,-2121000000.0
9,XEL,MRQ,2019-03-31,2019-03-31,2019-03-31,2021-09-07,-127000000.0,47850000000.0,,2909000000.0,44941000000.0,,23.94,-844000000.0,94000000.0,94000000.0,2000000000.0,315000000.0,0.658,2.881,19076000000.0,1307000000.0,17769000000.0,19076000000.0,0.0,438000000.0,200000000.0,0.027,0.405,529000000.0,967000000.0,0.308,967000000.0,529000000.0,340000000.0,0.61,0.61,0.61,12329000000.0,,12329000000.0,45895180188.0,21.0,11.893,-51000000.0,-0.099,1.0,1141000000.0,0.363,0.0,189000000.0,62408000000.0,,445000000.0,2585000000.0,56000000.0,2529000000.0,35521000000.0,4424000000.0,31097000000.0,28605180188.0,-53000000.0,0.0,0.0,206000000.0,-187000000.0,6000000.0,-852000000.0,-5000000.0,793000000.0,0.0,315000000.0,315000000.0,315000000.0,0.0,0.0,0.1,655000000.0,486000000.0,1154000000.0,0.664,2.32,22.261,22.394,38733000000.0,0.0,56.21,2.439,2.469,1636000000.0,4996000000.0,3141000000.0,3141000000.0,0.0,,,,,19000000.0,0.0,1.0,508898420.0,515000000,516000000.0,6.099,47850000000.0,75000000.0,25000000.0,4862000000.0,92.913,-1515000000.0
10,XEL,MRQ,2018-12-31,2018-12-31,2018-12-31,2021-09-07,-124000000.0,45987000000.0,,3094000000.0,42893000000.0,,23.778,-1276000000.0,147000000.0,147000000.0,1885000000.0,214000000.0,0.694,2.763,17437000000.0,1505000000.0,15932000000.0,17437000000.0,0.0,446000000.0,199000000.0,0.031,0.38,385000000.0,831000000.0,0.289,831000000.0,385000000.0,208000000.0,0.42,0.42,0.42,12222000000.0,,12222000000.0,41743328011.0,19.0,10.982,-647000000.0,-1.259,1.0,995000000.0,0.345,0.0,177000000.0,58817000000.0,,548000000.0,2438000000.0,87000000.0,2351000000.0,33765000000.0,4460000000.0,29305000000.0,25317328011.0,-66000000.0,0.0,27000000.0,744000000.0,-186000000.0,585000000.0,-1280000000.0,-5000000.0,629000000.0,0.0,214000000.0,214000000.0,214000000.0,0.0,0.0,0.074,656000000.0,339000000.0,1237000000.0,0.905,2.071,20.077,19.947,36944000000.0,0.0,49.27,2.194,2.182,1615000000.0,4893000000.0,2880000000.0,2880000000.0,0.0,,,,,20000000.0,0.0,1.0,513848752.0,514000000,514000000.0,5.603,45987000000.0,79000000.0,-6000000.0,4669000000.0,89.469,-1366000000.0
11,XEL,MRQ,2018-09-30,2018-09-30,2018-09-30,2021-09-07,-119000000.0,44835000000.0,,3003000000.0,41832000000.0,,23.853,-827000000.0,213000000.0,213000000.0,1700000000.0,491000000.0,0.782,2.686,16639000000.0,1024000000.0,15615000000.0,16639000000.0,0.0,444000000.0,200000000.0,0.032,0.38,741000000.0,1185000000.0,0.389,1185000000.0,741000000.0,564000000.0,0.96,0.96,0.96,12165000000.0,,12165000000.0,40691002321.0,18.0,10.644,229000000.0,0.449,1.0,1348000000.0,0.442,0.0,177000000.0,57423000000.0,,528000000.0,2591000000.0,76000000.0,2515000000.0,32670000000.0,3838000000.0,28832000000.0,24034002321.0,-119000000.0,0.0,203000000.0,-349000000.0,-185000000.0,-334000000.0,-841000000.0,-5000000.0,1056000000.0,0.0,491000000.0,491000000.0,491000000.0,0.0,0.0,0.161,652000000.0,696000000.0,1189000000.0,0.396,1.976,19.445,19.508,35879000000.0,0.0,47.21,2.099,2.102,1506000000.0,4876000000.0,3048000000.0,3048000000.0,0.0,,,,,15000000.0,0.0,1.0,509087107.0,510000000,511000000.0,5.976,44835000000.0,71000000.0,73000000.0,4601000000.0,87.912,-835000000.0
12,XEL,MRQ,2018-06-30,2018-06-30,2018-06-30,2021-09-07,-122000000.0,44240000000.0,,3056000000.0,41184000000.0,,22.843,-994000000.0,332000000.0,332000000.0,1625000000.0,265000000.0,0.731,2.797,16989000000.0,1565000000.0,15424000000.0,16989000000.0,0.0,382000000.0,202000000.0,0.032,0.38,494000000.0,876000000.0,0.33,876000000.0,494000000.0,319000000.0,0.52,0.52,0.52,11650000000.0,,11650000000.0,39282585476.0,17.0,10.132,-444000000.0,-0.871,1.0,1033000000.0,0.389,0.0,175000000.0,56719000000.0,,511000000.0,2520000000.0,75000000.0,2445000000.0,32590000000.0,4178000000.0,28412000000.0,23244585476.0,216000000.0,0.0,0.0,842000000.0,-184000000.0,659000000.0,-993000000.0,-4000000.0,550000000.0,0.0,265000000.0,265000000.0,265000000.0,0.0,0.0,0.1,583000000.0,450000000.0,1092000000.0,0.731,1.995,18.791,18.798,35289000000.0,0.0,45.68,2.035,2.04,1456000000.0,4580000000.0,2658000000.0,2658000000.0,0.0,,,,,4000000.0,0.0,1.0,508856950.0,510000000,510000000.0,5.212,44240000000.0,78000000.0,54000000.0,4345000000.0,86.745,-1122000000.0
13,XEL,MRQ,2018-03-31,2018-03-31,2018-03-31,2021-09-07,-124000000.0,43159000000.0,,2782000000.0,40377000000.0,,22.713,-860000000.0,116000000.0,116000000.0,1872000000.0,291000000.0,0.675,2.733,16154000000.0,1512000000.0,14642000000.0,16154000000.0,0.0,387000000.0,200000000.0,0.032,0.38,521000000.0,908000000.0,0.308,908000000.0,521000000.0,350000000.0,0.57,0.57,0.57,11561000000.0,,11561000000.0,38964693117.0,17.0,10.084,27000000.0,0.053,1.0,1079000000.0,0.366,0.0,171000000.0,55075000000.0,,492000000.0,2481000000.0,28000000.0,2453000000.0,31598000000.0,4122000000.0,27476000000.0,23101693117.0,33000000.0,0.0,0.0,211000000.0,-175000000.0,18000000.0,-872000000.0,-6000000.0,887000000.0,0.0,291000000.0,291000000.0,291000000.0,0.0,0.0,0.099,599000000.0,480000000.0,1027000000.0,0.667,1.998,19.267,19.271,34679000000.0,0.0,45.48,2.025,2.029,1473000000.0,4510000000.0,2951000000.0,2951000000.0,0.0,,,,,6000000.0,0.0,1.0,507952795.0,509000000,509000000.0,5.798,43159000000.0,63000000.0,59000000.0,4506000000.0,84.792,-1340000000.0
14,XEL,MRQ,2017-12-31,2017-12-31,2017-12-31,2021-09-07,-125000000.0,43030000000.0,,2973000000.0,40057000000.0,,22.373,-988000000.0,83000000.0,83000000.0,1778000000.0,189000000.0,0.727,2.756,15946000000.0,1300000000.0,14646000000.0,15946000000.0,0.0,382000000.0,193000000.0,0.03,0.36,472000000.0,854000000.0,0.306,854000000.0,472000000.0,307000000.0,0.37,0.37,0.37,11455000000.0,,11455000000.0,39811730205.0,17.0,10.346,-229000000.0,-0.447,1.0,1017000000.0,0.364,0.0,165000000.0,54805000000.0,,610000000.0,2489000000.0,44000000.0,2445000000.0,31575000000.0,4088000000.0,27487000000.0,24428472205.0,-85000000.0,0.0,0.0,396000000.0,-183000000.0,213000000.0,-1057000000.0,-5000000.0,759000000.0,0.0,189000000.0,189000000.0,189000000.0,0.0,0.0,0.068,578000000.0,439000000.0,1243000000.0,0.973,2.133,21.279,21.288,34329000000.0,0.0,48.11,2.142,2.147,1561000000.0,4413000000.0,2795000000.0,2795000000.0,0.0,,,,,13000000.0,0.0,1.0,507762881.0,512000000,509000000.0,5.459,43030000000.0,68000000.0,118000000.0,4351000000.0,84.043,-1115000000.0
15,XEL,MRQ,2017-09-30,2017-09-30,2017-09-30,2021-09-07,-104809000.0,42468794000.0,,2898874000.0,39569920000.0,,22.474,-782000000.0,167841000.0,167841000.0,1614000000.0,492000000.0,0.868,2.713,15551099000.0,847074000.0,14704025000.0,15551099000.0,0.0,374000000.0,190995000.0,0.03,0.36,865000000.0,1239000000.0,0.411,1239000000.0,865000000.0,697000000.0,0.97,0.97,0.97,11439377000.0,,11439377000.0,39511409529.0,17.0,10.323,293000000.0,0.576,1.0,1403000000.0,0.465,0.0,168000000.0,54511646000.0,,616675000.0,2423922000.0,74533000.0,2349389000.0,31029417000.0,3340406000.0,27689011000.0,24027339529.0,106000000.0,0.0,0.0,-22000000.0,-183000000.0,-204000000.0,-765000000.0,-5000000.0,1075000000.0,0.0,492000000.0,492000000.0,492000000.0,0.0,0.0,0.163,579000000.0,824000000.0,992498000.0,0.371,2.1,20.275,20.222,33949952000.0,0.0,47.32,2.107,2.112,1433278000.0,4386050000.0,3017000000.0,3017000000.0,0.0,,,,,12000000.0,0.0,1.0,507762881.0,509000000,509000000.0,5.927,42468794000.0,55788000.0,205000000.0,7849587000.0,83.436,-441532000.0
16,XEL,MRQ,2017-06-30,2017-06-30,2017-06-30,2021-09-07,-106795000.0,41860989000.0,,2756550000.0,39104439000.0,,21.853,-725000000.0,61382000.0,61382000.0,1613000000.0,227000000.0,0.747,2.763,15545452000.0,1317364000.0,14228088000.0,15545452000.0,0.0,370000000.0,190640000.0,0.031,0.36,493000000.0,863000000.0,0.326,863000000.0,493000000.0,329000000.0,0.45,0.45,0.45,11123155000.0,,11123155000.0,38449474980.0,16.0,10.164,-151000000.0,-0.297,1.0,1032000000.0,0.39,0.0,164000000.0,53654355000.0,,542044000.0,2360485000.0,78487000.0,2281998000.0,30737834000.0,3690704000.0,27047130000.0,23296160980.0,-12000000.0,3000000.0,0.0,323000000.0,-182000000.0,140000000.0,-726000000.0,-13000000.0,574000000.0,0.0,227000000.0,227000000.0,227000000.0,0.0,0.0,0.086,566000000.0,466000000.0,973642000.0,0.8,2.094,20.242,20.211,33543843000.0,0.0,45.88,2.039,2.044,1367877000.0,4079068000.0,2645000000.0,2645000000.0,0.0,,,,,14000000.0,0.0,1.0,507762881.0,509000000,509000000.0,5.196,41860989000.0,196247000.0,102000000.0,7531340000.0,82.242,-934154000.0
17,XEL,MRQ,2017-03-31,2017-03-31,2017-03-31,2021-09-07,-108581000.0,41285341000.0,,2633154000.0,38652187000.0,,21.792,-749000000.0,73985000.0,73985000.0,1879000000.0,239000000.0,0.71,2.729,15227299000.0,1387154000.0,13840145000.0,15227299000.0,0.0,369000000.0,189984000.0,0.031,0.36,522000000.0,891000000.0,0.302,891000000.0,522000000.0,356000000.0,0.47,0.47,0.47,11070111000.0,,11070111000.0,37511377738.0,16.0,10.109,-31000000.0,-0.061,1.0,1067000000.0,0.362,0.0,166000000.0,52730679000.0,,519081000.0,2257512000.0,20885000.0,2236627000.0,30215230000.0,3707976000.0,26507254000.0,22578501738.0,-11000000.0,-3000000.0,0.0,213000000.0,-173000000.0,19000000.0,-748000000.0,-5000000.0,718000000.0,0.0,239000000.0,239000000.0,239000000.0,0.0,0.0,0.081,575000000.0,492000000.0,861506000.0,0.766,2.04,20.147,20.113,33158384000.0,0.0,44.45,2.002,2.002,1336693000.0,4036352000.0,2946000000.0,2946000000.0,0.0,,,,,18000000.0,0.0,1.0,507952795.0,508000000,509000000.0,5.799,41285341000.0,176998000.0,117000000.0,7605660000.0,81.27,-1074822000.0
18,XEL,MRQ,2016-12-31,2016-12-31,2016-12-31,2021-09-07,-110000000.0,41155000000.0,,2842000000.0,38313000000.0,,21.632,-1008517000.0,85000000.0,85000000.0,1772541000.0,227098000.0,0.875,2.734,15017000000.0,674000000.0,14343000000.0,15017000000.0,0.0,336318000.0,195000000.0,0.033,0.34,498359000.0,834677000.0,0.299,834677000.0,498359000.0,336639000.0,0.45,0.45,0.45,11021000000.0,,11021000000.0,34978294756.0,15.0,9.531,-381858000.0,-0.75,1.0,1022190000.0,0.366,0.0,161720000.0,52840000000.0,,604000000.0,2180000000.0,38000000.0,2142000000.0,30134000000.0,3247000000.0,26887000000.0,20673678756.0,-268445000.0,3962000.0,-29190000.0,361525000.0,-173183000.0,159639000.0,-1054743000.0,-5347000.0,626659000.0,0.0,227098000.0,227098000.0,227098000.0,0.0,0.0,0.081,530695000.0,491495000.0,1045000000.0,0.756,1.876,18.409,18.416,32842000000.0,0.0,40.7,1.861,1.865,1506000000.0,3982000000.0,2794731000.0,2794731000.0,0.0,,,,,11128000.0,0.0,1.0,507952795.0,509480000,507812000.0,5.485,41155000000.0,107000000.0,109541000.0,7304000000.0,80.778,-405000000.0
19,XEL,MRQ,2016-09-30,2016-09-30,2016-09-30,2021-09-07,-104961000.0,40324750000.0,,3076163000.0,37248587000.0,,21.59,-773354000.0,353385000.0,353385000.0,1703486000.0,457795000.0,0.891,2.67,14658001000.0,1100768000.0,13557233000.0,14658001000.0,0.0,332346000.0,216978000.0,0.033,0.34,862064000.0,1194410000.0,0.393,1194410000.0,862064000.0,696207000.0,0.9,0.9,0.9,10987942000.0,,10987942000.0,35265286986.0,15.0,9.771,226961000.0,0.446,1.0,1336661000.0,0.44,0.0,165857000.0,51175394000.0,,614908000.0,2142684000.0,42860000.0,2099824000.0,29336808000.0,3453972000.0,25882836000.0,20897177986.0,276674000.0,-1792000.0,-2021000.0,214021000.0,-172704000.0,39296000.0,-762937000.0,-5094000.0,1000315000.0,0.0,457795000.0,457795000.0,457795000.0,0.0,0.0,0.151,509607000.0,827054000.0,916534000.0,0.378,1.902,18.921,18.959,32206696000.0,0.0,41.14,1.907,1.911,1322100000.0,3924125000.0,3040147000.0,3040147000.0,0.0,,,,,5418000.0,0.0,1.0,507952795.0,508941000,509566000.0,5.973,40324750000.0,302513000.0,238412000.0,7338809000.0,79.233,-377809000.0
20,XEL,MRQ,2016-06-30,2016-06-30,2016-06-30,2021-09-07,-106795000.0,39490164000.0,,2704099000.0,36786065000.0,,21.031,-712810000.0,76711000.0,76711000.0,1551349000.0,196795000.0,0.771,2.69,14444820000.0,1183693000.0,13261127000.0,14444820000.0,0.0,326575000.0,212565000.0,0.029,0.34,464172000.0,790747000.0,0.316,790747000.0,464172000.0,301192000.0,0.39,0.39,0.39,10703134000.0,,10703134000.0,36827398160.0,16.0,10.469,-90334000.0,-0.177,1.0,948500000.0,0.379,0.0,162980000.0,50351892000.0,,526785000.0,2085071000.0,46953000.0,2038118000.0,28787030000.0,3506381000.0,25280649000.0,22746126160.0,-24780000.0,-1910000.0,0.0,274660000.0,-172703000.0,101957000.0,-749213000.0,-52466000.0,622476000.0,0.0,196795000.0,196795000.0,196795000.0,0.0,0.0,0.079,516919000.0,431581000.0,921973000.0,0.872,2.125,21.196,21.223,31823282000.0,0.0,44.78,2.102,2.107,1279272000.0,3643653000.0,2499849000.0,2499849000.0,0.0,,,,,11355000.0,0.0,1.0,507952795.0,508930000,509490000.0,4.912,39490164000.0,322542000.0,104397000.0,7015885000.0,77.594,-802282000.0
21,XEL,MRQ,2016-03-31,2016-03-31,2016-03-31,2021-09-07,-108608000.0,39069844000.0,,2732617000.0,36337227000.0,,20.98,-700319000.0,101491000.0,101491000.0,1759624000.0,241312000.0,0.857,2.661,14182763000.0,867069000.0,13315694000.0,14182763000.0,0.0,323761000.0,221683000.0,0.031,0.34,526405000.0,850166000.0,0.307,850166000.0,526405000.0,369962000.0,0.47,0.47,0.47,10671634000.0,,10671634000.0,35332844605.0,16.0,10.22,102231000.0,0.201,1.0,1012649000.0,0.365,0.0,156443000.0,49962548000.0,,520054000.0,1996614000.0,23293000.0,1973321000.0,28398210000.0,3188568000.0,25209642000.0,21225894605.0,16551000.0,-260000.0,-789000.0,83794000.0,-162410000.0,-91892000.0,-694107000.0,-5093000.0,802550000.0,0.0,241312000.0,241312000.0,241312000.0,0.0,0.0,0.087,522779000.0,489870000.0,809656000.0,0.723,1.989,19.777,19.82,31433406000.0,0.0,41.82,1.959,1.963,1254809000.0,3620421000.0,2772273000.0,2772273000.0,0.0,,,,,13099000.0,0.0,1.0,507553673.0,508667000,509150000.0,5.45,39069844000.0,361338000.0,128650000.0,7086690000.0,76.808,-455951000.0
22,XEL,MRQ,2015-12-31,2015-12-31,2015-12-31,2021-09-07,-109753000.0,38821477000.0,,2770226000.0,36051251000.0,,20.817,-1496631000.0,84940000.0,84940000.0,1726819000.0,208540000.0,0.683,2.662,14100051000.0,1532860000.0,12567191000.0,14100051000.0,0.0,301640000.0,228999000.0,0.036,0.32,472322000.0,773962000.0,0.293,773962000.0,472322000.0,319050000.0,0.41,0.41,0.41,10600920000.0,,10600920000.0,31232923480.0,15.0,9.566,-948553000.0,-1.863,1.0,918516000.0,0.347,0.0,153272000.0,48778291000.0,,608584000.0,1987920000.0,33842000.0,1954078000.0,28220557000.0,4058297000.0,24162260000.0,18224216480.0,-319801000.0,-1168000.0,1702000.0,779954000.0,-154783000.0,615873000.0,-1483752000.0,-1664000.0,548078000.0,0.0,208540000.0,208540000.0,208540000.0,0.0,0.0,0.079,478018000.0,440498000.0,960982000.0,0.78,1.719,18.521,18.51,31205851000.0,0.0,35.91,1.653,1.655,1379473000.0,3552728000.0,2645335000.0,2645335000.0,0.0,,,,,15235000.0,0.0,1.0,507496978.0,509245000,508072000.0,5.195,38821477000.0,163023000.0,110510000.0,6660050000.0,76.233,-1288071000.0
23,XEL,MRQ,2015-09-30,2015-09-30,2015-09-30,2021-09-07,-103639000.0,38029696000.0,,3344422000.0,34685274000.0,,20.756,-708410000.0,404409000.0,404409000.0,1654984000.0,426463000.0,1.084,2.606,13413116000.0,548777000.0,12864339000.0,13413116000.0,0.0,284940000.0,228479000.0,0.036,0.32,818058000.0,1102998000.0,0.38,1102998000.0,818058000.0,665492000.0,0.84,0.84,0.84,10544830000.0,,10544830000.0,31077774620.0,15.0,9.752,272467000.0,0.536,1.0,1246328000.0,0.43,0.0,152566000.0,47953383000.0,,644963000.0,1910545000.0,48110000.0,1862435000.0,27484866000.0,3085020000.0,24399846000.0,17960353620.0,268812000.0,-68000.0,1889000.0,148466000.0,-154195000.0,-3840000.0,-708225000.0,-15905000.0,980877000.0,0.0,426463000.0,426463000.0,426463000.0,0.0,0.0,0.147,460516000.0,785812000.0,924260000.0,0.381,1.703,18.482,18.443,29828609000.0,0.0,35.41,1.588,1.591,1287297000.0,3506861000.0,2901312000.0,2901312000.0,0.0,,,,,8345000.0,0.0,1.0,507211342.0,508031000,508427000.0,5.711,38029696000.0,469724000.0,239029000.0,6838810000.0,74.857,259402000.0
24,XEL,MRQ,2015-06-30,2015-06-30,2015-06-30,2021-09-07,-105186000.0,37268809000.0,,3048922000.0,34219887000.0,,20.226,-707350000.0,135597000.0,135597000.0,1633815000.0,196931000.0,0.862,2.629,13253018000.0,1185201000.0,12067817000.0,13253018000.0,0.0,279032000.0,241546000.0,0.039,0.32,451034000.0,730066000.0,0.29,730066000.0,451034000.0,306812000.0,0.39,0.39,0.39,10269066000.0,,10269066000.0,29103905256.0,15.0,9.538,-183699000.0,-0.362,1.0,881319000.0,0.35,0.0,144222000.0,46848979000.0,,532703000.0,1997062000.0,63603000.0,1933459000.0,26999743000.0,3537251000.0,23462492000.0,16312508256.0,2553000.0,-443000.0,1998000.0,323535000.0,-153997000.0,171536000.0,-692634000.0,-1716000.0,523651000.0,0.0,196931000.0,196931000.0,196931000.0,0.0,0.0,0.078,458474000.0,422845000.0,830278000.0,0.821,1.589,17.849,17.779,29350364000.0,0.0,32.18,1.447,1.449,1258934000.0,3243645000.0,2515134000.0,2515134000.0,0.0,,,,,11195000.0,0.0,1.0,506914489.0,507707000,508074000.0,4.954,37268809000.0,551565000.0,109881000.0,6601277000.0,73.406,-488329000.0
25,XEL,MRQ,2015-03-31,2015-03-31,2015-03-31,2021-09-07,-106688000.0,36878651000.0,,3057446000.0,33821205000.0,,20.148,-770609000.0,133044000.0,133044000.0,2018382000.0,152066000.0,0.81,2.61,12924441000.0,1246014000.0,11678427000.0,12924441000.0,0.0,277388000.0,253895000.0,0.035,0.32,380586000.0,657974000.0,0.222,657974000.0,380586000.0,235646000.0,0.3,0.3,0.3,10214870000.0,,10214870000.0,30516152280.0,16.0,10.105,214785000.0,0.424,1.0,943837000.0,0.319,0.0,144940000.0,45895520000.0,,505213000.0,1958069000.0,38905000.0,1919164000.0,26663781000.0,3774528000.0,22889253000.0,17613332280.0,53436000.0,-321000.0,1411000.0,-50955000.0,-144025000.0,-193569000.0,-738389000.0,-1715000.0,985394000.0,0.0,152066000.0,152066000.0,152066000.0,0.0,0.0,0.051,592992000.0,350845000.0,898003000.0,1.067,1.724,19.31,19.232,28966911000.0,0.0,34.81,1.539,1.542,1371315000.0,3209904000.0,2962219000.0,2962219000.0,0.0,,,,,10225000.0,0.0,1.0,505984840.0,506983000,507393000.0,5.843,36878651000.0,501754000.0,83580000.0,6638403000.0,72.741,-717082000.0
26,XEL,MRQ,2014-12-31,2014-12-31,2014-12-31,2021-09-07,-108139000.0,36957884000.0,,3364380000.0,33593504000.0,,20.169,-898452000.0,79608000.0,79608000.0,2089860000.0,196339000.0,0.828,2.618,12982428000.0,1298858000.0,11683570000.0,12982428000.0,0.0,266809000.0,256945000.0,0.033,0.3,429051000.0,695860000.0,0.238,695860000.0,429051000.0,284156000.0,0.39,0.39,0.39,10214482000.0,,10214482000.0,30692965354.0,15.0,9.749,-243307000.0,-0.48,1.0,838768000.0,0.286,0.0,144895000.0,45796121000.0,,597183000.0,1972138000.0,85723000.0,1886415000.0,26743402000.0,4064583000.0,22678819000.0,18164238354.0,-58260000.0,-156000.0,2159000.0,322050000.0,-143825000.0,169090000.0,-882495000.0,-2200000.0,655145000.0,0.0,196339000.0,196339000.0,196339000.0,0.0,0.0,0.067,447518000.0,391250000.0,1173006000.0,0.769,1.778,17.785,17.695,28756916000.0,0.0,35.92,1.554,1.549,1554998000.0,3220958000.0,2928628000.0,2928628000.0,0.0,,,,,15653000.0,0.0,1.0,505685923.0,506439000,506829000.0,5.783,36957884000.0,431698000.0,87817000.0,6323299000.0,72.976,-700203000.0
27,XEL,MRQ,2014-09-30,2014-09-30,2014-09-30,2021-09-07,-102001000.0,35363441000.0,,3196594000.0,32166847000.0,,20.065,-725591000.0,137868000.0,137868000.0,1755602000.0,368582000.0,0.921,2.482,12666595000.0,977430000.0,11689165000.0,12666595000.0,0.0,259792000.0,262734000.0,0.039,0.3,707770000.0,967562000.0,0.337,967562000.0,707770000.0,564551000.0,0.73,0.73,0.73,10154660000.0,,10154660000.0,28017239621.0,14.0,9.093,239239000.0,0.473,1.0,1114205000.0,0.388,0.0,143219000.0,44421299000.0,,634262000.0,1991193000.0,120654000.0,1870539000.0,25208781000.0,3470869000.0,21737912000.0,15363252621.0,38328000.0,-88000.0,2066000.0,-81812000.0,-143225000.0,-222971000.0,-703531000.0,-1647000.0,964830000.0,0.0,368582000.0,368582000.0,368582000.0,0.0,0.0,0.128,448525000.0,665680000.0,1061385000.0,0.411,1.513,15.757,15.67,27630363000.0,0.0,30.4,1.337,1.339,1335037000.0,3177387000.0,2869807000.0,2869807000.0,0.0,,,,,5546000.0,0.0,1.0,505370152.0,506082000,506365000.0,5.671,35363441000.0,283047000.0,195969000.0,6197815000.0,69.877,-274275000.0
28,XEL,MRQ,2014-06-30,2014-06-30,2014-06-30,2021-09-07,-103366000.0,34717644000.0,,3123820000.0,31593824000.0,,19.713,-753120000.0,99540000.0,99540000.0,1845469000.0,195164000.0,1.021,2.499,12753527000.0,806196000.0,11947331000.0,12753527000.0,0.0,259571000.0,268690000.0,0.036,0.3,438822000.0,698393000.0,0.26,698393000.0,438822000.0,299422000.0,0.39,0.39,0.39,9920772000.0,,9920772000.0,28520559333.0,14.0,9.354,-306258000.0,-0.609,1.0,839627000.0,0.313,0.0,139400000.0,44311702000.0,,501270000.0,2053320000.0,154940000.0,1898380000.0,24796872000.0,3059929000.0,21736943000.0,16178484333.0,-32773000.0,-971000.0,113025000.0,280123000.0,-142328000.0,250820000.0,-730455000.0,-1645000.0,446862000.0,0.0,195164000.0,195164000.0,195164000.0,0.0,0.0,0.073,442419000.0,397208000.0,967251000.0,0.769,1.631,16.658,16.613,27070377000.0,0.0,32.23,1.414,1.418,1352403000.0,2961406000.0,2685096000.0,2685096000.0,0.0,,,,,5620000.0,0.0,1.0,501969728.0,503272000,503456000.0,5.335,34717644000.0,282765000.0,104258000.0,5896910000.0,68.984,63891000.0
29,XEL,MRQ,2014-03-31,2014-03-31,2014-03-31,2021-09-07,-104820000.0,34198752000.0,,3129346000.0,31069406000.0,,19.513,-822628000.0,132313000.0,132313000.0,2260421000.0,261221000.0,0.902,2.508,12474388000.0,1069491000.0,11404897000.0,12474388000.0,0.0,250343000.0,272583000.0,0.038,0.3,536086000.0,786429000.0,0.246,786429000.0,536086000.0,396992000.0,0.52,0.52,0.52,9747424000.0,,9747424000.0,27204007659.0,13.0,8.925,-229979000.0,-0.46,1.0,942183000.0,0.294,0.0,139094000.0,43073079000.0,,436237000.0,1930855000.0,70275000.0,1860580000.0,24451328000.0,3467748000.0,20983580000.0,15128028659.0,25169000.0,-1161000.0,63548000.0,301775000.0,-132033000.0,233290000.0,-800770000.0,-1647000.0,592649000.0,0.0,261221000.0,261221000.0,261221000.0,0.0,0.0,0.082,448191000.0,493992000.0,1061874000.0,0.577,1.552,15.55,15.569,26541482000.0,0.0,30.36,1.335,1.338,1460911000.0,2918215000.0,3202604000.0,3202604000.0,0.0,,,,,5370000.0,0.0,1.0,498288164.0,499523000,499746000.0,6.411,34198752000.0,252658000.0,135771000.0,5951697000.0,68.463,-338402000.0
30,XEL,MRQ,2013-12-31,2013-12-31,2013-12-31,2021-09-07,-106275000.0,33907490000.0,,3218040000.0,30689450000.0,,19.189,-904009000.0,107144000.0,107144000.0,1980335000.0,150055000.0,0.881,2.545,12183123000.0,1063145000.0,11119978000.0,12183123000.0,0.0,261220000.0,275555000.0,0.04,0.28,367528000.0,628748000.0,0.23,628748000.0,367528000.0,223355000.0,0.3,0.3,0.3,9565950000.0,,9565950000.0,25542780211.0,13.0,8.488,-322881000.0,-0.648,1.0,750487000.0,0.275,0.0,144173000.0,42328971000.0,,576538000.0,1932539000.0,91707000.0,1840832000.0,24341540000.0,3654498000.0,20687042000.0,13904047211.0,5310000.0,-4086000.0,2347000.0,456319000.0,-131894000.0,326772000.0,-902590000.0,-15789000.0,581128000.0,0.0,150055000.0,150055000.0,150055000.0,0.0,0.0,0.055,424905000.0,325582000.0,1261238000.0,0.933,1.453,14.663,14.628,26122159000.0,0.0,27.94,1.274,1.27,1431390000.0,2807983000.0,2730822000.0,2730822000.0,0.0,,,,,-3749000.0,0.0,1.0,497639485.0,498524000,498827000.0,5.478,33907490000.0,401762000.0,73300000.0,5789051000.0,68.016,-436458000.0
31,XEL,MRQ,2013-09-30,2013-09-30,2013-09-30,2021-09-07,-109980000.0,33126652000.0,,3120741000.0,30005911000.0,,19.166,-857420000.0,101834000.0,101834000.0,1755636000.0,364752000.0,1.099,2.47,11740567000.0,609267000.0,11131300000.0,11740567000.0,0.0,232965000.0,266676000.0,0.04,0.28,702643000.0,935608000.0,0.332,935608000.0,702643000.0,558101000.0,0.73,0.73,0.73,9547286000.0,,9547286000.0,25384103543.0,13.0,8.544,71263000.0,0.143,1.0,1066702000.0,0.378,0.0,144542000.0,41926324000.0,,604628000.0,1868568000.0,92687000.0,1775881000.0,23579366000.0,2839061000.0,20740305000.0,13737933543.0,43013000.0,-1252000.0,2307000.0,42596000.0,-131756000.0,-86853000.0,-798817000.0,-1601000.0,928683000.0,0.0,364752000.0,364752000.0,364752000.0,0.0,0.0,0.129,401589000.0,665113000.0,965572000.0,0.384,1.439,14.641,14.532,25342578000.0,0.0,27.61,1.28,1.281,1362585000.0,2797486000.0,2822338000.0,2822338000.0,0.0,,,,,9615000.0,0.0,1.0,497570936.0,498149000,498641000.0,5.666,33126652000.0,325972000.0,193349000.0,5602399000.0,66.499,281680000.0
32,XEL,MRQ,2013-06-30,2013-06-30,2013-06-30,2021-09-07,-111835000.0,32266262000.0,,2818200000.0,29448062000.0,,18.685,-844527000.0,58821000.0,58821000.0,1770247000.0,196857000.0,1.045,2.469,11704991000.0,665939000.0,11039052000.0,11704991000.0,0.0,254654000.0,261684000.0,0.038,0.28,442603000.0,697257000.0,0.27,697257000.0,442603000.0,295750000.0,0.4,0.4,0.4,9300245000.0,,9300245000.0,25313773309.0,12.0,8.345,-412630000.0,-0.829,1.0,808666000.0,0.314,0.0,146853000.0,41215622000.0,,494890000.0,1823506000.0,100215000.0,1723291000.0,22966017000.0,2696810000.0,20269207000.0,14091761309.0,-54139000.0,-1935000.0,67029000.0,371614000.0,-125966000.0,312677000.0,-798713000.0,-1909000.0,431897000.0,0.0,196857000.0,196857000.0,196857000.0,0.0,0.0,0.076,406430000.0,402236000.0,998607000.0,0.7,1.515,14.502,14.241,24813411000.0,0.0,28.34,1.325,1.326,1345363000.0,2572935000.0,2578913000.0,2578913000.0,0.0,,,,,10580000.0,0.0,1.0,497239284.0,497747000,498036000.0,5.181,32266262000.0,158350000.0,98893000.0,5143576000.0,64.825,121390000.0
33,XEL,MRQ,2013-03-31,2013-03-31,2013-03-31,2021-09-07,-113620000.0,31587675000.0,,2704671000.0,28883004000.0,,18.692,-752251000.0,112960000.0,112960000.0,1902060000.0,236570000.0,1.071,2.45,11334972000.0,462691000.0,10872281000.0,11334972000.0,0.0,253004000.0,259200000.0,0.036,0.27,494635000.0,747639000.0,0.269,747639000.0,494635000.0,355004000.0,0.48,0.48,0.48,9155113000.0,,9155113000.0,25669464528.0,13.0,8.545,-109923000.0,-0.224,1.0,880789000.0,0.317,0.0,139631000.0,40283170000.0,,447709000.0,1834370000.0,59554000.0,1774816000.0,22432562000.0,2526517000.0,19906045000.0,14472379528.0,30637000.0,-231000.0,160084000.0,65915000.0,-124426000.0,101573000.0,-713264000.0,-1291000.0,642328000.0,0.0,236570000.0,236570000.0,236570000.0,0.0,0.0,0.085,426165000.0,454624000.0,932547000.0,0.562,1.581,15.108,15.076,24219231000.0,0.0,29.7,1.401,1.408,1375970000.0,2516332000.0,2782849000.0,2782849000.0,0.0,,,,,8167000.0,0.0,1.0,487285506.0,489781000,490531000.0,5.682,31587675000.0,93193000.0,118434000.0,5140133000.0,64.493,178154000.0
34,XEL,MRQ,2012-12-31,2012-12-31,2012-12-31,2021-09-07,-112653000.0,31140686000.0,,2625139000.0,28515547000.0,,18.169,-764366000.0,82323000.0,82323000.0,1830732000.0,140170000.0,0.894,2.509,11279408000.0,892637000.0,10386771000.0,11279408000.0,0.0,236072000.0,252888000.0,0.04,0.27,354294000.0,590366000.0,0.231,590366000.0,354294000.0,210212000.0,0.29,0.28,0.29,8874077000.0,,8874077000.0,23827900994.0,12.0,8.215,-331531000.0,-0.679,1.0,720403000.0,0.282,0.0,144082000.0,39400698000.0,,535574000.0,1813175000.0,69013000.0,1744162000.0,22266609000.0,2937073000.0,19329536000.0,13024317994.0,-664950000.0,-201000.0,2172000.0,-252422000.0,-124189000.0,-374439000.0,-723346000.0,-14949000.0,432835000.0,0.0,140170000.0,140170000.0,140170000.0,68000.0,0.0,0.055,404006000.0,316397000.0,959093000.0,0.931,1.468,14.388,14.36,23809348000.0,0.0,26.71,1.286,1.287,1381409000.0,2413816000.0,2551135000.0,2551135000.0,0.0,,,,,6084000.0,0.0,1.0,487619543.0,488430000,489142000.0,5.223,31140686000.0,32528000.0,70042000.0,4852111000.0,63.757,-311934000.0
35,XEL,MRQ,2012-09-30,2012-09-30,2012-09-30,2021-09-07,-109600000.0,31057498000.0,,3370844000.0,27686654000.0,,18.132,-702281000.0,747273000.0,747273000.0,1595300000.0,398106000.0,1.067,2.509,11550856000.0,1196588000.0,10354268000.0,11550856000.0,0.0,243513000.0,252879000.0,0.038,0.27,754670000.0,998183000.0,0.366,998183000.0,754670000.0,600951000.0,0.82,0.81,0.82,8850163000.0,,8850163000.0,24310455075.0,12.0,8.439,4344000.0,0.009,1.0,1129041000.0,0.414,0.0,153719000.0,38700547000.0,,562721000.0,1794108000.0,79988000.0,1714120000.0,22207335000.0,3160534000.0,19046801000.0,13510116075.0,683743000.0,-400000.0,2180000.0,752230000.0,-124058000.0,630352000.0,-653234000.0,0.0,706625000.0,0.0,398106000.0,398106000.0,398106000.0,41000.0,0.0,0.146,408607000.0,720434000.0,885099000.0,0.329,1.527,14.919,14.818,23401597000.0,0.0,27.71,1.332,1.333,1226463000.0,2406016000.0,2724341000.0,2724341000.0,0.0,,,,,3637000.0,0.0,1.0,487553810.0,488084000,488578000.0,5.582,31057498000.0,225877000.0,202845000.0,4899835000.0,63.631,210310000.0
36,XEL,MRQ,2012-06-30,2012-06-30,2012-06-30,2021-09-07,-102006000.0,29820143000.0,,2560408000.0,27259735000.0,,17.579,-606344000.0,63858000.0,63858000.0,1484090000.0,183060000.0,0.668,2.478,10864197000.0,1904430000.0,8959767000.0,10864197000.0,0.0,231020000.0,244922000.0,0.037,0.27,436782000.0,667802000.0,0.294,667802000.0,436782000.0,284861000.0,0.38,0.38,0.38,8573505000.0,,8573505000.0,24288586829.0,13.0,8.646,-218531000.0,-0.448,1.0,790578000.0,0.348,0.0,151921000.0,36789260000.0,,473137000.0,1747586000.0,88368000.0,1659218000.0,21246638000.0,3831222000.0,17415416000.0,13834055829.0,-36212000.0,-207000.0,2100000.0,250573000.0,-119348000.0,133325000.0,-557350000.0,0.0,387813000.0,0.0,183060000.0,183060000.0,183060000.0,15000.0,0.0,0.08,384888000.0,405690000.0,871069000.0,0.711,1.614,16.447,16.328,23047854000.0,0.0,28.41,1.349,1.351,1194992000.0,2140639000.0,2274668000.0,2274668000.0,0.0,,,,,13366000.0,0.0,1.0,486943183.0,487717000,488017000.0,4.664,29820143000.0,178470000.0,101801000.0,4620374000.0,61.142,-1270814000.0
37,XEL,MRQ,2012-03-31,2012-03-31,2012-03-31,2021-09-07,-67515000.0,29453253000.0,,2542834000.0,26910419000.0,,17.518,-497218000.0,108797000.0,108797000.0,1799914000.0,183893000.0,0.686,2.45,10563328000.0,1704813000.0,8858515000.0,10563328000.0,0.0,233097000.0,247224000.0,0.039,0.26,411238000.0,644335000.0,0.25,644335000.0,411238000.0,259408000.0,0.38,0.38,0.38,8537671000.0,,8537671000.0,23218621752.0,13.0,8.398,-19735000.0,-0.04,1.0,778165000.0,0.302,0.0,151830000.0,36199742000.0,,474359000.0,1745899000.0,61971000.0,1683928000.0,20915582000.0,3708042000.0,17207540000.0,12825837752.0,39058000.0,-172000.0,-40238000.0,119987000.0,-119162000.0,-39413000.0,-399012000.0,0.0,477483000.0,0.0,183893000.0,183893000.0,183893000.0,-124000.0,0.0,0.071,398003000.0,380162000.0,786187000.0,0.684,1.502,15.723,15.663,22672686000.0,0.0,26.47,1.231,1.238,1209555000.0,2089275000.0,2578079000.0,2578079000.0,0.0,,,,,3883000.0,0.0,1.0,484542416.0,487360000,487995000.0,5.29,29453253000.0,162353000.0,75515000.0,4657807000.0,60.434,-1165208000.0
38,XEL,MRQ,2011-12-31,2011-12-31,2011-12-31,2021-09-07,-94035000.0,29497267000.0,,2982564000.0,26514703000.0,,17.445,-601361000.0,155971000.0,155971000.0,1864065000.0,140509000.0,0.831,2.478,10548755000.0,1436336000.0,9112419000.0,10548755000.0,0.0,198917000.0,248345000.0,0.037,0.26,371584000.0,570501000.0,0.222,570501000.0,371584000.0,218987000.0,0.29,0.29,0.29,8482198000.0,,8482198000.0,23463580737.0,12.0,8.351,-119957000.0,-0.247,1.0,704345000.0,0.274,0.0,152597000.0,36301412000.0,,618232000.0,1680742000.0,64340000.0,1616402000.0,21015069000.0,3588639000.0,17426430000.0,13404176737.0,-133471000.0,-678000.0,32527000.0,167814000.0,-123390000.0,-28029000.0,-586846000.0,-2000.0,481404000.0,0.0,140509000.0,140509000.0,140509000.0,230000.0,0.0,0.055,360344000.0,344001000.0,902078000.0,0.897,1.58,16.065,16.07,22353367000.0,0.0,27.64,1.258,1.258,1441860000.0,2032556000.0,2568410000.0,2568410000.0,0.0,,,,,13063000.0,0.0,1.0,484955743.0,486236000,487004000.0,5.282,29497267000.0,178446000.0,78478000.0,4396833000.0,60.665,-606075000.0
39,XEL,MRQ,2011-09-30,2011-09-30,2011-09-30,2021-09-07,-80969000.0,28537854000.0,,2861473000.0,25676381000.0,,17.372,-481937000.0,294162000.0,294162000.0,1777475000.0,338332000.0,1.079,2.385,10353566000.0,637928000.0,9715638000.0,10353566000.0,0.0,246923000.0,256764000.0,0.042,0.26,679647000.0,926570000.0,0.327,926570000.0,679647000.0,531636000.0,0.69,0.69,0.69,8431303000.0,,8431303000.0,22148064219.0,12.0,7.858,319065000.0,0.657,1.0,1054123000.0,0.372,0.0,148011000.0,35944075000.0,,608007000.0,1608170000.0,50281000.0,1557889000.0,20106551000.0,2653183000.0,17453368000.0,11963713219.0,92552000.0,-807000.0,2375000.0,-20098000.0,-119655000.0,-137378000.0,-571072000.0,15000.0,801002000.0,0.0,338332000.0,333658000.0,333658000.0,-37000.0,0.0,0.118,402627000.0,651496000.0,837259000.0,0.377,1.419,14.424,14.272,21729488000.0,4674000.0,24.69,1.123,1.125,1304960000.0,2019440000.0,2831598000.0,2831598000.0,0.0,,,,,11644000.0,0.0,1.0,484557036.0,485344000,485894000.0,5.834,28537854000.0,0.0,193304000.0,4147970000.0,58.799,208290000.0
40,XEL,MRQ,2011-06-30,2011-06-30,2011-06-30,2021-09-07,-50983000.0,28003224000.0,,2478963000.0,25524261000.0,,16.981,-581930000.0,101603000.0,101603000.0,1691530000.0,158762000.0,0.939,2.401,10285954000.0,749917000.0,9536037000.0,10285954000.0,0.0,233796000.0,258161000.0,0.042,0.26,389633000.0,623429000.0,0.256,623429000.0,389633000.0,243295000.0,0.33,0.33,0.33,8234565000.0,,8234565000.0,21831796711.0,12.0,7.963,-118257000.0,-0.244,1.0,746692000.0,0.306,0.0,146338000.0,35548816000.0,,484772000.0,1739957000.0,53832000.0,1686125000.0,19768659000.0,2638759000.0,17129900000.0,11765487711.0,7265000.0,-60000.0,1911000.0,123310000.0,-116094000.0,9127000.0,-465535000.0,-13000.0,463673000.0,0.0,158762000.0,157702000.0,157702000.0,-91000.0,0.0,0.065,387250000.0,359442000.0,957521000.0,0.788,1.429,14.579,14.128,21513539000.0,1060000.0,24.3,1.126,1.128,1270415000.0,1812505000.0,2438222000.0,2438222000.0,0.0,,,,,10404000.0,0.0,1.0,484176449.0,484918000,485241000.0,5.028,28003224000.0,0.0,84533000.0,3944759000.0,57.748,-159796000.0
41,XEL,MRQ,2011-03-31,2011-03-31,2011-03-31,2021-09-07,-51847000.0,27466649000.0,,2514129000.0,24952520000.0,,16.916,-540339000.0,94338000.0,94338000.0,1993286000.0,203569000.0,1.012,2.357,10160647000.0,617060000.0,9543587000.0,10160647000.0,0.0,229217000.0,265213000.0,0.042,0.253,459924000.0,689141000.0,0.245,689141000.0,459924000.0,315570000.0,0.42,0.42,0.42,8181483000.0,,8181483000.0,21004752064.0,12.0,7.815,119104000.0,0.246,1.0,823254000.0,0.292,0.0,144354000.0,35048202000.0,,442205000.0,1744679000.0,55932000.0,1688747000.0,19285166000.0,2484756000.0,16800410000.0,10980499064.0,-14099000.0,-901000.0,1878000.0,64549000.0,-115621000.0,-49194000.0,-624348000.0,0.0,659443000.0,0.0,203569000.0,202509000.0,202509000.0,-102000.0,0.0,0.072,396591000.0,426663000.0,848568000.0,0.602,1.342,13.934,14.136,20908333000.0,1060000.0,23.89,1.064,1.12,1316116000.0,1781386000.0,2816540000.0,2816540000.0,0.0,,,,,9895000.0,0.0,1.0,459627420.0,483641000,484301000.0,5.824,27466649000.0,0.0,112001000.0,3971087000.0,56.791,29373000.0
42,XEL,MRQ,2010-12-31,2010-12-31,2010-12-31,2021-09-07,-53093000.0,27387690000.0,,2732643000.0,24655047000.0,,17.244,-1298878000.0,108437000.0,108437000.0,1871890000.0,136634000.0,1.077,2.388,10132690000.0,583560000.0,9549130000.0,10132690000.0,0.0,224097000.0,269087000.0,0.043,0.253,355462000.0,579559000.0,0.226,579559000.0,355462000.0,208305000.0,0.29,0.28,0.29,8083519000.0,,8083519000.0,19941406313.0,11.0,7.548,-931259000.0,-1.987,1.0,695044000.0,0.271,0.0,147157000.0,34875410000.0,,560800000.0,1714540000.0,54079000.0,1660461000.0,19304171000.0,2536533000.0,16767638000.0,10835659313.0,-115174000.0,-1927000.0,451389000.0,461507000.0,-109923000.0,802973000.0,-1285766000.0,-2372000.0,367619000.0,0.0,136634000.0,135573000.0,135573000.0,-131000.0,0.0,0.053,372674000.0,322370000.0,979750000.0,0.872,1.34,14.417,14.448,20663082000.0,1061000.0,23.55,1.051,1.055,1427165000.0,1701703000.0,2566934000.0,2566934000.0,0.0,,,,,8535000.0,0.0,1.0,460112922.0,468760000,471398000.0,5.476,27387690000.0,0.0,71671000.0,3737284000.0,58.426,196110000.0
43,XEL,MRQ,2010-09-30,2010-09-30,2010-09-30,2021-09-07,0.0,26301466000.0,,2529513000.0,23771953000.0,,16.517,-594656000.0,213455000.0,213455000.0,1695834000.0,312306000.0,1.15,2.458,9319202000.0,454443000.0,8864759000.0,9319202000.0,0.0,226269000.0,274310000.0,0.043,0.253,623355000.0,849624000.0,0.323,849624000.0,623355000.0,478506000.0,0.68,0.67,0.68,7605677000.0,,7605677000.0,19576415886.0,11.0,7.315,18452000.0,0.04,1.0,932953000.0,0.355,0.0,144849000.0,33207729000.0,,591725000.0,1443300000.0,0.0,1443300000.0,18695789000.0,2199484000.0,16496305000.0,10557951886.0,148922000.0,-3214000.0,1575000.0,230571000.0,-109800000.0,122346000.0,-586532000.0,-2261000.0,613108000.0,0.0,312306000.0,311246000.0,311246000.0,182000.0,0.0,0.118,364323000.0,568630000.0,794381000.0,0.372,1.388,13.469,13.512,19444841000.0,1060000.0,22.97,1.019,1.021,1238240000.0,,2628787000.0,2628787000.0,0.0,,,,,10802000.0,0.0,1.0,459640918.0,460471000,462019000.0,5.709,26301466000.0,0.0,166200000.0,3935369000.0,57.119,330029000.0
44,XEL,MRQ,2010-06-30,2010-06-30,2010-06-30,2021-09-07,0.0,25563212000.0,,2263947000.0,23299265000.0,,16.068,-486089000.0,65988000.0,65988000.0,1634395000.0,139776000.0,0.965,2.458,9084452000.0,674637000.0,8409815000.0,9084452000.0,0.0,211339000.0,281302000.0,0.048,0.253,358097000.0,569436000.0,0.247,569436000.0,358097000.0,216642000.0,0.3,0.3,0.3,7391822000.0,,7391822000.0,18265375948.0,11.0,7.233,-124451000.0,-0.271,1.0,673369000.0,0.292,0.0,141455000.0,32236009000.0,,464383000.0,1376601000.0,0.0,1376601000.0,18171390000.0,2345667000.0,15825723000.0,9471635948.0,-10693000.0,-1668000.0,1705000.0,206700000.0,-106422000.0,101983000.0,-474314000.0,323000.0,361638000.0,0.0,139776000.0,138716000.0,138716000.0,-4151000.0,0.0,0.06,348065000.0,325304000.0,842277000.0,0.843,1.281,13.68,13.74,19074194000.0,1060000.0,20.61,0.943,0.944,1216475000.0,,2307764000.0,2307764000.0,0.0,,,,,9341000.0,0.0,1.0,459565063.0,460041000,460432000.0,5.016,25563212000.0,0.0,76866000.0,3710923000.0,55.567,-81720000.0
45,XEL,MRQ,2010-03-31,2010-03-31,2010-03-31,2021-09-07,0.0,25334501000.0,,2344294000.0,22990207000.0,,16.029,-481242000.0,79504000.0,79504000.0,2058256000.0,167118000.0,0.849,2.444,8873244000.0,1010356000.0,7862888000.0,8873244000.0,0.0,210481000.0,286733000.0,0.046,0.245,432846000.0,643327000.0,0.229,643327000.0,432846000.0,289016000.0,0.36,0.36,0.36,7355871000.0,,7355871000.0,18444847549.0,11.0,7.447,70335000.0,0.153,1.0,749206000.0,0.267,0.0,143830000.0,31368403000.0,,452421000.0,1418665000.0,0.0,1418665000.0,17978630000.0,2759838000.0,15218792000.0,9661194549.0,-30266000.0,-1237000.0,2589000.0,-18355000.0,-105965000.0,-121731000.0,-460112000.0,9245000.0,551577000.0,0.0,167118000.0,166058000.0,166058000.0,222000.0,0.0,0.059,345541000.0,403665000.0,842794000.0,0.681,1.313,14.426,14.621,18744541000.0,1060000.0,21.2,0.99,0.997,1269375000.0,,2807462000.0,2807462000.0,0.0,,,,,7129000.0,0.0,1.0,455716724.0,458918000,459697000.0,6.118,25334501000.0,0.0,121898000.0,3786101000.0,55.205,-415544000.0
46,XEL,MRQ,2009-12-31,2009-12-31,2009-12-31,2021-09-07,-49709000.0,25305961000.0,,2976635000.0,22329326000.0,,15.922,-466922000.0,115648000.0,115648000.0,1930363000.0,168885000.0,0.963,2.475,9245766000.0,1049368000.0,8196398000.0,9245766000.0,0.0,213034000.0,295470000.0,0.046,0.245,400825000.0,613859000.0,0.234,613859000.0,400825000.0,259618000.0,0.36,0.37,0.36,7283245000.0,,7283245000.0,18223747590.0,11.0,7.44,-182832000.0,-0.4,1.0,687753000.0,0.263,0.0,141207000.0,31346080000.0,,566205000.0,1769065000.0,97700000.0,1671365000.0,18022716000.0,3089999000.0,14932717000.0,9690019590.0,12809000.0,-3554000.0,15959000.0,258931000.0,-105602000.0,169288000.0,-440569000.0,19344000.0,284090000.0,0.0,168885000.0,167824000.0,167824000.0,1964000.0,0.0,0.064,334494000.0,353259000.0,1083572000.0,0.681,1.33,14.321,14.338,18508296000.0,1061000.0,21.22,1.005,1.004,1424201000.0,1419201000.0,2618116000.0,2618116000.0,0.0,,,,,16420000.0,0.0,1.0,456645598.0,457447000,458369000.0,5.723,25305961000.0,223079000.0,90733000.0,3513398000.0,55.32,-113364000.0
47,XEL,MRQ,2009-09-30,2009-09-30,2009-09-30,2021-09-07,0.0,25081208000.0,,2390797000.0,22690411000.0,,15.744,-363212000.0,90206000.0,90206000.0,1525121000.0,220828000.0,1.002,2.488,8623934000.0,678534000.0,7945400000.0,8623934000.0,0.0,202722000.0,304752000.0,0.05,0.245,495785000.0,698507000.0,0.302,698507000.0,495785000.0,356438000.0,0.48,0.48,0.48,7191180000.0,,7191180000.0,17272289695.0,11.0,7.198,139838000.0,0.306,1.0,789441000.0,0.341,0.0,139347000.0,31228438000.0,,554929000.0,1365601000.0,0.0,1365601000.0,17890028000.0,2386498000.0,15503530000.0,8768153695.0,-288615000.0,-13682000.0,1509000.0,-327238000.0,-105461000.0,-431190000.0,-360475000.0,-777000.0,503050000.0,0.0,220828000.0,219768000.0,219768000.0,965000.0,0.0,0.095,324293000.0,465148000.0,811624000.0,0.51,1.219,13.051,13.088,18514792000.0,1060000.0,19.24,0.901,0.903,1106468000.0,,2314562000.0,2314562000.0,0.0,,,,,-4692000.0,0.0,1.0,455725244.0,456769000,457453000.0,5.067,25081208000.0,0.0,135610000.0,3501376000.0,54.91,4299000.0
48,XEL,MRQ,2009-06-30,2009-06-30,2009-06-30,2021-09-07,0.0,24987251000.0,,2558691000.0,22428560000.0,,15.502,-469636000.0,380253000.0,380253000.0,1419877000.0,117107000.0,1.003,2.532,8884389000.0,828751000.0,8055638000.0,8884389000.0,0.0,206739000.0,309370000.0,0.052,0.245,314250000.0,520989000.0,0.258,520989000.0,314250000.0,174953000.0,0.25,0.25,0.25,7073723000.0,,7073723000.0,16651023237.0,10.0,6.914,-156418000.0,-0.343,1.0,596206000.0,0.296,0.0,139297000.0,30940090000.0,,435522000.0,1317097000.0,0.0,1317097000.0,17913528000.0,2551297000.0,15362231000.0,8388762237.0,77922000.0,-11084000.0,1395000.0,325816000.0,-102115000.0,225096000.0,-460392000.0,1575000.0,313218000.0,0.0,117107000.0,116047000.0,116047000.0,-43000.0,0.0,0.058,316838000.0,279368000.0,793746000.0,0.98,1.186,12.45,12.273,18201097000.0,1060000.0,18.41,0.817,0.818,1200316000.0,,2016083000.0,2016083000.0,0.0,,,,,8607000.0,0.0,1.0,455663348.0,456307000,456766000.0,4.418,24987251000.0,0.0,57846000.0,3235644000.0,54.76,7394000.0
49,XEL,MRQ,2009-03-31,2009-03-31,2009-03-31,2021-09-07,0.0,24628261000.0,,2452310000.0,22175951000.0,,15.486,-477838000.0,301315000.0,301315000.0,1993773000.0,174067000.0,0.914,2.494,8563576000.0,897272000.0,7666304000.0,8563576000.0,0.0,213102000.0,318533000.0,0.051,0.237,402995000.0,616097000.0,0.229,616097000.0,402995000.0,261192000.0,0.38,0.38,0.38,7049082000.0,,7049082000.0,16524487848.0,10.0,6.86,334710000.0,0.735,1.0,701769000.0,0.26,0.0,141803000.0,30208934000.0,,450808000.0,1179246000.0,0.0,1179246000.0,17579179000.0,2681588000.0,14897591000.0,8027975848.0,53690000.0,-14170000.0,1270000.0,-185140000.0,-101744000.0,-285614000.0,-473244000.0,537000.0,812548000.0,0.0,174067000.0,173007000.0,173007000.0,1751000.0,0.0,0.064,330972000.0,370797000.0,857671000.0,0.624,1.139,12.122,12.503,17947476000.0,1060000.0,18.63,0.739,0.78,1306172000.0,,2695542000.0,2695542000.0,0.0,,,,,9337000.0,0.0,1.0,430916578.0,455192000,455952000.0,5.922,24628261000.0,0.0,87125000.0,3186828000.0,54.105,-229278000.0
50,XEL,MRQ,2008-12-31,2008-12-31,2008-12-31,2021-09-07,0.0,24958495000.0,,3015529000.0,21942966000.0,,15.349,-590290000.0,249198000.0,249198000.0,2055068000.0,164076000.0,0.99,2.584,8745710000.0,1014022000.0,7731688000.0,8745710000.0,0.0,166770000.0,323445000.0,0.051,0.237,397245000.0,564015000.0,0.208,564015000.0,397245000.0,249997000.0,0.36,0.36,0.36,6963741000.0,,6963741000.0,16690288931.0,11.0,7.011,-114146000.0,-0.252,1.0,652505000.0,0.241,0.0,147248000.0,30408762000.0,,666709000.0,1232081000.0,0.0,1232081000.0,17994754000.0,3046245000.0,14948509000.0,8329858931.0,-130508000.0,-24886000.0,1514000.0,42645000.0,-79125000.0,-34966000.0,-571686000.0,17573000.0,476144000.0,0.0,164076000.0,163015000.0,163015000.0,-518000.0,0.0,0.06,299662000.0,352843000.0,1120324000.0,0.658,1.196,12.989,12.619,17688720000.0,1061000.0,18.55,0.744,0.724,1644260000.0,,2707573000.0,2707573000.0,0.0,,,,,7550000.0,0.0,1.0,449048999.0,453683000,457104000.0,5.968,24958495000.0,0.0,85921000.0,3118818000.0,55.013,-30716000.0
51,XEL,MRQ,2008-09-30,2008-09-30,2008-09-30,2021-09-07,0.0,24500730000.0,,3030678000.0,21470052000.0,,15.775,-483038000.0,383975000.0,383975000.0,2096827000.0,222789000.0,1.002,2.578,8744405000.0,1258607000.0,7485798000.0,8744405000.0,0.0,222992000.0,321919000.0,0.047,0.237,484117000.0,707109000.0,0.248,707109000.0,484117000.0,344340000.0,0.51,0.51,0.51,6848340000.0,,6848340000.0,17098432616.0,12.0,7.356,-74778000.0,-0.172,1.0,754853000.0,0.265,0.0,139777000.0,29837834000.0,,727332000.0,1239984000.0,0.0,1239984000.0,17652390000.0,3023326000.0,14629064000.0,8615777616.0,315793000.0,-35245000.0,348342000.0,182585000.0,-103402000.0,427525000.0,-519992000.0,-39963000.0,408260000.0,0.0,222789000.0,221729000.0,221729000.0,-94000.0,0.0,0.078,306859000.0,447994000.0,863888000.0,0.465,1.258,14.095,14.077,17554991000.0,1060000.0,19.99,0.776,0.782,1317995000.0,,2851680000.0,2851680000.0,0.0,,,,,7449000.0,0.0,1.0,431004383.0,434131000,439397000.0,6.569,24500730000.0,0.0,121551000.0,3060087000.0,56.436,7352000.0
52,XEL,MRQ,2008-06-30,2008-06-30,2008-06-30,2021-09-07,0.0,23718643000.0,,2688260000.0,21030383000.0,,14.796,-550428000.0,70871000.0,70871000.0,2050117000.0,105572000.0,0.837,2.721,8553526000.0,1413970000.0,7139556000.0,8553526000.0,0.0,227428000.0,321003000.0,0.046,0.237,294114000.0,521542000.0,0.199,521542000.0,294114000.0,160391000.0,0.24,0.24,0.24,6374470000.0,,6374470000.0,16730720241.0,11.0,7.171,-296708000.0,-0.689,1.0,565398000.0,0.216,0.0,133723000.0,28990483000.0,,505087000.0,1356513000.0,0.0,1356513000.0,17344173000.0,3210815000.0,14133358000.0,8647303241.0,-107850000.0,-14767000.0,1451000.0,293801000.0,-100076000.0,195176000.0,-556746000.0,-7930000.0,253720000.0,0.0,105572000.0,104512000.0,104512000.0,-99000.0,0.0,0.04,305562000.0,259836000.0,1028894000.0,0.988,1.357,13.442,13.291,17278841000.0,1060000.0,20.07,0.812,0.812,1451500000.0,,2615515000.0,2615515000.0,0.0,,,,,4738000.0,0.0,1.0,430857162.0,430811000,435868000.0,6.071,23718643000.0,0.0,54819000.0,2885324000.0,55.056,-522555000.0
53,XEL,MRQ,2008-03-31,2008-03-31,2008-03-31,2021-09-07,0.0,23358620000.0,,2687753000.0,20670867000.0,,14.799,-489899000.0,175841000.0,175841000.0,2377680000.0,153117000.0,0.917,2.674,8259258000.0,1119488000.0,7139770000.0,8259258000.0,0.0,226271000.0,312208000.0,0.046,0.23,361872000.0,588143000.0,0.194,588143000.0,361872000.0,229701000.0,0.35,0.35,0.35,6357048000.0,,6357048000.0,16386350084.0,11.0,7.002,59583000.0,0.139,1.0,650708000.0,0.215,0.0,132171000.0,28510899000.0,,425133000.0,1312843000.0,0.0,1312843000.0,17001572000.0,2931138000.0,14070434000.0,8369215084.0,124496000.0,-23026000.0,1564000.0,181406000.0,-99679000.0,83291000.0,-508277000.0,-10329000.0,549482000.0,0.0,153117000.0,152057000.0,152057000.0,877000.0,0.0,0.05,320590000.0,330118000.0,1064160000.0,0.657,1.317,13.799,13.951,16955142000.0,1060000.0,19.95,0.813,0.832,1557049000.0,,3028388000.0,3028388000.0,0.0,,,,,5774000.0,0.0,1.0,419509528.0,429563000,434853000.0,7.05,23358620000.0,0.0,76584000.0,2935785000.0,54.378,-243385000.0
54,XEL,MRQ,2007-12-31,2007-12-31,2007-12-31,2021-09-07,0.0,23184727000.0,,2807193000.0,20377534000.0,,14.865,-614206000.0,51120000.0,51120000.0,2019037000.0,134043000.0,0.771,2.68,8068255000.0,1726095000.0,6342160000.0,8068255000.0,0.0,189448000.0,305239000.0,0.04,0.23,318170000.0,507618000.0,0.195,507618000.0,318170000.0,188560000.0,0.32,0.31,0.32,6301002000.0,,6301002000.0,17096935860.0,12.0,7.533,-378985000.0,-0.894,1.0,584182000.0,0.224,0.0,129610000.0,27560738000.0,,531610000.0,1372098000.0,0.0,1372098000.0,16883725000.0,3641124000.0,13242601000.0,9477821860.0,-307408000.0,-29659000.0,1569000.0,190300000.0,-97643000.0,94226000.0,-636855000.0,-594000.0,235221000.0,0.0,134043000.0,132982000.0,132982000.0,927000.0,0.0,0.051,295240000.0,288942000.0,1079345000.0,0.719,1.504,16.538,16.355,16675689000.0,1061000.0,22.57,0.945,0.936,1683539000.0,,2603219000.0,2603219000.0,0.0,,,,,7875000.0,0.0,1.0,419930078.0,423891000,434091000.0,6.141,23184727000.0,0.0,54517000.0,2906883000.0,54.695,-833931000.0
55,XEL,MRQ,2007-09-30,2007-09-30,2007-09-30,2021-09-07,0.0,22809681000.0,,2651811000.0,20157870000.0,,14.666,-503699000.0,360908000.0,360908000.0,1618068000.0,254817000.0,1.069,2.705,7980022000.0,727222000.0,7252800000.0,7980022000.0,0.0,200334000.0,303929000.0,0.042,0.23,515448000.0,715782000.0,0.298,715782000.0,515448000.0,375807000.0,0.6,0.59,0.6,6157072000.0,,6157072000.0,16535803163.0,12.0,7.433,-46067000.0,-0.11,1.0,781929000.0,0.326,0.0,139641000.0,27947151000.0,,710470000.0,1347017000.0,0.0,1347017000.0,16652302000.0,2481644000.0,14170658000.0,9044078163.0,317283000.0,38950000.0,1287000.0,430156000.0,-97547000.0,333896000.0,-474245000.0,-9168000.0,457632000.0,0.0,254817000.0,253757000.0,253757000.0,-97000.0,0.0,0.106,287084000.0,494845000.0,875574000.0,0.383,1.469,16.849,16.698,16346137000.0,1060000.0,21.54,0.914,0.914,1244636000.0,,2399997000.0,2399997000.0,0.0,,,,,5319000.0,0.0,1.0,419873638.0,419822000,433387000.0,5.717,22809681000.0,0.0,120990000.0,2806301000.0,54.332,170167000.0
56,XEL,MRQ,2007-06-30,2007-06-30,2007-06-30,2021-09-07,0.0,22247173000.0,,2311325000.0,19935848000.0,,14.506,-496407000.0,41579000.0,41579000.0,1682458000.0,68777000.0,0.869,2.716,7530556000.0,915743000.0,6614813000.0,7530556000.0,0.0,221940000.0,300898000.0,0.044,0.23,306728000.0,528668000.0,0.233,528668000.0,306728000.0,139845000.0,0.16,0.16,0.16,5986956000.0,,5986956000.0,15728560773.0,12.0,7.286,-157092000.0,-0.381,1.0,584834000.0,0.258,0.0,166883000.0,27075220000.0,,585624000.0,1364032000.0,0.0,1364032000.0,16259481000.0,2660930000.0,13598551000.0,8370499773.0,-13124000.0,0.0,3174000.0,228938000.0,-92019000.0,140093000.0,-492532000.0,-6909000.0,339315000.0,0.0,68777000.0,67717000.0,67717000.0,-1082000.0,0.0,0.03,295677000.0,289157000.0,935444000.0,1.438,1.398,16.529,16.508,16109745000.0,1060000.0,20.47,0.845,0.853,1342062000.0,,2267292000.0,2267292000.0,0.0,,,,,5208000.0,0.0,1.0,408915475.0,412710000,432861000.0,5.494,22247173000.0,0.0,71068000.0,2671176000.0,53.905,-349605000.0
57,XEL,MRQ,2007-03-31,2007-03-31,2007-03-31,2021-09-07,0.0,21979495000.0,,2378721000.0,19600774000.0,,14.38,-482545000.0,65003000.0,65003000.0,2193945000.0,119711000.0,0.863,2.746,7423064000.0,970790000.0,6452274000.0,7423064000.0,0.0,222733000.0,303227000.0,0.036,0.223,294923000.0,517656000.0,0.187,517656000.0,294923000.0,167620000.0,0.29,0.28,0.29,5867037000.0,,5867037000.0,17442281535.0,14.0,8.38,116821000.0,0.286,1.0,569717000.0,0.206,0.0,127303000.0,26581963000.0,,545275000.0,1295959000.0,0.0,1295959000.0,16111244000.0,2755593000.0,13355651000.0,10067390535.0,35848000.0,0.0,4509000.0,6992000.0,-91683000.0,-85041000.0,-478477000.0,-5889000.0,599366000.0,0.0,119711000.0,118651000.0,118651000.0,-1197000.0,0.0,0.043,291589000.0,278128000.0,949487000.0,0.769,1.716,18.785,18.705,15835375000.0,1060000.0,24.69,1.036,1.037,1441763000.0,,2763662000.0,2763662000.0,0.0,,,,,4469000.0,0.0,1.0,407751743.0,408003000,432054000.0,6.774,21979495000.0,0.0,47909000.0,2712087000.0,53.871,-376872000.0
58,XEL,MRQ,2006-12-31,2006-12-31,2006-12-31,2021-09-07,0.0,21958346000.0,,2634186000.0,19324160000.0,,14.29,-460199000.0,37458000.0,37458000.0,1889170000.0,97719000.0,0.919,2.775,7412349000.0,962711000.0,6449638000.0,7412349000.0,0.0,213609000.0,302168000.0,0.038,0.223,248826000.0,462435000.0,0.187,462435000.0,248826000.0,122231000.0,0.24,0.24,0.24,5816822000.0,,5816822000.0,16549202997.0,13.0,7.891,-131984000.0,-0.324,1.0,577566000.0,0.234,0.0,126595000.0,26467956000.0,,646342000.0,1279573000.0,0.0,1279573000.0,16141524000.0,2865281000.0,13276243000.0,9382708997.0,14123000.0,0.0,8528000.0,208219000.0,-91518000.0,125229000.0,-439321000.0,-10452000.0,328215000.0,0.0,97719000.0,96658000.0,96658000.0,-961000.0,0.0,0.039,348083000.0,229483000.0,1101270000.0,0.929,1.613,16.533,16.471,15548658000.0,1061000.0,23.06,0.953,0.951,1347593000.0,,2466736000.0,2466736000.0,0.0,,,,,21340000.0,0.0,1.0,406882437.0,407054000,431135000.0,6.06,21958346000.0,0.0,24512000.0,2630577000.0,53.945,-231095000.0
59,XEL,MRQ,2006-09-30,2006-09-30,2006-09-30,2021-09-07,0.0,21220397000.0,,2542296000.0,18678101000.0,,13.997,-409131000.0,32961000.0,32961000.0,1721279000.0,224462000.0,1.116,2.733,7199455000.0,510956000.0,6688499000.0,7199455000.0,0.0,220825000.0,298584000.0,0.042,0.223,429202000.0,650027000.0,0.27,650027000.0,429202000.0,307487000.0,0.55,0.53,0.55,5684617000.0,,5684617000.0,15408016789.0,12.0,7.309,-34127000.0,-0.084,1.0,690312000.0,0.286,0.0,121715000.0,26108191000.0,,677167000.0,1227049000.0,0.0,1227049000.0,15533492000.0,2278700000.0,13254792000.0,8383226789.0,-140416000.0,0.0,4119000.0,8226000.0,-91289000.0,-78944000.0,-436476000.0,-30428000.0,375004000.0,0.0,224462000.0,223402000.0,223402000.0,-287000.0,0.0,0.093,280209000.0,410103000.0,878685000.0,0.405,1.475,14.408,14.441,15305692000.0,1060000.0,20.65,0.817,0.818,1149072000.0,,2411591000.0,2411591000.0,0.0,,,,,7238000.0,0.0,1.0,405967399.0,406123000,430000000.0,5.938,21220397000.0,0.0,83025000.0,2511576000.0,52.251,263596000.0
60,XEL,MRQ,2006-06-30,2006-06-30,2006-06-30,2021-09-07,0.0,21258846000.0,,2483560000.0,18775286000.0,,13.695,-412970000.0,161213000.0,161213000.0,1574224000.0,98275000.0,0.967,2.828,7186003000.0,948918000.0,6237085000.0,7186003000.0,0.0,213177000.0,313906000.0,0.045,0.223,238095000.0,451272000.0,0.218,451272000.0,238095000.0,118812000.0,0.24,0.24,0.24,5552277000.0,,5552277000.0,14825350191.0,12.0,7.345,110835000.0,0.273,1.0,499649000.0,0.241,0.0,119283000.0,25714101000.0,,517763000.0,1169974000.0,0.0,1169974000.0,15703596000.0,2569535000.0,13134061000.0,7777178191.0,69899000.0,0.0,1620000.0,51656000.0,-88153000.0,-34877000.0,-419029000.0,-4717000.0,523805000.0,0.0,98275000.0,97215000.0,97215000.0,-339000.0,0.0,0.047,274991000.0,224658000.0,922878000.0,0.929,1.401,14.053,14.103,15086261000.0,1060000.0,19.18,0.768,0.767,1167287000.0,,2073873000.0,2073873000.0,0.0,,,,,6322000.0,0.0,1.0,405483743.0,405434000,429099000.0,5.115,21258846000.0,0.0,20537000.0,2566373000.0,52.435,-85975000.0
61,XEL,MRQ,2006-03-31,2006-03-31,2006-03-31,2021-09-07,0.0,21141182000.0,,2538382000.0,18602800000.0,,13.647,-320650000.0,81907000.0,81907000.0,2294160000.0,151298000.0,0.78,2.833,7130079000.0,1585180000.0,5544899000.0,7130079000.0,0.0,209518000.0,309387000.0,0.047,0.215,324008000.0,533526000.0,0.185,533526000.0,324008000.0,204634000.0,0.37,0.36,0.37,5515229000.0,,5515229000.0,14736433352.0,12.0,7.416,376322000.0,0.931,1.0,593944000.0,0.206,0.0,119374000.0,24933710000.0,,485385000.0,1161263000.0,0.0,1161263000.0,15622591000.0,3255644000.0,12366947000.0,7329225352.0,8585000.0,0.0,2008000.0,-347325000.0,-87786000.0,-433103000.0,-255284000.0,11063000.0,696972000.0,0.0,151298000.0,150238000.0,150238000.0,-1486000.0,0.0,0.052,281195000.0,312749000.0,901885000.0,0.581,1.329,13.609,13.75,14882779000.0,1060000.0,18.15,0.724,0.725,1338047000.0,,2888104000.0,2888104000.0,0.0,,,,,5484000.0,0.0,1.0,403814069.0,404125000,427461000.0,7.147,21141182000.0,0.0,53336000.0,2691457000.0,52.313,-717262000.0
62,XEL,MRQ,2005-12-31,2005-12-31,2005-12-31,2021-09-07,0.0,21504920000.0,,3141861000.0,18363059000.0,,13.38,-409502000.0,72196000.0,72196000.0,2375354000.0,112069000.0,0.855,2.986,7479404000.0,1581615000.0,5897789000.0,7479404000.0,0.0,199948000.0,310092000.0,0.046,0.215,273278000.0,473226000.0,0.164,473226000.0,273278000.0,155367000.0,0.27,0.27,0.27,5395255000.0,,5395255000.0,14258886822.0,12.0,7.381,-535768000.0,-1.329,1.0,509584000.0,0.177,0.0,117911000.0,25239302000.0,,637566000.0,1145659000.0,0.0,1145659000.0,16109665000.0,3672826000.0,12436839000.0,7437309822.0,-95660000.0,0.0,2322000.0,473545000.0,-87679000.0,388188000.0,-357582000.0,-25706000.0,-126266000.0,0.0,112069000.0,111008000.0,111008000.0,-13104000.0,0.0,0.038,259029000.0,250555000.0,1187489000.0,0.796,1.378,14.619,14.651,14696310000.0,1061000.0,18.46,0.773,0.772,1625585000.0,,2884938000.0,2884938000.0,0.0,,,,,27598000.0,0.0,1.0,402887856.0,403236000,426580000.0,7.154,21504920000.0,0.0,43298000.0,2558250000.0,53.331,-530965000.0
63,XEL,MRQ,2005-09-30,2005-09-30,2005-09-30,2021-09-07,0.0,21538879000.0,,3194128000.0,18344751000.0,,13.343,-257667000.0,185676000.0,185676000.0,1658053000.0,196019000.0,1.136,3.007,7007253000.0,848715000.0,6158538000.0,7007253000.0,0.0,186377000.0,305941000.0,0.043,0.215,374101000.0,560478000.0,0.245,560478000.0,374101000.0,256652000.0,0.48,0.47,0.48,5373603000.0,,5373603000.0,14856052375.0,14.0,8.038,255097000.0,0.633,1.0,628070000.0,0.275,0.0,117449000.0,25549821000.0,,591358000.0,1113285000.0,0.0,1113285000.0,16160846000.0,2810635000.0,13350211000.0,7897856375.0,127705000.0,0.0,2985000.0,-6640000.0,-87568000.0,-91223000.0,-293836000.0,-13910000.0,512764000.0,0.0,196019000.0,194959000.0,194959000.0,1798000.0,0.0,0.085,263345000.0,364725000.0,1023021000.0,0.448,1.47,16.815,16.905,14428318000.0,1060000.0,19.61,0.88,0.88,1356223000.0,,2286123000.0,2286123000.0,0.0,,,,,0.0,0.0,1.0,402746373.0,402735000,426085000.0,5.676,21538879000.0,0.0,60633000.0,2492485000.0,53.482,383493000.0
64,XEL,MRQ,2005-06-30,2005-06-30,2005-06-30,2021-09-07,0.0,20473527000.0,,2477548000.0,17995979000.0,,13.035,-328922000.0,54468000.0,54468000.0,1596510000.0,83406000.0,1.132,2.904,7012664000.0,635532000.0,6377132000.0,7012664000.0,0.0,197403000.0,305913000.0,0.043,0.215,222465000.0,419868000.0,0.203,419868000.0,222465000.0,108090000.0,0.2,0.2,0.2,5242728000.0,,5242728000.0,14684278564.0,16.0,8.599,-13447000.0,-0.033,1.0,467545000.0,0.227,0.0,114375000.0,25243579000.0,,430353000.0,1103441000.0,0.0,1103441000.0,15226137000.0,2188144000.0,13037993000.0,7852086564.0,-8272000.0,0.0,2435000.0,103788000.0,-83689000.0,22534000.0,-346281000.0,-24430000.0,315475000.0,0.0,83406000.0,82346000.0,82346000.0,-5730000.0,0.0,0.04,265310000.0,202235000.0,768710000.0,1.075,1.498,24.508,24.709,14343600000.0,1060000.0,19.52,0.907,0.906,1229120000.0,,2064055000.0,2064055000.0,0.0,,,,,0.0,0.0,1.0,402258533.0,402214000,425552000.0,5.132,20473527000.0,0.0,24684000.0,2398137000.0,50.902,289404000.0
65,XEL,MRQ,2005-03-31,2005-03-31,2005-03-31,2021-09-07,0.0,20300838000.0,,2433120000.0,17867718000.0,,13.122,-304125000.0,68986000.0,68986000.0,1848068000.0,121478000.0,1.215,2.856,6901178000.0,424567000.0,6476611000.0,6901178000.0,0.0,198346000.0,301322000.0,0.048,0.207,279976000.0,478322000.0,0.2,478322000.0,279976000.0,166335000.0,0.3,0.29,0.3,5263573000.0,,5263573000.0,13886694589.0,15.0,8.273,177619000.0,0.443,1.0,542465000.0,0.227,0.0,113641000.0,25130009000.0,,427586000.0,1068693000.0,0.0,1068693000.0,15033931000.0,2003021000.0,13030910000.0,6887480589.0,45632000.0,0.0,1343000.0,-125163000.0,-84156000.0,-208176000.0,-227936000.0,-12351000.0,481744000.0,0.0,121478000.0,120418000.0,120418000.0,2985000.0,0.0,0.05,267446000.0,275019000.0,730473000.0,0.69,1.309,21.304,21.475,14204554000.0,1060000.0,17.18,0.824,0.824,1199704000.0,,2390533000.0,2390533000.0,0.0,,,,,0.0,0.0,1.0,400901082.0,401116000,424449000.0,5.96,20300838000.0,0.0,44857000.0,2526429000.0,50.611,430099000.0
66,XEL,MRQ,2004-12-31,2004-12-31,2004-12-31,2021-09-07,0.0,20304843000.0,,2571240000.0,17733603000.0,,12.998,-419710000.0,23361000.0,23361000.0,1764946000.0,73025000.0,1.101,2.903,7028975000.0,535955000.0,6493020000.0,7028975000.0,0.0,194097000.0,303928000.0,0.045,0.207,195526000.0,389623000.0,0.175,389623000.0,195526000.0,72385000.0,0.18,0.18,0.18,5202918000.0,,5202918000.0,13985678995.0,14.0,8.154,-237967000.0,-0.595,1.0,466707000.0,0.209,0.0,123141000.0,24974463000.0,,514860000.0,1023481000.0,0.0,1023481000.0,15101925000.0,2335994000.0,12765931000.0,7286182995.0,-71588000.0,0.0,2515000.0,233280000.0,-84794000.0,151001000.0,-404332000.0,-79542000.0,181743000.0,0.0,73025000.0,71964000.0,71964000.0,49184000.0,0.0,0.032,249359000.0,217348000.0,903609000.0,1.15,1.4,20.716,20.682,14076069000.0,1061000.0,18.2,0.887,0.885,1196695000.0,,2231653000.0,2231653000.0,0.0,,,,,0.0,0.0,1.0,400339725.0,400272000,425785000.0,5.575,20304843000.0,0.0,-640000.0,2425132000.0,50.728,235246000.0
67,XEL,MRQ,2004-09-30,2004-09-30,2004-09-30,2021-09-07,0.0,20058581000.0,,2170796000.0,17887785000.0,,13.033,-344165000.0,90925000.0,90925000.0,1386971000.0,46720000.0,1.205,2.85,6790421000.0,92630000.0,6697791000.0,6790421000.0,0.0,188314000.0,292641000.0,0.056,0.207,231611000.0,419925000.0,0.213,419925000.0,231611000.0,120692000.0,0.11,0.12,0.11,5209728000.0,,5209728000.0,13503993060.0,10.0,6.418,-48557000.0,-0.121,1.0,587964000.0,0.298,0.0,110919000.0,24956260000.0,,518987000.0,993907000.0,0.0,993907000.0,14845223000.0,1801817000.0,13043406000.0,6924891060.0,-25890000.0,0.0,4470000.0,82839000.0,-83790000.0,3519000.0,-325017000.0,19197000.0,295608000.0,0.0,46720000.0,45660000.0,45660000.0,118977000.0,0.0,0.023,250130000.0,337834000.0,744788000.0,1.882,1.329,9.158,9.213,13866078000.0,1060000.0,17.32,0.87,0.87,994283000.0,,1974935000.0,1974935000.0,0.0,,,,,0.0,0.0,1.0,399820500.0,399746000,423078000.0,4.94,20058581000.0,0.0,73972000.0,2375483000.0,50.178,368979000.0
68,XEL,MRQ,2004-06-30,2004-06-30,2004-06-30,2021-09-07,0.0,19736213000.0,,2020007000.0,17716206000.0,,13.16,-270470000.0,118956000.0,118956000.0,1318748000.0,86306000.0,1.193,2.756,6698058000.0,134611000.0,6563447000.0,6698058000.0,0.0,177991000.0,224255000.0,0.057,0.207,212652000.0,390643000.0,0.222,390643000.0,212652000.0,102249000.0,0.21,0.21,0.21,5253506000.0,,5253506000.0,12823993750.0,8.0,5.401,-322426000.0,-0.808,1.0,444351000.0,0.252,0.0,110403000.0,24621433000.0,,424644000.0,983877000.0,0.0,983877000.0,14478515000.0,1693882000.0,12784633000.0,6672116750.0,-378448000.0,0.0,0.0,32445000.0,-75993000.0,-43548000.0,-282944000.0,-9729000.0,-51956000.0,0.0,86306000.0,85246000.0,85246000.0,-792000.0,0.0,0.048,245572000.0,198779000.0,745532000.0,0.986,1.27,6.693,6.711,13893687000.0,1060000.0,16.71,0.836,0.835,989682000.0,,1763099000.0,1763099000.0,0.0,,,,,0.0,0.0,1.0,399288854.0,399217000,422545000.0,4.416,19736213000.0,0.0,15943000.0,2377066000.0,49.437,326125000.0
69,XEL,MRQ,2004-03-31,2004-03-31,2004-03-31,2021-09-07,0.0,19829420000.0,,2386234000.0,17443186000.0,,13.139,-242067000.0,526840000.0,526840000.0,1686045000.0,149911000.0,1.232,2.786,6678717000.0,101320000.0,6577397000.0,6678717000.0,0.0,178623000.0,218634000.0,0.053,0.188,336155000.0,514778000.0,0.228,514778000.0,336155000.0,222324000.0,0.37,0.36,0.37,5236808000.0,,5236808000.0,13217759893.0,10.0,6.602,145713000.0,0.366,1.0,575603000.0,0.255,0.0,113831000.0,24044832000.0,,398169000.0,968408000.0,0.0,968408000.0,14591923000.0,1936465000.0,12655458000.0,7090990893.0,-52868000.0,0.0,-32023000.0,-113574000.0,-75867000.0,-221664000.0,-218984000.0,1814000.0,387780000.0,0.0,149911000.0,148851000.0,148851000.0,-779000.0,0.0,0.066,254365000.0,321238000.0,629584000.0,0.508,1.354,11.29,11.344,13786803000.0,1060000.0,17.81,0.894,0.895,966197000.0,,2261648000.0,2261648000.0,0.0,,,,,0.0,0.0,1.0,398146597.0,398583000,421921000.0,5.674,19829420000.0,0.0,72413000.0,2494693000.0,49.75,449769000.0
70,XEL,MRQ,2003-12-31,2003-12-31,2003-12-31,2021-09-07,0.0,20205380000.0,,3131239000.0,17074141000.0,,12.952,-277861000.0,605646000.0,605646000.0,1508083000.0,477447000.0,1.172,2.911,6712371000.0,218518000.0,6493853000.0,6712371000.0,0.0,163645000.0,211046000.0,0.044,0.375,615095000.0,778740000.0,0.398,778740000.0,615095000.0,485276000.0,1.19,1.14,1.19,5166440000.0,,5166440000.0,12878050742.0,10.0,6.44,99757000.0,0.25,1.0,450350000.0,0.23,0.0,129819000.0,23641039000.0,,442771000.0,967294000.0,0.0,967294000.0,15038940000.0,2671066000.0,12367874000.0,6772041742.0,-94461000.0,0.0,2386000.0,-50747000.0,-75861000.0,-134455000.0,-337624000.0,-79317000.0,377618000.0,0.0,477447000.0,476386000.0,476386000.0,-327533000.0,0.0,0.243,172472000.0,277878000.0,774336000.0,0.315,1.311,10.955,10.955,13295828000.0,1061000.0,16.98,0.876,0.876,1013643000.0,,1958433000.0,1958433000.0,0.0,,,,,0.0,0.0,1.0,398824602.0,398876000,422254000.0,4.91,20205380000.0,0.0,7829000.0,2341007000.0,50.656,460173000.0
71,XEL,MRQ,2003-09-30,2003-09-30,2003-09-30,2021-09-07,0.0,18264367000.0,,3118381000.0,15145986000.0,,11.809,-232452000.0,695698000.0,695698000.0,1361502000.0,287495000.0,1.116,2.878,6801707000.0,389971000.0,6411736000.0,6801707000.0,0.0,203541000.0,201488000.0,0.048,0.188,486737000.0,690278000.0,0.345,690278000.0,486737000.0,382419000.0,0.72,0.69,0.72,4708897000.0,,4708897000.0,12197109671.0,11.0,7.283,196181000.0,0.492,1.0,640098000.0,0.32,65943000.0,104318000.0,21510671000.0,,481508000.0,896063000.0,0.0,896063000.0,13550037000.0,2793762000.0,10756275000.0,6168690671.0,273701000.0,0.0,615000.0,145114000.0,-75821000.0,71409000.0,-226341000.0,22187000.0,428633000.0,0.0,287495000.0,286435000.0,286435000.0,-102847000.0,0.0,0.143,274210000.0,365888000.0,684360000.0,0.261,1.31,-96.306,-140.636,12769770000.0,1060000.0,15.47,1.083,1.083,1030348000.0,,2001600000.0,2001600000.0,0.0,,,,,0.0,0.0,1.0,398751821.0,398751000,418128000.0,5.02,18198424000.0,563653000.0,94924000.0,2175307000.0,45.639,324619000.0
72,XEL,MRQ,2003-06-30,2003-06-30,2003-06-30,2021-09-07,0.0,17096528000.0,,2091157000.0,15005371000.0,,10.979,-230724000.0,429497000.0,429497000.0,1254402000.0,-282562000.0,0.639,2.904,6457916000.0,985703000.0,5472213000.0,6457916000.0,0.0,192425000.0,0.0,0.062,0.188,-174257000.0,18168000.0,0.011,18168000.0,-174257000.0,-283734000.0,-0.71,-0.71,-0.71,4377560000.0,,4377560000.0,20301021147.0,-10.0,-13.893,71100000.0,0.178,1.0,458057000.0,0.267,66155000.0,109477000.0,19784554000.0,,429848000.0,906309000.0,0.0,906309000.0,12712511000.0,3274238000.0,9438273000.0,5996659147.0,-205143000.0,0.0,218000.0,-167748000.0,-75820000.0,-230530000.0,-276437000.0,-9170000.0,301824000.0,0.0,-282562000.0,-283622000.0,-283622000.0,337221000.0,0.0,-0.166,295528000.0,162529000.0,647558000.0,-0.265,1.37,-2.346,-2.357,12629014000.0,1060000.0,15.04,0.972,0.972,963846000.0,,1712459000.0,1712459000.0,0.0,,,,,0.0,0.0,1.0,398714039.0,398717000,399410000.0,4.295,17030373000.0,0.0,-1172000.0,1589130000.0,42.713,-1183081000.0
73,XEL,MRQ,2003-03-31,2003-03-31,2003-03-31,2021-09-07,0.0,27771878000.0,,4065311000.0,23706567000.0,,11.86,-205439000.0,1330480000.0,1330480000.0,1501794000.0,140012000.0,0.343,4.865,15634842000.0,9028138000.0,6606704000.0,15634842000.0,0.0,198227000.0,0.0,0.088,0.0,305565000.0,503792000.0,0.243,503792000.0,305565000.0,200489000.0,0.35,0.34,0.35,4728865000.0,,4728865000.0,19749144840.0,-12.0,-22.403,67227000.0,0.169,1.0,573763000.0,0.276,101217000.0,105076000.0,30124803000.0,,637088000.0,1735792000.0,0.0,1735792000.0,23007398000.0,11850220000.0,11157178000.0,5107526840.0,110922000.0,0.0,0.0,27106000.0,-75814000.0,-73296000.0,-88448000.0,-28828000.0,272666000.0,0.0,140012000.0,138952000.0,138952000.0,-14046000.0,0.0,0.067,271853000.0,301910000.0,1429551000.0,0.0,1.08,-2.337,-2.355,19193298000.0,1060000.0,12.81,0.764,0.764,2525654000.0,,2075557000.0,2075557000.0,0.0,,,,,0.0,0.0,1.0,398714039.0,398714000,417368000.0,5.206,27670661000.0,0.0,60477000.0,1824705000.0,69.4,-7784909000.0
74,XEL,MRQ,2002-12-31,2002-12-31,2002-12-31,2021-09-07,0.0,29436437000.0,,3737168000.0,25699269000.0,,11.706,1192164000.0,507700000.0,507700000.0,-148951000.0,-204757000.0,0.303,5.31,6380863000.0,1061906000.0,5318957000.0,6380863000.0,0.0,-32398000.0,161283000.0,0.102,0.375,494886000.0,462488000.0,-4.958,462488000.0,494886000.0,650098000.0,-0.47,-0.42,-0.47,4664984000.0,,4664984000.0,19327993429.0,-12.0,-24.064,1408342000.0,3.534,1.0,55670000.0,-0.597,0.0,-155212000.0,22960764000.0,,448036000.0,815171000.0,0.0,815171000.0,24771453000.0,12348836000.0,12422617000.0,4385854429.0,-397795000.0,0.0,-500754000.0,-1093302000.0,-75815000.0,-204801000.0,-409172000.0,150299000.0,216178000.0,-5979000.0,-204757000.0,-205818000.0,-205818000.0,2203638000.0,0.0,2.206,-2647280000.0,2702950000.0,698170000.0,-0.798,0.94,-1.974,-1.89,13314344000.0,1061000.0,11.0,0.629,0.603,927460000.0,,-93281000.0,-93281000.0,0.0,,,,,0.0,0.0,1.0,398714039.0,398509000,408889000.0,-0.234,29436437000.0,0.0,854855000.0,2306923000.0,73.866,-8611668000.0
75,XEL,MRQ,2002-09-30,2002-09-30,2002-09-30,2021-09-07,0.0,28405775000.0,,4194288000.0,24211487000.0,,13.107,-775979000.0,1473279000.0,1473279000.0,1633967000.0,-2204040000.0,0.337,4.446,16415418000.0,9526054000.0,6889364000.0,16415418000.0,0.0,271890000.0,0.0,0.121,0.375,-2717541000.0,-2445651000.0,-0.989,-2445651000.0,-2717541000.0,-2883884000.0,-5.55,-5.55,-5.55,5208669000.0,,5208669000.0,14716196155.0,-7.0,-11.175,125504000.0,0.316,1.0,839038000.0,0.339,102177000.0,166343000.0,30795152000.0,,723443000.0,1873470000.0,0.0,1873470000.0,23158269000.0,12450585000.0,10707684000.0,3705714155.0,828053000.0,0.0,12051000.0,734109000.0,-149930000.0,596230000.0,-669660000.0,123140000.0,901483000.0,5291000.0,-2204040000.0,-2205100000.0,-2205100000.0,577001000.0,0.0,-0.892,2979782000.0,-2140744000.0,1408852000.0,-0.068,0.711,-1.979,-2.02,19135598000.0,1060000.0,9.31,0.544,0.543,2221637000.0,,2473005000.0,2473005000.0,0.0,,,,,0.0,0.0,1.0,398035892.0,397405000,397405000.0,6.223,28303598000.0,0.0,-679844000.0,1958694000.0,71.221,-8256297000.0
76,XEL,MRQ,2002-06-30,2002-06-30,2002-06-30,2021-09-07,0.0,30404936000.0,,3571499000.0,26833437000.0,,19.299,-732297000.0,728747000.0,728747000.0,1505793000.0,87302000.0,0.351,3.157,11739229000.0,3402831000.0,8336398000.0,11739229000.0,0.0,272276000.0,0.0,0.089,0.375,325555000.0,597831000.0,0.269,597831000.0,325555000.0,124582000.0,0.23,0.23,0.23,7294658000.0,,7294658000.0,20657325214.0,18.0,10.29,-460147000.0,-1.217,1.0,719954000.0,0.323,181700000.0,200973000.0,31056329000.0,,757323000.0,2017286000.0,0.0,2017286000.0,23032650000.0,10177389000.0,12855261000.0,6219665214.0,111989000.0,0.0,23626000.0,852873000.0,-139811000.0,736688000.0,-946910000.0,-201796000.0,272150000.0,4243000.0,87302000.0,86242000.0,86242000.0,-1685000.0,0.0,0.039,405568000.0,314386000.0,1257032000.0,1.63,0.853,10.291,9.694,22011019000.0,1060000.0,16.77,0.849,0.866,2582184000.0,,2225747000.0,2225747000.0,0.0,,,,,0.0,0.0,1.0,370880454.0,377983000,378129000.0,5.888,30223236000.0,0.0,37280000.0,2708116000.0,79.959,-6605890000.0
77,XEL,MRQ,2002-03-31,2002-03-31,2002-03-31,2021-09-07,0.0,29333626000.0,,3527613000.0,25806013000.0,,17.079,-591350000.0,622466000.0,622466000.0,1726605000.0,103504000.0,0.648,3.746,15060126000.0,2854575000.0,12205551000.0,15060126000.0,0.0,256482000.0,0.0,0.044,0.0,325664000.0,582146000.0,0.246,582146000.0,325664000.0,137059000.0,0.29,0.29,0.29,6042939000.0,,6042939000.0,23902576710.0,19.0,11.55,-266050000.0,-0.752,1.0,643979000.0,0.272,130854000.0,188605000.0,38195426000.0,,756161000.0,1969337000.0,0.0,1969337000.0,22638460000.0,5445006000.0,17193454000.0,9381193710.0,41625000.0,0.0,534565000.0,48224000.0,-130819000.0,451970000.0,-685584000.0,-81856000.0,325300000.0,-3555000.0,103504000.0,102444000.0,102444000.0,-9575000.0,0.0,0.043,345003000.0,298976000.0,1333015000.0,0.0,1.552,13.697,12.739,21470168000.0,1060000.0,25.35,1.067,1.02,2516314000.0,,2370584000.0,2370584000.0,0.0,,,,,0.0,0.0,1.0,370066813.0,353827000,354172000.0,6.7,29202772000.0,0.0,33555000.0,2832913000.0,82.534,-1917393000.0
78,XEL,MRQ,2001-12-31,2001-12-31,2001-12-31,2021-09-07,0.0,28754114000.0,,3330414000.0,25423700000.0,,17.972,3497129000.0,403981000.0,403981000.0,-90142000.0,144896000.0,0.609,3.642,14173339000.0,2617750000.0,11555589000.0,14173339000.0,0.0,51952000.0,0.0,0.054,0.375,-103129000.0,-51177000.0,0.2,-51177000.0,-103129000.0,124665000.0,0.42,0.42,0.42,6194477000.0,,6194477000.0,23134947678.0,16.0,10.543,3743593000.0,10.861,1.0,-165168000.0,0.647,103616000.0,-227794000.0,36950776000.0,,781514000.0,1891772000.0,0.0,1891772000.0,22559637000.0,5469080000.0,17090557000.0,9584977678.0,38823000.0,0.0,20402000.0,-3213870000.0,-130403000.0,349709000.0,-549177000.0,-21910000.0,246464000.0,-8173000.0,144896000.0,143835000.0,143835000.0,-188963000.0,0.0,-0.563,170634000.0,-335802000.0,1263690000.0,0.893,1.547,12.122,12.009,19781428000.0,1061000.0,27.74,1.099,1.09,2323253000.0,,-255310000.0,-255310000.0,0.0,,,,,0.0,0.0,1.0,345529116.0,344674000,345404000.0,-0.741,28650498000.0,0.0,-20231000.0,2565223000.0,83.123,-2138666000.0
79,XEL,MRQ,2001-09-30,2001-09-30,2001-09-30,2021-09-07,0.0,27746286000.0,,3152273000.0,24594013000.0,,16.156,-1370264000.0,471886000.0,471886000.0,2046361000.0,272903000.0,0.551,3.878,14021856000.0,3061981000.0,10959875000.0,14021856000.0,0.0,253985000.0,0.0,0.061,0.75,624687000.0,878672000.0,0.295,878672000.0,624687000.0,421034000.0,0.79,0.79,0.79,5554030000.0,,5554030000.0,22422540435.0,12.0,8.03,-562173000.0,-1.635,1.0,935278000.0,0.314,0.0,203653000.0,35579235000.0,,732115000.0,2185426000.0,108243000.0,2077183000.0,21541134000.0,5717021000.0,15824113000.0,9703245435.0,-44136000.0,0.0,24971000.0,855456000.0,-130102000.0,750325000.0,-1614182000.0,-226103000.0,808091000.0,11630000.0,272903000.0,271843000.0,271843000.0,-14084000.0,0.0,0.091,297691000.0,637587000.0,1325502000.0,0.949,1.747,12.382,12.293,20280017000.0,1060000.0,28.15,0.793,0.791,2338131000.0,,2981639000.0,2981639000.0,0.0,,,,,0.0,0.0,1.0,344697884.0,343770000,344385000.0,8.673,27746286000.0,0.0,148131000.0,2737981000.0,80.712,-2564748000.0
80,XEL,MRQ,2001-06-30,2001-06-30,2001-06-30,2021-09-07,0.0,26385320000.0,,3424231000.0,22961089000.0,,15.91,-1714035000.0,346623000.0,346623000.0,2932259000.0,167857000.0,0.631,3.736,13065918000.0,2979950000.0,10085968000.0,13065918000.0,0.0,235391000.0,0.0,0.053,0.0,424473000.0,659864000.0,0.178,659864000.0,424473000.0,238013000.0,0.49,0.49,0.49,5450175000.0,,5450175000.0,20262440626.0,13.0,8.15,-1444884000.0,-4.218,1.0,765095000.0,0.207,0.0,186460000.0,33675028000.0,,666761000.0,1946323000.0,0.0,1946323000.0,20361455000.0,5429587000.0,14931868000.0,9763886626.0,2739000.0,0.0,43272000.0,1110114000.0,-129516000.0,1023870000.0,-1291211000.0,431134000.0,269151000.0,929000.0,167857000.0,166797000.0,166797000.0,-353000.0,0.0,0.045,331846000.0,433249000.0,1257774000.0,0.0,1.791,16.183,16.073,18865427000.0,1060000.0,28.45,0.791,0.789,1815110000.0,,3697354000.0,3697354000.0,0.0,,,,,0.0,0.0,1.0,343194609.0,342553000,343688000.0,10.794,26385320000.0,0.0,70156000.0,2546235000.0,77.026,-2005356000.0
81,XEL,MRQ,2001-03-31,2001-03-31,2001-03-31,2021-09-07,0.0,23610552000.0,,3580711000.0,20029841000.0,,15.619,-1570367000.0,343884000.0,343884000.0,3430204000.0,209310000.0,0.683,3.335,10842438000.0,2673921000.0,8168517000.0,10842438000.0,0.0,226117000.0,0.0,0.062,0.375,491440000.0,717557000.0,0.17,717557000.0,491440000.0,315591000.0,0.61,0.61,0.61,5322777000.0,,5322777000.0,19756560205.0,13.0,8.133,-1310061000.0,-3.844,1.0,800364000.0,0.189,0.0,175849000.0,28865020000.0,,396095000.0,2299339000.0,182279000.0,2117060000.0,17752845000.0,5244086000.0,12508759000.0,10310927205.0,127393000.0,0.0,40366000.0,1203587000.0,-128873000.0,1589428000.0,-1717955000.0,-133221000.0,260306000.0,-4386000.0,209310000.0,208250000.0,208250000.0,0.0,0.0,0.049,308058000.0,492306000.0,1267768000.0,0.615,1.937,17.821,17.712,16559993000.0,1060000.0,30.11,0.927,0.923,1865120000.0,,4230568000.0,4230568000.0,0.0,,,,,0.0,0.0,1.0,342441953.0,340780000,341472000.0,12.414,23610552000.0,0.0,106281000.0,2415731000.0,69.284,-1663375000.0
82,XEL,MRQ,2000-12-31,2000-12-31,2000-12-31,2021-09-07,0.0,21768843000.0,,3128074000.0,18640769000.0,,16.384,-499822000.0,228626000.0,228626000.0,739130000.0,137801000.0,0.67,2.914,9662124000.0,2078683000.0,7583441000.0,9662124000.0,0.0,214934000.0,0.0,0.051,0.593,321175000.0,536109000.0,0.404,536109000.0,321175000.0,194117000.0,0.4,0.4,0.4,5561784000.0,,5561784000.0,19199432364.0,13.0,8.462,-66910000.0,-0.197,1.0,586477000.0,0.442,0.0,127058000.0,26530533000.0,,567332000.0,2192318000.0,0.0,2192318000.0,16207059000.0,4671808000.0,11535251000.0,9897514364.0,-162006000.0,0.0,18803000.0,116145000.0,-75080000.0,59868000.0,-539870000.0,-23292000.0,432912000.0,360000.0,137801000.0,136741000.0,136741000.0,-32006000.0,0.0,0.103,302157000.0,284320000.0,1608989000.0,1.482,1.78,18.939,18.87,15272914000.0,1060000.0,29.06,1.073,1.064,2065064000.0,,1325607000.0,1325607000.0,0.0,,,,,0.0,0.0,1.0,340588932.0,339467000,340094000.0,3.905,21768843000.0,0.0,56316000.0,2229138000.0,64.127,-1543734000.0
83,XEL,MRQ,2000-09-30,2000-09-30,2000-09-30,2021-09-07,-188810000.0,21080576000.0,,2663450000.0,18417126000.0,,16.249,-447113000.0,263221000.0,263221000.0,2194991000.0,92614000.0,0.6,2.833,9565139000.0,2432994000.0,7132145000.0,9565139000.0,0.0,206437000.0,0.0,0.045,0.526,366229000.0,572666000.0,0.185,572666000.0,366229000.0,190348000.0,0.27,0.27,0.27,5500170000.0,,5500170000.0,10198684332.0,7.0,4.598,-142661000.0,-0.421,1.0,898076000.0,0.29,0.0,175881000.0,25946089000.0,,367076000.0,1915877000.0,297810000.0,1618067000.0,15580406000.0,4436405000.0,11144001000.0,4367237332.0,106642000.0,0.0,46499000.0,348942000.0,-169203000.0,226238000.0,-424048000.0,33424000.0,304452000.0,0.0,92614000.0,91554000.0,91554000.0,0.0,0.0,0.03,492617000.0,405459000.0,1153419000.0,1.948,0.794,8.207,17.529,15064057000.0,1060000.0,27.52,0.409,0.873,1500523000.0,2275284000.0,3093067000.0,3093067000.0,0.0,,,,,0.0,0.0,1.0,158693217.0,338495000,338876000.0,9.138,21080576000.0,0.0,97734000.0,2283233000.0,62.277,-1772955000.0
84,XEL,MRQ,2000-06-30,2000-06-30,2000-06-30,2021-09-07,-115801000.0,11926352000.0,,1285860000.0,10640492000.0,,8.181,-249186000.0,120470000.0,120470000.0,1759152000.0,143082000.0,0.658,3.32,5951917000.0,1112977000.0,4838940000.0,5951917000.0,0.0,208255000.0,0.0,0.072,0.362,394727000.0,602982000.0,0.244,602982000.0,394727000.0,223322000.0,0.42,0.42,0.42,2760899000.0,,2760899000.0,9270100351.0,6.0,3.871,-117180000.0,-0.347,1.0,714503000.0,0.289,118464000.0,171405000.0,15685964000.0,,313883000.0,1157116000.0,49343000.0,1107773000.0,9165453000.0,1953371000.0,7212082000.0,3172209351.0,-79883000.0,0.0,23035000.0,-197651000.0,-123124000.0,155965000.0,-367854000.0,-100618000.0,132006000.0,0.0,143082000.0,142022000.0,142022000.0,0.0,0.0,0.057,286601000.0,427902000.0,379083000.0,0.862,1.149,4.89,10.461,8372443000.0,1060000.0,20.19,0.338,0.726,632435000.0,1427915000.0,2473655000.0,2473655000.0,0.0,,,,,0.0,0.0,1.0,157117848.0,337466000,337634000.0,7.33,11807888000.0,0.0,80240000.0,1177512000.0,34.99,-667511000.0
85,XEL,MRQ,2000-03-31,2000-03-31,2000-03-31,2021-09-07,-105750000.0,11596293000.0,,1156471000.0,10439822000.0,,7.553,-1984982000.0,187979000.0,187979000.0,1691794000.0,153331000.0,0.562,3.572,6285870000.0,1301960000.0,4983910000.0,6285870000.0,0.0,199154000.0,0.0,0.073,0.0,357900000.0,557054000.0,0.239,557054000.0,357900000.0,218071000.0,0.45,0.45,0.45,2536625000.0,,2536625000.0,7604381602.0,7.0,3.984,-1446627000.0,-4.307,1.0,639343000.0,0.274,118528000.0,139829000.0,15516604000.0,,276856000.0,1071025000.0,43890000.0,1027135000.0,9059668000.0,2059052000.0,7000616000.0,3112995602.0,96731000.0,0.0,28341000.0,1672842000.0,-127585000.0,1573598000.0,-2015222000.0,-22590000.0,538355000.0,0.0,153331000.0,152271000.0,152271000.0,0.0,0.0,0.065,278762000.0,360581000.0,315577000.0,0.0,1.227,6.032,12.662,8300653000.0,1060000.0,19.88,0.413,0.885,546045000.0,1424506000.0,2331137000.0,2331137000.0,0.0,,,,,0.0,0.0,1.0,156589316.0,335858000,335873000.0,6.941,11477765000.0,0.0,64740000.0,1162075000.0,34.174,-902581000.0
86,XEL,MRQ,1999-12-31,1999-12-31,1999-12-31,2021-09-07,0.0,18070358000.0,,2060944000.0,16009414000.0,,15.853,-1936621000.0,139731000.0,139731000.0,2160100000.0,147323000.0,0.592,2.416,7691220000.0,1863735000.0,5827485000.0,7691220000.0,0.0,190604000.0,0.0,0.074,0.362,294973000.0,485577000.0,0.175,485577000.0,294973000.0,173694000.0,0.43,0.43,0.43,5290220000.0,,5290220000.0,6531362998.0,6.0,3.468,-1497003000.0,-4.486,1.0,608156000.0,0.22,0.0,121279000.0,22138628000.0,,562125000.0,2090088000.0,0.0,2090088000.0,12780138000.0,3483219000.0,9296919000.0,3018571998.0,12557000.0,0.0,95317000.0,671128000.0,-123841000.0,571980000.0,-999041000.0,947669000.0,439618000.0,0.0,147323000.0,146261000.0,146261000.0,0.0,0.0,0.053,322382000.0,285774000.0,793139000.0,0.842,0.571,5.337,11.471,12798949000.0,1062000.0,19.5,0.385,0.826,1210864000.0,2253800000.0,2768256000.0,2768256000.0,0.0,,,,,0.0,0.0,1.0,154798564.0,333695000,333701000.0,8.296,18070358000.0,0.0,26371000.0,2253730000.0,54.152,-1422275000.0
87,XEL,MRQ,1999-09-30,1999-09-30,1999-09-30,2021-09-07,-73614000.0,8685147000.0,,892184000.0,7792963000.0,,7.662,308572000.0,86660000.0,86660000.0,1128059000.0,209264000.0,0.465,2.409,3599451000.0,1206087000.0,2393364000.0,3599451000.0,0.0,328529000.0,0.0,0.067,0.725,420386000.0,748915000.0,0.412,748915000.0,420386000.0,302544000.0,0.63,0.63,0.63,2547629000.0,,2547629000.0,6813108134.0,5.0,2.981,940534000.0,2.829,1.0,688280000.0,0.379,124858000.0,117842000.0,10154047000.0,,169654000.0,1160362000.0,63336000.0,1097026000.0,6137518000.0,1919033000.0,4218485000.0,3324473134.0,-27666000.0,0.0,-27558000.0,267644000.0,-256527000.0,54183000.0,-713811000.0,-1010223000.0,631962000.0,0.0,209264000.0,208204000.0,208204000.0,0.0,0.0,0.115,264679000.0,423601000.0,284266000.0,1.151,1.305,4.761,12.833,5635949000.0,1060000.0,21.56,0.426,0.918,509488000.0,1437792000.0,1816339000.0,1816339000.0,0.0,,,,,0.0,0.0,1.0,154196342.0,332510000,332591000.0,5.463,8560289000.0,0.0,93280000.0,1122875000.0,25.744,-1026849000.0
88,XEL,MRQ,1999-06-30,1999-06-30,1999-06-30,2021-09-07,-64397000.0,8538625000.0,,886381000.0,7652244000.0,,16.257,-1075003000.0,98173000.0,98173000.0,223678000.0,11490000.0,0.43,2.433,3586808000.0,1434197000.0,2152611000.0,3586808000.0,0.0,100492000.0,0.0,0.059,0.357,16613000.0,117105000.0,0.187,117105000.0,16613000.0,-31051000.0,0.06,0.06,0.06,2487487000.0,,2487487000.0,,,,-1082732000.0,-7.076,1.0,403479000.0,0.643,121231000.0,47664000.0,9846359000.0,,157869000.0,1049030000.0,46502000.0,1002528000.0,6051138000.0,2059670000.0,3991468000.0,3730009513.0,39893000.0,0.0,14653000.0,1203430000.0,-56960000.0,1161123000.0,-1113501000.0,-26252000.0,-7729000.0,0.0,11490000.0,9380000.0,9380000.0,0.0,0.0,0.015,376488000.0,26991000.0,262943000.0,5.95,1.5,6.315,14.064,5591481000.0,2110000.0,24.19,0.552,0.548,492027000.0,1383257000.0,627157000.0,627157000.0,0.0,,,,,0.0,0.0,1.0,154196342.0,153012000,153118000.0,4.099,8417394000.0,0.0,-42541000.0,1038996000.0,55.011,-1173289000.0
89,XEL,MRQ,1999-03-31,1999-03-31,1999-03-31,2021-09-07,,,,,,,,-96073000.0,,,280206000.0,52321000.0,,,,,,,,98698000.0,,0.061,0.0,84411000.0,183109000.0,0.246,183109000.0,84411000.0,46063000.0,0.34,0.34,0.34,,,,,,,165505000.0,1.086,1.0,462977000.0,0.623,,38348000.0,,,,,,,,,,,15916000.0,0.0,12905000.0,-76908000.0,-55128000.0,-119131000.0,-126531000.0,-26900000.0,261578000.0,0.0,52321000.0,51261000.0,51261000.0,0.0,0.0,0.069,381581000.0,81396000.0,,0.0,,,13.483,,1060000.0,23.19,,0.52,,,743183000.0,743183000.0,0.0,,,,,0.0,0.0,1.0,,152392000,152553000.0,4.877,,,-6258000.0,,,
90,XEL,MRQ,1998-12-31,1998-12-31,1998-12-31,2021-09-07,0.0,7396297000.0,,754065000.0,6642232000.0,,7.661,-761246000.0,42364000.0,42364000.0,3842517000.0,430485000.0,0.612,1.981,2460176000.0,609030000.0,1851146000.0,2460176000.0,0.0,376053000.0,0.0,0.051,0.357,860311000.0,1236364000.0,0.268,1236364000.0,860311000.0,598428000.0,0.65,0.65,0.65,2481246000.0,,2481246000.0,,,,49418000.0,0.153,1.0,779327000.0,0.169,95915000.0,261883000.0,8485932000.0,,58806000.0,969023000.0,0.0,969023000.0,4915051000.0,1232262000.0,3682789000.0,,-62523000.0,0.0,174657000.0,44234000.0,-311629000.0,-86862000.0,-786325000.0,-20513000.0,810664000.0,0.0,430485000.0,429424000.0,429424000.0,0.0,0.0,0.093,-20929000.0,800256000.0,271799000.0,0.549,,,14.529,4677758000.0,1061000.0,27.75,,1.336,497773000.0,1432696000.0,4621844000.0,4621844000.0,0.0,,,,,0.0,0.0,1.0,,323883000,324355000.0,14.27,7300382000.0,0.0,167943000.0,1113701000.0,22.54,-478197000.0
91,XEL,MRQ,1998-09-30,1998-09-30,1998-09-30,2021-09-07,,,,,,,,-131753000.0,,,234591000.0,101694000.0,,,,,,,,95651000.0,,0.051,0.715,190567000.0,286218000.0,0.373,286218000.0,190567000.0,148932000.0,0.67,0.67,0.67,,,,,,,149202000.0,0.988,1.0,531857000.0,0.694,,41635000.0,,,,,,,,,,,48871000.0,0.0,13974000.0,-29400000.0,-54781000.0,-70207000.0,-161877000.0,-20669000.0,280955000.0,0.0,101694000.0,100634000.0,100634000.0,0.0,0.0,0.131,331613000.0,200244000.0,,1.067,,,,,1060000.0,28.06,,,,,766448000.0,766448000.0,0.0,,,,,0.0,0.0,1.0,,151026000,151227000.0,5.075,,,47238000.0,,,
92,XEL,MRQ,1998-06-30,1998-06-30,1998-06-30,2021-09-07,,,,,,,,,,,223678000.0,11490000.0,,,,,,,,,,0.049,0.352,15617000.0,,,,15617000.0,-31051000.0,0.06,0.06,0.06,,,,,,,,,1.0,435697000.0,0.661,,46668000.0,,,,,,,,,,,,,,,,,,,,,11490000.0,9380000.0,9380000.0,0.0,0.0,0.014,376488000.0,59209000.0,,5.867,,,,,2110000.0,28.63,,,,,659375000.0,659375000.0,0.0,,,,,,0.0,1.0,,153012000,153118000.0,4.309,,,-42541000.0,,,
0,XEL,MRT,2021-06-30,2021-06-30,2021-06-30,2021-09-07,-135000000.0,56779000000.0,55238750000.0,4147000000.0,52632000000.0,0.231,27.443,-4083000000.0,538000000.0,538000000.0,7566000000.0,1564000000.0,0.838,2.838,24910000000.0,2051000000.0,22859000000.0,24910000000.0,0.0,2060000000.0,196000000.0,0.027,1.775,2367000000.0,4427000000.0,0.348,4427000000.0,2367000000.0,1517000000.0,2.94,2.93,2.94,14792000000.0,14461000000.0,14792000000.0,59085063984.0,25.0,13.347,-1894000000.0,-3.514,1.0,5172000000.0,0.406,0.0,850000000.0,76201000000.0,73636000000.0,500000000.0,3629000000.0,148000000.0,3481000000.0,41987000000.0,4950000000.0,37037000000.0,35457063984.0,-1096000000.0,0.0,727000000.0,1249000000.0,-895000000.0,1077000000.0,-4362000000.0,-228000000.0,2189000000.0,0.0,1564000000.0,1564000000.0,1564000000.0,0.0,0.0,0.123,2988000000.0,2184000000.0,1273000000.0,0.604,2.397,22.671,22.408,45531000000.0,0.0,65.88,2.784,2.788,1647000000.0,6146000000.0,12738000000.0,12738000000.0,0.0,0.028,0.108,0.032,0.186,53000000.0,0.0,1.0,538206800.0,539000000,539000000.0,23.633,56779000000.0,52000000.0,-47000000.0,5235000000.0,105.341,-803000000.0
1,XEL,MRT,2021-03-31,2021-03-31,2021-03-31,2021-09-07,-138000000.0,56511000000.0,54408000000.0,4315000000.0,52196000000.0,0.225,27.323,-4102000000.0,1039000000.0,1039000000.0,7169000000.0,1540000000.0,0.885,2.844,24667000000.0,1767000000.0,22900000000.0,24667000000.0,0.0,2010000000.0,195000000.0,0.026,1.747,2364000000.0,4374000000.0,0.357,4374000000.0,2364000000.0,1518000000.0,2.9,2.89,2.9,14700000000.0,14109250000.0,14700000000.0,58022023883.0,25.0,13.265,-2059000000.0,-3.827,1.0,5087000000.0,0.415,0.0,846000000.0,75262000000.0,72042500000.0,469000000.0,3257000000.0,44000000.0,3213000000.0,41811000000.0,4877000000.0,36934000000.0,35759023883.0,795000000.0,0.0,727000000.0,3072000000.0,-875000000.0,2921000000.0,-4169000000.0,-20000000.0,2043000000.0,0.0,1540000000.0,1540000000.0,1540000000.0,0.0,0.0,0.126,2919000000.0,2168000000.0,1213000000.0,0.602,2.433,23.22,22.934,45022000000.0,0.0,66.51,2.918,2.92,1550000000.0,6082000000.0,12256000000.0,12256000000.0,0.0,0.028,0.109,0.033,0.193,56000000.0,0.0,1.0,537648833.0,538000000,539000000.0,22.781,56511000000.0,41000000.0,-22000000.0,5449000000.0,105.039,-562000000.0
2,XEL,MRT,2020-12-31,2020-12-31,2020-12-31,2021-09-07,-141000000.0,53957000000.0,53063500000.0,3275000000.0,50682000000.0,0.217,27.657,-4685000000.0,129000000.0,129000000.0,6562000000.0,1473000000.0,0.773,2.702,22392000000.0,1272000000.0,21120000000.0,22392000000.0,0.0,1959000000.0,197000000.0,0.026,1.72,2307000000.0,4266000000.0,0.37,4266000000.0,2307000000.0,1467000000.0,2.79,2.79,2.79,14575000000.0,13759750000.0,14575000000.0,56817269726.0,25.0,13.319,-1837000000.0,-3.486,1.0,4964000000.0,0.431,0.0,840000000.0,71981000000.0,69844000000.0,535000000.0,3175000000.0,49000000.0,3126000000.0,39382000000.0,4239000000.0,35143000000.0,35032269726.0,-119000000.0,0.0,727000000.0,1928000000.0,-856000000.0,1773000000.0,-4740000000.0,-20000000.0,2848000000.0,0.0,1473000000.0,1473000000.0,1473000000.0,0.0,0.0,0.128,2848000000.0,2116000000.0,1237000000.0,0.616,2.404,23.783,23.896,44440000000.0,0.0,66.67,3.039,3.048,1630000000.0,5968000000.0,11526000000.0,11526000000.0,0.0,0.028,0.107,0.033,0.2,73000000.0,0.0,1.0,525457773.0,527000000,528000000.0,21.871,53957000000.0,42000000.0,-6000000.0,5324000000.0,102.385,-964000000.0
3,XEL,MRT,2020-09-30,2020-09-30,2020-09-30,2021-09-07,-143000000.0,53708000000.0,52186250000.0,3837000000.0,49871000000.0,0.218,26.192,-4204000000.0,885000000.0,885000000.0,6461000000.0,1477000000.0,0.873,2.898,22670000000.0,1157000000.0,21513000000.0,22670000000.0,0.0,1912000000.0,201000000.0,0.025,1.695,2331000000.0,4243000000.0,0.373,4243000000.0,2331000000.0,1508000000.0,2.8,2.8,2.8,13777000000.0,13425750000.0,13777000000.0,58097872399.0,25.0,13.693,-1324000000.0,-2.517,1.0,4916000000.0,0.432,0.0,823000000.0,71100000000.0,68421750000.0,512000000.0,2913000000.0,69000000.0,2844000000.0,39931000000.0,4393000000.0,35538000000.0,36253872399.0,21000000.0,0.0,6000000.0,2239000000.0,-842000000.0,1376000000.0,-4235000000.0,-25000000.0,2880000000.0,0.0,1477000000.0,1477000000.0,1477000000.0,0.0,0.0,0.13,2776000000.0,2140000000.0,1602000000.0,0.605,2.631,24.546,24.646,43761000000.0,0.0,69.01,3.187,3.191,1485000000.0,5912000000.0,11377000000.0,11377000000.0,0.0,0.028,0.11,0.034,0.205,71000000.0,0.0,1.0,525342304.0,526000000,528000000.0,21.629,53708000000.0,78000000.0,31000000.0,5246000000.0,102.106,-556000000.0
4,XEL,MRT,2020-06-30,2020-06-30,2020-06-30,2021-09-07,-145000000.0,53456000000.0,51319250000.0,4390000000.0,49066000000.0,0.218,25.398,-5105000000.0,1625000000.0,1625000000.0,6432000000.0,1401000000.0,0.802,2.994,23469000000.0,2700000000.0,20769000000.0,23469000000.0,0.0,1846000000.0,201000000.0,0.027,1.67,2262000000.0,4108000000.0,0.367,4108000000.0,2262000000.0,1461000000.0,2.67,2.67,2.67,13385000000.0,13266750000.0,13385000000.0,53997176250.0,24.0,13.144,-2028000000.0,-3.848,1.0,4776000000.0,0.426,0.0,801000000.0,69827000000.0,66849000000.0,487000000.0,2793000000.0,72000000.0,2721000000.0,40071000000.0,5473000000.0,34598000000.0,32823176250.0,1281000000.0,0.0,458000000.0,3812000000.0,-825000000.0,3419000000.0,-5215000000.0,-20000000.0,3077000000.0,0.0,1401000000.0,1401000000.0,1401000000.0,0.0,0.0,0.125,2691000000.0,2085000000.0,1188000000.0,0.625,2.452,23.428,23.408,42353000000.0,0.0,62.5,2.929,2.939,1412000000.0,5538000000.0,11208000000.0,11208000000.0,0.0,0.027,0.106,0.034,0.202,64000000.0,0.0,1.0,525170820.0,527000000,527000000.0,21.268,53456000000.0,73000000.0,60000000.0,4959000000.0,101.435,-1083000000.0
5,XEL,MRT,2020-03-31,2020-03-31,2020-03-31,2021-09-07,-148000000.0,51133000000.0,50101250000.0,2983000000.0,48150000000.0,0.224,25.289,-4988000000.0,244000000.0,244000000.0,6476000000.0,1352000000.0,0.511,2.844,21418000000.0,3062000000.0,18356000000.0,21418000000.0,0.0,1813000000.0,202000000.0,0.027,1.645,2231000000.0,4044000000.0,0.361,4044000000.0,2231000000.0,1449000000.0,2.59,2.59,2.59,13302000000.0,13012000000.0,13302000000.0,51855542147.0,23.0,12.823,-1849000000.0,-3.515,1.0,4723000000.0,0.422,0.0,782000000.0,66468000000.0,65180000000.0,488000000.0,2513000000.0,45000000.0,2468000000.0,37831000000.0,5839000000.0,31992000000.0,31637542147.0,150000000.0,0.0,458000000.0,2492000000.0,-808000000.0,2108000000.0,-5097000000.0,-20000000.0,3139000000.0,0.0,1352000000.0,1352000000.0,1352000000.0,0.0,0.0,0.121,2650000000.0,2073000000.0,996000000.0,0.635,2.378,23.401,23.282,42036000000.0,0.0,60.3,2.825,2.832,1400000000.0,5478000000.0,11199000000.0,11199000000.0,0.0,0.027,0.104,0.034,0.199,65000000.0,0.0,1.0,524669024.0,526000000,527000000.0,21.291,51133000000.0,68000000.0,97000000.0,5093000000.0,97.211,-2856000000.0
6,XEL,MRT,2019-12-31,2019-12-31,2019-12-31,2021-09-07,-141000000.0,50448000000.0,49280500000.0,3113000000.0,47335000000.0,0.234,25.509,-4225000000.0,248000000.0,248000000.0,6806000000.0,1372000000.0,0.681,2.811,20660000000.0,1529000000.0,19131000000.0,20660000000.0,0.0,1785000000.0,203000000.0,0.026,1.62,2273000000.0,4058000000.0,0.352,4058000000.0,2273000000.0,1500000000.0,2.64,2.64,2.64,13239000000.0,12768750000.0,13239000000.0,52883400215.0,23.0,13.032,-962000000.0,-1.854,1.0,4723000000.0,0.41,0.0,773000000.0,66292000000.0,64165000000.0,544000000.0,2808000000.0,55000000.0,2753000000.0,37209000000.0,4568000000.0,32641000000.0,33293400215.0,101000000.0,0.0,458000000.0,1528000000.0,-791000000.0,1181000000.0,-4343000000.0,-20000000.0,3263000000.0,0.0,1372000000.0,1372000000.0,1372000000.0,0.0,0.0,0.119,2619000000.0,2104000000.0,1294000000.0,0.614,2.515,24.266,24.049,41155000000.0,0.0,63.49,2.888,2.858,1550000000.0,5413000000.0,11529000000.0,11529000000.0,0.0,0.028,0.107,0.035,0.197,58000000.0,0.0,1.0,524388096.0,519000000,520000000.0,22.214,50448000000.0,43000000.0,128000000.0,5024000000.0,97.202,-1455000000.0
7,XEL,MRT,2019-09-30,2019-09-30,2019-09-30,2021-09-07,-142000000.0,50240000000.0,48165250000.0,3600000000.0,46640000000.0,0.241,25.32,-4294000000.0,864000000.0,864000000.0,7002000000.0,1294000000.0,0.717,2.823,20454000000.0,1859000000.0,18595000000.0,20454000000.0,0.0,1778000000.0,203000000.0,0.025,1.595,2163000000.0,3941000000.0,0.339,3941000000.0,2163000000.0,1409000000.0,2.51,2.5,2.51,13141000000.0,12514500000.0,13141000000.0,53046043220.0,25.0,13.46,-1108000000.0,-2.135,1.0,4609000000.0,0.397,0.0,754000000.0,64809000000.0,62296250000.0,544000000.0,2682000000.0,61000000.0,2621000000.0,37099000000.0,5021000000.0,32078000000.0,33419043220.0,651000000.0,0.0,484000000.0,2177000000.0,-773000000.0,1874000000.0,-4409000000.0,-15000000.0,3186000000.0,0.0,1294000000.0,1294000000.0,1294000000.0,0.0,0.0,0.111,2616000000.0,1993000000.0,1258000000.0,0.635,2.543,25.826,25.853,40421000000.0,0.0,64.89,2.878,2.901,1444000000.0,5336000000.0,11611000000.0,11611000000.0,0.0,0.027,0.103,0.035,0.186,67000000.0,0.0,1.0,515010683.0,519000000,521000000.0,22.372,50240000000.0,39000000.0,115000000.0,4920000000.0,96.802,-1421000000.0
8,XEL,MRT,2019-06-30,2019-06-30,2019-06-30,2021-09-07,-135000000.0,48584000000.0,46814000000.0,2939000000.0,45645000000.0,0.249,23.965,-3792000000.0,353000000.0,353000000.0,7106000000.0,1258000000.0,0.581,2.929,19980000000.0,2216000000.0,17764000000.0,19980000000.0,0.0,1771000000.0,198000000.0,0.026,1.57,2106000000.0,3877000000.0,0.333,3877000000.0,2106000000.0,1374000000.0,2.45,2.45,2.45,12366000000.0,12270500000.0,12366000000.0,49599908133.0,24.0,12.793,-773000000.0,-1.498,1.0,4540000000.0,0.39,0.0,732000000.0,63151000000.0,60449750000.0,483000000.0,2682000000.0,86000000.0,2596000000.0,36218000000.0,5060000000.0,31158000000.0,30617908133.0,21000000.0,0.0,230000000.0,1373000000.0,-758000000.0,831000000.0,-3829000000.0,-20000000.0,3019000000.0,0.0,1258000000.0,1258000000.0,1258000000.0,0.0,0.0,0.108,2609000000.0,1931000000.0,1057000000.0,0.641,2.476,24.339,24.282,39414000000.0,0.0,59.49,2.629,2.636,1376000000.0,5024000000.0,11646000000.0,11646000000.0,0.0,0.027,0.103,0.035,0.181,70000000.0,0.0,1.0,514673191.0,516000000,518000000.0,22.57,48584000000.0,41000000.0,116000000.0,4712000000.0,94.155,-2121000000.0
9,XEL,MRT,2019-03-31,2019-03-31,2019-03-31,2021-09-07,-127000000.0,47850000000.0,45728000000.0,2909000000.0,44941000000.0,0.256,23.94,-3941000000.0,94000000.0,94000000.0,7210000000.0,1285000000.0,0.658,2.881,19076000000.0,1307000000.0,17769000000.0,19076000000.0,0.0,1710000000.0,200000000.0,0.027,1.545,2149000000.0,3859000000.0,0.329,3859000000.0,2149000000.0,1431000000.0,2.51,2.51,2.51,12329000000.0,12091500000.0,12329000000.0,45895180188.0,21.0,11.893,-913000000.0,-1.773,1.0,4517000000.0,0.385,0.0,718000000.0,62408000000.0,58841750000.0,445000000.0,2585000000.0,56000000.0,2529000000.0,35521000000.0,4424000000.0,31097000000.0,28605180188.0,-22000000.0,0.0,230000000.0,1443000000.0,-742000000.0,916000000.0,-3966000000.0,-19000000.0,3028000000.0,0.0,1285000000.0,1285000000.0,1285000000.0,0.0,0.0,0.11,2546000000.0,1971000000.0,1154000000.0,0.616,2.32,22.261,22.394,38733000000.0,0.0,56.21,2.439,2.469,1636000000.0,4996000000.0,11727000000.0,11727000000.0,0.0,0.028,0.106,0.037,0.183,58000000.0,0.0,1.0,508898420.0,515000000,516000000.0,22.771,47850000000.0,75000000.0,146000000.0,4862000000.0,92.913,-1515000000.0
10,XEL,MRT,2018-12-31,2018-12-31,2018-12-31,2021-09-07,-124000000.0,45987000000.0,44555250000.0,3094000000.0,42893000000.0,0.259,23.918,-3957000000.0,147000000.0,147000000.0,7084000000.0,1261000000.0,0.694,2.763,17437000000.0,1505000000.0,15932000000.0,17437000000.0,0.0,1659000000.0,199000000.0,0.031,1.52,2142000000.0,3801000000.0,0.329,3801000000.0,2142000000.0,1442000000.0,2.47,2.47,2.47,12222000000.0,11899500000.0,12222000000.0,41743328011.0,19.0,10.982,-835000000.0,-1.634,1.0,4453000000.0,0.386,0.0,700000000.0,58817000000.0,57008500000.0,548000000.0,2438000000.0,87000000.0,2351000000.0,33765000000.0,4460000000.0,29305000000.0,25317328011.0,64000000.0,0.0,230000000.0,1448000000.0,-730000000.0,928000000.0,-3986000000.0,-20000000.0,3122000000.0,0.0,1261000000.0,1261000000.0,1261000000.0,0.0,0.0,0.109,2488000000.0,1965000000.0,1237000000.0,0.615,2.071,20.077,19.947,36944000000.0,0.0,49.27,2.194,2.182,1615000000.0,4893000000.0,11537000000.0,11537000000.0,0.0,0.028,0.106,0.038,0.186,45000000.0,0.0,1.0,513848752.0,511000000,511000000.0,22.577,45987000000.0,79000000.0,181000000.0,4669000000.0,89.994,-1366000000.0
11,XEL,MRT,2018-09-30,2018-09-30,2018-09-30,2021-09-07,-119000000.0,44835000000.0,43816000000.0,3003000000.0,41832000000.0,0.261,23.853,-3669000000.0,213000000.0,213000000.0,6975000000.0,1236000000.0,0.782,2.686,16639000000.0,1024000000.0,15615000000.0,16639000000.0,0.0,1595000000.0,200000000.0,0.032,1.5,2228000000.0,3823000000.0,0.334,3823000000.0,2228000000.0,1540000000.0,2.42,2.42,2.42,12165000000.0,11707750000.0,12165000000.0,40691002321.0,18.0,10.644,-417000000.0,-0.818,1.0,4477000000.0,0.391,0.0,688000000.0,57423000000.0,56005500000.0,528000000.0,2591000000.0,76000000.0,2515000000.0,32670000000.0,3838000000.0,28832000000.0,24034002321.0,45000000.0,0.0,203000000.0,1100000000.0,-727000000.0,556000000.0,-3763000000.0,-20000000.0,3252000000.0,0.0,1236000000.0,1236000000.0,1236000000.0,0.0,0.0,0.108,2412000000.0,2065000000.0,1189000000.0,0.62,1.976,19.445,19.508,35879000000.0,0.0,47.21,2.099,2.102,1506000000.0,4876000000.0,11452000000.0,11452000000.0,0.0,0.028,0.106,0.04,0.195,38000000.0,0.0,1.0,509087107.0,510000000,511000000.0,22.455,44835000000.0,71000000.0,304000000.0,4601000000.0,87.912,-835000000.0
12,XEL,MRT,2018-06-30,2018-06-30,2018-06-30,2021-09-07,-122000000.0,44240000000.0,43224448500.0,3056000000.0,41184000000.0,0.264,22.843,-3624000000.0,332000000.0,332000000.0,6889000000.0,1237000000.0,0.731,2.797,16989000000.0,1565000000.0,15424000000.0,16989000000.0,0.0,1525000000.0,202000000.0,0.032,1.48,2352000000.0,3877000000.0,0.339,3877000000.0,2352000000.0,1673000000.0,2.43,2.43,2.43,11650000000.0,11526344250.0,11650000000.0,39282585476.0,17.0,10.132,-353000000.0,-0.692,1.0,4532000000.0,0.397,0.0,679000000.0,56719000000.0,55277661500.0,511000000.0,2520000000.0,75000000.0,2445000000.0,32590000000.0,4178000000.0,28412000000.0,23244585476.0,270000000.0,0.0,0.0,1427000000.0,-725000000.0,686000000.0,-3687000000.0,-20000000.0,3271000000.0,0.0,1237000000.0,1237000000.0,1237000000.0,0.0,0.0,0.108,2339000000.0,2193000000.0,1092000000.0,0.609,1.995,18.791,18.798,35289000000.0,0.0,45.68,2.035,2.04,1456000000.0,4580000000.0,11421000000.0,11421000000.0,0.0,0.029,0.107,0.043,0.206,35000000.0,0.0,1.0,508856950.0,510000000,510000000.0,22.394,44240000000.0,78000000.0,436000000.0,4345000000.0,86.745,-1122000000.0
13,XEL,MRT,2018-03-31,2018-03-31,2018-03-31,2021-09-07,-124000000.0,43159000000.0,42629695750.0,2782000000.0,40377000000.0,0.268,22.713,-3355000000.0,116000000.0,116000000.0,6877000000.0,1199000000.0,0.675,2.733,16154000000.0,1512000000.0,14642000000.0,16154000000.0,0.0,1513000000.0,200000000.0,0.032,1.46,2351000000.0,3864000000.0,0.339,3864000000.0,2351000000.0,1683000000.0,2.36,2.36,2.36,11561000000.0,11394633000.0,11561000000.0,38964693117.0,17.0,10.084,-60000000.0,-0.118,1.0,4531000000.0,0.397,0.0,668000000.0,55075000000.0,54511500250.0,492000000.0,2481000000.0,28000000.0,2453000000.0,31598000000.0,4122000000.0,27476000000.0,23101693117.0,42000000.0,3000000.0,0.0,908000000.0,-723000000.0,167000000.0,-3420000000.0,-29000000.0,3295000000.0,0.0,1199000000.0,1199000000.0,1199000000.0,0.0,0.0,0.105,2322000000.0,2209000000.0,1027000000.0,0.619,1.998,19.267,19.271,34679000000.0,0.0,45.48,2.025,2.029,1473000000.0,4510000000.0,11408000000.0,11408000000.0,0.0,0.028,0.105,0.043,0.206,45000000.0,0.0,1.0,507952795.0,509000000,509000000.0,22.413,43159000000.0,63000000.0,484000000.0,4506000000.0,84.792,-1340000000.0
14,XEL,MRT,2017-12-31,2017-12-31,2017-12-31,2021-09-07,-125000000.0,43030000000.0,42161281000.0,2973000000.0,40057000000.0,0.27,22.505,-3244000000.0,83000000.0,83000000.0,6884000000.0,1148000000.0,0.727,2.756,15946000000.0,1300000000.0,14646000000.0,15946000000.0,0.0,1495000000.0,193000000.0,0.03,1.44,2353000000.0,3848000000.0,0.337,3848000000.0,2353000000.0,1690000000.0,2.26,2.25,2.26,11455000000.0,11271910750.0,11455000000.0,39811730205.0,17.0,10.346,-118000000.0,-0.232,1.0,4520000000.0,0.396,0.0,663000000.0,54805000000.0,53925420000.0,610000000.0,2489000000.0,44000000.0,2445000000.0,31575000000.0,4088000000.0,27487000000.0,24428472205.0,-2000000.0,0.0,0.0,910000000.0,-721000000.0,168000000.0,-3296000000.0,-28000000.0,3126000000.0,0.0,1148000000.0,1148000000.0,1148000000.0,0.0,0.0,0.101,2297000000.0,2223000000.0,1243000000.0,0.637,2.133,21.279,21.288,34329000000.0,0.0,48.11,2.142,2.147,1561000000.0,4413000000.0,11404000000.0,11404000000.0,0.0,0.027,0.102,0.044,0.206,57000000.0,0.0,1.0,507762881.0,509000000,509000000.0,22.405,43030000000.0,68000000.0,542000000.0,4351000000.0,84.538,-1115000000.0
15,XEL,MRT,2017-09-30,2017-09-30,2017-09-30,2021-09-07,-104809000.0,42468794000.0,41692531000.0,2898874000.0,39569920000.0,0.273,22.474,-3264517000.0,167841000.0,167841000.0,6878541000.0,1185098000.0,0.868,2.713,15551099000.0,847074000.0,14704025000.0,15551099000.0,0.0,1449318000.0,190995000.0,0.03,1.42,2378359000.0,3827677000.0,0.336,3827677000.0,2378359000.0,1718639000.0,2.34,2.34,2.34,11439377000.0,11163410750.0,11439377000.0,39511409529.0,17.0,10.323,-270858000.0,-0.532,1.0,4524190000.0,0.397,0.0,659720000.0,54511646000.0,53434170000.0,616675000.0,2423922000.0,74533000.0,2349389000.0,31029417000.0,3340406000.0,27689011000.0,24027339529.0,-185445000.0,3962000.0,-29190000.0,875525000.0,-711183000.0,114639000.0,-3293743000.0,-28347000.0,2993659000.0,0.0,1185098000.0,1185098000.0,1185098000.0,0.0,0.0,0.104,2250695000.0,2273495000.0,992498000.0,0.607,2.1,20.275,20.222,33949952000.0,0.0,47.32,2.107,2.112,1433278000.0,4386050000.0,11402731000.0,11402731000.0,0.0,0.028,0.106,0.045,0.209,55128000.0,0.0,1.0,507762881.0,509000000,509000000.0,22.402,42468794000.0,55788000.0,533541000.0,7849587000.0,83.436,-441532000.0
16,XEL,MRT,2017-06-30,2017-06-30,2017-06-30,2021-09-07,-106795000.0,41860989000.0,41156520000.0,2756550000.0,39104439000.0,0.278,21.853,-3255871000.0,61382000.0,61382000.0,6968027000.0,1150893000.0,0.747,2.763,15545452000.0,1317364000.0,14228088000.0,15545452000.0,0.0,1407664000.0,190640000.0,0.031,1.4,2375423000.0,3783087000.0,0.331,3783087000.0,2375423000.0,1717846000.0,2.27,2.27,2.27,11123155000.0,11050552000.0,11123155000.0,38449474980.0,16.0,10.164,-336897000.0,-0.662,1.0,4457851000.0,0.39,0.0,657577000.0,53654355000.0,52600107000.0,542044000.0,2360485000.0,78487000.0,2281998000.0,30737834000.0,3690704000.0,27047130000.0,23296160980.0,-14771000.0,2170000.0,-31211000.0,1111546000.0,-700887000.0,357935000.0,-3291680000.0,-28441000.0,2918974000.0,0.0,1150893000.0,1150893000.0,1150893000.0,0.0,0.0,0.101,2181302000.0,2276549000.0,973642000.0,0.617,2.094,20.242,20.211,33543843000.0,0.0,45.88,2.039,2.044,1367877000.0,4079068000.0,11425878000.0,11425878000.0,0.0,0.028,0.104,0.045,0.208,48546000.0,0.0,1.0,507762881.0,509000000,509000000.0,22.448,41860989000.0,196247000.0,566953000.0,7531340000.0,82.242,-934154000.0
17,XEL,MRT,2017-03-31,2017-03-31,2017-03-31,2021-09-07,-108581000.0,41285341000.0,40563813750.0,2633154000.0,38652187000.0,0.278,21.792,-3243681000.0,73985000.0,73985000.0,6906376000.0,1120688000.0,0.71,2.729,15227299000.0,1387154000.0,13840145000.0,15227299000.0,0.0,1364239000.0,189984000.0,0.031,1.38,2346595000.0,3710834000.0,0.329,3710834000.0,2346595000.0,1690038000.0,2.21,2.21,2.21,11070111000.0,10945546750.0,11070111000.0,37511377738.0,16.0,10.109,-276231000.0,-0.544,1.0,4374351000.0,0.388,0.0,656557000.0,52730679000.0,51774491250.0,519081000.0,2257512000.0,20885000.0,2236627000.0,30215230000.0,3707976000.0,26507254000.0,22578501738.0,-27551000.0,-2740000.0,-31211000.0,1063206000.0,-691590000.0,319892000.0,-3314893000.0,-67907000.0,2967450000.0,0.0,1120688000.0,1120688000.0,1120688000.0,0.0,0.0,0.099,2132221000.0,2242130000.0,861506000.0,0.624,2.04,20.147,20.113,33158384000.0,0.0,44.45,2.002,2.002,1336693000.0,4036352000.0,11280727000.0,11280727000.0,0.0,0.028,0.102,0.045,0.208,45901000.0,0.0,1.0,507952795.0,508000000,509000000.0,22.206,41285341000.0,176998000.0,569350000.0,7605660000.0,81.27,-1074822000.0
18,XEL,MRT,2016-12-31,2016-12-31,2016-12-31,2021-09-07,-110000000.0,41155000000.0,40009939500.0,2842000000.0,38313000000.0,0.278,21.652,-3195000000.0,85000000.0,85000000.0,6787000000.0,1123000000.0,0.875,2.734,15017000000.0,674000000.0,14343000000.0,15017000000.0,0.0,1319000000.0,195000000.0,0.033,1.36,2351000000.0,3670000000.0,0.33,3670000000.0,2351000000.0,1704000000.0,2.21,2.21,2.21,11021000000.0,10845927500.0,11021000000.0,34978294756.0,15.0,9.531,-143000000.0,-0.281,1.0,4320000000.0,0.389,0.0,647000000.0,52840000000.0,51082458500.0,604000000.0,2180000000.0,38000000.0,2142000000.0,30134000000.0,3247000000.0,26887000000.0,20673678756.0,0.0,0.0,-32000000.0,934000000.0,-681000000.0,209000000.0,-3261000000.0,-68000000.0,3052000000.0,0.0,1123000000.0,1123000000.0,1123000000.0,0.0,0.0,0.101,2080000000.0,2240000000.0,1045000000.0,0.615,1.876,18.409,18.416,32842000000.0,0.0,40.7,1.861,1.865,1506000000.0,3982000000.0,11107000000.0,11107000000.0,0.0,0.028,0.104,0.046,0.212,41000000.0,0.0,1.0,507952795.0,509000000,509000000.0,21.821,41155000000.0,107000000.0,581000000.0,7304000000.0,80.855,-405000000.0
19,XEL,MRT,2016-09-30,2016-09-30,2016-09-30,2021-09-07,-104961000.0,40324750000.0,39426558750.0,3076163000.0,37248587000.0,0.278,21.59,-3683114000.0,353385000.0,353385000.0,6741278000.0,1104442000.0,0.891,2.67,14658001000.0,1100768000.0,13557233000.0,14658001000.0,0.0,1284322000.0,216978000.0,0.033,1.34,2324963000.0,3609285000.0,0.329,3609285000.0,2324963000.0,1686411000.0,2.17,2.17,2.17,10987942000.0,10740907500.0,10987942000.0,35265286986.0,15.0,9.771,-709695000.0,-1.394,1.0,4216326000.0,0.385,0.0,638552000.0,51175394000.0,50067031250.0,614908000.0,2142684000.0,42860000.0,2099824000.0,29336808000.0,3453972000.0,25882836000.0,20897177986.0,-51356000.0,-5130000.0,-1108000.0,1352429000.0,-662600000.0,665234000.0,-3690009000.0,-64317000.0,2973419000.0,0.0,1104442000.0,1104442000.0,1104442000.0,0.0,0.0,0.101,2027323000.0,2189003000.0,916534000.0,0.618,1.902,18.921,18.959,32206696000.0,0.0,41.14,1.907,1.911,1322100000.0,3924125000.0,10957604000.0,10957604000.0,0.0,0.028,0.103,0.046,0.212,45107000.0,0.0,1.0,507952795.0,508941000,509566000.0,21.53,40324750000.0,302513000.0,581969000.0,7338809000.0,79.233,-377809000.0
20,XEL,MRT,2016-06-30,2016-06-30,2016-06-30,2021-09-07,-106795000.0,39490164000.0,38852795250.0,2704099000.0,36786065000.0,0.278,21.031,-3618170000.0,76711000.0,76711000.0,6692776000.0,1073110000.0,0.771,2.69,14444820000.0,1183693000.0,13261127000.0,14444820000.0,0.0,1236916000.0,212565000.0,0.029,1.32,2280957000.0,3517873000.0,0.325,3517873000.0,2280957000.0,1655696000.0,2.11,2.11,2.11,10703134000.0,10630129500.0,10703134000.0,36827398160.0,16.0,10.469,-664189000.0,-1.305,1.0,4125993000.0,0.381,0.0,625261000.0,50351892000.0,49261528500.0,526785000.0,2085071000.0,46953000.0,2038118000.0,28787030000.0,3506381000.0,25280649000.0,22746126160.0,-59218000.0,-3406000.0,2802000.0,1286874000.0,-644091000.0,622098000.0,-3635297000.0,-75128000.0,2953981000.0,0.0,1073110000.0,1073110000.0,1073110000.0,0.0,0.0,0.099,1978232000.0,2147761000.0,921973000.0,0.626,2.125,21.196,21.223,31823282000.0,0.0,44.78,2.102,2.107,1279272000.0,3643653000.0,10818769000.0,10818769000.0,0.0,0.028,0.101,0.046,0.211,48034000.0,0.0,1.0,507952795.0,508930000,509490000.0,21.258,39490164000.0,322542000.0,582586000.0,7015885000.0,77.594,-802282000.0
21,XEL,MRT,2016-03-31,2016-03-31,2016-03-31,2021-09-07,-108608000.0,39069844000.0,38297456500.0,2732617000.0,36337227000.0,0.283,20.98,-3612710000.0,101491000.0,101491000.0,6775242000.0,1073246000.0,0.857,2.661,14182763000.0,867069000.0,13315694000.0,14182763000.0,0.0,1189373000.0,221683000.0,0.031,1.3,2267819000.0,3457192000.0,0.319,3457192000.0,2267819000.0,1661316000.0,2.11,2.11,2.11,10671634000.0,10521612500.0,10671634000.0,35332844605.0,16.0,10.22,-757554000.0,-1.489,1.0,4058812000.0,0.375,0.0,606503000.0,49962548000.0,48385800250.0,520054000.0,1996614000.0,23293000.0,1973321000.0,28398210000.0,3188568000.0,25209642000.0,21225894605.0,-31885000.0,-1939000.0,4800000.0,1335749000.0,-625385000.0,691677000.0,-3578718000.0,-24378000.0,2855156000.0,0.0,1073246000.0,1073246000.0,1073246000.0,0.0,0.0,0.099,1919787000.0,2139025000.0,809656000.0,0.616,1.989,19.777,19.82,31433406000.0,0.0,41.82,1.959,1.963,1254809000.0,3620421000.0,10834054000.0,10834054000.0,0.0,0.028,0.102,0.047,0.209,47874000.0,0.0,1.0,507553673.0,508667000,509150000.0,21.299,39069844000.0,361338000.0,588070000.0,7086690000.0,76.808,-455951000.0
22,XEL,MRT,2015-12-31,2015-12-31,2015-12-31,2021-09-07,-109753000.0,38821477000.0,37749658250.0,2770226000.0,36051251000.0,0.292,20.868,-3683000000.0,84940000.0,84940000.0,7034000000.0,984000000.0,0.683,2.662,14100051000.0,1532860000.0,12567191000.0,14100051000.0,0.0,1143000000.0,228999000.0,0.036,1.28,2122000000.0,3265000000.0,0.296,3265000000.0,2122000000.0,1527000000.0,1.94,1.94,1.94,10600920000.0,10407421500.0,10600920000.0,31232923480.0,15.0,9.566,-645000000.0,-1.27,1.0,3990000000.0,0.362,0.0,595000000.0,48778291000.0,47369043250.0,608584000.0,1987920000.0,33842000.0,1954078000.0,28220557000.0,4058297000.0,24162260000.0,18224216480.0,5000000.0,-2000000.0,7000000.0,1201000000.0,-607000000.0,590000000.0,-3623000000.0,-21000000.0,3038000000.0,0.0,984000000.0,984000000.0,984000000.0,0.0,0.0,0.089,1990000000.0,2000000000.0,960982000.0,0.66,1.719,18.521,18.51,31205851000.0,0.0,35.91,1.653,1.655,1379473000.0,3552728000.0,11024000000.0,11024000000.0,0.0,0.026,0.095,0.045,0.192,45000000.0,0.0,1.0,507496978.0,508000000,508000000.0,21.701,38821477000.0,163023000.0,543000000.0,6660050000.0,76.42,-1288071000.0
23,XEL,MRT,2015-09-30,2015-09-30,2015-09-30,2021-09-07,-103639000.0,38029696000.0,37283760000.0,3344422000.0,34685274000.0,0.303,20.756,-3084821000.0,404409000.0,404409000.0,7397041000.0,971799000.0,1.084,2.606,13413116000.0,548777000.0,12864339000.0,13413116000.0,0.0,1108169000.0,228479000.0,0.036,1.26,2078729000.0,3186898000.0,0.282,3186898000.0,2078729000.0,1492106000.0,1.92,1.92,1.92,10544830000.0,10310812000.0,10544830000.0,31077774620.0,15.0,9.752,60246000.0,0.119,1.0,3910252000.0,0.346,0.0,586623000.0,47953383000.0,46623500750.0,644963000.0,1910545000.0,48110000.0,1862435000.0,27484866000.0,3085020000.0,24399846000.0,17960353620.0,266541000.0,-988000.0,7457000.0,743096000.0,-596042000.0,143217000.0,-3021743000.0,-21536000.0,3145067000.0,0.0,971799000.0,971799000.0,971799000.0,0.0,0.0,0.086,1959500000.0,1950752000.0,924260000.0,0.656,1.703,18.482,18.443,29828609000.0,0.0,35.41,1.588,1.591,1287297000.0,3506861000.0,11307293000.0,11307293000.0,0.0,0.026,0.094,0.045,0.184,45418000.0,0.0,1.0,507211342.0,508031000,508427000.0,22.257,38029696000.0,469724000.0,520307000.0,6838810000.0,74.857,259402000.0
24,XEL,MRT,2015-06-30,2015-06-30,2015-06-30,2021-09-07,-105186000.0,37268809000.0,36617196250.0,3048922000.0,34219887000.0,0.308,20.226,-3102002000.0,135597000.0,135597000.0,7497659000.0,913918000.0,0.862,2.629,13253018000.0,1185201000.0,12067817000.0,13253018000.0,0.0,1083021000.0,241546000.0,0.039,1.24,1968441000.0,3051462000.0,0.271,3051462000.0,1968441000.0,1391165000.0,1.81,1.81,1.81,10269066000.0,10213269500.0,10269066000.0,29103905256.0,15.0,9.538,27018000.0,0.053,1.0,3778129000.0,0.335,0.0,577276000.0,46848979000.0,45740479750.0,532703000.0,1997062000.0,63603000.0,1933459000.0,26999743000.0,3537251000.0,23462492000.0,16312508256.0,36057000.0,-1008000.0,7634000.0,512818000.0,-585072000.0,-75914000.0,-3017049000.0,-7278000.0,3129020000.0,0.0,913918000.0,913918000.0,913918000.0,0.0,0.0,0.081,1947509000.0,1830620000.0,830278000.0,0.685,1.589,17.849,17.779,29350364000.0,0.0,32.18,1.447,1.449,1258934000.0,3243645000.0,11275788000.0,11275788000.0,0.0,0.025,0.089,0.043,0.175,42619000.0,0.0,1.0,506914489.0,507707000,508074000.0,22.209,37268809000.0,551565000.0,477247000.0,6601277000.0,73.406,-488329000.0
25,XEL,MRT,2015-03-31,2015-03-31,2015-03-31,2021-09-07,-106688000.0,36878651000.0,35979405000.0,3057446000.0,33821205000.0,0.318,20.148,-3147772000.0,133044000.0,133044000.0,7709313000.0,912151000.0,0.81,2.61,12924441000.0,1246014000.0,11678427000.0,12924441000.0,0.0,1063560000.0,253895000.0,0.035,1.22,1956229000.0,3019789000.0,0.264,3019789000.0,1956229000.0,1383775000.0,1.81,1.81,1.81,10214870000.0,10126196000.0,10214870000.0,30516152280.0,16.0,10.105,-95541000.0,-0.188,1.0,3736437000.0,0.326,0.0,572454000.0,45895520000.0,45106160500.0,505213000.0,1958069000.0,38905000.0,1919164000.0,26663781000.0,3774528000.0,22889253000.0,17613332280.0,731000.0,-1536000.0,118661000.0,469406000.0,-573403000.0,3370000.0,-3054870000.0,-7207000.0,3052231000.0,0.0,912151000.0,912151000.0,912151000.0,0.0,0.0,0.08,1931454000.0,1804983000.0,898003000.0,0.674,1.724,19.31,19.232,28966911000.0,0.0,34.81,1.539,1.542,1371315000.0,3209904000.0,11445750000.0,11445750000.0,0.0,0.025,0.09,0.043,0.171,37044000.0,0.0,1.0,505984840.0,506983000,507393000.0,22.576,36878651000.0,501754000.0,471624000.0,6638403000.0,72.741,-717082000.0
26,XEL,MRT,2014-12-31,2014-12-31,2014-12-31,2021-09-07,-108139000.0,36957884000.0,35309430250.0,3364380000.0,33593504000.0,0.331,20.273,-3199791000.0,79608000.0,79608000.0,7951352000.0,1021306000.0,0.828,2.618,12982428000.0,1298858000.0,11683570000.0,12982428000.0,0.0,1036515000.0,256945000.0,0.033,1.2,2111729000.0,3148244000.0,0.269,3148244000.0,2111729000.0,1545121000.0,2.03,2.03,2.03,10214482000.0,10009334500.0,10214482000.0,30692965354.0,15.0,9.749,-540305000.0,-1.072,1.0,3734783000.0,0.32,0.0,566608000.0,45796121000.0,44400550250.0,597183000.0,1972138000.0,85723000.0,1886415000.0,26743402000.0,4064583000.0,22678819000.0,18164238354.0,-27536000.0,-2376000.0,180798000.0,822136000.0,-561411000.0,430229000.0,-3117251000.0,-7139000.0,2659486000.0,0.0,1021306000.0,1021306000.0,1021306000.0,0.0,0.0,0.087,1786653000.0,1948130000.0,1173006000.0,0.591,1.778,17.785,17.695,28756916000.0,0.0,35.92,1.554,1.549,1554998000.0,3220958000.0,11686135000.0,11686135000.0,0.0,0.029,0.102,0.048,0.181,32189000.0,0.0,1.0,505685923.0,503847000,504117000.0,23.194,36957884000.0,431698000.0,523815000.0,6323299000.0,73.351,-700203000.0
27,XEL,MRT,2014-09-30,2014-09-30,2014-09-30,2021-09-07,-102001000.0,35363441000.0,34546831750.0,3196594000.0,32166847000.0,0.333,20.065,-3205348000.0,137868000.0,137868000.0,7841827000.0,975022000.0,0.921,2.482,12666595000.0,977430000.0,11689165000.0,12666595000.0,0.0,1030926000.0,262734000.0,0.039,1.18,2050206000.0,3081132000.0,0.268,3081132000.0,2050206000.0,1484320000.0,1.94,1.94,1.94,10154660000.0,9847201500.0,10154660000.0,28017239621.0,14.0,9.093,-619879000.0,-1.225,1.0,3646502000.0,0.317,0.0,565886000.0,44421299000.0,43533762750.0,634262000.0,1991193000.0,120654000.0,1870539000.0,25208781000.0,3470869000.0,21737912000.0,15363252621.0,36034000.0,-6306000.0,180986000.0,956405000.0,-549480000.0,587911000.0,-3137346000.0,-20728000.0,2585469000.0,0.0,975022000.0,975022000.0,975022000.0,0.0,0.0,0.085,1764040000.0,1882462000.0,1061385000.0,0.608,1.513,15.757,15.67,27630363000.0,0.0,30.4,1.337,1.339,1335037000.0,3177387000.0,11488329000.0,11488329000.0,0.0,0.028,0.099,0.047,0.178,12787000.0,0.0,1.0,505370152.0,506082000,506365000.0,22.701,35363441000.0,283047000.0,509298000.0,6197815000.0,69.877,-274275000.0
28,XEL,MRT,2014-06-30,2014-06-30,2014-06-30,2021-09-07,-103366000.0,34717644000.0,33987634500.0,3123820000.0,31593824000.0,0.337,19.713,-3337177000.0,99540000.0,99540000.0,7841861000.0,971192000.0,1.021,2.499,12753527000.0,806196000.0,11947331000.0,12753527000.0,0.0,1004099000.0,268690000.0,0.036,1.16,2045079000.0,3049178000.0,0.267,3049178000.0,2045079000.0,1477870000.0,1.94,1.94,1.94,9920772000.0,9695358000.0,9920772000.0,28520559333.0,14.0,9.354,-787855000.0,-1.565,1.0,3598999000.0,0.315,0.0,567209000.0,44311702000.0,42910019000.0,501270000.0,2053320000.0,154940000.0,1898380000.0,24796872000.0,3059929000.0,21736943000.0,16178484333.0,40719000.0,-7470000.0,181227000.0,1080813000.0,-538011000.0,724029000.0,-3232632000.0,-20682000.0,2549322000.0,0.0,971192000.0,971192000.0,971192000.0,0.0,0.0,0.085,1717104000.0,1881895000.0,967251000.0,0.598,1.631,16.658,16.613,27070377000.0,0.0,32.23,1.414,1.418,1352403000.0,2961406000.0,11440860000.0,11440860000.0,0.0,0.029,0.1,0.048,0.179,16856000.0,0.0,1.0,501969728.0,503272000,503456000.0,22.733,34717644000.0,282765000.0,506678000.0,5896910000.0,68.984,63891000.0
29,XEL,MRT,2014-03-31,2014-03-31,2014-03-31,2021-09-07,-104820000.0,34198752000.0,33374789000.0,3129346000.0,31069406000.0,0.34,19.513,-3428584000.0,132313000.0,132313000.0,7766639000.0,972885000.0,0.902,2.508,12474388000.0,1069491000.0,11404897000.0,12474388000.0,0.0,999182000.0,272583000.0,0.038,1.14,2048860000.0,3048042000.0,0.269,3048042000.0,2048860000.0,1474198000.0,1.95,1.95,1.95,9747424000.0,9540226250.0,9747424000.0,27204007659.0,13.0,8.925,-894227000.0,-1.79,1.0,3568038000.0,0.315,0.0,574662000.0,43073079000.0,42135999000.0,436237000.0,1930855000.0,70275000.0,1860580000.0,24451328000.0,3467748000.0,20983580000.0,15128028659.0,19353000.0,-8434000.0,135231000.0,1172304000.0,-521649000.0,785886000.0,-3300890000.0,-20946000.0,2534357000.0,0.0,972885000.0,972885000.0,972885000.0,0.0,0.0,0.086,1681115000.0,1886923000.0,1061874000.0,0.585,1.552,15.55,15.569,26541482000.0,0.0,30.36,1.335,1.338,1460911000.0,2918215000.0,11334677000.0,11334677000.0,0.0,0.029,0.102,0.049,0.181,21816000.0,0.0,1.0,498288164.0,499523000,499746000.0,22.691,34198752000.0,252658000.0,501313000.0,5951697000.0,68.463,-338402000.0
30,XEL,MRT,2013-12-31,2013-12-31,2013-12-31,2021-09-07,-106275000.0,33907490000.0,32722019750.0,3218040000.0,30689450000.0,0.334,19.283,-3358207000.0,107144000.0,107144000.0,7408278000.0,948234000.0,0.881,2.545,12183123000.0,1063145000.0,11119978000.0,12183123000.0,0.0,1001843000.0,275555000.0,0.04,1.11,2007409000.0,3009252000.0,0.276,3009252000.0,2007409000.0,1432210000.0,1.91,1.91,1.91,9565950000.0,9392148500.0,9565950000.0,25542780211.0,13.0,8.488,-774171000.0,-1.561,1.0,3506644000.0,0.321,0.0,575199000.0,42328971000.0,41438521750.0,576538000.0,1932539000.0,91707000.0,1840832000.0,24341540000.0,3654498000.0,20687042000.0,13904047211.0,24821000.0,-7504000.0,231767000.0,936444000.0,-514042000.0,654169000.0,-3213384000.0,-20590000.0,2584036000.0,0.0,948234000.0,948234000.0,948234000.0,0.0,0.0,0.087,1659089000.0,1847555000.0,1261238000.0,0.581,1.453,14.663,14.628,26122159000.0,0.0,27.94,1.274,1.27,1431390000.0,2807983000.0,10914922000.0,10914922000.0,0.0,0.029,0.101,0.048,0.184,24613000.0,0.0,1.0,497639485.0,496073000,496532000.0,22.003,33907490000.0,401762000.0,483976000.0,5789051000.0,68.352,-436458000.0
31,XEL,MRT,2013-09-30,2013-09-30,2013-09-30,2021-09-07,-109980000.0,33126652000.0,32030318750.0,3120741000.0,30005911000.0,0.335,19.166,-3218564000.0,101834000.0,101834000.0,7258675000.0,938349000.0,1.099,2.47,11740567000.0,609267000.0,11131300000.0,11740567000.0,0.0,976695000.0,266676000.0,0.04,1.1,1994175000.0,2970870000.0,0.277,2970870000.0,1994175000.0,1419067000.0,1.9,1.89,1.9,9547286000.0,9219180250.0,9547286000.0,25384103543.0,13.0,8.544,-782821000.0,-1.571,1.0,3476560000.0,0.324,0.0,575108000.0,41926324000.0,40706453500.0,604628000.0,1868568000.0,92687000.0,1775881000.0,23579366000.0,2839061000.0,20740305000.0,13737933543.0,-645439000.0,-3619000.0,231592000.0,227703000.0,-506337000.0,-47042000.0,-3034140000.0,-19750000.0,2435743000.0,0.0,938349000.0,938349000.0,938349000.0,68000.0,0.0,0.087,1638190000.0,1838370000.0,965572000.0,0.579,1.439,14.641,14.532,25342578000.0,0.0,27.61,1.28,1.281,1362585000.0,2797486000.0,10735235000.0,10735235000.0,0.0,0.029,0.102,0.049,0.186,34446000.0,0.0,1.0,497570936.0,498149000,498641000.0,21.55,33126652000.0,325972000.0,480718000.0,5602399000.0,66.499,281680000.0
32,XEL,MRT,2013-06-30,2013-06-30,2013-06-30,2021-09-07,-111835000.0,32266262000.0,31513030250.0,2818200000.0,29448062000.0,0.338,18.685,-3063425000.0,58821000.0,58821000.0,7098339000.0,971703000.0,1.045,2.469,11704991000.0,665939000.0,11039052000.0,11704991000.0,0.0,987243000.0,261684000.0,0.038,1.09,2046202000.0,3033445000.0,0.285,3033445000.0,2046202000.0,1461917000.0,1.99,1.97,1.99,9300245000.0,9044899500.0,9300245000.0,25313773309.0,12.0,8.345,-849740000.0,-1.707,1.0,3538899000.0,0.333,0.0,584285000.0,41215622000.0,39900009250.0,494890000.0,1823506000.0,100215000.0,1723291000.0,22966017000.0,2696810000.0,20269207000.0,14091761309.0,-4709000.0,-2767000.0,231465000.0,937337000.0,-498639000.0,670163000.0,-2888557000.0,-18149000.0,2213685000.0,0.0,971703000.0,971703000.0,971703000.0,109000.0,0.0,0.091,1645208000.0,1893691000.0,998607000.0,0.548,1.515,14.502,14.241,24813411000.0,0.0,28.34,1.325,1.326,1345363000.0,2572935000.0,10637238000.0,10637238000.0,0.0,0.031,0.107,0.051,0.192,28468000.0,0.0,1.0,497239284.0,497747000,498036000.0,21.371,32266262000.0,158350000.0,490214000.0,5143576000.0,64.825,121390000.0
33,XEL,MRT,2013-03-31,2013-03-31,2013-03-31,2021-09-07,-113620000.0,31587675000.0,30901500500.0,2704671000.0,28883004000.0,0.334,18.692,-2825242000.0,112960000.0,112960000.0,6812182000.0,957906000.0,1.071,2.45,11334972000.0,462691000.0,10872281000.0,11334972000.0,0.0,963609000.0,259200000.0,0.036,1.08,2040381000.0,3003990000.0,0.291,3003990000.0,2040381000.0,1451028000.0,1.97,1.95,1.97,9155113000.0,8863214500.0,9155113000.0,25669464528.0,13.0,8.545,-655641000.0,-1.339,1.0,3520811000.0,0.341,0.0,589353000.0,40283170000.0,38793418750.0,447709000.0,1834370000.0,59554000.0,1774816000.0,22432562000.0,2526517000.0,19906045000.0,14472379528.0,13218000.0,-1039000.0,166536000.0,816296000.0,-492021000.0,490811000.0,-2647194000.0,-16240000.0,2169601000.0,0.0,957906000.0,957906000.0,957906000.0,124000.0,0.0,0.093,1623666000.0,1897145000.0,932547000.0,0.548,1.581,15.108,15.076,24219231000.0,0.0,29.7,1.401,1.408,1375970000.0,2516332000.0,10332993000.0,10332993000.0,0.0,0.031,0.108,0.053,0.197,31254000.0,0.0,1.0,487285506.0,489781000,490531000.0,21.097,31587675000.0,93193000.0,493122000.0,5140133000.0,64.493,178154000.0
34,XEL,MRT,2012-12-31,2012-12-31,2012-12-31,2021-09-07,-112653000.0,31140686000.0,30367895000.0,2625139000.0,28515547000.0,0.334,18.188,-2570209000.0,82323000.0,82323000.0,6710036000.0,905229000.0,0.894,2.509,11279408000.0,892637000.0,10386771000.0,11279408000.0,0.0,943702000.0,252888000.0,0.04,1.07,1956984000.0,2900686000.0,0.286,2900686000.0,1956984000.0,1355432000.0,1.86,1.85,1.86,8874077000.0,8708854000.0,8874077000.0,23827900994.0,12.0,8.215,-565453000.0,-1.159,1.0,3418187000.0,0.337,0.0,601552000.0,39400698000.0,37772561750.0,535574000.0,1813175000.0,69013000.0,1744162000.0,22266609000.0,2937073000.0,19329536000.0,13024317994.0,21639000.0,-980000.0,-33786000.0,870368000.0,-486757000.0,349825000.0,-2332942000.0,-14949000.0,2004756000.0,0.0,905229000.0,905229000.0,905229000.0,0.0,0.0,0.089,1595504000.0,1822683000.0,959093000.0,0.575,1.468,14.388,14.36,23809348000.0,0.0,26.71,1.286,1.287,1381409000.0,2413816000.0,10128223000.0,10128223000.0,0.0,0.03,0.104,0.052,0.193,26970000.0,0.0,1.0,487619543.0,487899000,488434000.0,20.759,31140686000.0,32528000.0,450203000.0,4852111000.0,63.826,-311934000.0
35,XEL,MRT,2012-09-30,2012-09-30,2012-09-30,2021-09-07,-109600000.0,31057498000.0,29957040250.0,3370844000.0,27686654000.0,0.339,18.132,-2407204000.0,747273000.0,747273000.0,6743369000.0,905568000.0,1.067,2.509,11550856000.0,1196588000.0,10354268000.0,11550856000.0,0.0,906547000.0,252879000.0,0.038,1.06,1974274000.0,2880821000.0,0.284,2880821000.0,1974274000.0,1364207000.0,1.87,1.86,1.87,8850163000.0,8610884250.0,8850163000.0,24310455075.0,12.0,8.439,-353879000.0,-0.725,1.0,3402129000.0,0.335,0.0,610067000.0,38700547000.0,36997740250.0,562721000.0,1794108000.0,79988000.0,1714120000.0,22207335000.0,3160534000.0,19046801000.0,13510116075.0,553118000.0,-1457000.0,-3431000.0,1290604000.0,-485958000.0,696235000.0,-2196442000.0,-2000.0,2053325000.0,0.0,905568000.0,905568000.0,905568000.0,162000.0,0.0,0.089,1551842000.0,1850287000.0,885099000.0,0.567,1.527,14.919,14.818,23401597000.0,0.0,27.71,1.332,1.333,1226463000.0,2406016000.0,10145498000.0,10145498000.0,0.0,0.03,0.105,0.053,0.195,33949000.0,0.0,1.0,487553810.0,488084000,488578000.0,20.786,31057498000.0,225877000.0,458639000.0,4899835000.0,63.631,210310000.0
36,XEL,MRT,2012-06-30,2012-06-30,2012-06-30,2021-09-07,-102006000.0,29820143000.0,29327129250.0,2560408000.0,27259735000.0,0.35,17.579,-2186860000.0,63858000.0,63858000.0,6925544000.0,845794000.0,0.668,2.478,10864197000.0,1904430000.0,8959767000.0,10864197000.0,0.0,909957000.0,244922000.0,0.037,1.05,1899251000.0,2809208000.0,0.274,2809208000.0,1899251000.0,1294892000.0,1.74,1.74,1.74,8573505000.0,8506169250.0,8573505000.0,24288586829.0,13.0,8.646,-39158000.0,-0.08,1.0,3327211000.0,0.325,0.0,604359000.0,36789260000.0,36308622250.0,473137000.0,1747586000.0,88368000.0,1659218000.0,21246638000.0,3831222000.0,17415416000.0,13834055829.0,-38073000.0,-1864000.0,-3236000.0,518276000.0,-481555000.0,-71495000.0,-2114280000.0,13000.0,2147702000.0,0.0,845794000.0,841120000.0,841120000.0,84000.0,0.0,0.082,1545862000.0,1781349000.0,871069000.0,0.603,1.614,16.447,16.328,23047854000.0,4674000.0,28.41,1.349,1.351,1194992000.0,2140639000.0,10252755000.0,10252755000.0,0.0,0.029,0.099,0.052,0.185,41956000.0,0.0,1.0,486943183.0,487717000,488017000.0,21.022,29820143000.0,178470000.0,449098000.0,4620374000.0,61.142,-1270814000.0
37,XEL,MRT,2012-03-31,2012-03-31,2012-03-31,2021-09-07,-67515000.0,29453253000.0,28872899500.0,2542834000.0,26910419000.0,0.361,17.518,-2162446000.0,108797000.0,108797000.0,7132984000.0,821496000.0,0.686,2.45,10563328000.0,1704813000.0,8858515000.0,10563328000.0,0.0,912733000.0,247224000.0,0.039,1.04,1852102000.0,2764835000.0,0.265,2764835000.0,1852102000.0,1253326000.0,1.69,1.69,1.69,8537671000.0,8421434250.0,8537671000.0,23218621752.0,13.0,8.398,61116000.0,0.125,1.0,3283325000.0,0.315,0.0,598776000.0,36199742000.0,35998511250.0,474359000.0,1745899000.0,61971000.0,1683928000.0,20915582000.0,3708042000.0,17207540000.0,12825837752.0,5404000.0,-1717000.0,-3425000.0,391013000.0,-478301000.0,-195693000.0,-2022465000.0,0.0,2223562000.0,0.0,821496000.0,815762000.0,815762000.0,-22000.0,0.0,0.078,1548224000.0,1735101000.0,786187000.0,0.615,1.502,15.723,15.663,22672686000.0,5734000.0,26.47,1.231,1.238,1209555000.0,2089275000.0,10416309000.0,10416309000.0,0.0,0.028,0.097,0.051,0.178,38994000.0,0.0,1.0,484542416.0,487360000,487995000.0,21.373,29453253000.0,162353000.0,431830000.0,4657807000.0,60.434,-1165208000.0
38,XEL,MRT,2011-12-31,2011-12-31,2011-12-31,2021-09-07,-94035000.0,29497267000.0,28376248500.0,2982564000.0,26514703000.0,0.375,17.488,-2205567000.0,155971000.0,155971000.0,7326356000.0,841172000.0,0.831,2.478,10548755000.0,1436336000.0,9112419000.0,10548755000.0,0.0,908853000.0,248345000.0,0.037,1.032,1900788000.0,2809641000.0,0.264,2809641000.0,1900788000.0,1309488000.0,1.72,1.72,1.72,8482198000.0,8332387250.0,8482198000.0,23463580737.0,12.0,8.351,199955000.0,0.412,1.0,3328414000.0,0.312,0.0,591300000.0,36301412000.0,35710626250.0,618232000.0,1680742000.0,64340000.0,1616402000.0,21015069000.0,3588639000.0,17426430000.0,13404176737.0,-47753000.0,-2446000.0,38691000.0,335575000.0,-474760000.0,-205474000.0,-2247801000.0,0.0,2405522000.0,0.0,841172000.0,834378000.0,834378000.0,0.0,0.0,0.078,1546812000.0,1781602000.0,902078000.0,0.6,1.58,16.065,16.07,22353367000.0,6794000.0,27.64,1.258,1.258,1441860000.0,2032556000.0,10654770000.0,10654770000.0,0.0,0.029,0.1,0.053,0.178,45006000.0,0.0,1.0,484955743.0,485039000,485615000.0,21.967,29497267000.0,178446000.0,468316000.0,4396833000.0,60.814,-606075000.0
39,XEL,MRT,2011-09-30,2011-09-30,2011-09-30,2021-09-07,-80969000.0,28537854000.0,27848854250.0,2861473000.0,25676381000.0,0.383,17.372,-2903084000.0,294162000.0,294162000.0,7334181000.0,837297000.0,1.079,2.385,10353566000.0,637928000.0,9715638000.0,10353566000.0,0.0,934033000.0,256764000.0,0.042,1.025,1884666000.0,2818699000.0,0.265,2818699000.0,1884666000.0,1298806000.0,1.73,1.72,1.73,8431303000.0,8232717500.0,8431303000.0,22148064219.0,12.0,7.858,-611347000.0,-1.26,1.0,3319113000.0,0.312,0.0,585860000.0,35944075000.0,35354125750.0,608007000.0,1608170000.0,50281000.0,1557889000.0,20106551000.0,2653183000.0,17453368000.0,11963713219.0,-29456000.0,-3695000.0,457553000.0,629268000.0,-461293000.0,625528000.0,-2946721000.0,-2370000.0,2291737000.0,0.0,837297000.0,829442000.0,829442000.0,-361000.0,0.0,0.078,1559142000.0,1759971000.0,837259000.0,0.592,1.419,14.424,14.272,21729488000.0,7855000.0,24.69,1.123,1.125,1304960000.0,2019440000.0,10653294000.0,10653294000.0,0.0,0.03,0.101,0.053,0.177,40478000.0,0.0,1.0,484557036.0,485344000,485894000.0,21.95,28537854000.0,0.0,461509000.0,4147970000.0,58.799,208290000.0
40,XEL,MRT,2011-06-30,2011-06-30,2011-06-30,2021-09-07,-50983000.0,28003224000.0,27289757250.0,2478963000.0,25524261000.0,0.383,16.981,-3015803000.0,101603000.0,101603000.0,7252540000.0,811271000.0,0.939,2.401,10285954000.0,749917000.0,9536037000.0,10285954000.0,0.0,913379000.0,258161000.0,0.042,1.017,1828374000.0,2741753000.0,0.262,2741753000.0,1828374000.0,1245676000.0,1.72,1.7,1.72,8234565000.0,8026311000.0,8234565000.0,21831796711.0,12.0,7.963,-911960000.0,-1.881,1.0,3197943000.0,0.306,0.0,582698000.0,35548816000.0,34670039250.0,484772000.0,1739957000.0,53832000.0,1686125000.0,19768659000.0,2638759000.0,17129900000.0,11765487711.0,26914000.0,-6102000.0,456753000.0,879937000.0,-451438000.0,885252000.0,-2962181000.0,-4646000.0,2103843000.0,0.0,811271000.0,807030000.0,807030000.0,-142000.0,0.0,0.077,1520838000.0,1677105000.0,957521000.0,0.591,1.429,14.579,14.128,21513539000.0,4241000.0,24.3,1.126,1.128,1270415000.0,1812505000.0,10450483000.0,10450483000.0,0.0,0.03,0.101,0.053,0.175,39636000.0,0.0,1.0,484176449.0,484918000,485241000.0,21.551,28003224000.0,0.0,434405000.0,3944759000.0,57.748,-159796000.0
41,XEL,MRT,2011-03-31,2011-03-31,2011-03-31,2021-09-07,-51847000.0,27466649000.0,26679754250.0,2514129000.0,24952520000.0,0.387,16.916,-2919962000.0,94338000.0,94338000.0,7195405000.0,792285000.0,1.012,2.357,10160647000.0,617060000.0,9543587000.0,10160647000.0,0.0,890922000.0,265213000.0,0.042,1.01,1796838000.0,2687760000.0,0.26,2687760000.0,1796838000.0,1219023000.0,1.69,1.67,1.69,8181483000.0,7815625250.0,8181483000.0,21004752064.0,12.0,7.815,-918154000.0,-1.898,1.0,3124620000.0,0.303,0.0,577815000.0,35048202000.0,33841837500.0,442205000.0,1744679000.0,55932000.0,1688747000.0,19285166000.0,2484756000.0,16800410000.0,10980499064.0,8956000.0,-7710000.0,456547000.0,963327000.0,-441766000.0,978108000.0,-2970960000.0,-4310000.0,2001808000.0,0.0,792285000.0,788044000.0,788044000.0,-4202000.0,0.0,0.076,1481653000.0,1642967000.0,848568000.0,0.598,1.342,13.934,14.136,20908333000.0,4241000.0,23.89,1.064,1.12,1316116000.0,1781386000.0,10320025000.0,10320025000.0,0.0,0.03,0.101,0.053,0.174,38573000.0,0.0,1.0,459627420.0,483641000,484301000.0,21.338,27466649000.0,0.0,426738000.0,3971087000.0,56.791,29373000.0
42,XEL,MRT,2010-12-31,2010-12-31,2010-12-31,2021-09-07,-53093000.0,27387690000.0,26146717250.0,2732643000.0,24655047000.0,0.394,17.495,-2860865000.0,108437000.0,108437000.0,7260375000.0,755834000.0,1.077,2.388,10132690000.0,583560000.0,9549130000.0,10132690000.0,0.0,872186000.0,269087000.0,0.043,1.002,1769760000.0,2641946000.0,0.256,2641946000.0,1769760000.0,1192469000.0,1.63,1.62,1.63,8083519000.0,7609222250.0,8083519000.0,19941406313.0,11.0,7.548,-966923000.0,-2.093,1.0,3050572000.0,0.296,0.0,577291000.0,34875410000.0,32921887750.0,560800000.0,1714540000.0,54079000.0,1660461000.0,19304171000.0,2536533000.0,16767638000.0,10835659313.0,-7211000.0,-8046000.0,457258000.0,880423000.0,-432110000.0,905571000.0,-2806724000.0,4935000.0,1893942000.0,0.0,755834000.0,751593000.0,751593000.0,-3878000.0,0.0,0.073,1430603000.0,1619969000.0,979750000.0,0.615,1.34,14.417,14.448,20663082000.0,4241000.0,23.55,1.051,1.055,1427165000.0,1701703000.0,10310947000.0,10310947000.0,0.0,0.029,0.099,0.054,0.172,35807000.0,0.0,1.0,460112922.0,462052000,463391000.0,22.316,27387690000.0,0.0,436635000.0,3737284000.0,59.274,196110000.0
43,XEL,MRT,2010-09-30,2010-09-30,2010-09-30,2021-09-07,0.0,26301466000.0,25626285000.0,2529513000.0,23771953000.0,0.404,16.517,-2028909000.0,213455000.0,213455000.0,7318848000.0,788085000.0,1.15,2.458,9319202000.0,454443000.0,8864759000.0,9319202000.0,0.0,861123000.0,274310000.0,0.043,0.995,1815123000.0,2676246000.0,0.258,2676246000.0,1815123000.0,1243782000.0,1.7,1.7,1.7,7605677000.0,7409153750.0,7605677000.0,19576415886.0,11.0,7.315,-218496000.0,-0.475,1.0,3043281000.0,0.294,0.0,571341000.0,33207729000.0,32039555250.0,591725000.0,1443300000.0,0.0,1443300000.0,18695789000.0,2199484000.0,16496305000.0,10557951886.0,120772000.0,-9673000.0,21828000.0,677847000.0,-427789000.0,271886000.0,-1961527000.0,26651000.0,1810413000.0,0.0,788085000.0,783844000.0,783844000.0,-1783000.0,0.0,0.076,1392423000.0,1650858000.0,794381000.0,0.585,1.388,13.469,13.512,19444841000.0,4241000.0,22.97,1.019,1.021,1238240000.0,,10362129000.0,10362129000.0,0.0,0.031,0.106,0.057,0.175,43692000.0,0.0,1.0,459640918.0,460471000,462019000.0,22.503,26301466000.0,0.0,455697000.0,3935369000.0,57.119,330029000.0
44,XEL,MRT,2010-06-30,2010-06-30,2010-06-30,2021-09-07,0.0,25563212000.0,25321220500.0,2263947000.0,23299265000.0,0.397,16.068,-1797465000.0,65988000.0,65988000.0,7148135000.0,696607000.0,0.965,2.458,9084452000.0,674637000.0,8409815000.0,9084452000.0,0.0,837576000.0,281302000.0,0.048,0.987,1687553000.0,2525129000.0,0.251,2525129000.0,1687553000.0,1121714000.0,1.5,1.51,1.5,7391822000.0,7305529500.0,7391822000.0,18265375948.0,11.0,7.233,-97110000.0,-0.211,1.0,2899769000.0,0.289,0.0,565839000.0,32236009000.0,31544732500.0,464383000.0,1376601000.0,0.0,1376601000.0,18171390000.0,2345667000.0,15825723000.0,9471635948.0,-316765000.0,-20141000.0,21762000.0,120038000.0,-423450000.0,-281650000.0,-1735470000.0,28135000.0,1700355000.0,0.0,696607000.0,692366000.0,692366000.0,-1000000.0,0.0,0.069,1352393000.0,1547376000.0,842277000.0,0.658,1.281,13.68,13.74,19074194000.0,4241000.0,20.61,0.943,0.944,1216475000.0,,10047904000.0,10047904000.0,0.0,0.027,0.095,0.053,0.168,28198000.0,0.0,1.0,459565063.0,460041000,460432000.0,21.841,25563212000.0,0.0,425107000.0,3710923000.0,55.567,-81720000.0
45,XEL,MRT,2010-03-31,2010-03-31,2010-03-31,2021-09-07,0.0,25334501000.0,25177230250.0,2344294000.0,22990207000.0,0.388,16.029,-1781012000.0,79504000.0,79504000.0,6933617000.0,673938000.0,0.849,2.444,8873244000.0,1010356000.0,7862888000.0,8873244000.0,0.0,832976000.0,286733000.0,0.046,0.98,1643706000.0,2476682000.0,0.254,2476682000.0,1643706000.0,1080025000.0,1.45,1.46,1.45,7355871000.0,7226004750.0,7355871000.0,18444847549.0,11.0,7.447,-129077000.0,-0.281,1.0,2822606000.0,0.289,0.0,563681000.0,31368403000.0,31220752750.0,452421000.0,1418665000.0,0.0,1418665000.0,17978630000.0,2759838000.0,15218792000.0,9661194549.0,-228150000.0,-29557000.0,21452000.0,239154000.0,-419143000.0,-158537000.0,-1721548000.0,29387000.0,1651935000.0,0.0,673938000.0,669697000.0,669697000.0,3108000.0,0.0,0.069,1321166000.0,1501440000.0,842794000.0,0.676,1.313,14.426,14.621,18744541000.0,4241000.0,21.2,0.99,0.997,1269375000.0,,9756223000.0,9756223000.0,0.0,0.027,0.093,0.053,0.168,27464000.0,0.0,1.0,455716724.0,458918000,459697000.0,21.259,25334501000.0,0.0,406087000.0,3786101000.0,55.205,-415544000.0
46,XEL,MRT,2009-12-31,2009-12-31,2009-12-31,2021-09-07,-49709000.0,25305961000.0,25000670250.0,2976635000.0,22329326000.0,0.386,15.957,-1777608000.0,115648000.0,115648000.0,6869134000.0,680887000.0,0.963,2.475,9245766000.0,1049368000.0,8196398000.0,9245766000.0,0.0,835597000.0,295470000.0,0.046,0.972,1613855000.0,2449452000.0,0.254,2449452000.0,1613855000.0,1052201000.0,1.48,1.48,1.48,7283245000.0,7149307500.0,7283245000.0,18223747590.0,11.0,7.44,135298000.0,0.296,1.0,2775169000.0,0.288,0.0,561654000.0,31346080000.0,30930885500.0,566205000.0,1769065000.0,97700000.0,1671365000.0,18022716000.0,3089999000.0,14932717000.0,9690019590.0,-144194000.0,-42490000.0,20133000.0,72369000.0,-414922000.0,-322420000.0,-1734680000.0,20679000.0,1912906000.0,0.0,680887000.0,676646000.0,676646000.0,4637000.0,0.0,0.07,1306597000.0,1468572000.0,1083572000.0,0.657,1.33,14.321,14.338,18508296000.0,4241000.0,21.22,1.005,1.004,1424201000.0,1419201000.0,9644303000.0,9644303000.0,0.0,0.027,0.095,0.052,0.167,29672000.0,0.0,1.0,456645598.0,456433000,457139000.0,21.13,25305961000.0,223079000.0,371314000.0,3513398000.0,55.443,-113364000.0
47,XEL,MRT,2009-09-30,2009-09-30,2009-09-30,2021-09-07,0.0,25081208000.0,24913803750.0,2390797000.0,22690411000.0,0.391,15.744,-1900976000.0,90206000.0,90206000.0,6993839000.0,676078000.0,1.002,2.488,8623934000.0,678534000.0,7945400000.0,8623934000.0,0.0,789333000.0,304752000.0,0.05,0.965,1610275000.0,2399608000.0,0.247,2399608000.0,1610275000.0,1042580000.0,1.47,1.47,1.47,7191180000.0,7069431500.0,7191180000.0,17272289695.0,11.0,7.198,203984000.0,0.447,1.0,2739921000.0,0.281,0.0,567695000.0,31228438000.0,30696556000.0,554929000.0,1365601000.0,0.0,1365601000.0,17890028000.0,2386498000.0,15503530000.0,8768153695.0,-287511000.0,-63822000.0,5688000.0,-143917000.0,-388445000.0,-526674000.0,-1865797000.0,18908000.0,2104960000.0,0.0,676078000.0,671837000.0,671837000.0,2155000.0,0.0,0.069,1271765000.0,1468156000.0,811624000.0,0.656,1.219,13.051,13.088,18514792000.0,4241000.0,19.24,0.901,0.903,1106468000.0,,9733760000.0,9733760000.0,0.0,0.027,0.095,0.052,0.165,20802000.0,0.0,1.0,455725244.0,456769000,457453000.0,21.31,25081208000.0,0.0,366502000.0,3501376000.0,54.91,4299000.0
48,XEL,MRT,2009-06-30,2009-06-30,2009-06-30,2021-09-07,0.0,24987251000.0,24768684250.0,2558691000.0,22428560000.0,0.415,15.502,-2020802000.0,380253000.0,380253000.0,7565545000.0,678039000.0,1.003,2.532,8884389000.0,828751000.0,8055638000.0,8884389000.0,0.0,809603000.0,309370000.0,0.052,0.958,1598607000.0,2408210000.0,0.234,2408210000.0,1598607000.0,1030482000.0,1.5,1.5,1.5,7073723000.0,6983721500.0,7073723000.0,16651023237.0,10.0,6.914,-10632000.0,-0.023,1.0,2705333000.0,0.263,0.0,568125000.0,30940090000.0,30348905000.0,435522000.0,1317097000.0,0.0,1317097000.0,17913528000.0,2551297000.0,15362231000.0,8388762237.0,316897000.0,-85385000.0,352521000.0,365906000.0,-386386000.0,332041000.0,-2025314000.0,-20278000.0,2010170000.0,0.0,678039000.0,673798000.0,673798000.0,1096000.0,0.0,0.066,1254331000.0,1451002000.0,793746000.0,0.639,1.186,12.45,12.273,18201097000.0,4241000.0,18.41,0.817,0.818,1200316000.0,,10270878000.0,10270878000.0,0.0,0.027,0.096,0.053,0.156,32943000.0,0.0,1.0,455663348.0,456307000,456766000.0,22.509,24987251000.0,0.0,352443000.0,3235644000.0,54.76,7394000.0
49,XEL,MRT,2009-03-31,2009-03-31,2009-03-31,2021-09-07,0.0,24628261000.0,24451532250.0,2452310000.0,22175951000.0,0.445,15.486,-2101594000.0,301315000.0,301315000.0,8195785000.0,666504000.0,0.914,2.494,8563576000.0,897272000.0,7666304000.0,8563576000.0,0.0,830292000.0,318533000.0,0.051,0.95,1578471000.0,2408763000.0,0.222,2408763000.0,1578471000.0,1015920000.0,1.49,1.49,1.49,7049082000.0,6808908250.0,7049082000.0,16524487848.0,10.0,6.86,-150922000.0,-0.332,1.0,2674525000.0,0.246,0.0,562551000.0,30208934000.0,29861503250.0,450808000.0,1179246000.0,0.0,1179246000.0,17579179000.0,2681588000.0,14897591000.0,8027975848.0,131125000.0,-89068000.0,352577000.0,333891000.0,-384347000.0,302121000.0,-2121668000.0,-29783000.0,1950672000.0,0.0,666504000.0,662263000.0,662263000.0,1040000.0,0.0,0.061,1243055000.0,1431470000.0,857671000.0,0.638,1.139,12.122,12.503,17947476000.0,4241000.0,18.63,0.739,0.78,1306172000.0,,10870310000.0,10870310000.0,0.0,0.027,0.097,0.053,0.145,29074000.0,0.0,1.0,430916578.0,455192000,455952000.0,23.881,24628261000.0,0.0,349416000.0,3186828000.0,54.105,-229278000.0
50,XEL,MRT,2008-12-31,2008-12-31,2008-12-31,2021-09-07,0.0,24958495000.0,24134122000.0,3015529000.0,21942966000.0,0.464,15.933,-2113655000.0,249198000.0,249198000.0,8579693000.0,645554000.0,0.99,2.584,8745710000.0,1014022000.0,7731688000.0,8745710000.0,0.0,843461000.0,323445000.0,0.051,0.942,1537159000.0,2380620000.0,0.212,2380620000.0,1537159000.0,984240000.0,1.47,1.46,1.47,6963741000.0,6635899750.0,6963741000.0,16690288931.0,11.0,7.011,-426049000.0,-0.975,1.0,2623463000.0,0.234,0.0,552919000.0,30408762000.0,29436994500.0,666709000.0,1232081000.0,0.0,1232081000.0,17994754000.0,3046245000.0,14948509000.0,8329858931.0,201931000.0,-97924000.0,352871000.0,700437000.0,-382282000.0,671026000.0,-2156701000.0,-40649000.0,1687606000.0,0.0,645554000.0,641313000.0,641313000.0,166000.0,0.0,0.057,1232672000.0,1390791000.0,1120324000.0,0.641,1.196,12.989,12.619,17688720000.0,4241000.0,18.55,0.744,0.724,1644260000.0,,11203156000.0,11203156000.0,0.0,0.027,0.097,0.052,0.137,25511000.0,0.0,1.0,449048999.0,437054000,441813000.0,25.633,24958495000.0,0.0,338686000.0,3118818000.0,57.106,-30716000.0
51,XEL,MRT,2008-09-30,2008-09-30,2008-09-30,2021-09-07,0.0,24500730000.0,23690680000.0,3030678000.0,21470052000.0,0.468,15.775,-2137571000.0,383975000.0,383975000.0,8543661000.0,615521000.0,1.002,2.578,8744405000.0,1258607000.0,7485798000.0,8744405000.0,0.0,866139000.0,321919000.0,0.047,0.935,1458273000.0,2324412000.0,0.209,2324412000.0,1458273000.0,922992000.0,1.42,1.41,1.42,6848340000.0,6470215000.0,6848340000.0,17098432616.0,12.0,7.356,-690888000.0,-1.591,1.0,2555141000.0,0.23,0.0,535281000.0,29837834000.0,28724988500.0,727332000.0,1239984000.0,0.0,1239984000.0,17652390000.0,3023326000.0,14629064000.0,8615777616.0,25031000.0,-102697000.0,352926000.0,848092000.0,-400800000.0,800218000.0,-2221870000.0,-58816000.0,1446683000.0,0.0,615521000.0,611280000.0,611280000.0,1611000.0,0.0,0.055,1228251000.0,1326890000.0,863888000.0,0.658,1.258,14.095,14.077,17554991000.0,4241000.0,19.99,0.776,0.782,1317995000.0,,11098802000.0,11098802000.0,0.0,0.026,0.094,0.051,0.131,25836000.0,0.0,1.0,431004383.0,434131000,439397000.0,25.566,24500730000.0,0.0,307471000.0,3060087000.0,56.436,7352000.0
52,XEL,MRT,2008-06-30,2008-06-30,2008-06-30,2021-09-07,0.0,23718643000.0,23267917750.0,2688260000.0,21030383000.0,0.458,14.796,-2158232000.0,70871000.0,70871000.0,8064902000.0,647549000.0,0.837,2.721,8553526000.0,1413970000.0,7139556000.0,8553526000.0,0.0,843481000.0,321003000.0,0.046,0.927,1489604000.0,2333085000.0,0.219,2333085000.0,1489604000.0,954459000.0,1.51,1.49,1.51,6374470000.0,6297398000.0,6374470000.0,16730720241.0,11.0,7.171,-662177000.0,-1.537,1.0,2582217000.0,0.243,0.0,535145000.0,28990483000.0,28252317750.0,505087000.0,1356513000.0,0.0,1356513000.0,17344173000.0,3210815000.0,14133358000.0,8647303241.0,26521000.0,-28502000.0,5871000.0,1095663000.0,-394945000.0,706589000.0,-2176123000.0,-28021000.0,1496055000.0,0.0,647549000.0,643308000.0,643308000.0,1608000.0,0.0,0.06,1208476000.0,1373741000.0,1028894000.0,0.614,1.357,13.442,13.291,17278841000.0,4241000.0,20.07,0.812,0.812,1451500000.0,,10647119000.0,10647119000.0,0.0,0.028,0.102,0.053,0.14,23706000.0,0.0,1.0,430857162.0,430811000,435868000.0,24.714,23718643000.0,0.0,306910000.0,2885324000.0,55.056,-522555000.0
53,XEL,MRT,2008-03-31,2008-03-31,2008-03-31,2021-09-07,0.0,23358620000.0,22900050250.0,2687753000.0,20670867000.0,0.45,14.799,-2104211000.0,175841000.0,175841000.0,7697243000.0,610754000.0,0.917,2.674,8259258000.0,1119488000.0,7139770000.0,8259258000.0,0.0,837993000.0,312208000.0,0.046,0.92,1502218000.0,2340211000.0,0.227,2340211000.0,1502218000.0,933913000.0,1.43,1.41,1.43,6357048000.0,6200519500.0,6357048000.0,16386350084.0,11.0,7.002,-522561000.0,-1.216,1.0,2601653000.0,0.253,0.0,568305000.0,28510899000.0,27773502000.0,425133000.0,1312843000.0,0.0,1312843000.0,17001572000.0,2931138000.0,14070434000.0,8369215084.0,121247000.0,-13735000.0,7594000.0,1030800000.0,-386888000.0,651506000.0,-2111909000.0,-27000000.0,1581650000.0,0.0,610754000.0,606513000.0,606513000.0,625000.0,0.0,0.059,1198591000.0,1403062000.0,1064160000.0,0.643,1.317,13.799,13.951,16955142000.0,4241000.0,19.95,0.813,0.832,1557049000.0,,10298896000.0,10298896000.0,0.0,0.026,0.098,0.054,0.146,24176000.0,0.0,1.0,419509528.0,429563000,434853000.0,23.975,23358620000.0,0.0,323159000.0,2935785000.0,54.378,-243385000.0
54,XEL,MRT,2007-12-31,2007-12-31,2007-12-31,2021-09-07,0.0,23184727000.0,22555269000.0,2807193000.0,20377534000.0,0.445,15.142,-2096857000.0,51120000.0,51120000.0,7497871000.0,577348000.0,0.771,2.68,8068255000.0,1726095000.0,6342160000.0,8068255000.0,0.0,834455000.0,305239000.0,0.04,0.913,1435270000.0,2269725000.0,0.226,2269725000.0,1435270000.0,871832000.0,1.38,1.35,1.38,6301002000.0,6078016750.0,6301002000.0,17096935860.0,12.0,7.533,-465323000.0,-1.118,1.0,2536299000.0,0.253,0.0,563438000.0,27560738000.0,27291268000.0,531610000.0,1372098000.0,0.0,1372098000.0,16883725000.0,3641124000.0,13242601000.0,9477821860.0,32599000.0,9291000.0,10539000.0,856386000.0,-378892000.0,483174000.0,-2082109000.0,-22560000.0,1631534000.0,0.0,577348000.0,573107000.0,573107000.0,-1449000.0,0.0,0.057,1185226000.0,1351073000.0,1079345000.0,0.662,1.504,16.538,16.355,16675689000.0,4241000.0,22.57,0.945,0.936,1683539000.0,,10034170000.0,10034170000.0,0.0,0.025,0.094,0.053,0.143,22871000.0,0.0,1.0,419930078.0,416139000,433131000.0,24.113,23184727000.0,0.0,294484000.0,2906883000.0,55.714,-833931000.0
55,XEL,MRT,2007-09-30,2007-09-30,2007-09-30,2021-09-07,0.0,22809681000.0,22248673750.0,2651811000.0,20157870000.0,0.445,14.666,-1942850000.0,360908000.0,360908000.0,7383641000.0,541024000.0,1.069,2.705,7980022000.0,727222000.0,7252800000.0,7980022000.0,0.0,858616000.0,303929000.0,0.042,0.905,1365925000.0,2224541000.0,0.225,2224541000.0,1365925000.0,805503000.0,1.29,1.27,1.29,6157072000.0,5956971750.0,6157072000.0,16535803163.0,12.0,7.433,-218322000.0,-0.52,1.0,2514046000.0,0.254,0.0,560422000.0,27947151000.0,27018072500.0,710470000.0,1347017000.0,0.0,1347017000.0,16652302000.0,2481644000.0,14170658000.0,9044078163.0,354130000.0,38950000.0,17498000.0,874305000.0,-372767000.0,514177000.0,-1884575000.0,-32418000.0,1724528000.0,0.0,541024000.0,536783000.0,536783000.0,-3337000.0,0.0,0.054,1222433000.0,1291613000.0,875574000.0,0.702,1.469,16.849,16.698,16346137000.0,4241000.0,21.54,0.914,0.914,1244636000.0,,9897687000.0,9897687000.0,0.0,0.024,0.09,0.051,0.138,36336000.0,0.0,1.0,419873638.0,419822000,433387000.0,23.576,22809681000.0,0.0,264479000.0,2806301000.0,54.332,170167000.0
56,XEL,MRT,2007-06-30,2007-06-30,2007-06-30,2021-09-07,0.0,22247173000.0,21851352750.0,2311325000.0,19935848000.0,0.453,14.506,-1848282000.0,41579000.0,41579000.0,7486852000.0,510669000.0,0.869,2.716,7530556000.0,915743000.0,6614813000.0,7530556000.0,0.0,879107000.0,300898000.0,0.044,0.898,1279679000.0,2158786000.0,0.218,2158786000.0,1279679000.0,737183000.0,1.24,1.21,1.24,5986956000.0,5838858000.0,5986956000.0,15728560773.0,12.0,7.286,-206382000.0,-0.5,1.0,2422429000.0,0.244,0.0,542496000.0,27075220000.0,26558332500.0,585624000.0,1364032000.0,0.0,1364032000.0,16259481000.0,2660930000.0,13598551000.0,8370499773.0,-103569000.0,0.0,20330000.0,452375000.0,-366509000.0,101337000.0,-1846806000.0,-53678000.0,1641900000.0,0.0,510669000.0,506428000.0,506428000.0,-3527000.0,0.0,0.051,1215558000.0,1206871000.0,935444000.0,0.724,1.398,16.529,16.508,16109745000.0,4241000.0,20.47,0.845,0.853,1342062000.0,,9909281000.0,9909281000.0,0.0,0.023,0.087,0.048,0.129,38255000.0,0.0,1.0,408915475.0,412710000,432861000.0,24.01,22247173000.0,0.0,226514000.0,2671176000.0,53.905,-349605000.0
57,XEL,MRT,2007-03-31,2007-03-31,2007-03-31,2021-09-07,0.0,21979495000.0,21604271000.0,2378721000.0,19600774000.0,0.45,14.38,-1764845000.0,65003000.0,65003000.0,7378618000.0,540167000.0,0.863,2.746,7423064000.0,970790000.0,6452274000.0,7423064000.0,0.0,870344000.0,303227000.0,0.036,0.89,1211046000.0,2081390000.0,0.214,2081390000.0,1211046000.0,716150000.0,1.32,1.29,1.32,5867037000.0,5730188250.0,5867037000.0,17442281535.0,14.0,8.38,61545000.0,0.151,1.0,2337244000.0,0.241,0.0,494896000.0,26581963000.0,26218052750.0,545275000.0,1295959000.0,0.0,1295959000.0,16111244000.0,2755593000.0,13355651000.0,10067390535.0,-20546000.0,0.0,18776000.0,275093000.0,-362643000.0,-73633000.0,-1773303000.0,-51486000.0,1826390000.0,0.0,540167000.0,535926000.0,535926000.0,-2784000.0,0.0,0.055,1194872000.0,1142372000.0,949487000.0,0.674,1.716,18.785,18.705,15835375000.0,4241000.0,24.69,1.036,1.037,1441763000.0,,9715862000.0,9715862000.0,0.0,0.025,0.094,0.046,0.125,39369000.0,0.0,1.0,407751743.0,408003000,432054000.0,23.813,21979495000.0,0.0,175983000.0,2712087000.0,53.871,-376872000.0
58,XEL,MRT,2006-12-31,2006-12-31,2006-12-31,2021-09-07,0.0,21958346000.0,21394692750.0,2634186000.0,19324160000.0,0.46,14.338,-1602950000.0,37458000.0,37458000.0,7478832000.0,571754000.0,0.919,2.775,7412349000.0,962711000.0,6449638000.0,7412349000.0,0.0,857129000.0,302168000.0,0.038,0.882,1240132000.0,2097261000.0,0.213,2097261000.0,1240132000.0,753165000.0,1.4,1.36,1.4,5816822000.0,5642236250.0,5816822000.0,16549202997.0,13.0,7.891,321046000.0,0.791,1.0,2361472000.0,0.24,0.0,486967000.0,26467956000.0,25805989500.0,646342000.0,1279573000.0,0.0,1279573000.0,16141524000.0,2865281000.0,13276243000.0,9382708997.0,-47809000.0,0.0,16275000.0,-79224000.0,-358746000.0,-421695000.0,-1550110000.0,-34534000.0,1923996000.0,0.0,571754000.0,567513000.0,567513000.0,-3073000.0,0.0,0.058,1184478000.0,1176994000.0,1101270000.0,0.63,1.613,16.533,16.471,15548658000.0,4241000.0,23.06,0.953,0.951,1347593000.0,,9840304000.0,9840304000.0,0.0,0.027,0.101,0.048,0.126,40384000.0,0.0,1.0,406882437.0,405689000,429605000.0,24.256,21958346000.0,0.0,181411000.0,2630577000.0,54.126,-231095000.0
59,XEL,MRT,2006-09-30,2006-09-30,2006-09-30,2021-09-07,0.0,21220397000.0,21281336250.0,2542296000.0,18678101000.0,0.482,13.997,-1552253000.0,32961000.0,32961000.0,7965017000.0,586104000.0,1.116,2.733,7199455000.0,510956000.0,6688499000.0,7199455000.0,0.0,843468000.0,298584000.0,0.042,0.875,1264583000.0,2108051000.0,0.205,2108051000.0,1264583000.0,786300000.0,1.43,1.4,1.43,5684617000.0,5536844500.0,5684617000.0,15408016789.0,12.0,7.309,-82738000.0,-0.204,1.0,2293489000.0,0.224,0.0,478283000.0,26108191000.0,25498826000.0,677167000.0,1227049000.0,0.0,1227049000.0,15533492000.0,2278700000.0,13254792000.0,8383226789.0,-157592000.0,0.0,10069000.0,186102000.0,-354907000.0,-158736000.0,-1468371000.0,-49788000.0,1469515000.0,0.0,586104000.0,581863000.0,581863000.0,-15216000.0,0.0,0.057,1095424000.0,1198065000.0,878685000.0,0.612,1.475,14.408,14.441,15305692000.0,4241000.0,20.65,0.817,0.818,1149072000.0,,10258506000.0,10258506000.0,0.0,0.027,0.105,0.05,0.123,46642000.0,0.0,1.0,405967399.0,406123000,430000000.0,25.26,21220397000.0,0.0,200196000.0,2511576000.0,52.251,263596000.0
60,XEL,MRT,2006-06-30,2006-06-30,2006-06-30,2021-09-07,0.0,21258846000.0,21360956750.0,2483560000.0,18775286000.0,0.474,13.695,-1400789000.0,161213000.0,161213000.0,7901791000.0,557661000.0,0.967,2.828,7186003000.0,948918000.0,6237085000.0,7186003000.0,0.0,809020000.0,313906000.0,0.045,0.867,1209482000.0,2018502000.0,0.199,2018502000.0,1209482000.0,735465000.0,1.36,1.34,1.36,5552277000.0,5459091000.0,5552277000.0,14825350191.0,12.0,7.345,206486000.0,0.509,1.0,2231247000.0,0.22,0.0,474017000.0,25714101000.0,25359233500.0,517763000.0,1169974000.0,0.0,1169974000.0,15703596000.0,2569535000.0,13134061000.0,7777178191.0,110529000.0,0.0,8935000.0,171236000.0,-351186000.0,-171015000.0,-1325731000.0,-33270000.0,1607275000.0,0.0,557661000.0,553420000.0,553420000.0,-13131000.0,0.0,0.055,1078560000.0,1152687000.0,922878000.0,0.637,1.401,14.053,14.103,15086261000.0,4241000.0,19.18,0.768,0.767,1167287000.0,,10133038000.0,10133038000.0,0.0,0.026,0.101,0.048,0.119,39404000.0,0.0,1.0,405483743.0,405434000,429099000.0,24.993,21258846000.0,0.0,177804000.0,2566373000.0,52.435,-85975000.0
61,XEL,MRT,2006-03-31,2006-03-31,2006-03-31,2021-09-07,0.0,21141182000.0,21164627000.0,2538382000.0,18602800000.0,0.478,13.647,-1316741000.0,81907000.0,81907000.0,7924077000.0,542792000.0,0.78,2.833,7130079000.0,1585180000.0,5544899000.0,7130079000.0,0.0,793246000.0,309387000.0,0.047,0.86,1193852000.0,1987098000.0,0.196,1987098000.0,1193852000.0,724743000.0,1.32,1.3,1.32,5515229000.0,5381703750.0,5515229000.0,14736433352.0,12.0,7.416,82204000.0,0.203,1.0,2199143000.0,0.217,0.0,469109000.0,24933710000.0,25241603000.0,485385000.0,1161263000.0,0.0,1161263000.0,15622591000.0,3255644000.0,12366947000.0,7329225352.0,32358000.0,0.0,9750000.0,223368000.0,-346722000.0,-113604000.0,-1252983000.0,-52983000.0,1398945000.0,0.0,542792000.0,538551000.0,538551000.0,-18522000.0,0.0,0.053,1068879000.0,1130264000.0,901885000.0,0.652,1.329,13.609,13.75,14882779000.0,4241000.0,18.15,0.724,0.725,1338047000.0,,10123220000.0,10123220000.0,0.0,0.025,0.1,0.047,0.118,33082000.0,0.0,1.0,403814069.0,404125000,427461000.0,25.05,21141182000.0,0.0,181951000.0,2691457000.0,52.313,-717262000.0
62,XEL,MRT,2005-12-31,2005-12-31,2005-12-31,2021-09-07,0.0,21504920000.0,20954541000.0,3141861000.0,18363059000.0,0.459,13.41,-1300216000.0,72196000.0,72196000.0,7477627000.0,512972000.0,0.855,2.986,7479404000.0,1581615000.0,5897789000.0,7479404000.0,0.0,782074000.0,310092000.0,0.046,0.853,1149881000.0,1931955000.0,0.201,1931955000.0,1149881000.0,686511000.0,1.26,1.23,1.26,5395255000.0,5318789750.0,5395255000.0,14258886822.0,12.0,7.381,-116499000.0,-0.29,1.0,2147850000.0,0.223,0.0,463370000.0,25239302000.0,25290677750.0,637566000.0,1145659000.0,0.0,1145659000.0,16109665000.0,3672826000.0,12436839000.0,7437309822.0,69405000.0,0.0,9085000.0,445530000.0,-343092000.0,111323000.0,-1225635000.0,-76397000.0,1183717000.0,0.0,512972000.0,508731000.0,508731000.0,-13934000.0,0.0,0.053,1055131000.0,1092719000.0,1187489000.0,0.677,1.378,14.619,14.651,14696310000.0,4241000.0,18.46,0.773,0.772,1625585000.0,,9625477000.0,9625477000.0,0.0,0.024,0.096,0.045,0.119,27598000.0,0.0,1.0,402887856.0,402330000,425671000.0,23.924,21504920000.0,0.0,173539000.0,2558250000.0,53.451,-530965000.0
63,XEL,MRT,2005-09-30,2005-09-30,2005-09-30,2021-09-07,0.0,21538879000.0,20654521750.0,3194128000.0,18344751000.0,0.434,13.343,-1310424000.0,185676000.0,185676000.0,6867577000.0,473928000.0,1.136,3.007,7007253000.0,848715000.0,6158538000.0,7007253000.0,0.0,776223000.0,305941000.0,0.043,0.845,1072068000.0,1848291000.0,0.206,1848291000.0,1072068000.0,603462000.0,1.16,1.14,1.16,5373603000.0,5270705500.0,5373603000.0,14856052375.0,14.0,8.038,181302000.0,0.45,1.0,2104787000.0,0.235,0.0,468606000.0,25549821000.0,25224468000.0,591358000.0,1113285000.0,0.0,1113285000.0,16160846000.0,2810635000.0,13350211000.0,7897856375.0,93477000.0,0.0,9278000.0,205265000.0,-340207000.0,-125864000.0,-1272385000.0,-130233000.0,1491726000.0,0.0,473928000.0,469687000.0,469687000.0,48237000.0,0.0,0.052,1045460000.0,1059327000.0,1023021000.0,0.728,1.47,16.815,16.905,14428318000.0,4241000.0,19.61,0.88,0.88,1356223000.0,,8972364000.0,8972364000.0,0.0,0.023,0.089,0.043,0.119,0.0,0.0,1.0,402746373.0,402735000,426085000.0,22.279,21538879000.0,0.0,129534000.0,2492485000.0,53.482,383493000.0
64,XEL,MRT,2005-06-30,2005-06-30,2005-06-30,2021-09-07,0.0,20473527000.0,20284447250.0,2477548000.0,17995979000.0,0.427,13.035,-1396922000.0,54468000.0,54468000.0,6596495000.0,324629000.0,1.132,2.904,7012664000.0,635532000.0,6377132000.0,7012664000.0,0.0,778160000.0,305913000.0,0.043,0.838,929578000.0,1707738000.0,0.197,1707738000.0,929578000.0,467502000.0,0.79,0.79,0.79,5242728000.0,5229736750.0,5242728000.0,14684278564.0,16.0,8.599,-122352000.0,-0.304,1.0,2064681000.0,0.238,0.0,462076000.0,25243579000.0,25076077750.0,430353000.0,1103441000.0,0.0,1103441000.0,15226137000.0,2188144000.0,13037993000.0,7852086564.0,-60118000.0,0.0,10763000.0,294744000.0,-336429000.0,-31122000.0,-1303566000.0,-97126000.0,1274570000.0,0.0,324629000.0,320388000.0,320388000.0,165416000.0,0.0,0.037,1032245000.0,1032436000.0,768710000.0,1.061,1.498,24.508,24.709,14343600000.0,4241000.0,19.52,0.907,0.906,1229120000.0,,8661176000.0,8661176000.0,0.0,0.016,0.061,0.037,0.107,0.0,0.0,1.0,402258533.0,402214000,425552000.0,21.534,20473527000.0,0.0,142873000.0,2398137000.0,50.902,289404000.0
65,XEL,MRT,2005-03-31,2005-03-31,2005-03-31,2021-09-07,0.0,20300838000.0,20100118750.0,2433120000.0,17867718000.0,0.416,13.122,-1338470000.0,68986000.0,68986000.0,6318733000.0,327529000.0,1.215,2.856,6901178000.0,424567000.0,6476611000.0,6901178000.0,0.0,758748000.0,301322000.0,0.048,0.83,919765000.0,1678513000.0,0.201,1678513000.0,919765000.0,461661000.0,0.8,0.8,0.8,5263573000.0,5232431250.0,5263573000.0,13886694589.0,15.0,8.273,-431331000.0,-1.075,1.0,2041487000.0,0.244,0.0,458104000.0,25130009000.0,24920541250.0,427586000.0,1068693000.0,0.0,1068693000.0,15033931000.0,2003021000.0,13030910000.0,6887480589.0,-430294000.0,0.0,8328000.0,223401000.0,-328733000.0,-97204000.0,-1240229000.0,-82425000.0,907139000.0,0.0,327529000.0,323288000.0,323288000.0,170354000.0,0.0,0.039,1012507000.0,1028980000.0,730473000.0,1.038,1.309,21.304,21.475,14204554000.0,4241000.0,17.18,0.824,0.824,1199704000.0,,8360220000.0,8360220000.0,0.0,0.016,0.062,0.037,0.11,0.0,0.0,1.0,400901082.0,401116000,424449000.0,20.842,20300838000.0,0.0,134132000.0,2526429000.0,50.611,430099000.0
66,XEL,MRT,2004-12-31,2004-12-31,2004-12-31,2021-09-07,0.0,20304843000.0,19982264250.0,2571240000.0,17733603000.0,0.411,13.025,-1276412000.0,23361000.0,23361000.0,6151116000.0,355961000.0,1.101,2.903,7028975000.0,535955000.0,6493020000.0,7028975000.0,0.0,739025000.0,303928000.0,0.045,0.81,976190000.0,1715215000.0,0.209,1715215000.0,976190000.0,517896000.0,0.88,0.87,0.88,5202918000.0,5225740000.0,5202918000.0,13985678995.0,14.0,8.154,-463237000.0,-1.16,1.0,2064445000.0,0.251,0.0,458294000.0,24974463000.0,24649247000.0,514860000.0,1023481000.0,0.0,1023481000.0,15101925000.0,2335994000.0,12765931000.0,7286182995.0,-528794000.0,0.0,-25038000.0,234990000.0,-320444000.0,-110692000.0,-1231277000.0,-68260000.0,813175000.0,0.0,355961000.0,351720000.0,351720000.0,166303000.0,0.0,0.043,988730000.0,1075715000.0,903609000.0,0.92,1.4,20.716,20.682,14076069000.0,4241000.0,18.2,0.887,0.885,1196695000.0,,8215561000.0,8215561000.0,0.0,0.018,0.067,0.04,0.119,0.0,0.0,1.0,400339725.0,399456000,423334000.0,20.567,20304843000.0,0.0,161935000.0,2425132000.0,50.831,235246000.0
67,XEL,MRT,2004-09-30,2004-09-30,2004-09-30,2021-09-07,0.0,20058581000.0,19957398500.0,2170796000.0,17887785000.0,0.399,13.033,-1134563000.0,90925000.0,90925000.0,5899847000.0,760384000.0,1.205,2.85,6790421000.0,92630000.0,6697791000.0,6790421000.0,0.0,708573000.0,292641000.0,0.056,0.978,1395513000.0,2104086000.0,0.264,2104086000.0,1395513000.0,930541000.0,1.88,1.83,1.88,5209728000.0,5216620500.0,5209728000.0,13503993060.0,10.0,6.418,-125513000.0,-0.314,1.0,2058268000.0,0.259,0.0,464972000.0,24956260000.0,24315891000.0,518987000.0,993907000.0,0.0,993907000.0,14845223000.0,1801817000.0,13043406000.0,6924891060.0,-551667000.0,0.0,-25167000.0,-49037000.0,-311511000.0,-396148000.0,-1164569000.0,-68035000.0,1009050000.0,0.0,760384000.0,756143000.0,756143000.0,-210127000.0,0.0,0.095,922539000.0,1135729000.0,744788000.0,0.52,1.329,9.158,9.213,13866078000.0,4241000.0,17.32,0.87,0.87,994283000.0,,7958115000.0,7958115000.0,0.0,0.038,0.145,0.057,0.175,0.0,0.0,1.0,399820500.0,399746000,423078000.0,19.908,20058581000.0,0.0,170157000.0,2375483000.0,50.178,368979000.0
68,XEL,MRT,2004-06-30,2004-06-30,2004-06-30,2021-09-07,0.0,19736213000.0,19508845000.0,2020007000.0,17716206000.0,0.409,13.16,-1022850000.0,118956000.0,118956000.0,5874378000.0,1001159000.0,1.193,2.756,6698058000.0,134611000.0,6563447000.0,6698058000.0,0.0,723800000.0,224255000.0,0.057,0.958,1650639000.0,2374439000.0,0.297,2374439000.0,1650639000.0,1192268000.0,2.49,2.4,2.49,5253506000.0,5091412750.0,5253506000.0,12823993750.0,8.0,5.401,119225000.0,0.299,1.0,2110402000.0,0.264,0.0,458371000.0,24621433000.0,23454493750.0,424644000.0,983877000.0,0.0,983877000.0,14478515000.0,1693882000.0,12784633000.0,6672116750.0,-252076000.0,0.0,-29022000.0,13238000.0,-303542000.0,-328258000.0,-1065893000.0,-65045000.0,1142075000.0,0.0,1001159000.0,996918000.0,996918000.0,-431951000.0,0.0,0.125,946619000.0,1163783000.0,745532000.0,0.385,1.27,6.693,6.711,13893687000.0,4241000.0,16.71,0.836,0.835,989682000.0,,7984780000.0,7984780000.0,0.0,0.051,0.196,0.07,0.207,0.0,0.0,1.0,399288854.0,399217000,422545000.0,20.001,19736213000.0,0.0,191109000.0,2377066000.0,49.437,326125000.0
69,XEL,MRT,2004-03-31,2004-03-31,2004-03-31,2021-09-07,0.0,19829420000.0,18848923750.0,2386234000.0,17443186000.0,0.421,13.139,-983104000.0,526840000.0,526840000.0,5810032000.0,632291000.0,1.232,2.786,6678717000.0,101320000.0,6577397000.0,6678717000.0,0.0,738234000.0,218634000.0,0.053,0.938,1263730000.0,2001964000.0,0.252,2001964000.0,1263730000.0,806285000.0,1.57,1.48,1.57,5236808000.0,4872426250.0,5236808000.0,13217759893.0,10.0,6.602,512751000.0,1.286,1.0,2124108000.0,0.268,0.0,457445000.0,24044832000.0,22245274000.0,398169000.0,968408000.0,0.0,968408000.0,14591923000.0,1936465000.0,12655458000.0,7090990893.0,-78771000.0,0.0,-28804000.0,-186955000.0,-303369000.0,-515240000.0,-1059386000.0,-64486000.0,1495855000.0,0.0,632291000.0,628050000.0,628050000.0,-93938000.0,0.0,0.079,996575000.0,1127533000.0,629584000.0,0.597,1.354,11.29,11.344,13786803000.0,4241000.0,17.81,0.894,0.895,966197000.0,,7934140000.0,7934140000.0,0.0,0.033,0.129,0.057,0.159,0.0,0.0,1.0,398146597.0,398583000,421921000.0,19.906,19829420000.0,0.0,173994000.0,2494693000.0,49.75,449769000.0
70,XEL,MRT,2003-12-31,2003-12-31,2003-12-31,2021-09-07,0.0,20205380000.0,20834538250.0,3131239000.0,17074141000.0,0.371,12.956,-946476000.0,605646000.0,605646000.0,5601495000.0,622392000.0,1.172,2.911,6712371000.0,218518000.0,6493853000.0,6712371000.0,0.0,757838000.0,211046000.0,0.044,0.75,1241774000.0,1999612000.0,0.259,1999612000.0,1241774000.0,793084000.0,1.55,1.5,1.55,5166440000.0,4745440500.0,5166440000.0,12878050742.0,10.0,6.44,434265000.0,1.089,1.0,2129772000.0,0.275,0.0,448690000.0,23641039000.0,23765266750.0,442771000.0,967294000.0,0.0,967294000.0,15038940000.0,2671066000.0,12367874000.0,6772041742.0,85019000.0,0.0,3219000.0,-46275000.0,-303316000.0,-366872000.0,-928850000.0,-95128000.0,1380741000.0,0.0,622392000.0,618151000.0,618151000.0,-99568000.0,0.0,0.08,1005341000.0,1124431000.0,774336000.0,0.484,1.311,10.955,10.955,13295828000.0,4241000.0,16.98,0.876,0.876,1013643000.0,,7731267000.0,7731267000.0,0.0,0.03,0.13,0.052,0.161,0.0,0.0,1.0,398824602.0,398765000,418912000.0,19.388,20205380000.0,0.0,170692000.0,2341007000.0,50.67,460173000.0
71,XEL,MRT,2003-09-30,2003-09-30,2003-09-30,2021-09-07,0.0,18264367000.0,23142302500.0,3118381000.0,15145986000.0,0.246,11.809,523549000.0,695698000.0,695698000.0,3968747000.0,-59812000.0,1.116,2.878,6801707000.0,389971000.0,6411736000.0,6801707000.0,0.0,561795000.0,201488000.0,0.048,0.75,1112931000.0,1674726000.0,0.294,1674726000.0,1112931000.0,949272000.0,-0.11,-0.1,-0.11,4708897000.0,4620076500.0,4708897000.0,12197109671.0,11.0,7.283,1742850000.0,4.371,1.0,1727588000.0,0.303,65943000.0,163659000.0,21510671000.0,23595198000.0,481508000.0,896063000.0,0.0,896063000.0,13550037000.0,2793762000.0,10756275000.0,6168690671.0,-218315000.0,0.0,-499921000.0,-1088830000.0,-303270000.0,-437218000.0,-1000398000.0,134488000.0,1219301000.0,-5979000.0,-59812000.0,-64053000.0,-64053000.0,2423966000.0,0.0,-0.011,-1805689000.0,3533277000.0,684360000.0,-6.818,1.31,-96.306,-140.636,12769770000.0,4241000.0,15.47,1.083,1.083,1030348000.0,,5696335000.0,5696335000.0,0.0,-0.003,-0.014,0.047,0.195,0.0,0.0,1.0,398751821.0,398751000,418128000.0,14.285,18198424000.0,563653000.0,1009084000.0,2175307000.0,45.639,324619000.0
72,XEL,MRT,2003-06-30,2003-06-30,2003-06-30,2021-09-07,0.0,17096528000.0,25677654500.0,2091157000.0,15005371000.0,0.24,10.979,-19978000.0,429497000.0,429497000.0,4241212000.0,-2551347000.0,0.639,2.904,6457916000.0,985703000.0,5472213000.0,6457916000.0,0.0,630144000.0,0.0,0.062,0.938,-2091347000.0,-1461203000.0,-0.237,-1461203000.0,-2091347000.0,-2317031000.0,-6.38,-6.34,-6.38,4377560000.0,4745019500.0,4377560000.0,20301021147.0,-10.0,-13.893,1672173000.0,4.194,1.0,1926528000.0,0.312,66155000.0,225684000.0,19784554000.0,25916318250.0,429848000.0,906309000.0,0.0,906309000.0,12712511000.0,3274238000.0,9438273000.0,5996659147.0,336037000.0,0.0,-488485000.0,-499835000.0,-377379000.0,87603000.0,-1443717000.0,235441000.0,1692151000.0,-688000.0,-2551347000.0,-2555588000.0,-2555588000.0,3103814000.0,0.0,-0.414,899883000.0,1026645000.0,647558000.0,-0.147,1.37,-2.346,-2.357,12629014000.0,4241000.0,15.04,0.972,0.972,963846000.0,,6167740000.0,6167740000.0,0.0,-0.1,-0.539,-0.081,-0.339,0.0,0.0,1.0,398714039.0,398717000,399410000.0,15.469,17030373000.0,0.0,234316000.0,1589130000.0,42.713,-1183081000.0
73,XEL,MRT,2003-03-31,2003-03-31,2003-03-31,2021-09-07,0.0,27771878000.0,29004756500.0,4065311000.0,23706567000.0,0.23,11.86,-521551000.0,1330480000.0,1330480000.0,4492603000.0,-2181483000.0,0.343,4.865,15634842000.0,9028138000.0,6606704000.0,15634842000.0,0.0,709995000.0,0.0,0.088,1.125,-1591535000.0,-881540000.0,-0.132,-881540000.0,-1591535000.0,-1908715000.0,-5.44,-5.4,-5.44,4728865000.0,5474294000.0,4728865000.0,19749144840.0,-12.0,-22.403,1140926000.0,2.862,1.0,2188425000.0,0.328,101217000.0,317180000.0,30124803000.0,28734262000.0,637088000.0,1735792000.0,0.0,1735792000.0,23007398000.0,11850220000.0,11157178000.0,5107526840.0,653169000.0,0.0,-465077000.0,520786000.0,-441370000.0,1054821000.0,-2114190000.0,42815000.0,1662477000.0,3555000.0,-2181483000.0,-2185724000.0,-2185724000.0,2764908000.0,0.0,-0.327,1009923000.0,1178502000.0,1429551000.0,-0.207,1.08,-2.337,-2.355,19193298000.0,4241000.0,12.81,0.764,0.764,2525654000.0,,6681028000.0,6681028000.0,0.0,-0.075,-0.399,-0.055,-0.238,0.0,0.0,1.0,398714039.0,398714000,417368000.0,16.756,27670661000.0,0.0,272768000.0,1824705000.0,69.4,-7784909000.0
74,XEL,MRT,2002-12-31,2002-12-31,2002-12-31,2021-09-07,0.0,29436437000.0,29395193500.0,3737168000.0,25699269000.0,0.237,12.21,-907462000.0,507700000.0,507700000.0,4717414000.0,-2217991000.0,0.303,5.31,6380863000.0,1061906000.0,5318957000.0,6380863000.0,0.0,768250000.0,161283000.0,0.102,1.125,-1571436000.0,-803186000.0,-0.115,-803186000.0,-1571436000.0,-1972145000.0,-5.82,-5.77,-5.82,4664984000.0,5802812500.0,4664984000.0,19327993429.0,-12.0,-24.064,807649000.0,2.114,1.0,2256831000.0,0.324,0.0,400709000.0,22960764000.0,30751917750.0,448036000.0,815171000.0,0.0,815171000.0,24771453000.0,12348836000.0,12422617000.0,4385854429.0,583872000.0,0.0,69488000.0,541904000.0,-496375000.0,1580087000.0,-2711326000.0,-10213000.0,1715111000.0,0.0,-2217991000.0,-2222232000.0,-2222232000.0,2769379000.0,0.0,-0.319,1083073000.0,1173758000.0,698170000.0,-0.193,0.94,-1.974,-1.89,13314344000.0,4241000.0,11.0,0.629,0.603,927460000.0,,6974245000.0,6974245000.0,0.0,-0.076,-0.383,-0.051,-0.225,0.0,0.0,1.0,398714039.0,382051000,384646000.0,18.255,29436437000.0,0.0,245846000.0,2306923000.0,77.048,-8611668000.0
75,XEL,MRT,2002-09-30,2002-09-30,2002-09-30,2021-09-07,0.0,28405775000.0,29224612750.0,4194288000.0,24211487000.0,0.233,13.107,1397503000.0,1473279000.0,1473279000.0,4776223000.0,-1868338000.0,0.337,4.446,16415418000.0,9526054000.0,6889364000.0,16415418000.0,0.0,852600000.0,0.0,0.121,1.125,-2169451000.0,-1316851000.0,-0.193,-1316851000.0,-2169451000.0,-2497578000.0,-4.61,-4.61,-4.61,5208669000.0,6185185750.0,5208669000.0,14716196155.0,-7.0,-11.175,3142900000.0,7.909,1.0,2037803000.0,0.299,102177000.0,328127000.0,30795152000.0,34249420750.0,723443000.0,1873470000.0,0.0,1873470000.0,23158269000.0,12450585000.0,10707684000.0,3705714155.0,1020490000.0,0.0,590644000.0,-1578664000.0,-550963000.0,2134597000.0,-2851331000.0,-182422000.0,1745397000.0,-2194000.0,-1868338000.0,-1872579000.0,-1872579000.0,376778000.0,0.0,-0.275,3900987000.0,-1863184000.0,1408852000.0,-0.244,0.711,-1.979,-2.02,19135598000.0,4241000.0,9.31,0.544,0.543,2221637000.0,,6814026000.0,6814026000.0,0.0,-0.064,-0.303,-0.063,-0.318,0.0,0.0,1.0,398035892.0,397405000,397405000.0,17.146,28303598000.0,0.0,-629240000.0,1958694000.0,71.221,-8256297000.0
76,XEL,MRT,2002-06-30,2002-06-30,2002-06-30,2021-09-07,0.0,30404936000.0,29059740500.0,3571499000.0,26833437000.0,0.252,19.299,803218000.0,728747000.0,728747000.0,5188617000.0,608605000.0,0.351,3.157,11739229000.0,3402831000.0,8336398000.0,11739229000.0,0.0,834695000.0,0.0,0.089,1.5,1172777000.0,2007472000.0,0.274,2007472000.0,1172777000.0,807340000.0,1.73,1.73,1.73,7294658000.0,6271526000.0,7294658000.0,20657325214.0,18.0,10.29,2455223000.0,6.496,1.0,2134043000.0,0.291,181700000.0,365437000.0,31056329000.0,35445441500.0,757323000.0,2017286000.0,0.0,2017286000.0,23032650000.0,10177389000.0,12855261000.0,6219665214.0,148301000.0,0.0,603564000.0,-1457317000.0,-531135000.0,2288692000.0,-3795853000.0,-531665000.0,1652005000.0,4145000.0,608605000.0,604364000.0,604364000.0,-214307000.0,0.0,0.083,1218896000.0,915147000.0,1257032000.0,0.867,0.853,10.291,9.694,22011019000.0,4241000.0,16.77,0.849,0.866,2582184000.0,,7322660000.0,7322660000.0,0.0,0.021,0.096,0.033,0.16,0.0,0.0,1.0,370880454.0,377983000,378129000.0,19.373,30223236000.0,0.0,198735000.0,2708116000.0,79.959,-6605890000.0
77,XEL,MRT,2002-03-31,2002-03-31,2002-03-31,2021-09-07,0.0,29333626000.0,28054836500.0,3527613000.0,25806013000.0,0.313,17.079,-178520000.0,622466000.0,622466000.0,6615083000.0,689160000.0,0.648,3.746,15060126000.0,2854575000.0,12205551000.0,15060126000.0,0.0,797810000.0,0.0,0.044,1.125,1271695000.0,2069505000.0,0.235,2069505000.0,1271695000.0,920771000.0,1.99,1.99,1.99,6042939000.0,5810405250.0,6042939000.0,23902576710.0,19.0,11.55,1470486000.0,4.156,1.0,2179184000.0,0.248,130854000.0,350924000.0,38195426000.0,36100116250.0,756161000.0,1969337000.0,0.0,1969337000.0,22638460000.0,5445006000.0,17193454000.0,9381193710.0,39051000.0,0.0,623210000.0,-1200076000.0,-520840000.0,2575874000.0,-4140154000.0,101265000.0,1649006000.0,831000.0,689160000.0,684919000.0,684919000.0,-212975000.0,0.0,0.078,1145174000.0,1034010000.0,1333015000.0,0.565,1.552,13.697,12.739,21470168000.0,4241000.0,25.35,1.067,1.02,2516314000.0,,8794267000.0,8794267000.0,0.0,0.024,0.118,0.035,0.145,0.0,0.0,1.0,370066813.0,353827000,354172000.0,24.855,29202772000.0,0.0,231611000.0,2832913000.0,82.534,-1917393000.0
78,XEL,MRT,2001-12-31,2001-12-31,2001-12-31,2021-09-07,0.0,28754114000.0,26624068000.0,3330414000.0,25423700000.0,0.328,18.062,-1157537000.0,403981000.0,403981000.0,6402938000.0,794966000.0,0.609,3.642,14173339000.0,2617750000.0,11555589000.0,14173339000.0,0.0,767445000.0,0.0,0.054,1.5,1426944000.0,2194389000.0,0.252,2194389000.0,1426944000.0,1099308000.0,2.31,2.3,2.31,6194477000.0,5630364750.0,6194477000.0,23134947678.0,16.0,10.543,426475000.0,1.244,1.0,2321089000.0,0.266,103616000.0,327636000.0,36950776000.0,33767514750.0,781514000.0,1891772000.0,0.0,1891772000.0,22559637000.0,5469080000.0,17090557000.0,9584977678.0,124819000.0,0.0,129011000.0,-44713000.0,-518894000.0,3713332000.0,-5172525000.0,49900000.0,1584012000.0,0.0,794966000.0,790725000.0,790725000.0,-203945000.0,0.0,0.091,1101865000.0,1219224000.0,1263690000.0,0.649,1.547,12.122,12.009,19781428000.0,4241000.0,27.74,1.099,1.09,2323253000.0,,8724027000.0,8724027000.0,0.0,0.03,0.14,0.042,0.164,0.0,0.0,1.0,345529116.0,342952000,343742000.0,25.438,28650498000.0,0.0,304342000.0,2565223000.0,83.541,-2138666000.0
79,XEL,MRT,2001-09-30,2001-09-30,2001-09-30,2021-09-07,0.0,27746286000.0,24877750250.0,3152273000.0,24594013000.0,0.492,16.156,-5154488000.0,471886000.0,471886000.0,9147954000.0,787871000.0,0.551,3.878,14021856000.0,3061981000.0,10959875000.0,14021856000.0,0.0,930427000.0,0.0,0.061,1.718,1861775000.0,2792202000.0,0.228,2792202000.0,1861775000.0,1168755000.0,2.29,2.29,2.29,5554030000.0,5472191500.0,5554030000.0,22422540435.0,12.0,8.03,-3384028000.0,-9.844,1.0,3087214000.0,0.252,0.0,693020000.0,35579235000.0,31162454000.0,732115000.0,2185426000.0,108243000.0,2077183000.0,21541134000.0,5717021000.0,15824113000.0,9703245435.0,-76010000.0,0.0,127412000.0,3285302000.0,-463571000.0,3423491000.0,-5163218000.0,48518000.0,1770460000.0,8533000.0,787871000.0,783631000.0,783631000.0,-46443000.0,0.0,0.064,1239752000.0,1847462000.0,1325502000.0,0.75,1.747,12.382,12.293,20280017000.0,4240000.0,28.15,0.793,0.791,2338131000.0,,12235168000.0,12235168000.0,0.0,0.031,0.143,0.06,0.152,0.0,0.0,1.0,344697884.0,343770000,344385000.0,35.591,27746286000.0,0.0,380884000.0,2737981000.0,80.712,-2564748000.0
80,XEL,MRT,2001-06-30,2001-06-30,2001-06-30,2021-09-07,0.0,26385320000.0,23211322750.0,3424231000.0,22961089000.0,0.532,15.91,-4231337000.0,346623000.0,346623000.0,9296584000.0,607582000.0,0.631,3.736,13065918000.0,2979950000.0,10085968000.0,13065918000.0,0.0,882879000.0,0.0,0.053,1.494,1603317000.0,2486196000.0,0.201,2486196000.0,1603317000.0,938069000.0,1.77,1.77,1.77,5450175000.0,5458726500.0,5450175000.0,20262440626.0,13.0,8.15,-2964516000.0,-8.654,1.0,3050012000.0,0.247,0.0,665248000.0,33675028000.0,28754167500.0,666761000.0,1946323000.0,0.0,1946323000.0,20361455000.0,5429587000.0,14931868000.0,9763886626.0,74768000.0,0.0,148940000.0,2778788000.0,-502672000.0,2899404000.0,-3973084000.0,308045000.0,1266821000.0,-3097000.0,607582000.0,603342000.0,603342000.0,-32359000.0,0.0,0.049,1434678000.0,1615334000.0,1257774000.0,0.844,1.791,16.183,16.073,18865427000.0,4240000.0,28.45,0.791,0.789,1815110000.0,,12346596000.0,12346596000.0,0.0,0.026,0.111,0.056,0.13,0.0,0.0,1.0,343194609.0,342553000,343688000.0,36.043,26385320000.0,0.0,330487000.0,2546235000.0,77.026,-2005356000.0
81,XEL,MRT,2001-03-31,2001-03-31,2001-03-31,2021-09-07,0.0,23610552000.0,19596580750.0,3580711000.0,20029841000.0,0.568,15.619,-2766488000.0,343884000.0,343884000.0,8123477000.0,582807000.0,0.683,3.335,10842438000.0,2673921000.0,8168517000.0,10842438000.0,0.0,855743000.0,0.0,0.062,1.857,1573571000.0,2429314000.0,0.218,2429314000.0,1573571000.0,923378000.0,1.7,1.7,1.7,5322777000.0,4786407500.0,5322777000.0,19756560205.0,13.0,8.133,-1636812000.0,-4.803,1.0,2999420000.0,0.27,0.0,650193000.0,28865020000.0,24256901500.0,396095000.0,2299339000.0,182279000.0,2117060000.0,17752845000.0,5244086000.0,12508759000.0,10310927205.0,-7854000.0,0.0,128703000.0,1471023000.0,-496280000.0,2031499000.0,-3049727000.0,-223707000.0,1129676000.0,-4026000.0,582807000.0,578567000.0,578567000.0,-32006000.0,0.0,0.052,1389433000.0,1609987000.0,1267768000.0,1.092,1.937,17.821,17.712,16559993000.0,4240000.0,30.11,0.927,0.923,1865120000.0,,11122897000.0,11122897000.0,0.0,0.03,0.121,0.065,0.141,0.0,0.0,1.0,342441953.0,340780000,341472000.0,32.64,23610552000.0,0.0,340571000.0,2415731000.0,69.284,-1663375000.0
82,XEL,MRT,2000-12-31,2000-12-31,2000-12-31,2021-09-07,0.0,21768843000.0,16593016000.0,3128074000.0,18640769000.0,0.556,16.463,-3181103000.0,228626000.0,228626000.0,6385067000.0,526828000.0,0.67,2.914,9662124000.0,2078683000.0,7583441000.0,9662124000.0,0.0,828780000.0,0.0,0.051,1.482,1440031000.0,2268811000.0,0.246,2268811000.0,1440031000.0,825858000.0,1.54,1.54,1.54,5561784000.0,4089869500.0,5561784000.0,19199432364.0,13.0,8.462,-1773378000.0,-5.249,1.0,2838399000.0,0.308,0.0,614173000.0,26530533000.0,20919797500.0,567332000.0,2192318000.0,0.0,2192318000.0,16207059000.0,4671808000.0,11535251000.0,9897514364.0,-38516000.0,0.0,116678000.0,1940278000.0,-494992000.0,2015669000.0,-3346994000.0,-113076000.0,1407725000.0,360000.0,526828000.0,522587000.0,522587000.0,-32006000.0,0.0,0.057,1359200000.0,1479199000.0,1608989000.0,0.962,1.78,18.939,18.87,15272914000.0,4241000.0,29.06,1.073,1.064,2065064000.0,,9223466000.0,9223466000.0,0.0,0.031,0.128,0.069,0.156,0.0,0.0,1.0,340588932.0,337832000,338111000.0,27.302,21768843000.0,0.0,299030000.0,2229138000.0,64.437,-1543734000.0
83,XEL,MRT,2000-09-30,2000-09-30,2000-09-30,2021-09-07,-188810000.0,21080576000.0,15668394750.0,2663450000.0,18417126000.0,0.681,16.249,-4617902000.0,263221000.0,263221000.0,7806037000.0,536350000.0,0.6,2.833,9565139000.0,2432994000.0,7132145000.0,9565139000.0,0.0,804450000.0,0.0,0.045,1.251,1413829000.0,2218279000.0,0.208,2218279000.0,1413829000.0,805435000.0,1.57,1.57,1.57,5500170000.0,4021978500.0,5500170000.0,10198684332.0,7.0,4.598,-3203471000.0,-9.464,1.0,2860078000.0,0.268,0.0,608394000.0,25946089000.0,19821821250.0,367076000.0,1915877000.0,297810000.0,1618067000.0,15580406000.0,4436405000.0,11144001000.0,4367237332.0,136047000.0,0.0,193192000.0,2495261000.0,-543753000.0,2527781000.0,-3806165000.0,857885000.0,1414431000.0,0.0,536350000.0,532108000.0,532108000.0,0.0,0.0,0.05,1380362000.0,1479716000.0,1153419000.0,0.797,0.794,8.207,17.529,15064057000.0,4242000.0,27.52,0.409,0.873,1500523000.0,2275284000.0,10666115000.0,10666115000.0,0.0,0.034,0.132,0.071,0.133,0.0,0.0,1.0,158693217.0,338495000,338876000.0,31.51,21080576000.0,0.0,269085000.0,2283233000.0,62.277,-1772955000.0
84,XEL,MRT,2000-06-30,2000-06-30,2000-06-30,2021-09-07,-115801000.0,11926352000.0,12569537500.0,1285860000.0,10640492000.0,0.747,8.181,-3862217000.0,120470000.0,120470000.0,6739105000.0,653000000.0,0.658,3.32,5951917000.0,1112977000.0,4838940000.0,5951917000.0,0.0,926542000.0,0.0,0.072,1.45,1467986000.0,2394528000.0,0.255,2394528000.0,1467986000.0,917631000.0,1.93,1.93,1.93,2760899000.0,3283843250.0,2760899000.0,9270100351.0,6.0,3.871,-2120276000.0,-6.283,1.0,2650282000.0,0.282,118464000.0,550355000.0,15685964000.0,15873810750.0,313883000.0,1157116000.0,49343000.0,1107773000.0,9165453000.0,1953371000.0,7212082000.0,3172209351.0,1739000.0,0.0,119135000.0,2413963000.0,-631077000.0,2355726000.0,-4095928000.0,-185762000.0,1741941000.0,0.0,653000000.0,648758000.0,648758000.0,0.0,0.0,0.069,1152424000.0,1497858000.0,379083000.0,0.751,1.149,4.89,10.461,8372443000.0,4242000.0,20.19,0.338,0.726,632435000.0,1427915000.0,9389387000.0,9389387000.0,0.0,0.052,0.198,0.092,0.156,0.0,0.0,1.0,157117848.0,337466000,337634000.0,27.823,11807888000.0,0.0,264631000.0,1177512000.0,34.99,-667511000.0
85,XEL,MRT,2000-03-31,2000-03-31,2000-03-31,2021-09-07,-105750000.0,11596293000.0,11722605750.0,1156471000.0,10439822000.0,0.643,7.553,-4688034000.0,187979000.0,187979000.0,5203631000.0,521408000.0,0.562,3.572,6285870000.0,1301960000.0,4983910000.0,6285870000.0,0.0,818779000.0,0.0,0.073,1.445,1089872000.0,1908651000.0,0.253,1908651000.0,1089872000.0,663258000.0,1.57,1.57,1.57,2536625000.0,3215490250.0,2536625000.0,7604381602.0,7.0,3.984,-3085828000.0,-9.188,1.0,2339258000.0,0.31,118528000.0,426614000.0,15516604000.0,14413909500.0,276856000.0,1071025000.0,43890000.0,1027135000.0,9059668000.0,2059052000.0,7000616000.0,3112995602.0,121515000.0,0.0,110753000.0,3815044000.0,-564913000.0,3360884000.0,-4841575000.0,-111396000.0,1602206000.0,0.0,521408000.0,516116000.0,516116000.0,0.0,0.0,0.068,1242311000.0,1096947000.0,315577000.0,0.92,1.227,6.032,12.662,8300653000.0,5292000.0,19.88,0.413,0.885,546045000.0,1424506000.0,7542889000.0,7542889000.0,0.0,0.044,0.161,0.076,0.144,0.0,0.0,1.0,156589316.0,335858000,335873000.0,22.459,11477765000.0,0.0,141850000.0,1162075000.0,34.174,-902581000.0
86,XEL,MRT,1999-12-31,1999-12-31,1999-12-31,2021-09-07,0.0,18070358000.0,12733327500.0,2060944000.0,16009414000.0,0.616,15.937,-2799125000.0,139731000.0,139731000.0,5560323000.0,570933000.0,0.592,2.416,7691220000.0,1863735000.0,5827485000.0,7691220000.0,0.0,718323000.0,0.0,0.074,1.445,1164883000.0,1883206000.0,0.24,1883206000.0,1164883000.0,750606000.0,1.7,1.7,1.7,5290220000.0,3885733000.0,5290220000.0,6531362998.0,6.0,3.468,-1473696000.0,-4.44,1.0,2277203000.0,0.291,0.0,414277000.0,22138628000.0,15312280000.0,562125000.0,2090088000.0,0.0,2090088000.0,12780138000.0,3483219000.0,9296919000.0,3018571998.0,40700000.0,0.0,95317000.0,2065294000.0,-492456000.0,1668155000.0,-2952884000.0,-115706000.0,1325429000.0,0.0,570933000.0,565641000.0,565641000.0,0.0,0.0,0.072,1071881000.0,1205322000.0,793139000.0,0.85,0.571,5.337,11.471,12798949000.0,5292000.0,19.5,0.385,0.826,1210864000.0,2253800000.0,7837526000.0,7837526000.0,0.0,0.044,0.146,0.076,0.149,0.0,0.0,1.0,154798564.0,331943000,332054000.0,23.611,18070358000.0,0.0,179673000.0,2253730000.0,54.438,-1422275000.0
87,XEL,MRT,1999-09-30,1999-09-30,1999-09-30,2021-09-07,-73614000.0,8685147000.0,,892184000.0,7792963000.0,,7.662,-1623750000.0,86660000.0,86660000.0,5474460000.0,703560000.0,0.465,2.409,3599451000.0,1206087000.0,2393364000.0,3599451000.0,0.0,903772000.0,0.0,0.067,1.44,1381721000.0,2285493000.0,0.293,2285493000.0,1381721000.0,915984000.0,1.68,1.68,1.68,2547629000.0,,2547629000.0,6813108134.0,5.0,2.981,72725000.0,0.219,1.0,2334063000.0,0.299,124858000.0,465737000.0,10154047000.0,,169654000.0,1160362000.0,63336000.0,1097026000.0,6137518000.0,1919033000.0,4218485000.0,3324473134.0,-34380000.0,0.0,174657000.0,1438400000.0,-680244000.0,1009313000.0,-2740168000.0,-1083888000.0,1696475000.0,0.0,703560000.0,698269000.0,698269000.0,0.0,0.0,0.089,1001819000.0,1332244000.0,284266000.0,0.857,1.305,4.761,12.833,5635949000.0,5291000.0,21.56,0.426,0.918,509488000.0,1437792000.0,7808523000.0,7808523000.0,0.0,,,,0.177,0.0,0.0,1.0,154196342.0,332510000,332591000.0,23.484,8560289000.0,0.0,212424000.0,1122875000.0,25.744,-1026849000.0
88,XEL,MRT,1999-06-30,1999-06-30,1999-06-30,2021-09-07,-64397000.0,8538625000.0,,886381000.0,7652244000.0,,16.257,-2064075000.0,98173000.0,98173000.0,4580992000.0,595990000.0,0.43,2.433,3586808000.0,1434197000.0,2152611000.0,3586808000.0,0.0,670894000.0,0.0,0.059,1.43,1151902000.0,1822796000.0,0.27,1822796000.0,1151902000.0,762372000.0,1.72,1.72,1.72,2487487000.0,,2487487000.0,,,,-718607000.0,-4.696,1.0,2177640000.0,0.322,121231000.0,389530000.0,9846359000.0,,157869000.0,1049030000.0,46502000.0,1002528000.0,6051138000.0,2059670000.0,3991468000.0,3730009513.0,42157000.0,0.0,216189000.0,1141356000.0,-478498000.0,884923000.0,-2188234000.0,-94334000.0,1345468000.0,0.0,595990000.0,590699000.0,590699000.0,0.0,0.0,0.087,1068753000.0,1108887000.0,262943000.0,0.831,1.5,6.315,14.064,5591481000.0,5291000.0,24.19,0.552,0.548,492027000.0,1383257000.0,6758632000.0,6758632000.0,0.0,,,,0.17,0.0,0.0,1.0,154196342.0,153012000,153118000.0,44.171,8417394000.0,0.0,166382000.0,1038996000.0,55.011,-1173289000.0
89,XEL,MRT,1999-03-31,1999-03-31,1999-03-31,2021-09-07,,,,,,,,,,,4580992000.0,595990000.0,,,,,,,,,,0.061,1.425,1150906000.0,,,,1150906000.0,762372000.0,1.72,1.72,1.72,,,,,,,,,1.0,2209858000.0,0.325,,388534000.0,,,,,,,,,,,,,,,,,,,,,595990000.0,590699000.0,590699000.0,0.0,0.0,0.087,1068753000.0,1141105000.0,,0.828,,,13.483,,5291000.0,23.19,,0.52,,,6790850000.0,6790850000.0,0.0,,,,0.169,,0.0,1.0,,152392000,152553000.0,44.562,,,166382000.0,,,
90,XEL,MRT,1998-12-31,1998-12-31,1998-12-31,2021-09-07,0.0,7396297000.0,,754065000.0,6642232000.0,,7.661,-1073458000.0,42364000.0,42364000.0,4548356000.0,624330000.0,0.612,1.981,2460176000.0,609030000.0,1851146000.0,2460176000.0,0.0,659226000.0,0.0,0.051,1.425,1248007000.0,1907233000.0,0.283,1907233000.0,1248007000.0,864721000.0,1.91,1.91,1.91,2481246000.0,,2481246000.0,,,,288146000.0,0.89,1.0,2179939000.0,0.324,95915000.0,383286000.0,8485932000.0,,58806000.0,969023000.0,0.0,969023000.0,4915051000.0,1232262000.0,3682789000.0,,-28357000.0,0.0,234171000.0,162146000.0,-476172000.0,-168979000.0,-1220982000.0,-114673000.0,1361604000.0,0.0,624330000.0,618782000.0,618782000.0,0.0,0.0,0.092,984273000.0,1195666000.0,271799000.0,0.746,,,14.529,4677758000.0,5548000.0,27.75,,1.336,497773000.0,1432696000.0,6728295000.0,6728295000.0,0.0,,,,0.185,0.0,0.0,1.0,,323883000,324355000.0,20.774,7300382000.0,0.0,240391000.0,1113701000.0,22.54,-478197000.0
91,XEL,MRT,1998-09-30,1998-09-30,1998-09-30,2021-09-07,,,,,,,,,,,,,,,,,,,,,,0.051,1.42,,,,,,,,,,,,,,,,,,1.0,,,,,,,,,,,,,,,,,,,,,,,,,,,,,,,,,,,,,,,,28.06,,,,,,,,,,,,,,1.0,,151026000,,,,,,,,
92,XEL,MRT,1998-06-30,1998-06-30,1998-06-30,2021-09-07,,,,,,,,,,,,,,,,,,,,,,0.049,1.41,,,,,,,,,,,,,,,,,,1.0,,,,,,,,,,,,,,,,,,,,,,,,,,,,,,,,,,,,,,,,28.63,,,,,,,,,,,,,,1.0,,153012000,,,,,,,,
93,XEL,MRT,1997-12-31,1997-12-31,1997-12-31,2021-09-07,,,,,,,,-592133000.0,,,927534000.0,237320000.0,,,,,,,,358928000.0,,0.048,1.402,478762000.0,837690000.0,0.306,837690000.0,478762000.0,334030000.0,1.61,1.61,1.61,,,,,,,97652000.0,0.695,1.0,1806212000.0,0.661,,144732000.0,,,,,,,,,,,3647000.0,0.0,267965000.0,50075000.0,-207726000.0,262351000.0,-948489000.0,-324059000.0,689785000.0,0.0,237320000.0,226249000.0,226249000.0,0.0,0.0,0.083,1299601000.0,506611000.0,,0.871,,,18.09,,11071000.0,29.125,,1.498,,,2733746000.0,2733746000.0,0.0,,,,0.175,0.0,0.0,1.0,,140594000,140870000.0,19.444,,,96710000.0,,,
